2009 3145
121 195 180 224 ΞΜ)

565 194 767 225 COMMENT.
790 195 828 225 ΙΝ
851 194 988 225 lSAlAM
1011 193 1262 226 PROPHETAM.
1286 193 1370 224 CAP.
1393 192 1432 224 Il.

1776 191 1836 222 250

125 259 234 297 λύψατο
251 259 390 291 πολλάκις
405 259 469 292 τοὺς
482 258 653 300 ὀφθαλμούς.
669 260 698 287 Τί
714 259 893 297 ἐλεεινότερον
909 262 956 288 τοῦ

1014 261 1142 297 obteget.
1152 260 1225 293 Quid
1238 260 1332 296 magis
1344 259 1546 288 miserandum
1557 267 1644 295 quam
1654 259 1710 287 hoc
1720 259 1835 287 vivendi

127 304 258 332 τοιούτου
285 305 357 342 βίου,
382 305 466 332 πάντα
490 305 659 341 ὑποπτεύειν,
685 305 737 333 ὑπὸ
771 305 878 333 πάντων
908 305 956 342 έμ-

128 347 300 384 ποδίζεσθαι,
319 349 377 376 δέον
394 349 561 386 πανταχόθεν
587 350 669 378 αὑτοῦ
692 351 741 384 τὴν
771 350 863 387 ψυχὴν
890 350 959 387 πρὸς

129 394 194 421 Θεὸν
212 393 354 431 έπανοὶγειν
379 395 455 430 (62);
472 394 555 422 ’Όταν
582 393 640 430 ἴδῃς
664 392 771 431 ὄρνιθας
796 393 957 430 διαπετομέ-

129 448 192 468 von:
208 438 256 465 τὸν
279 438 355 474 ἀέρα,
378 438 416 474 μή
441 439 475 465 τα
500 439 630 476 σχήματα
653 441 707 466 τῶν
730 439 856 473 πτήσιων
881 449 957 476 περι-

131 482 258 520 ιργάζου,
281 482 303 509 εἰ
327 482 445 513 κύκλους
470 483 535 517 ὑπὲρ
565 482 688 520 κεφαλῆς
717 484 797 520 ἡμῶν
826 483 957 521 πιριγράυ

132 537 239 566 apo-saw,
256 526 273 561 ἢ
291 527 496 563 ἀντιπρόσωποι
521 527 657 565 φέρονται,
674 527 691 562 ἢ
714 527 743 555 ἐκ
761 530 815 554 τῶν
844 527 956 555 κατόπιν

132 571 304 610 έφίπτανται,
321 571 339 605 ἢ
360 572 427 608 πρὸς
451 572 484 599 τὰ
508 571 614 609 πλάγια
640 570 842 609 μεταϐαίνουσι.
870 575 958 600 Ταῦτα

131 615 304 649 καταλιπὼν,
319 618 369 643 τοῦ
399 619 573 655 Δημιουργοῢ
600 617 650 651 τὴν
679 616 719 644 ἐπ’
740 617 832 648 αὐτοῖς
863 617 957 656 σοφίαν

130 660 177 687 καὶ
194 659 378 696 διακόσμησιν
395 661 532 697 θαύμασον
548 671 553 676 ·
568 663 627 693 πῶς
654 662 736 699 βάρος
765 664 893 689 τοσοῦτον
924 661 959 689 δι’

129 704 211 742 ἀέρος
229 704 347 742 φέρεται·
365 707 422 736 πῶς
439 705 456 739 ἡ
473 705 564 740 ἁπαλὴ
594 708 641 733 τοῦ
670 706 748 742 ἀέρος
767 706 846 743 φύσις
861 704 959 744 ὄχημα

131 749 238 786 γίνεται
253 750 293 784 τῷ
306 751 407 786 πυρῷ·
424 752 482 780 πῶς
502 751 536 786 τῇ
567 750 613 786 μὶν
645 750 748 778 ἐκτάσει
771 753 825 778 τῶν
851 754 957 789 πτερῶν

130 793 314 830 ἐπινήχονται
336 795 377 829 τῷ
398 792 466 830 ἀέρι,
482 795 516 831 τῇ
542 792 570 822 δὶ
590 794 656 832 οὐρᾷ
685 795 740 822 οἷον
757 794 885 832 πηδαλίῳ
908 796 956 830 τὴν

130 841 235 872 πτῆσιν
252 837 355 864 ὶαυτῶν
372 838 567 866 ἀπευθύνουσι·
584 841 643 870 πῶς
668 839 718 866 ὅσα
743 838 860 877 βαδίζειν
888 839 958 868 ἆστὶν

128 880 318 917 ἀνεπιτήδεια,
335 884 374 918 τῷ
387 885 479 919 πτιρῷ
491 883 542 918 τήν
560 883 653 921 χρείαν
668 886 722 911 τῶν
738 882 830 912 ποδῶν
851 884 958 920 ἐκπλη-

129 927 274 964 ροῖ.’Ὁσα
302 927 416 961 νηκτικὰ
443 928 511 963 (63),
538 929 587 955 ὅσα
615 929 776 966 ἄρπακτικά,
803 929 957 967 πρέπουσαν

128 973 171 1007 τῷ
194 971 246 1008 βίῳ
265 971 315 1005 τήν
341 973 506 1006 κατασκευὴν
522 971 580 1010 ἔχει
596 973 652 1009 (64)
673 975 721 1000 τοῦ
747 974 884 1010 σώματος.
897 977 959 1007 Τοῖς

132 1015 183 1051 μὲν
199 1016 249 1053 γὰρ
275 1014 377 1053 ὄργανα
403 1017 471 1054 πρὸς
498 1017 547 1052 τήν
571 1018 704 1055 ἁρπαγὴν,
721 1019 746 1045 οἱ
775 1016 882 1056 ὄνυχες·
898 1022 957 1051 τοῖς

131 1058 161 1087 δὲ
178 1060 261 1087 οἱονεὶ
276 1063 366 1088 κῶπαι
383 1061 409 1088 οἱ
431 1062 526 1098 ὑμένες
551 1061 602 1089 είσὶ
625 1065 679 1089 τῶν
704 1061 808 1090 ποδῶν·
825 1063 894 1091 ὥστε
917 1067 958 1100 τῷ

128 1104 230 1132 πλάτει
245 1109 295 1139 τῆς
313 1105 418 1142 βάσεως
433 1105 496 1143 ῥᾷον
514 1105 556 1134 διο
567 1107 668 1139 θεῖσθαι
692 1107 723 1135 τὸ
738 1106 811 1145 ὕδωρ
826 1108 893 1136 κατά
906 1109 956 1142 τήν

129 1149 246 1184 κίνησιν.
261 1150 350 1178 Πάντα
364 1150 440 1187 γέμει
456 1154 506 1185 τῆς
519 1151 614 1190 σοφίας
634 1154 681 1179 τοῦ
704 1153 770 1179 Θεοῦ
785 1162 790 1169 ·
807 1153 893 1180 πάντα
905 1153 956 1191 γὰρ

133 1193 161 1221 έν
189 1193 268 1231 σοφίᾳ
296 1193 434 1229 ἐποίησεν.
451 1196 482 1224 Ὁ
512 1194 540 1222 Si
565 1196 749 1234 μικρόψυχος,
776 1196 820 1224 καὶ
845 1198 957 1225 ταπεινὰ

133 1240 242 1276 φρονῶν
258 1239 324 1275 (65),
340 1239 387 1270 τὰς
402 1241 455 1266 τῶν
471 1239 578 1277 ἂλόγων
593 1241 715 1275 κινήσεις
730 1243 770 1277 τῷ
787 1240 848 1278 ίδίῳ
863 1244 957 1277 σκοπῷ

134 1282 316 1319 συναρμόζειν
347 1283 510 1321 ἰπιχιιρῶν,
538 1284 695 1312 καταλιπὼν
725 1286 801 1320 Θεὸν,
831 1285 957 1322 δαίμοσιν

134 1324 297 1358 ἰπιὸούλοις
320 1326 429 1355 ἔκδοτον
453 1326 554 1356 ἔδωκεν
568 1330 624 1366 (66)
636 1330 728 1357 ἑαυτὸν
739 1353 746 1366 ,
763 1331 789 1357 οἳ
800 1332 838 1367 τῷ
847 1333 954 1368 κρατεῖν

131 1373 182 1398 τοῦ
210 1371 290 1407 ἀέρος
312 1370 365 1399 ὦδε
388 1373 431 1400 καὶ
458 1372 511 1400 ὦδε
544 1373 665 1412 στρέφειν
698 1373 865 1406 ἐπινοοῦντας
891 1375 954 1407 τοὺς

130 1413 248 1453 ὄρνιθας,
265 1416 447 1454 ἀθεράπευτον
467 1418 516 1452 τὴν
538 1418 641 1451 ἀπάτην
663 1420 716 1446 τῶν
739 1419 862 1454 ἀνοήτων
891 1431 955 1447 συν-

130 1460 238 1497 έχουσι.
269 1459 360 1488 Ταῦτα
390 1460 414 1488 εἴ
449 1462 494 1488 καὶ
530 1460 798 1501 παρεκϐατικώτερον
837 1463 954 1501 εἶ’ρηται,

132 1504 196 1532 ἀλλ’
211 1504 262 1531 οὐκ
277 1505 423 1542 ἀχρήστως
439 1506 453 1533 ὁ
468 1505 553 1544 λόγος
565 1508 600 1544 τῇ
616 1506 645 1535 ἐκ
655 1510 703 1535 τοῦ
730 1507 814 1546 ῥητοῦ
842 1509 953 1547 ἀφορμῆ

131 1548 172 1580 εἰς
186 1548 330 1586 θεραπείαν
345 1551 398 1577 τῶν
414 1551 536 1586 ἀνοήτων
556 1550 703 1589 έχρήσατο.
721 1551 897 1589 Σημειωτὲον
926 1553 955 1581 δὲ

128 1593 172 1621 δτι
186 1594 231 1620 τὸν
246 1592 434 1630 κληόονισμὸν
452 1594 520 1622 ἴδιον
530 1595 698 1633 ἐπιτήδευμα
707 1599 761 1624 τῶν
770 1596 952 1626 Φυλιστιαίων

975 947 996 979 Β

128 1639 146 1672 ἡ
180 1638 274 1677 Γριφθ,
301 1638 482 1676 παραδίδωσι,
510 1641 632 1668 τουτέστι
660 1643 713 1669 τῶν
742 1642 929 1670 Παλαιστινῶν
947 1652 953 1659 ’
970 1633 992 1667 c

129 1682 248 1714 τούτους
263 1683 316 1721 γὰρ
331 1684 374 1710 καὶ
394 1685 494 1720 μόνους
508 1684 685 1724 ἀλλοφύλους
714 1683 773 1718 ἔθος
800 1687 869 1724 αὐτῇ
899 1687 958 1715 ὀνο-

132 1726 238 1763 μάζειν.
269 1729 371 1766 ’Ὠσπερ
406 1728 458 1767 γὰρ
487 1728 620 1757 Χαλδαῖοι
652 1730 884 1769 γενιθλιαλογίαν,
912 1732 958 1759 καὶ

131 1771 280 1809 Αἰγύπτιοι
310 1773 477 1811 φαρμακείας
512 1775 555 1801 καὶ
592 1774 737 1809 ἐπαοιδὰς,
765 1775 809 1803 καὶ
852 1779 957 1813 Κρῆτες

130 1815 319 1851 οίωνιστικήψ
338 1817 399 1845 οὕτε
413 1818 458 1845 καὶ
475 1819 500 1845 οἱ
516 1818 670 1858 ἆλΛόφυλοι
699 1820 743 1847 τὸν
770 1819 957 1857 κληδονισμὸν

135 1859 294 1889 ίδιώσαντο.
310 1861 382 1899 Πρὸς
397 1861 443 1889 οὖν
459 1862 493 1890 ai
504 1861 564 1890 ’ίδια
587 1863 684 1898 ἑαυτῆς
713 1864 782 1892 κακὰ
809 1864 958 1900 ἐπανῆλθεν

130 1906 148 1940 ἡ
165 1905 260 1942 χώρα,
279 1905 411 1943 γενομένη
428 1907 465 1938 ὡς
481 1908 512 1935 τὸ
527 1907 666 1946 ἀπαρχῆς.

1012 314 1116 342 genus,
1133 314 1189 340 quo
1204 305 1278 332 nihil
1294 313 1351 332 non
1371 307 1542 340 suspectum
1557 304 1693 337 habetur,
1709 306 1837 340 suntque

1012 351 1112 378 omnia
1141 350 1363 385 impedimento,
1388 357 1456 377 cum
1482 349 1580 384 potius
1604 349 1734 376 animam
1750 357 1834 377 suam

1013 395 1163 423 undelibet
1177 395 1212 422 ad
1229 397 1318 422 Deum
1334 394 1471 422 reducere
1486 393 1627 421 deberet?
1641 393 1714 421 Cum
1728 393 1835 422 videris

1012 448 1079 468 aves
1095 447 1144 475 per
1161 447 1255 467 aerem
1273 439 1413 472 volantes,
1430 447 1465 466 ne
1482 437 1627 466 curiosius
1643 437 1757 465 volatus
1772 447 1834 465 mo-

1012 485 1082 513 dum
1099 485 1302 519 rationemque
1317 483 1469 519 explores:
1487 491 1556 510 num
1575 482 1687 510 scilicet
1709 482 1835 510 circulos

1013 537 1102 564 super
1117 531 1204 564 caput
1221 531 1353 556 nostrum
1380 527 1567 555 describant:
1585 535 1621 554 an
1637 527 1666 554 in
1681 527 1834 554 obversam

1012 574 1116 601 faciem
1133 573 1280 606 ferantur;
1296 574 1394 599 utrum
1420 580 1437 599 a
1464 575 1544 606 tergo
1573 570 1718 605 advolent,
1745 579 1783 598 an
1807 571 1835 598 in

1012 618 1165 654 obliquum
1190 617 1352 645 deﬂectunt.
1381 617 1430 643 llis
1457 615 1587 649 omissis,
1614 615 1788 642 renitentem
1805 615 1833 642 in

1012 663 1086 699 ipsis
1096 662 1260 690 Conditoris
1272 660 1446 696 sapientiam
1457 660 1730 695 ordinationemque
1746 659 1834 687 admi-

1012 715 1095 734 rare:
1112 707 1162 742 qui
1178 707 1229 733 iiut
1244 709 1276 733 ut
1291 705 1383 733 moles
1406 707 1490 732 tanta
1514 712 1565 740 per
1592 712 1686 731 aerem
1703 704 1831 732 feratur:

1012 752 1157 786 quomodo
1174 751 1288 786 liquida
1311 750 1387 778 aeris
1410 752 1516 777 natura
1529 748 1633 784 pennis
1649 748 1700 776 ﬂat
1716 748 1833 776 vehicu-

1012 796 1093 824 lum:
1110 796 1257 832 quomodo
1272 803 1367 823 aerem
1384 796 1502 822 tranent
1525 793 1619 830 passis
1643 793 1698 821 alis
1712 802 1719 826 ;
1740 794 1834 821 cauda

1012 849 1079 869 vero
1094 841 1177 876 quasi
1206 839 1404 875 gubernaculo
1420 839 1549 866 volatum
1577 846 1664 866 suum
1686 837 1832 874 dirigant;

1013 894 1071 922 qua
1086 886 1198 914 ratione
1213 892 1394 920 quaecunque
1422 887 1458 911 ad
1483 883 1678 911 incedendum
1691 891 1748 910 non
1765 885 1836 910 sunt

1014 931 1134 964 idoneis,
1149 931 1241 958 vicem
1255 930 1362 965 pedum
1373 928 1427 956 alis
1437 929 1501 956 suis
1512 926 1678 963 suppleant.
1691 927 1833 959 Quaecun-

1012 984 1069 1012 que
1084 983 1150 1003 aves
1166 977 1236 1003 sunt
1251 973 1400 1008 natatiles,
1416 980 1599 1009 quascunque
1615 975 1684 999 sunt
1700 980 1832 1007 rapaces,

1011 1021 1121 1049 sortitas
1137 1022 1207 1048 sunt
1220 1019 1349 1055 corporis
1364 1017 1602 1046 constitutionem
1619 1016 1683 1044 vitaa
1699 1024 1758 1044 SUB
1774 1017 1834 1044 ido-

1012 1072 1096 1092 neam
1111 1066 1199 1099 atque
1213 1062 1443 1090 convenientem.
1460 1061 1529 1089 Aliis
1545 1061 1664 1097 quidem
1680 1061 1749 1088 data
1764 1063 1835 1089 sunt

1011 1109 1208 1138 instrumenta
1225 1107 1332 1143 rapina
1355 1107 1554 1139 accommoda,
1571 1113 1685 1142 ungues
1700 1105 1832 1134 scilicet:

1011 1154 1041 1181 in
1057 1153 1123 1181 aliis
1143 1161 1211 1180 vero
1226 1152 1314 1180 veluti
1331 1159 1479 1179 remorum
1496 1150 1558 1178 loco
1572 1151 1758 1186 reperiuntur
1782 1158 1833 1185 pe-

1012 1199 1082 1227 dum
1098 1198 1293 1231 membrana;
1311 1199 1342 1225 ut
1371 1205 1422 1232 per
1451 1195 1615 1231 plantarum
1646 1194 1832 1223 latitudinem

1007 1243 1093 1278 juxta
1104 1242 1223 1270 modum
1235 1242 1412 1278 impressnm
1425 1249 1502 1276 aqua
1512 1240 1626 1268 facilius
1635 1239 1830 1275 propulsetur.

1010 1286 1088 1314 Nihil
1114 1295 1172 1314 non
1199 1288 1244 1314 est
1269 1285 1388 1321 plenum
1417 1284 1467 1312 Dei
1498 1284 1660 1319 sapientia:
1684 1283 1830 1319 siquidem

1010 1331 1108 1359 omnia
1124 1331 1152 1359 in
1169 1331 1312 1367 sapientia
1327 1330 1394 1357 fecit
1405 1330 1436 1357 ¹¹.
1448 1329 1502 1363 Qui
1514 1332 1610 1357 tamen
1625 1328 1704 1364 parvi
1714 1331 1758 1356 est
1769 1328 1831 1355 ani-

1010 1376 1061 1411 mi,
1077 1376 1186 1412 quique
1200 1376 1312 1410 abjecta
1329 1377 1358 1402 et
1381 1374 1505 1402 humilia
1531 1373 1617 1408 sapit,
1633 1372 1830 1400 animantium

1009 1424 1108 1448 motus
1123 1420 1156 1447 ad
1170 1428 1256 1447 suum
1269 1418 1451 1455 propositum
1463 1417 1684 1445 accommodare
1701 1415 1830 1449 molitur,

1009 1474 1042 1493 ac
1054 1468 1110 1493 Deo
1119 1464 1256 1492 derelicto
1272 1463 1423 1492 insidiosis
1433 1462 1615 1490 daemonibus
1631 1461 1830 1496 mancipatum

1009 1517 1040 1538 se
1064 1512 1182 1545 praestat
1205 1511 1234 1536 et
1257 1509 1426 1536 addictum:
1451 1507 1501 1542 qui
1526 1515 1593 1534 cum
1608 1506 1637 1534 in
1653 1514 1718 1534 aere
1734 1506 1830 1534 domi-

1008 1556 1127 1587 nentur,
1147 1553 1314 1581 volucribus
1336 1555 1368 1580 ut
1382 1552 1440 1579 huc
1454 1554 1483 1580 et
1496 1551 1567 1579 illuc
1582 1559 1613 1578 se
1629 1551 1831 1586 circumagunt

1009 1601 1142 1626 auctores
1158 1600 1239 1630 sunt,
1255 1596 1424 1631 faciuntque
1436 1599 1467 1623 ut
1477 1603 1558 1623 error
1572 1595 1775 1630 insipientium
1787 1603 1833 1622 sa-

1012 1643 1074 1670 nari
1086 1651 1143 1670 non
1157 1641 1434 1678 possit.0uanquam
1447 1640 1513 1676 plus
1521 1648 1604 1675 aequo
1612 1639 1763 1675 digressus
1774 1639 1836 1667 haec

1014 1687 1110 1721 retuli,
1131 1695 1165 1714 ea
1180 1689 1290 1719 tamen,
1312 1685 1464 1714 occasione
1487 1693 1520 1712 cx
1542 1684 1640 1712 allatis
1655 1686 1782 1720 arrepta,
1798 1684 1834 1711 ad

1014 1731 1159 1760 medelam
1176 1730 1383 1766 insipientibus
1405 1729 1602 1757 adhibendam
1618 1736 1676 1756 non
1691 1727 1836 1755 inutiliter

1014 1776 1143 1804 oratione
1159 1774 1299 1810 complexi
1314 1782 1428 1802 sumus.
1445 1773 1660 1801 Advertendum
1677 1774 1775 1800 autem
1791 1775 1835 1800 est

1015 1820 1092 1856 quod
1117 1819 1268 1855 Scriptura
1291 1819 1386 1846 tradat
1415 1817 1622 1845 divinationem
1647 1815 1834 1848 Philisthzeis,

1015 1865 1069 1893 hoc
1095 1866 1149 1898 est,
1173 1863 1346 1897 Palaestinis,
1373 1863 1518 1899 peculiare
1548 1860 1719 1889 exercitium
1750 1868 1834 1893 csse;

1014 1910 1090 1938 solet
1099 1909 1176 1937 enim
1189 1909 1277 1936 hosce
1288 1908 1365 1936 solos
1378 1909 1529 1935 nominare
1540 1906 1836 1942 alienigenas.Quem-

129 1951 295 1978 admodum
311 1951 389 1979 enim
409 1952 536 1980 Chaldei
561 1954 776 1990 praadictionem
801 1956 829 1982 et
848 1955 1028 1983 notationem
1051 1954 1194 1990 cujusque
1218 1953 1280 1980 vitae
1302 1961 1336 1980 ex
1361 1952 1450 1980 natali
1475 1952 1532 1987 die,
1555 1950 1679 1987 {Egyptii
1698 1949 1837 1978 veneﬁcia

130 1997 160 2022 et
176 1994 405 2031 incantamenta,
421 1998 520 2025 Cretes
535 1998 708 2034 auspicandi
724 2001 835 2027 artem:
853 1999 894 2026 ita
917 2001 946 2027 et
970 1998 1110 2035 allophyli
1134 1998 1344 2026 divinationem
1366 1997 1422 2025 sibi
1446 1995 1631 2032 peculiariter
1642 1994 1836 2022 vindicarunt.

132 2039 235 2075 Itaque
252 2041 286 2067 ad
302 2040 379 2068 mala
394 2041 450 2069 sibi
466 2043 584 2078 propria
600 2043 674 2070 redit
688 2043 767 2080 regio
784 2044 844 2079 illa,
860 2044 895 2072 ad
912 2046 1023 2072 statum
1038 2043 1196 2079 pristinum
1213 2042 1338 2070 redacta.
1547 2041 1553 2048 '

166 2084 213 2111 79.
232 2084 284 2111 Καὶ
314 2083 393 2112 τέκνα
414 2084 508 2113 πολλὰ
535 2085 680 2126 ἀλλόφυλα
710 2087 825 2125 έγενήοη
852 2089 908 2124 (67)
933 2086 959 2115 ἐν

129 2127 219 2164 αὐτῇ.
250 2128 334 2156 Ὅταν
359 2128 442 2161 πόλις
460 2151 467 2164 ,
497 2129 543 2166 ἔθη
571 2132 702 2169 μοχθηρὰ
729 2131 934 2170 παραδεξαμένη
950 2155 958 2169 ,

128 2171 189 2198 κατ’
203 2172 274 2199 αὖτᾶ
305 2173 380 2209 βιοῦν
408 2171 515 2210 ἕληται,
546 2178 604 2207 τοῖς
631 2175 830 2214 ἐπιγινομένοις
858 2177 958 2205 λοιπὸν

132 2215 226 2253 ὥσπερ
242 2216 328 2253 νόμος
344 2218 446 2256 γίνεται
461 2220 492 2246 τὸ
513 2222 566 2247 τῶν
592 2220 714 2258 πατέρων
738 2221 897 2258 ἁμάρτημα,
913 2222 958 2249 καὶ

130 2260 212 2292 εὐθὺς
229 2260 258 2288 ἐκ
275 2261 404 2299 γενέσεως
419 2262 564 2301 ἀλλόφυλά
585 2264 639 2292 ἔστι
667 2265 701 2293 τὰ
726 2266 814 2302 τέκνα,
830 2265 881 2294 ὑπὸ
909 2270 959 2302 τῆς

1051 2088 1126 2116 435
1145 2087 1190 2115 79.
1207 2088 1244 2114 Et
1258 2087 1314 2118 filii
1335 2084 1421 2114 multi
1448 2085 1616 2120 alienigena:
1637 2084 1707 2119 [acti
1727 2084 1790 2110 sunt
1806 2083 1836 2110 in

1014 2140 1058 2162 ea.
1089 2133 1161 2160 Cum
1190 2131 1347 2159 sceleratos
1371 2137 1467 2157 mores
1491 2129 1593 2156 civitas
1621 2130 1666 2156 est
1692 2126 1837 2162 amplexa,

1013 2177 1134 2213 vultque
1149 2176 1311 2204 secundum
1333 2183 1383 2203 eos
1404 2174 1494 2202 vitam
1516 2172 1690 2205 instituere;
1706 2174 1836 2207 postmo-

1014 2223 1084 2250 dum
1098 2224 1254 2259 parentum
1269 2220 1414 2257 ﬂagitium
1424 2222 1562 2254 tanquam
1586 2218 1631 2245 lex
1647 2217 1682 2244 ad
1700 2219 1834 2252 posteros

1013 2267 1130 2300 transit,
1144 2267 1304 2302 statimque
1321 2265 1356 2293 ab
1371 2264 1435 2300 ipso
1452 2262 1539 2292 natali
1553 2263 1603 2290 lilii
1616 2264 1691 2290 tiunt
1701 2261 1837 2297 alienige-

128 2309 252 2342 πονηρᾶς
270 2306 382 2344 ἀγωγῆς
396 2307 615 2346 ἀλλοτριούμενα
637 2312 686 2338 τοῦ
715 2310 783 2338 λαοῦ
806 2312 854 2338 τοῦ
878 2313 955 2341 Θεοῦ.

1013 2320 1064 2346 nte,
1081 2311 1117 2340 ob
1132 2311 1297 2347 improbam
1312 2310 1377 2337 vitae
1393 2308 1536 2336 rationem
1562 2306 1679 2335 alienati
1695 2314 1712 2333 a
1728 2304 1835 2342 populo

129 2350 204 2378 Ἐπιὶ
236 2349 265 2378 δέ
293 2352 338 2379 καὶ
367 2353 393 2379 οἱ
422 2353 522 2391 καρποὶ
551 2355 601 2387 τῆς
622 2356 714 2392 ψυχῆς
727 2355 807 2383 τέκνα
820 2354 956 2388 πολλάκις

1013 2356 1072 2385 Dei.
1089 2356 1161 2384 Cum
1177 2358 1275 2384 autem
1299 2357 1329 2383 et
1357 2354 1471 2382 fructus
1500 2352 1604 2380 animle
1629 2351 1838 2386 nuncupentur

129 2394 269 2432 λέγονται,
286 2395 357 2423 εἴποι
371 2395 401 2424 ὂίν
413 2407 454 2428 τις
467 2398 513 2425 τὸν
529 2398 602 2436 παρὰ
615 2398 646 2426 τὸ
664 2398 795 2437 βούλημα
809 2403 860 2435 τῆς
885 2400 956 2432 Θείας

165 2491 190 2511 ¹⁸
207 2492 286 2522 Psal.
302 2502 363 2529 cui,
374 2495 419 2522 24.

243 2601 331 2644 Egit},
346 2602 532 2644 ἐπαναγαγεῖν.
558 2605 594 2644 ᾼίι
614 2613 692 2644 _r_nss.
720 2615 780 2640 sex,
806 2607 956 2644 ἐπανάγειν.

350 2636 478 2678 ρΓίῐῙὶά8;
492 2638 530 2670 είς
546 2639 591 2678 Iov
609 2640 682 2678 ἀέρα.

167 2672 224 2718 (φ)
243 2673 317 2700 Editi
334 2672 399 2718 cum
417 2672 486 2711 Reg.
509 2676 604 2709 tertio,
625 2672 720 2712 νὴκτά.
744 2677 801 2706 Alii
827 2679 959 2715 quinque

130 2715 217 2741 mss.,
233 2715 360 2742 νηκτικᾱ.

165 2744 224 2813 ἕὸά)
239 2744 295 2772 Alii
312 2753 396 2786 mssz,
412 2745 515 2783 ἑπέχεισ
532 2747 580 2775 alii
597 2755 663 2776 cum
680 2748 776 2784 editis,
793 2745 863 2785 ἔχιι.

176 2780 223 2813 65)
241 2780 322 2808 Colb.
341 2789 465 2813 primus,
478 2785 706 2813 ταπεινοφρονῶν.

176 2780 224 2850 6ὗέ
241 2780 322 2822 Colb:
340 2780 706 2821 ρῑὶιΠΠδΪταπεινοφρονῶν.

177 2815 214 2842 66
242 2816 320 2844 Editi
343 2825 409 2845 cum
436 2817 531 2847 tribus
560 2827 643 2850 mss..
674 2819 706 2847 ἑτι

167 2815 224 2850 (66)
340 2815 409 2845 cum
419 2851 425 2854 _
436 2817 531 2854 tribus
560 2815 643 2854 mss”
657 2853 661 2854 γ
674 2816 833 2852 ἑπιὸούλοις
847 2818 958 2848 ἔκδοτον

129 2846 240 2880 ἰδὼκεν.
260 2851 315 2881 Alii
334 2854 401 2889 tres,
417 2846 749 2892 ἄπιϐούλοιςγέκδέδὼκεν,

1012 2401 1114 2430 multis
1135 2401 1163 2429 in
1178 2401 1251 2429 locis
1268 2400 1339 2434 ﬁlii;
1370 2399 1466 2427 dicere
1494 2397 1543 2434 qui
1579 2396 1673 2434 possit
1692 2403 1770 2431 eum,
1787 2394 1837 2430 qui

1013 2605 1135 2639 ἔκδοτον,
1147 2615 1210 2642 quae
1222 2606 1330 2642 alioqui
1343 2614 1399 2634 non
1412 2606 1452 2633 ita
1463 2604 1627 2642 necessaria
1637 2601 1836 2642 essc‘videtur.

1050 2644 1105 2680 (67)
1128 2634 1202 2671 Editi
1219 2645 1246 2670 et
1261 2634 1328 2677 Reg.
1346 2642 1450 2680 tertius
1466 2644 1494 2668 et
1509 2637 1763 2680 Colb._secundus,
1779 2634 1835 2680 t1:-

1013 2673 1176 2742 natm'ﬁicu
1191 2683 1276 2708 sunt;
1351 2678 1389 2705 ita
1416 2685 1533 2713 qupque
1562 2675 1673 2714 editum
1691 2673 1837 2714 invenitur

1013 2715 1091 2742 anud
1131 2715 1192 2742 ΧΧ.
1212 2716 1249 2742 At
1263 2713 1312 2742 alii
1329 2715 1455 2742 quatuor
1469 2720 1540 2740 mss.
1555 2719 1571 2738 e
1585 2711 1692 2738 nostris
1718 2707 1837 2742 perinde

1013 2707 1093 2750 apud
1109 2707 1192 2744 LXX.
1212 2716 1249 2742 At
1263 2707 1312 2742 alii
1329 2707 1540 2750 quatuor'uiss.
1555 2719 1571 2738 e
1585 2709 1692 2750 nostris
1703 2707 1838 2750 ‘perind‘e

1013 2743 1101 2786 atque
1117 2750 1249 2788 nonnulli
1279 2743 1439 2777 Bibl-iorum
1467 2747 1592 2788 codices,
1615 2743 1759 2788 ιὶγέννηήθῃ3
1777 2743 1837 2770 nali

1012 2778 1084 2814 sui-tl.
1101 2786 1259 2823 Aliquanto
1279 2788 1347 2823 post
1369 2783 1501 2823 nonnulli
1527 2778 1614 2823 mss,
1635 2778 1714 2823 βιοῦν
1732 2778 1834 2823 ἓλοιτρ.

1013 2812 1370 2858 Ηόἓίρἒὸτῖᾱῑόέοϊοιι).
1386 2819 1545 2852 secundus,
1568 2812 1628 2849 τοῖς
1639 2812 1834 2853 ’ἐπι-γεννωμέ-

1014 2867 1072 2885 νοις
1088 2857 1197 2885 λοιπόν.

1014 2867 1072 2890 νοις
1089 2867 1197 2885 Λοιπον.
