2009 3145
187 151 244 181 251

659 154 855 184 APPENDIX
879 153 1041 184 OPERUM
1065 153 1097 183 S.
1122 153 1259 183 BASILll
1281 153 1417 184 MAGNI.

1833 154 1891 184 252

190 220 295 253 ρι’ωίθι·
310 218 413 247 divina:
429 219 586 255 Scriptura:
612 227 732 248 sensum
757 228 907 248 sermones
931 219 1009 247 haud

1072 220 1177 256 Γραφῆς
1194 218 1393 254 συλλεξάμενον
1411 218 1463 246 ἀπὸ
1477 220 1530 246 τῶν
1547 217 1642 254 ἔξωθεν
1659 222 1710 253 τῆς
1739 216 1891 250 θεοσεϐείας

190 270 279 290 sanos
295 263 453 299 collegerit,
466 265 669 300 exceperitque
680 273 696 292 a
707 264 858 300 quibusvis
874 273 890 292 a
905 265 1012 301 pietate

190 305 303 340 alienis,
322 307 398 335 ﬁlios
413 307 592 345 alienigenas
608 310 755 345 genuisse.

224 352 260 379 80
275 352 362 380 Vens.
379 354 406 379 7.
422 353 532 388 Ileplela
554 355 594 382 est
615 355 691 382 enim
714 355 791 390 regio
804 362 897 382 eorum
914 362 1012 389 argen-

190 398 216 424 to
231 401 257 424 et
271 405 350 431 auro,
363 401 388 425 el
402 405 455 424 non
473 402 530 425 erat
539 406 670 426 numerus
682 399 872 427 thesaurorum
888 399 1011 426 illorum.

191 441 361 469 Divitiarum
378 442 508 469 studium
525 450 612 478 quam
637 451 723 479 grave
749 443 787 472 sit
801 446 963 479 peccatum,
979 452 1013 471 ex

189 493 223 514 eo
238 485 339 521 liquot,
355 486 432 521 quod
448 486 475 514 in
494 489 642 515 tantorum
659 487 802 516 scelerum
816 487 945 523 catalogo
958 497 1012 516 nu-

190 533 328 558 meretur.
342 530 413 559 Nam
426 539 483 558 una
495 539 560 558 cum
573 532 704 568 auguriis
715 532 820 559 etfiliis
829 532 1011 568 alienigenis,

189 575 239 610 qui
254 575 326 603 forte
341 575 371 602 in
389 575 475 603 Israel
492 576 527 603 ob
543 576 737 612 multiplicata
752 579 855 613 stupra
872 577 1012 613 procreati

189 620 315 653 fuerant,
332 619 386 647 hoc
403 620 489 648 etiam
507 624 694 649 numeratum
711 624 765 656 est,
782 630 888 658 nempe
909 621 1012 658 imple-

188 666 247 692 tam
263 664 354 692 fuisse
369 665 515 700 regionem
533 668 654 701 argento
669 669 697 694 et
711 675 792 694 auro.
808 666 1013 694 Verumenim-

189 717 256 738 vero
273 709 320 745 pia
336 718 368 737 ac
384 709 521 746 religiosa
537 711 634 739 anima
649 721 682 739 ex
698 711 806 740 divitiis
822 721 924 740 ansam
940 712 1013 740 arri-

189 753 233 790 pit
248 754 460 789 benefaciendi,
477 758 621 791 quatenus
636 765 685 784 eas
700 757 869 793 impertitur
882 765 916 784 ac
931 765 1013 784 com-

190 798 331 832 municat;
344 799 448 826 animae
460 807 527 828 vero
538 800 701 829 libidinosa:
712 804 740 829 et
751 801 880 838 corporis
891 801 1012 834 amanti,

189 843 350 880 voluptatis
365 843 604 880 impuritatisque
619 846 732 873 occasio
757 848 837 873 sunt.
853 846 1013 881 Paupertas

190 896 318 944 namque
338 889 396 916 dux
411 891 457 917 est
471 894 496 916 el
513 890 655 926 magistra
670 891 705 918 ad
726 890 883 926 pietatem;
900 892 1012 924 contra,
1028 911 1052 944 B

189 932 297 960 divitiis
313 933 389 961 ﬁunt
404 933 570 969 petulantiae
594 935 837 971 procacitatisque
856 935 969 963 occasio
984 937 1014 962 et

191 985 290 1005 causa.
307 977 388 1010 Quod
405 978 428 1006 si
445 986 517 1014 gens
533 979 646 1015 integra
669 980 705 1007 de
725 988 813 1015 opum
829 979 912 1016 copia
927 988 1013 1008 accu-

191 1024 283 1056 satur,
299 1030 397 1050 secum
414 1022 498 1050 velim
515 1026 650 1059 reputent
670 1024 784 1058 divites,
800 1024 947 1060 quomodo
962 1032 1014 1061 pro

191 1066 254 1094 suis
269 1066 329 1094 sint
345 1067 486 1095 rationem
499 1068 652 1097 reddituri.
664 1069 692 1096 Si
704 1069 770 1104 quis
785 1077 852 1097 vero
867 1069 1016 1098 existimet

192 1111 228 1139 ob
242 1111 369 1147 aliquem
386 1114 556 1147 praetextum
586 1113 633 1148 qui
665 1114 798 1141 videatur
826 1113 930 1142 rationi
951 1122 1016 1142 esse

194 1158 418 1192 consentaneus,
436 1165 499 1185 sese
523 1166 581 1186 non
606 1159 671 1186 ideo
697 1167 825 1194 peccare,
843 1159 920 1195 quod
936 1158 1017 1187 dives

1067 262 1167 301 λόγους
1197 263 1251 300 οὐχ
1276 263 1375 300 ὑγιεῖς,
1404 263 1448 290 καὶ
1475 262 1692 301 παραδεξάμενον
1722 262 1832 298 αὐτοὺς,
1859 264 1892 291 τὰ

1065 308 1145 335 τέκνα
1160 307 1305 347 ἀλλόφυλα
1320 318 1355 335 πο
1361 310 1454 339 ιεῖσθαι
1460 330 1466 336 .

1103 353 1147 380 80.
1177 351 1347 387 Ἐνεπλήσθη
1389 353 1439 390 γὰρ
1468 353 1486 387 ἡ
1524 352 1604 390 χώρα
1641 351 1729 380 αὐτῶν
1763 353 1893 391 ἀργυρίου

1067 397 1110 424 καὶ
1141 397 1268 434 χρυσίου,
1298 397 1343 424 καὶ
1373 396 1421 424 οὐκ
1445 397 1478 430 ἦν
1508 397 1622 434 ἀριθμὸς
1650 398 1704 424 τῶν
1748 398 1892 435 θησαυρῶν

1067 440 1167 469 αὐτῶν,
1193 441 1304 468 Ἡλίκον
1331 441 1481 479 ἁμάρτημα
1504 441 1535 468 τὸ
1559 439 1774 480 φιλοπλουτεῖν,
1799 441 1841 469 ὅτι
1866 441 1892 469 ὲν

1067 487 1106 521 τῷ
1119 484 1265 523 καταλόγῳ
1278 488 1332 514 τῶν
1348 485 1519 520 τηλικούτων
1549 485 1753 522 ἁμαρτημάτων
1775 485 1891 524 ἐτάχθη.

1068 531 1141 558 Μετὰ
1155 531 1206 568 γὰρ
1221 530 1417 567 κληδονισμῶν
1436 529 1480 558 καὶ
1504 530 1603 557 τέκνων
1631 529 1811 568 ἀλλοφύλων,
1840 533 1893 558 τῶν

1067 575 1097 603 tu
1125 578 1174 603 τοῦ
1200 575 1389 611 πληθυνθῆναι
1418 575 1467 610 τὴν
1492 575 1616 612 πορνείαν
1641 575 1820 612 γεννωμένων
1838 577 1893 613 (68)

1067 621 1141 658 τάχα
1153 620 1178 647 ἐν
1194 623 1233 656 τῷ
1247 619 1373 658 Ἰσραὴλ,
1390 620 1644 658 συγκατηρίθμηται
1665 620 1710 647 καὶ
1730 620 1763 647 τὸ
1785 619 1894 656 ἱμπλη-

1069 665 1163 700 σθῆναι
1191 665 1240 699 τήν
1269 665 1362 703 χώραν
1392 665 1523 702 ἀργυρίου
1545 664 1590 692 καὶ
1621 664 1745 702 χρυσίου.
1767 663 1894 692 Θεοσεϐεῖ

1071 710 1117 744 μὶν
1133 710 1184 748 γὰρ
1198 709 1274 748 ψυχῇ
1291 710 1403 749 ἀφορμή
1419 710 1486 747 πρὸς
1502 708 1623 736 εὐποιίαν
1642 710 1709 736 κατὰ
1735 710 1786 744 τήν
1814 720 1893 746 μετα-

1068 753 1178 789 δοτικήν
1195 755 1338 782 κοινωνίαν
1355 755 1370 782 ὁ
1385 753 1504 785 πλοῦτος
1518 754 1630 792 γίνεται’
1647 752 1792 792 φιληδόνῳ
1807 753 1837 781 δί
1849 755 1892 781 καὶ

1067 799 1256 838 φιλοσωμάτῳ
1271 798 1378 838 ἑφόδιον
1397 802 1502 837 τρυφῆς
1531 798 1576 826 καὶ
1604 797 1752 830 ἀκολασίας
1779 799 1893 837 γίνεται.

1068 844 1150 871 Πενία
1168 844 1215 880 μὶν
1232 845 1284 882 γὰρ
1299 842 1472 881 παιδαγωγός
1487 843 1556 870 ἐστιν
1568 843 1607 874 εἷς
1616 841 1892 880 εὐσέϐειαν,πλοῦτος

1067 887 1096 916 δὶ
1111 886 1215 926 ὕϐρεώς
1231 888 1299 916 ἐστιν
1316 888 1440 928 ἀφορμή.
1456 888 1488 916 Et
1515 887 1544 916 δὶ
1572 887 1636 916 ὅλον
1664 887 1740 920 ἔθνος
1766 887 1892 925 ἐγκαλεῖ-

1066 943 1110 961 ται
1130 933 1284 971 περιουσίαν
1309 934 1471 972 ·χρημάτων,
1488 932 1670 961 σκοπείτωσαν
1691 933 1718 960 οἱ
1742 932 1892 961 πλουτοῦν-

1067 989 1121 1012 τες,
1136 980 1195 1009 πῶς
1222 978 1288 1016 ὑπὶρ
1311 980 1365 1006 τῶν
1391 978 1497 1005 οἰκείων
1522 977 1754 1016 ἀπολογήσονται.
1771 977 1836 1006 Ἐὰν
1864 977 1892 1006 δι

1067 1033 1110 1055 τις
1126 1021 1216 1058 οἲ¹ηται
1231 1021 1260 1050 ἔκ
1273 1033 1347 1054 τινος
1371 1022 1488 1060 εὐλόγου
1517 1022 1678 1062 προφάσεως
1705 1022 1893 1058 νομιζομένης

1070 1067 1197 1096 πλουτῶν
1230 1069 1268 1104 μὴ
1297 1067 1472 1106 ἁμαρτάνειν,
1489 1067 1688 1104 ἀναμνησθήτω
1713 1069 1764 1094 τοῦ
1779 1066 1893 1105 εὐαγγε-

1071 1112 1149 1141 λικοῦ
1173 1112 1395 1151 προστάγματος,
1422 1114 1512 1152 σαφῶς
1536 1111 1752 1150 ἀπαγορεύοντος
1782 1112 1820 1148 μή
1846 1117 1894 1147 θη-

1072 1158 1205 1195 σαυρίζειν
1222 1158 1327 1189 δαυτοῖς
1341 1156 1383 1184 ἐπὶ
1400 1161 1451 1192 τῆς
1465 1161 1529 1195 γῆς.

195 1201 254 1235 sit;
271 1201 439 1229 meminerit
457 1202 482 1229 is
497 1202 655 1238 evangelici
685 1203 832 1239 prmcepti,
863 1211 920 1239 quo
949 1203 1025 1231 clare
1053 1203 1260 1239 evidenterque
1288 1203 1479 1239 prohibemur
1505 1202 1701 1230 thesaurosin
1717 1204 1797 1230 terra
1811 1201 1897 1230 nobis

194 1253 350 1281 congerere
366 1246 396 1274 ¹⁸.

229 1290 274 1318 81.
291 1291 380 1318 Vens.
396 1291 423 1318 8.
439 1291 472 1318 Et
485 1291 588 1327 repleta
598 1295 638 1319 es!
653 1294 728 1320 terra
744 1293 830 1328 equis,
847 1296 873 1320 et
887 1300 942 1319 non
957 1293 1016 1320 erat

194 1342 325 1362 numerus
337 1343 470 1363 curruum
485 1343 590 1363 eorum.
612 1336 736 1364 Sanctos
756 1337 864 1372 ubique
880 1336 1014 1364 observa-

194 1379 302 1414 vimus,
318 1387 385 1407 cum
398 1379 426 1407 in
439 1380 550 1408 bellicis
562 1381 756 1415 conﬂictibus,
768 1383 831 1409 tum
849 1381 878 1409 in
895 1381 1016 1417 reliquis

194 1424 259 1452 vitae
272 1424 498 1453 necessitatibus
509 1434 651 1462 equorum
659 1434 745 1454 usum
753 1427 845 1454 fuisse
855 1428 1014 1454 aversatus.

195 1469 390 1501 Quamobrem
407 1470 454 1498 hic
466 1471 553 1498 etiam
568 1479 711 1507 equorum
727 1479 799 1499 usus
810 1479 868 1498 una
882 1479 950 1498 cum
964 1479 1016 1499 cte-

1107 1293 1151 1320 81.
1181 1292 1232 1319 Καὶ
1267 1290 1417 1326 ἐνεπλήσθη
1448 1292 1465 1326 ἡ
1492 1294 1528 1328 γῆ
1556 1289 1660 1324 ἵππων,
1689 1289 1734 1317 καὶ
1777 1289 1827 1317 οὐκ
1862 1290 1894 1324 ἧν

1071 1335 1187 1373 ἀριθμὸς
1211 1338 1266 1364 τῶν
1294 1336 1423 1374 ἁρμάτων
1456 1336 1556 1364 αὐτῶν.
1588 1336 1732 1372 Πανταχοῦ
1760 1345 1896 1372 παραιτη-

1072 1382 1205 1418 σαμένους
1225 1380 1289 1413 τοὺς
1319 1380 1411 1419 ἁγίους
1431 1381 1618 1419 τετηρήκαμεν
1642 1381 1692 1415 τὴν
1721 1381 1775 1407 τῶν
1800 1379 1894 1406 ’ίππων

1071 1428 1183 1465 χρῆσιν,
1199 1425 1243 1454 ἐπί
1270 1436 1300 1454 τε
1325 1427 1379 1453 τῶν
1404 1424 1564 1462 πολεμικῶν
1593 1425 1778 1463 παρατάξεων,
1794 1423 1840 1451 καί
1868 1424 1894 1451 ἐν

1070 1474 1129 1502 ταῖς
1145 1470 1256 1502 λοιπαῖς
1273 1470 1341 1499 κατὰ
1353 1470 1401 1498 τὺν
1419 1470 1476 1507 βίον
1491 1470 1606 1508 χρείαις.
1623 1470 1663 1497 Δι’
1677 1469 1692 1496 ’ὸ
1706 1469 1750 1496 καὶ
1782 1468 1895 1501 ἐνταῦθα

196 1514 267 1542 teris
282 1515 536 1543 criminationibus
569 1517 729 1545 recensitus
757 1519 812 1545 est.
842 1516 915 1544 Cum
939 1516 1018 1544 enim

1073 1519 1131 1547 τοῖς
1147 1515 1259 1547 λοιποῖς
1274 1516 1482 1553 κατηγορήμασι
1497 1514 1541 1542 καὶ
1561 1515 1577 1550 ἠ
1591 1517 1644 1542 τῶν
1655 1513 1748 1542 ’ίππων
1779 1524 1895 1551 συγκατ-

192 1557 262 1586 velit
277 1559 351 1586 Deus
380 1568 397 1587 a
425 1568 478 1588 suo
494 1560 589 1596 ipsius
613 1561 748 1597 praesidio
771 1570 820 1589 eos
840 1561 1016 1598 dependere,

191 1603 313 1639 illosque
328 1604 405 1631 inter
422 1604 530 1632 bellum
546 1606 706 1641 gerendum
731 1614 917 1642 nequaquam
932 1614 1015 1641 spem

191 1655 332 1684 reponere
353 1649 383 1676 in
409 1649 470 1677 suis
495 1649 627 1686 ipsorum
650 1651 756 1678 armis:
785 1653 814 1679 et
829 1659 862 1678 ea
876 1651 911 1678 de
926 1659 1016 1678 causa

191 1692 245 1721 hoc
273 1694 361 1726 vetat,
387 1694 506 1722 dicens:
534 1694 574 1722 Ne
601 1703 730 1731 unquam
755 1695 808 1723 tibi
838 1695 1015 1731 multiplices

191 1745 300 1773 equum
318 1738 358 1765 ¹⁷;
376 1737 425 1773 qui
441 1740 503 1766 tum
530 1739 756 1772 accusabantur,
773 1742 856 1768 tanta
871 1748 1015 1776 equorum

192 1782 387 1818 cingebantur
401 1783 604 1819 multitudine,
616 1786 648 1812 ut
659 1792 814 1812 numerum
827 1785 915 1812 etiam
928 1793 1014 1821 supe-

192 1829 279 1856 taret.
296 1827 384 1855 Porro
414 1830 465 1855 aut
493 1828 520 1855 id
551 1828 738 1865 hyperbolice
765 1829 952 1866 accipiamus,
966 1832 1016 1857 aut

192 1871 393 1900 existimemus
407 1872 472 1900 ideo
488 1873 599 1901 dictum
617 1873 706 1902 fuisse
721 1882 779 1902 non
796 1882 859 1902 esse
875 1883 1014 1902 curruum

192 1925 361 1950 numerum,
378 1917 454 1952 quod
483 1917 551 1945 vilia
573 1920 601 1946 et
616 1919 777 1954 prissertim
793 1918 919 1954 ingloria
934 1919 1015 1947 nullo

194 1969 316 1988 numero
331 1961 362 1988 in
376 1961 525 1998 Scriptura
551 1962 723 1991 habeantur.
750 1963 878 1991 Observa
892 1964 969 1991 enim
986 1963 1014 1991 in

194 2003 331 2033 Numeris
348 2005 369 2023 ίδ
386 2014 441 2033 non
459 2007 612 2040 _recenseri
637 2007 801 2043 mulierem,
825 2008 914 2036 veluti
934 2008 1015 2035 inﬁr-

194 2057 293 2078 mam:
310 2059 367 2078 non
393 2059 528 2087 puerum,
554 2054 695 2088 tanquam
720 2053 947 2089 aspernabilem,
966 2062 1016 2081 ex-

194 2094 286 2131 ceptis
302 2095 504 2132 primogenitis
518 2099 547 2124 et
563 2097 724 2125 Levitarum
746 2097 865 2133 liberis;
883 2106 941 2126 non
956 2106 1016 2126 ser-

194 2147 272 2173 vum,
289 2142 409 2176 propter
423 2141 551 2170 inustam
571 2142 626 2169 sibi
643 2142 835 2178 ignominiam
851 2151 857 2176 ;
875 2151 932 2170 non
949 2151 1017 2171 eum

193 2184 242 2220 qui
272 2185 419 2213 commisti
444 2188 489 2214 est
512 2187 638 2223 generis,
669 2189 786 2224 propter
807 2188 1017 2216 diversitatem.
1034 2198 1056 2231 Β

195 2229 295 2264 Itaque
310 2230 364 2258 hac
379 2230 490 2258 ratione
505 2239 608 2259 currus
625 2231 700 2260 male
709 2234 894 2268 comparatos
908 2241 941 2261 ao
951 2241 1016 2269 pos-

196 2280 294 2301 sessos
310 2282 368 2302 non
385 2275 535 2303 numerari
553 2275 701 2304 ducimus.

230 2318 274 2345 82.
291 2320 329 2346 Et
352 2319 454 2355 repleta
470 2321 509 2348 est
523 2321 599 2348 terra
625 2321 879 2350 abominationibus
907 2330 1018 2358 operum

197 2371 331 2391 manuum
346 2371 452 2392 eorum.
469 2364 629 2393 Gentilium
655 2374 762 2401 mores,
779 2369 898 2402 sumpta
912 2375 929 2394 a
944 2366 1017 2394 divi-

196 2407 366 2436 nationibus
382 2409 502 2446 origine,
519 2418 571 2446 per
586 2410 738 2439 avaritiam
749 2413 777 2439 et
788 2411 925 2439 insanum
941 2412 1017 2439 438

195 2460 339 2489 equorum
356 2454 487 2482 studium
503 2453 532 2481 in
553 2454 749 2483 idololatriam
765 2455 923 2492 impegere.
945 2456 1018 2484 Nam

197 2497 272 2532 quod
288 2506 305 2526 a
330 2497 382 2526 Dei
411 2498 532 2526 consilio
561 2499 729 2535 defecerint,
747 2508 779 2527 ac
795 2500 940 2528 vaticiniis
956 2509 1019 2529 sese

195 2542 375 2578 praebuerint
399 2545 545 2572 attentos:
568 2545 646 2580 quod
663 2553 720 2572 non
737 2544 804 2578 Deo,
821 2544 872 2572 sed
896 2544 1018 2573 instabi-

1070 1561 1232 1599 ηρίθμηται.
1254 1561 1310 1589 Τοῦ
1335 1561 1386 1597 γὰρ
1412 1561 1479 1588 Θεοῦ
1503 1558 1670 1597 βουλομένου
1695 1562 1746 1593 τῆς
1767 1558 1832 1595 παρ’
1847 1559 1892 1585 αύ-

1068 1608 1118 1634 τοῦ
1135 1605 1262 1644 βοηθείας
1278 1605 1375 1636 αὐτοὺς
1390 1605 1563 1643 ἐξηρτῆσθαι,
1579 1604 1623 1631 καὶ
1642 1603 1680 1640 μὴ
1703 1605 1764 1634 ταῖς
1781 1602 1893 1633 οἰκείαις

1069 1653 1252 1688 παρασκευαῖς
1281 1648 1379 1680 αὐτοὺς
1408 1648 1561 1683 ἔπελπίζειν
1591 1648 1617 1675 ἐν
1654 1650 1713 1680 τοῖς
1745 1646 1891 1683 πολέμοις,

1069 1695 1115 1723 καὶ
1144 1693 1188 1723 διὰ
1210 1695 1290 1722 τοῦτο
1316 1693 1560 1732 ἀπαγορεύσαντος.
1584 1693 1630 1728 Μή
1656 1703 1722 1720 ποτε
1750 1690 1893 1728 πληθῦνῃς

1070 1742 1173 1776 σεαυτῷ
1199 1738 1285 1767 ἵππον
1303 1748 1309 1755 ·
1339 1739 1365 1766 οἱ
1394 1738 1454 1766 τότε
1481 1735 1678 1776 ἐγκαλούμενοι
1710 1733 1840 1764 τοσοῦτόν
1866 1745 1892 1762 τι

1069 1784 1176 1820 πλῆθος
1189 1783 1281 1811 ’ίππων
1297 1780 1523 1820 περιεϐάλλοντο,
1539 1781 1608 1809 ὥστε
1622 1781 1667 1808 καὶ
1680 1781 1795 1819 ἀριθμὸν
1812 1780 1892 1817 ὑπερ-

1070 1826 1180 1857 ϐαίνειν.
1198 1830 1287 1857 Τοῦτο
1307 1826 1336 1855 δὶ
1357 1826 1419 1862 ἤτοι
1437 1823 1626 1864 ὑπερϐολικῶς
1640 1824 1811 1861 ἆκδεξὼμεθα
1826 1825 1890 1860 (69),

1069 1873 1173 1912 ἣπαρᾶ
1188 1873 1265 1900 τὸτὰ
1280 1871 1370 1911 φαῦλα
1398 1872 1443 1899 καὶ
1471 1870 1564 1902 ἄλλως
1592 1871 1675 1906 ἄτιμα
1705 1870 1743 1906 μὴ
1771 1868 1893 1906 ἀριθμεῖ-

1069 1924 1131 1950 σθαι
1151 1917 1175 1945 ἐν
1201 1917 1234 1955 τῇ
1260 1918 1366 1955 Γραφῇ,
1381 1915 1537 1953 νομίσωμιν
1554 1915 1675 1953 εἰρῆσθαι
1698 1914 1729 1941 τὸ
1758 1914 1797 1950 μὴ
1827 1914 1892 1940 εἶναι

1070 1962 1185 2001 ἀριθμὸν
1212 1964 1264 1989 τῶν
1286 1961 1426 1998 ἁρμάτων.
1442 1961 1525 1997 Τήρει
1547 1960 1609 1998 γὰρ,
1635 1958 1676 1986 ὅτι
1701 1958 1726 1986 ἐν
1750 1959 1891 1996 Ἀριθμοῖς

1071 2007 1103 2035 οὐ
1125 2007 1193 2046 γυνὴ
1216 2007 1382 2044 ἀριθμεῖται,
1398 2006 1436 2036 ὡς
1460 2005 1582 2040 ἀσθενής·
1596 2004 1627 2032 οὗ
1649 2002 1772 2040 παιδίον,
1790 2003 1827 2034 ὡς
1850 2003 1892 2030 εὗ-

1070 2052 1285 2091 καταφρόνητον,
1302 2051 1375 2086 πλὴν
1389 2050 1573 2089 πρωτοτόκων
1589 2049 1634 2077 καὶ
1659 2050 1808 2077 Λευϊτικῶν
1826 2049 1892 2086 (70)·

1072 2097 1102 2125 οὗ
1120 2096 1228 2132 δοῦλος,
1242 2095 1286 2123 διὰ
1308 2096 1339 2123 τὸ
1364 2094 1472 2132 ἄτιμον·
1490 2094 1543 2132 οὐχ
1568 2094 1582 2122 6
1612 2094 1765 2130 ὲπίμικτος,
1796 2092 1840 2121 διὰ
1862 2093 1894 2120 τὸ

1071 2141 1229 2178 ἀλλότριον,
1241 2140 1336 2172 Οὕτως
1354 2139 1398 2167 οὖν
1415 2140 1460 2167 καὶ
1475 2140 1508 2167 τὰ
1522 2141 1613 2170 κακῶς
1628 2138 1758 2174 κτηθέντα
1788 2139 1896 2176 ἅρματα

1072 2186 1123 2223 ἔξω
1139 2187 1205 2214 εἶναι
1219 2187 1267 2213 τοῦ
1283 2185 1401 2223 ἀριθμοῦ
1417 2184 1591 2222 λογιζόμεθα.

1106 2322 1160 2349 82.
1185 2319 1236 2349 Καὶ
1275 2318 1430 2355 ἐνεπλήσθη
1460 2320 1477 2354 ἠ
1516 2321 1550 2357 γῆ
1596 2316 1794 2356 βδελυγμάτων
1842 2318 1896 2344 τῶν

1072 2364 1156 2405 ἔργων
1181 2367 1235 2393 τῶν
1257 2367 1358 2403 χειρῶν
1378 2363 1481 2393 αὖτῶὸ.
1510 2363 1550 2392 Τὰ
1576 2362 1668 2395 ἰθνικὰ
1693 2360 1896 2398 ἐπιτηδεύματα

1073 2411 1125 2438 ἀπὸ
1140 2409 1333 2447 κληδονισμῶν
1348 2410 1397 2444 τὴν
1423 2409 1512 2447 ἀρχὴν
1539 2405 1669 2442 λαϐόντα,
1686 2406 1730 2435 διὰ
1759 2406 1895 2445 φιλαργυ-

1073 2455 1133 2494 ρίας
1148 2455 1193 2482 καὶ
1208 2455 1378 2492 ἱππομανίας
1399 2454 1584 2492 προκόψαντα,
1601 2453 1639 2485 εἷς
1665 2450 1896 2489 είδωλολατρείιν

1073 2500 1211 2535 ἐξώκειλε.
1230 2500 1278 2527 Διὰ
1301 2500 1352 2537 γὰρ
1375 2499 1407 2526 τὸ
1436 2499 1586 2533 ἀποστῆναι
1616 2495 1790 2534 συμϐουλίας
1818 2498 1896 2530 Θεοῦ,

1073 2544 1119 2572 καὶ
1131 2543 1248 2580 κληδόσι
1264 2545 1421 2582 προσέχειν,
1439 2543 1484 2571 διὰ
1497 2543 1530 2571 τὸ
1556 2543 1594 2580 μὴ
1611 2542 1654 2570 ἐπὶ
1679 2542 1743 2570 Θεὸν
1766 2540 1898 2569 πεποιθὲ-

233 2631 254 2649 ¹⁶
267 2630 370 2659 Matth.
388 2639 427 2667 v1,
443 2630 487 2659 49.
506 2631 527 2649 ¹⁷
542 2631 625 2659 Deut.
639 2639 708 2665 xvu,
728 2631 762 2658 16
777 2631 798 2650 ¹⁸
813 2631 898 2659 Num.
916 2639 958 2666 ιιι,
973 2632 1015 2666 15,
1033 2632 1077 2660 40.

231 2718 289 2754 (68)
305 2718 346 2746 Ita
361 2718 440 2747 Colb.
454 2718 603 2746 secundus
618 2720 647 2746 et
661 2717 729 2754 Reg.
746 2717 848 2754 itidem
860 2719 1017 2746 secundus.

198 2753 354 2782 Edill'vero
374 2758 402 2782 et
425 2757 483 2795 tres
508 2753 777 2795 ῐῐιξιεἉ-γεγομὲνων.
803 2753 869 2795 Mox
881 2757 1020 2795 _quatuor

197 2798 285 2828 mss,
299 2791 561 2828 συγκατηριθμηται,
578 2789 669 2828 Editil
680 2789 947 2828 συγκαταρίθμεῖιέαι.

233 2825 289 2862 (69)
304 2825 382 2855 Co'lb.
401 2825 549 2855 secundus
565 2834 632 2854 cum
654 2825 724 2863 Reg.
746 2827 886 2860 secundo,
902 2825 1017 2861 ίκλιξώ-

1075 2717 1298 2756 μεθείςιὲὶὲίλίῗυο
1315 2715 1585 2756 Ψ.εξ-›ἐκδξεόμιθα-
1643 2754 1656 2756 _
1869 2750 1875 2756 .

1110 2754 1165 2789 (70)
1182 2753 1234 2782 Ubi
1251 2754 1281 2781 in
1303 2754 1389 2782 editis
1415 2751 1532 2789 legitur,
1559 2754 1689 2787 Λευϊτῶν,
1713 2751 1854 2780 scribitur
1868 2751 1896 2777 in

1075 2789 1225 2826 aliquibus
1241 2798 1326 2825 mss.,
1339 2791 1498 2818 Λευῖτικῶν.
