2009 3145
150 177 208 208 259

629 165 822 198 APPENDIX
845 163 1009 196 OPERUM
1031 165 1063 194 S.
1086 161 1225 195 BASILII
1248 163 1374 196 MAGNI

1794 168 1855 197 260

150 253 217 272 sum
233 240 351 271 suaderi
366 241 495 276 putares,
512 236 619 272 adjecit
646 235 718 262 illud
732 243 738 261 :
765 233 843 262 Oculi
864 233 971 260 Domini

1028 230 1077 265 τήν
1092 231 1143 258 ἀπὸ
1154 233 1226 276 ,Θεοῦ
1240 232 1417 269 ἀναχώρησιν
1443 230 1648 269 συμϐουλεύειν,
1663 232 1784 271 ἐπήγαγε
1810 234 1856 268 τὸ,

149 288 289 321 sublimes,
301 289 380 314 homo
395 285 489 312 autem
504 281 628 309 humilis.
645 278 723 307 Nihil
740 285 841 305 eorum
852 286 916 313 quae
928 277 972 304 in-

149 333 193 361 fra
206 334 359 369 geruntur,
374 329 446 357 latet
461 335 539 359 eum,
566 326 615 362 qui
632 333 646 352 e
663 322 783 352 sublimi
811 323 972 358 despectat,

150 366 222 406 cuni
233 377 288 405 sub
304 375 369 410 ejus
384 375 535 409 aspectum
563 369 681 397 veniant
705 367 814 399 omnia,
839 366 973 401 nihilque

148 422 231 451 Illius
242 420 334 449 oculis
345 419 480 447 tenebras
493 415 630 444 offendat.
644 414 764 441 Humilis
775 416 864 439 autem
873 411 951 438 homo
964 419 971 445 ;

149 466 200 503 qui
214 465 257 494 vel
274 473 304 492 se
321 465 383 500 ipse
399 470 450 498 pro
466 459 558 488 nihilo
574 459 665 491 ducit,
676 465 742 484 cum
756 465 786 484 se
798 456 903 483 divinae
915 463 974 483 ma-

145 500 246 548 iestati
262 510 425 544 comparat,
440 505 484 533 vel
514 505 564 540 qui
590 504 773 538 arrogantem
801 500 972 537 superbien-

149 543 267 591 temque
280 543 417 590 spiritum
429 549 566 586 deposuit
578 556 628 584 per
641 546 826 578 modestiam,
852 543 895 572 vel
907 547 972 571 tan-

150 589 279 635 dem—qui
297 606 347 634 per
371 598 523 633 peccatum
538 602 555 620 a
570 592 694 628 pristina
720 599 774 618 sua
799 589 973 617 celsitudine

149 653 180 673 se
195 634 293 680 ipsum
322 641 436 677 dejecit.
467 640 498 666 Et
523 636 720 665 humiliabitur
741 634 857 662 altitudo
882 634 972 661 homi—

149 678 225 718 nuni.
234 688 266 716 In
277 685 480 723 superioribus
490 691 573 711 suam
588 680 762 709 humiliabat
771 678 972 706 celsitudinem

148 735 248 768 homo,
278 740 312 760 ac
336 727 563 766 reprehensione
584 727 646 754 erat
668 725 794 760 dignus:
825 723 973 758 siquidem

149 777 302 806 lncurvavii
317 784 346 804 se
360 775 450 807 homo,
465 775 492 801 et
507 771 669 799 humiliatus
684 771 722 797 est
748 769 800 796 vir.
829 768 880 795 Hic
907 775 973 795 vero

149 821 302 851 humilitas
314 822 359 848 est
374 817 518 856 perutilis.
531 817 602 844 Cum
615 814 693 842 enim
709 821 802 841 vanus
817 811 974 848 deponitur

149 868 255 900 fastus,
267 871 394 901 cumque
405 863 441 891 ab
453 861 575 890 elatione
588 862 616 888 et
627 858 777 894 asuperba
787 856 972 889 celsitudine,

150 920 262 940 necnon
279 920 296 938 a
310 917 386 937 vana
400 908 436 935 de
461 915 492 934 se
516 903 732 934 existimatione
755 902 791 930 ad
821 901 972 937 proprium

149 956 288 985 meritum
304 957 333 982 et
348 952 545 981 conditionem
561 949 683 983 reditur,
699 947 760 975 hac
770 948 815 974 est
830 946 906 973 439
918 945 973 972 hu-

151 1001 260 1029 militas
275 997 442 1027 laudabilis.
459 995 543 1028 Nam,
559 995 583 1022 si
596 992 781 1029 confugerint
792 990 924 1027 quipiam
936 989 972 1017 ad

151 1048 275 1082 petram,
291 1053 324 1072 ac
334 1043 486 1078 sperantes
498 1041 664 1068 resurrectu
670 1046 716 1064 ros
727 1045 757 1064 se
769 1044 836 1063 cum
847 1035 972 1068 Christo,

151 1079 181 1118 in
196 1092 274 1118 terra
288 1095 394 1122 corpus
410 1093 496 1113 suum
513 1084 569 1111 sibi
585 1082 723 1115 subdant,
741 1080 913 1108 altitudines
936 1079 973 1106 ab

150 1132 321 1169 insipientia
336 1133 411 1158 naue
426 1128 594 1160 concidunt,
611 1133 798 1162 praecepsque
814 1123 872 1151 ruit
899 1131 974 1150 vana

151 1167 255 1206 sua-de
270 1184 300 1204 se
314 1175 387 1211 ipsis
403 1173 517 1209 opinio:
534 1180 602 1199 vera
616 1173 713 1198 autem
729 1168 896 1197 testiﬁcatio
913 1167 972 1195 cel-

151 1221 290 1250 situdinis
305 1220 363 1248 Deo
379 1218 433 1247 soli
449 1218 485 1245 ab
501 1217 574 1253 ipsis
589 1215 732 1242 defertur.

185 1276 230 1302 87.
245 1275 278 1302 Et
290 1272 460 1302 multabitur
470 1270 601 1298 Dominus
615 1268 689 1296 solus
705 1268 734 1295 in
750 1266 795 1294 die
820 1266 880 1293 illa.
907 1264 973 1293 Vel-

151 1321 193 1348 uti
210 1319 246 1348 ad
263 1321 362 1346 notam
379 1317 466 1348 diem,
483 1317 512 1342 et
534 1321 598 1349 quas
623 1314 651 1340 in
678 1311 810 1339 confesso
834 1311 873 1338 sit
896 1309 974 1345 apud

152 1372 265 1397 omnes,
279 1362 429 1398 Scriptura
446 1368 499 1387 nos
515 1358 648 1386 remittit.
665 1357 695 1384 In
711 1355 757 1383 die
785 1355 846 1385 illa.
870 1362 974 1389 nempe

153 1409 266 1437 dierum
273 1407 405 1435 omnium
418 1405 626 1438 ultima,quam
639 1408 733 1436 neque
745 1408 800 1428 nox
817 1398 972 1430 intercidit,

153 1461 247 1489 neque
255 1454 374 1487 tempus
383 1447 610 1477 circumscribit:
618 1446 664 1473 cui
677 1451 770 1480 neque
783 1442 972 1479 principium,

152 1487 247 1532 neque
263 1497 350 1523 linem
366 1495 414 1522 lux
429 1500 566 1528 corporea
582 1491 699 1527 praebet,
716 1489 767 1516 sed
783 1497 842 1516 una
857 1490 901 1515 est
927 1487 973 1514 sui

153 1541 270 1573 similis,
300 1538 473 1572 immobilis,
502 1544 622 1572 vespere
647 1542 761 1567 carens,
792 1531 973 1560 successioni

151 1586 229 1614 haud
242 1584 375 1612 obnoxia.
390 1583 490 1617 Itaque
501 1582 531 1608 in
540 1581 584 1608 die
596 1580 645 1607 illa
654 1579 831 1607 exultabit-ur
842 1577 973 1605 Dominus

149 1631 231 1665 solus,
248 1637 315 1657 cum
331 1628 428 1655 omnis
444 1626 637 1662 superborum
653 1623 739 1651 elatio
756 1631 788 1650 ac
799 1623 891 1649 fastus
904 1630 971 1649 con-

154 1676 241 1703 cidet.
257 1676 399 1701 Caeterum
410 1679 527 1699 omnem
540 1670 692 1697 beatarum
702 1667 843 1694 virtutum
856 1665 972 1693 clarita-

151 1722 210 1748 tem
226 1717 487 1755 praestantissimus
501 1714 596 1750 gloriae
606 1713 686 1740 illius
697 1711 835 1747 splendor
844 1711 935 1738 vincit
945 1713 974 1738 et

152 1754 299 1792 obscurat.
316 1762 380 1790 Sive
396 1760 484 1788 fuerit
498 1758 651 1794 propheta,
663 1756 722 1784 sive
735 1755 896 1792 apostolus,
913 1754 974 1782 sive

149 1808 259 1836 fuerint
274 1810 379 1835 sancta:
395 1807 423 1833 et
437 1803 570 1831 ccclestes
582 1803 738 1837 potestates
753 1809 760 1834 ;
778 1799 827 1827 ubi
844 1799 971 1836 primum

148 1850 366 1889 exsplenduerit
377 1857 444 1877 vera
459 1847 509 1875 illa
522 1846 675 1878 celsitudo,
692 1845 790 1873 omnia
806 1843 929 1871 humilia
945 1845 973 1870 et

150 1887 266 1932 ahjecta
281 1894 489 1923 censebuntur.
519 1891 648 1926 ldipsum
674 1889 752 1925 quod
778 1887 886 1916 dicitur
909 1887 970 1922 tibi,

149 1949 261 1977 quaeso,
275 1941 352 1975 ﬁnge
368 1937 403 1965 ab
418 1935 550 1972 exemplo
566 1935 691 1971 quodam
701 1942 735 1962 ex
746 1932 844 1960 saeculi
859 1941 913 1960 usu
925 1933 972 1959 de-

149 1988 278 2020 sumpto.
296 1984 340 2012 Sit
354 1982 454 2018 aliqua
468 1980 669 2016 operariorum
685 1978 840 2006 hominum
856 1977 970 2010 civitas,

149 2030 199 2066 qui
214 2038 249 2057 ex
265 2036 350 2065 opere
366 2026 537 2064 quotidiano
565 2024 612 2052 vix
636 2023 700 2051 vita:
724 2022 889 2050 necessaria
915 2020 971 2049 sibi

149 2075 319 2110 comparent
329 2081 335 2101 :
344 2072 404 2100 sint
414 2079 517 2099 rursus
526 2069 573 2097 hic
585 2068 674 2103 aliqui
683 2067 747 2095 aliis
757 2066 970 2102 supramodum

150 2119 330 2156 pauperibus
345 2115 556 2153 opulentiores,
572 2113 622 2149 qui
639 2112 756 2140 interim
768 2111 882 2139 abistis
893 2118 972 2138 men-

148 2155 223 2192 dicis
239 2162 433 2199 prazdiceutur
460 2159 550 2192 beati,
570 2166 603 2185 ac
627 2156 839 2192 suspiciantur.
863 2155 971 2182 Deinde

147 2217 196 2236 rex
212 2207 360 2244 quispiam
374 2206 403 2233 in
419 2205 495 2232 hanc
523 2201 660 2231 adveniat
683 2201 840 2234 civitatem,
868 2207 970 2235 regum

146 2251 281 2280 omnium
289 2249 467 2282 ditissimus,
481 2248 530 2284 qui
541 2247 667 2274 multum
681 2245 786 2272 habeat
795 2244 859 2272 auri
871 2252 972 2280 argen-

149 2297 242 2332 tique.
255 2297 283 2323 et
298 2294 406 2322 multos
419 2293 531 2328 lapides
541 2290 694 2327 pretiosos,
707 2289 780 2316 alios
789 2289 973 2325 regaliorna-

152 2343 250 2368 mento
279 2339 403 2367 intectus
422 2337 494 2365 alios
510 2336 545 2364 ad
561 2334 787 2363 ostentationem
815 2334 972 2369 expositos.

149 2385 192 2413 Sit
201 2385 327 2412 vestium
343 2383 422 2410 illius
439 2382 584 2409 immensa
596 2380 727 2416 quaedam
742 2378 929 2414 pulchritudo
940 2387 973 2406 ao

147 2430 232 2466 copia
246 2427 416 2464 singularis.
433 2427 557 2462 Superet
568 2432 724 2452 numerum
738 2423 914 2451 famulorum
929 2432 973 2451 sa-

149 2473 336 2508 tellitumque
346 2476 455 2499 turma:
469 2471 632 2506 impensam
643 2467 970 2496 faciatinenarrabilem.

146 2518 188 2546 Ea
203 2517 242 2546 sit
257 2516 435 2545 camelorum
452 2518 479 2543 et
493 2514 640 2542 mulorum
651 2513 769 2540 divitias
783 2513 971 2548 sarcinasque

145 2562 363 2599 exportantium
375 2559 547 2594 multitudo,
557 2567 620 2595 qua:
634 2557 782 2585 numerari
794 2565 852 2584 non
865 2557 968 2592 possit.

176 2660 240 2698 (95)
255 2661 343 2695 Editi,
356 2657 595 2698 προσφευγόντων.
612 2658 647 2685 At
662 2665 734 2684 mss.
759 2663 819 2688 sex,
843 2665 969 2693 προσφυ-

146 2697 342 2769 γόῖξῶνίὲᾱὶιὶ,
358 2731 403 2758 οὗν
419 2730 510 2767 ἡμέρᾳ
523 2730 568 2765 τῇ.
585 2729 620 2769 {tt
635 2734 781 2768 mss.“sex
797 2725 885 2769 utipin
901 2735 970 2755 con-

146 2762 237 2798 teitu:
261 2762 371 2795 Ibidem
393 2762 452 2795 tres
477 2762 562 2798 "russi,
587 2764 632 2790 ὅτε
651 2763 783 2789 πεσεῖται.
808 2762 867 2790 Alii
896 2771 969 2791 mss.

146 2813 214 2834 cum
230 2804 326 2838 editis,
342 2802 395 2832 ὅτι.

183 2841 242 2879 (97)
255 2833 342 2876 Editi,
358 2838 388 2866 ἑκ
400 2847 452 2873 της
467 2833 627 2876 ὲφημερίου.
645 2834 717 2871 Reg.
732 2833 848 2863 tertius.
874 2833 904 2861 ὲκ
917 2836 951 2870 τῆ

988 921 1012 953 Β

989 1606 1009 1638 C.

989 2285 1011 2316 D

1028 276 1058 301 Οἱ
1083 275 1223 313 ὀφθαλμοὶ
1252 276 1353 314 Κυρίου
1390 276 1518 314 ῥψηλοῖ,
1543 278 1557 305 ὀ
1584 277 1613 305 δὲ
1646 277 1789 316 ἄνθρωπος
1807 289 1856 306 τα-

1027 320 1128 351 πεινός.
1145 320 1199 348 Τὸν
1218 320 1243 355 ἐξ
1257 320 1341 358 ὕψους
1357 321 1580 349 ἀποσκοπεῦοντα
1596 321 1670 349 οὕδὲν
1698 324 1752 349 τῶν
1780 323 1858 349 κάτω

1028 364 1164 400 λανθάνει,
1179 365 1286 393 πάντων
1314 366 1357 393 ὑπ’
1374 364 1435 403 ὄψιν
1460 364 1556 401 ὄντων,
1573 367 1617 394 καὶ
1644 365 1762 403 μηδενὸς
1793 367 1860 394 ἐπι-

1028 412 1190 441 σκοτοῦν-τος
1218 413 1277 442 τοῖς
1300 410 1466 450 ὀφθαλμοῖς.
1484 412 1618 443 Ταπεινὸς
1646 411 1675 439 δὲ
1702 412 1858 450 ἄνθρωπος,

1027 455 1045 489 ἢ
1062 456 1075 482 ὁ
1091 457 1124 492 τῇ
1149 455 1286 494 συγκρίσει
1311 460 1362 491 τῆς
1387 459 1435 483 τοῦ
1460 459 1529 484 Θιοῦ
1556 456 1795 495 μεγαλοπρεπείας
1823 457 1857 484 τὸ

1029 498 1113 536 μηδὲν
1135 500 1228 527 ἑαυτὸν
1246 499 1435 538 λογιζόμενος·
1453 501 1470 535 ἢ
1487 502 1500 528 ὁ
1519 500 1562 528 διὰ
1588 501 1798 539 μετριοπάθειαν
1823 501 1858 529 τὸ

1027 543 1187 578 ἀλοζονικὸν
1204 544 1370 581 ἀποθέμενος
1388 544 1524 584 φρόνημα·
1542 545 1559 580 ἢ
1585 546 1598 573 ὁ
1621 544 1666 572 διὰ
1688 548 1739 578 τῆς
1764 547 1858 584 ἀμαρ-

1026 587 1086 619 τίας
1109 587 1138 615 ἐκ
1159 590 1206 615 τοῦ
1229 589 1364 627 προτέρου
1387 589 1470 626 ὕψους
1495 590 1588 617 ἑαυτὸν
1611 589 1790 628 καταρῥίψας.
1805 591 1858 617 Καὶ

1027 634 1257 668 ταπεινωθήσεται
1284 634 1315 660 τὸ
1342 633 1408 670 ὕψος
1435 635 1490 661 τῶν
1520 634 1682 671 ἀνθρώπων.
1716 634 1760 662 Ἐν
1794 637 1859 666 τοῖς

1027 677 1141 704 κατόπιν
1160 678 1188 704 τὸ
1204 677 1271 714 ὕψος
1288 677 1472 714 ἐταπεινοῦτο,
1489 678 1533 706 καὶ
1549 678 1713 716 κατηγορίας
1743 677 1817 715 ἄξιος
1842 680 1858 706 ὁ

1029 721 1184 758 ἅνθρωπος·
1210 723 1310 759 ’Ἐκυψε
1347 724 1398 760 γὰρ
1436 722 1597 760 ἅνθρωπος,
1627 722 1672 750 καί
1707 722 1859 751 ἐταπεινώ-

1029 772 1062 801 θη
1094 767 1173 805 ἀνήρ.
1201 767 1330 799 Ἐνταῦθα
1359 766 1387 794 δὲ
1416 767 1558 806 ὠφέλιμος
1582 769 1599 802 ἡ
1623 767 1798 799 ταπείνωσις.
1823 768 1859 796 Ἡ

1028 811 1079 849 γὰρ
1108 811 1235 843 ἀπόθεσις
1262 814 1310 839 τοῦ
1342 811 1456 848 ματαίου
1481 813 1669 851 φρονήματος,
1694 812 1740 839 καὶ
1762 813 1780 847 ἡ
1803 812 1861 840 ἀπὸ

1027 858 1075 882 τοῦ
1092 855 1248 893 ἐπάρματος
1274 856 1319 883 καὶ
1349 856 1433 893 ὕψους
1458 856 1622 891 ἀλαζονικοῦ
1647 856 1693 884 καὶ
1721 856 1860 894 οἰήματος

1029 898 1152 928 διακένου
1167 901 1235 938 πρὸς
1253 901 1303 935 τήν
1329 901 1428 928 οἰκείαν
1457 901 1529 936 ἀξίαν
1555 900 1696 937 ἐπάνοδος,
1721 902 1861 929 ταπείνω-

1028 945 1069 976 σίς
1095 945 1164 973 ἔστιν
1190 946 1327 982 ἐπαινετή.
1353 949 1414 974 Τῶν
1435 946 1484 984 γὰρ
1509 947 1723 985 προσφυγόντιυν
1738 948 1794 983 (95)
1817 949 1856 984 τῇ

1027 990 1122 1026 πέτρᾳ,
1137 990 1182 1017 καὶ
1206 989 1232 1017 ἐν
1259 992 1293 1027 τῇ
1323 992 1358 1028 γῇ
1389 991 1490 1018 ἑαυτῶν
1517 990 1687 1025 ποιησάντων
1712 991 1744 1018 τὸ
1773 990 1858 1028 σῶμα

1029 1035 1053 1061 tv
1083 1033 1173 1062 ἐλπίδι
1201 1036 1250 1069 τῆς
1282 1035 1350 1071 μετὰ
1386 1035 1504 1073 Χριστοῦ
1543 1035 1731 1070 ἀναστάσεως,
1761 1036 1858 1063 πίπτει

1030 1079 1077 1116 μὲν
1106 1079 1139 1106 τὰ
1169 1078 1194 1114 ἐξ
1232 1078 1343 1117 ἀλογίας
1382 1080 1536 1116 ὑψώματα,
1561 1080 1606 1107 καὶ
1645 1081 1664 1115 ἡ
1693 1079 1756 1117 περὶ
1794 1081 1858 1107 ἑαυ-

1027 1125 1081 1151 τῶν
1098 1124 1235 1160 ὑπόληψις
1264 1124 1352 1151 αὐτῶν
1382 1125 1503 1160 ματαία·
1520 1124 1706 1162 ἀναπέμπεται
1736 1123 1766 1152 ὂὶ
1792 1125 1860 1162 παρ’

1028 1168 1115 1195 αὐτῶν
1156 1168 1231 1205 μόνῳ
1272 1169 1311 1206 τῷ
1354 1171 1412 1205 Θεῷ
1439 1170 1457 1204 ἡ
1485 1169 1592 1205 ἀληθής
1635 1169 1771 1208 μαρτυρία
1805 1171 1858 1197 τοῦ

1028 1213 1114 1250 ὕψους
1123 1234 1128 1242 .

1063 1268 1107 1295 87.
1122 1267 1175 1295 Καὶ
1205 1267 1375 1304 ὑψωθήσεται
1405 1267 1506 1305 Κύριος
1532 1268 1614 1304 μόνος
1643 1266 1669 1294 ἐν
1696 1269 1731 1305 τῇ
1760 1268 1860 1305 ἡμέρᾳ

1029 1312 1125 1349 ἐκείνῃ.
1141 1312 1185 1343 Ὠς
1215 1311 1464 1350 ἐπι-γινωσκομένην
1493 1313 1608 1350 ἡμέραν,
1633 1312 1679 1340 καὶ
1707 1313 1758 1340 ὑπὸ
1785 1312 1857 1340 πάν-

1027 1367 1081 1384 των
1093 1355 1322 1394 ὁμολογουμένην
1339 1356 1352 1383 ὁ
1369 1355 1451 1393 λόγος
1474 1357 1549 1393 ἡμᾶς
1572 1356 1735 1393 ἀναπέμπει.
1752 1358 1798 1385 Ἐν
1817 1359 1856 1394 τῇ

1028 1400 1118 1438 ἡμέρᾳ
1147 1399 1248 1438 ἐκείνῃ,
1276 1400 1310 1438 τῇ
1333 1400 1434 1438 texi-cn
1459 1404 1552 1429 πασῶν
1580 1403 1703 1439 ἡμερῶν,
1728 1402 1759 1436 ἣν
1790 1401 1857 1429 οὔτε

1028 1445 1073 1480 νὺξ
1098 1444 1254 1480 διακύπτεις
1271 1446 1302 1472 οὐ
1327 1446 1428 1483 χρόνος
1453 1446 1615 1484 περιορίζιι,
1640 1445 1671 1473 οὗ
1695 1446 1856 1482 σωματικὸν

1029 1492 1086 1526 φῶς
1102 1489 1190 1528 ἀρχὴν
1212 1489 1279 1526 αὐτῇ
1295 1490 1409 1527 παρέχει
1432 1490 1478 1517 καὶ
1500 1490 1592 1525 τέλος,
1609 1489 1682 1517 ἀλλὰ
1712 1489 1761 1526 μία
1780 1489 1854 1517 ἐστὶν

1030 1533 1113 1570 ὁμοία
1136 1535 1203 1571 πρὸς
1228 1534 1336 1568 ἐαυτὴν,
1352 1534 1488 1569 ἀκίνητος,
1505 1534 1658 1572 ἀνέσπερος,
1682 1533 1858 1566 ἁδιάδεκτος.

1029 1579 1072 1606 ’Ev
1100 1578 1145 1605 οὖν
1174 1578 1209 1616 τῇ
1238 1578 1329 1615 ἡμέρᾳ
1357 1580 1413 1615 (96)
1443 1578 1531 1615 ἐκείνῃ
1560 1579 1730 1615 ὑψωθήσεται
1755 1579 1859 1617 Κύριος

1030 1623 1131 1659 μόνος·
1154 1623 1198 1650 ὅτε
1235 1626 1355 1650 πεσεῖται
1384 1623 1432 1659 μὶν
1457 1627 1507 1650 πᾶν
1540 1623 1718 1662 ὑπερηφάνων
1746 1623 1858 1662 φρόνη-

1030 1676 1076 1703 μα·
1093 1669 1164 1694 πᾶσα
1180 1666 1209 1694 δὲ
1225 1666 1387 1704 λαμπρότης
1402 1670 1455 1695 τῶν
1482 1667 1620 1704 μακαρίων
1647 1667 1788 1704 δυνάμεων
1815 1669 1853 1704 τῇ

1029 1709 1169 1749 ὑπερϐολῇ
1185 1714 1238 1738 τῶν
1257 1714 1441 1750 μαρμαρυγῶν
1457 1715 1506 1746 τῆς
1524 1710 1604 1747 δόξης
1625 1711 1728 1747 ἐκείνης
1755 1711 1855 1750 ἐναφα-

1027 1756 1138 1790 νίζεται.
1155 1754 1209 1784 Κᾶν
1225 1757 1370 1795 προφήτης
1392 1756 1422 1793 ᾗ,
1446 1755 1494 1784 κᾶν
1520 1756 1682 1791 ἀπόστολος,
1698 1756 1745 1784 κ’ὰν
1776 1757 1856 1794 ἅγιαι

1028 1799 1154 1837 δυνάμεις
1170 1801 1220 1827 ὧσι
1244 1801 1288 1828 καὶ
1314 1801 1502 1837 ὑπερκόσμιοι·
1520 1800 1680 1840 ἐκφανὲντος
1704 1803 1753 1828 τοῦ
1782 1801 1854 1836 ἀλη-

1027 1845 1103 1872 θινοῦ
1132 1844 1228 1882 ὕψους,
1255 1845 1341 1872 πάντα
1373 1845 1485 1873 ταπεινὰ
1510 1844 1710 1883 λογισθήσεται.
1741 1846 1854 1881 Νόησόν

1030 1900 1076 1926 μοι
1106 1889 1159 1916 ἀπό
1182 1900 1255 1921 τινος
1279 1892 1333 1917 τῶν
1358 1890 1427 1917 κατά
1446 1890 1492 1918 τὸν
1515 1890 1573 1928 βίον
1592 1889 1792 1927 ὖποδείγματος
1819 1890 1853 1918 τὸ

1027 1932 1186 1971 λεγόμενον.
1204 1935 1294 1962 Ἔστω
1309 1945 1351 1965 τις
1376 1933 1459 1965 πόλις
1483 1937 1667 1972 χειροτεχνῶν
1691 1933 1797 1972 ἀνδρῶν
1822 1934 1850 1962 ἐν

1025 1981 1074 2013 τῆς
1090 1978 1129 2016 ἐφ’
1151 1977 1254 2016 ἡμέραν
1282 1980 1336 2015 (97)
1355 1977 1480 2016 ἐργασίας
1505 1977 1586 2015 μόλις
1604 1978 1637 2006 τὸ.
1660 1979 1791 2017 ἀναγκαῖα
1817 1978 1853 2006 τὰ

1025 2023 1093 2060 πρὸς
1117 2023 1162 2050 τὸν
1192 2023 1250 2061 βίον
1276 2023 1475 2060 ποριζομένων·
1494 2023 1559 2050 εἶναι
1588 2022 1617 2051 δέ
1639 2034 1711 2055 τινας
1737 2023 1854 2056 ἐνταῦθα

1025 2069 1079 2095 τῶν
1108 2068 1167 2099 καθ’
1182 2066 1337 2105 ὑπερϐολὴν
1367 2069 1490 2103 πενήτων
1522 2067 1737 2106 εὐπορωτέρους,
1765 2078 1852 2104 μακα-

1026 2112 1185 2148 ριζομὲνους
1204 2112 1270 2143 τέως
1287 2112 1339 2139 ὑπὸ
1361 2114 1412 2143 ςίῦν
1440 2112 1637 2150 πτωχευόντων
1660 2113 1705 2140 καὶ
1730 2110 1852 2140 ἀποϐλε-

1025 2157 1171 2193 πομένους·
1189 2156 1245 2184 εἶτα
1270 2155 1439 2193 ἒπιδημῆσαί
1466 2167 1526 2184 τινα
1554 2158 1588 2193 τῇ
1618 2156 1698 2184 πόλει
1725 2155 1852 2195 βασιλέα,

1025 2201 1133 2228 πάντων
1150 2200 1282 2238 βασιλέων
1298 2201 1515 2236 πλουσιώτατον,
1528 2201 1615 2229 πολὺν
1642 2202 1689 2238 μὲν
1715 2201 1762 2229 τὸν
1785 2211 1855 2239 χρυ‹

1027 2246 1071 2273 σὸν
1087 2244 1196 2284 ἔχοντα,
1212 2244 1299 2273 πολὺν
1317 2244 1346 2273 δὲ
1359 2246 1406 2273 τὸν
1423 2246 1547 2284 ἄργυρον,
1563 2245 1688 2277 πολλοὺς
1704 2245 1733 2273 δὲ
1745 2244 1852 2283 λίθους,

1027 2293 1080 2318 τῶν
1097 2290 1307 2327 πολυτιμήτων,
1322 2290 1387 2321 τοὺς
1404 2290 1451 2327 μὶν
1466 2290 1492 2317 ἐν
1504 2293 1543 2326 τῷ
1567 2290 1665 2327 κόσμῳ
1679 2293 1720 2327 τῷ
1742 2289 1852 2328 βασιλι-

1027 2338 1067 2371 κῷ
1082 2334 1283 2372 ἐπικειμένους,
1297 2334 1361 2366 ταὺς
1388 2333 1417 2363 δὲ
1441 2335 1479 2367 εἷς
1501 2333 1628 2370 ἔπίδειξιν
1653 2332 1853 2372 προϐεϐλημέ-

1027 2390 1100 2414 νους,
1118 2379 1230 2414 ἐσθῆτός
1246 2389 1272 2406 τι
1287 2378 1391 2410 κάλλος
1412 2379 1457 2407 καὶ
1480 2377 1589 2414 πλῆθος
1614 2380 1670 2416 (98)
1692 2379 1853 2418 ἀμήχανον,

1027 2423 1138 2451 οἲκετῶν
1154 2423 1199 2451 καὶ
1215 2422 1373 2462 δορυφόρων
1391 2423 1498 2458 πλῆθος
1527 2423 1643 2460 ἀριθμὸν
1675 2421 1854 2461 ὑπερϐαῖνον,

1027 2466 1159 2503 διαπάνην
1181 2468 1333 2504 ἀμύθητον,
1350 2467 1484 2505 καμήλων
1501 2467 1546 2495 καὶ
1568 2468 1690 2504 ἡμιόνων
1709 2468 1854 2505 ἀμύθητόν

1025 2523 1050 2540 τι
1067 2515 1165 2550 χρῆμα
1179 2513 1225 2539 τὸν
1243 2511 1361 2540 πλοῦτον
1385 2512 1639 2550 σκευαγωγούντων,
1652 2511 1754 2543 ἵππους
1783 2523 1854 2551 ’χρυ-

1026 2558 1065 2584 σῶ
1090 2557 1135 2584 καὶ
1160 2557 1277 2592 τάπησιν
1304 2556 1451 2595 ἁλουργοῖς
1466 2558 1772 2594 κατακεκοσμημένους,
1787 2557 1854 2588 τοὺς

1025 2655 1175 2696 ἔφημὲρας.
1191 2656 1505 2696 ᾼΙὶἰιςιιιιῐιιοιζιιῑιεεη
1532 2655 1637 2694 ἀνδρῶν
1667 2656 1708 2696 ἐφ’
1733 2655 1851 2695 ἡμέραν.

1024 2692 1095 2727 Reg.
1113 2694 1236 2727 quartus
1253 2692 1304 2726 ita,
1320 2695 1353 2727 ut
1368 2692 1528 2721 edidimus.

1113 2700 1236 2727 quartus
1253 2700 1304 2726 Ita,
1321 2700 1353 2720 ut
1368 2700 1528 2721 edidimus.

1060 2728 1068 2762 (
1089 2728 1116 2764 8)
1127 2727 1219 2769 Δψιιιί,
1236 2727 1280 2769 καὶ
1297 2726 1416 2769 πλῆθος,
1432 2737 1467 2756 ex
1490 2730 1615 2769 quatugr
1638 2737 1709 2769 mss.
1733 2729 1854 2769 addidi-

1025 2762 1359 2804 mus.‘1§‘li_quanto_post
1372 2773 1424 2804 sex
1438 2762 1523 2804 πηροὶ,
1540 2767 1638 2801 χρῆμα
1652 2764 1697 2791 τὸν
1708 2762 1851 2804 -πλοῦτον

1024 2809 1114 2838 σκευα.
1130 2799 1332 2838 Εάἱῐὶε-χρῆμα
1358 2801 1412 2838 τῶν
1441 2799 1567 2838 πλοῦτον)
1586 2799 1677 2829 σκευα.
1707 2801 1740 2829 Id
1773 2801 1854 2838 quod

1024 2835 1150 2865 fortasse
1164 2835 1271 2865 melius
1286 2836 1377 2865 videri
1393 2836 1511 2874 poterit.
