2009 3145
187 131 245 161 263

655 117 851 152 APPENDIX
873 117 1035 148 OPERUM
1059 117 1092 146 S.
1114 115 1255 148 BASILII
1278 114 1415 148 MAGNI.

1833 113 1894 142 264

186 196 306 233 quidem
323 193 391 222 facit
406 191 584 227 proximum,
602 196 633 216 se
648 188 745 224 ipsum
761 185 940 220 verojactst.
957 183 1008 211 Est

1066 181 1159 233 ἰαυτὸν
1186 181 1214 209 δὶ
1240 181 1431 218 ἀποσεμνύνει.
1457 180 1506 208 Καὶ
1531 179 1601 208 ἔστιν
1618 180 1635 214 ἡ
1656 176 1733 215 ὕϐρις
1748 178 1893 216 ὑπερηφα-

185 228 307 276 insuper
317 247 350 266 su
356 237 460 274 perbise
470 235 550 271 origo
562 229 891 266 contumelin,superbis
906 228 1007 256 itidem

186 272 283 313 malus
299 272 364 311 fons
378 283 433 316 est,
462 281 490 308 et
518 279 598 314 origo
623 275 783 312 superbiae;
809 272 947 309 superbia
965 273 1010 299 est

186 328 369 358 contumelia:
387 327 472 354 fetus.
488 325 671 359 Quapropter
685 320 814 347 vindicta
829 316 1010 346 exercebitur

185 375 216 403 in
232 380 350 401 omnem
364 368 607 399 contumeliosum
625 370 650 394 ct
669 364 841 400 superbum.
858 361 1008 397 Siquidem

187 420 305 455 peccata
315 424 376 451 quas
384 414 540 451 quamdam
548 412 624 439 inter
635 418 666 438 se
674 408 876 445 cognationem
888 407 1007 439 habent,

187 450 249 500 pari
266 450 378 490 ratione
394 450 567 496 puniuntur.
580 456 630 483 Ind
637 457 701 482 ucet
710 461 779 489 ergo
789 452 948 479 vindictam
960 450 1009 478 ille

189 495 302 536 bomini
310 506 373 533 dies
379 495 588 532 celeberrimus
598 500 628 527 in
634 507 751 527 omnem
763 495 1007 525 contumeliosum

187 555 215 580 et
224 549 454 587 superbum.Nos
467 545 628 580 autem,qui
638 551 742 572 sumus
754 541 1009 570 commiseratione

187 585 344 632 digni,totu
357 593 437 621 diein
451 592 487 620 iis
498 590 581 618 malis
595 591 756 622 versantes,
769 595 804 614 ne
816 585 1009 621 intelligimus

187 630 306 677 quidem
318 638 416 675 qualia
427 637 487 665 sint
496 635 651 670 mala,quae
662 635 731 660 sunt
742 642 758 658 a
770 631 854 659 nobis
861 630 1007 658 admissa:

187 674 314 714 Dialectici
328 674 419 718 iregni
445 682 493 709 Dei
521 680 712 707 haereditatem
738 684 792 704 non
823 676 958 711 accipient
975 674 1007 701 ³⁸.

187 730 246 758 Nos
261 731 358 757 tamen
370 724 586 756 maledicimus,
600 725 688 758 atque
698 722 776 748 inter
785 719 1009 748 conviciandum

188 783 246 803 non
259 771 520 802 animadvertimus
526 768 612 796 verba
619 766 720 795 istbszo
727 774 790 801 quze
799 772 876 792 nunc
884 764 1010 800 profero,

190 819 263 847 mihi
278 825 342 846 esse
353 817 382 843 in
395 815 441 843 die
452 813 567 842 Domini
579 810 754 847 objicienda,
767 817 922 845 meamque
933 807 1009 835 viam

188 864 396 898 interseptura,
413 862 498 895 atque
514 858 606 885 instar
621 855 697 883 muri
713 855 813 882 futura
831 861 906 887 esse,
923 861 1008 888 quem

189 916 275 937 nemo
287 905 495 935 transcendere
520 904 624 939 potest.
649 901 720 933 Quis
744 902 878 928 nostrum
901 898 1010 934 seipse

189 961 280 989 supra
309 951 428 979 modum
458 956 514 976 nan
544 945 650 974 oll'ert?
673 945 737 980 quis
761 944 926 980 proximum
952 951 1009 970 non

190 988 570 1034 aspernatur?Contumelia
577 993 675 1019 autem
687 992 732 1017 est
740 988 809 1025 quid
821 989 916 1024 majus
922 995 1009 1023 quam

189 1033 403 1070 maledicentia.
412 1037 559 1066 Hmcenim
570 1036 710 1063 duntaxat
718 1033 824 1069 lingua)
833 1033 1010 1060 estdedecus

190 1090 218 1116 et
242 1086 401 1123 probrum;
427 1080 604 1111 contumelia
626 1087 694 1106 vero
718 1078 829 1114 aliquid
855 1077 951 1113 reipsa
975 1077 1010 1104 ad

189 1130 380 1168 ignominiam
392 1135 493 1156 eorum
504 1126 552 1161 qui
565 1123 1012 1154 contumelialacessuntur,mo-

190 1166 271 1204 litur.
284 1175 336 1208 Qui
349 1173 466 1210 quidem
478 1171 571 1199 elatus
583 1166 838 1205 est.potesthodie,
851 1167 874 1194 si
886 1167 964 1199 velit,
976 1166 1010 1193 ad

191 1221 228 1248 bu
235 1220 348 1248 milium
359 1217 547 1252 abjectionem
556 1215 626 1241 441
642 1212 835 1243 descendere;
849 1211 1012 1246 periculum

189 1274 256 1293 vero
273 1264 360 1292 tuerit
374 1262 400 1289 ei
416 1261 464 1296 qui
478 1267 555 1287 nunc
567 1257 688 1285 humilis
699 1259 754 1289 est,
771 1264 807 1283 ne
818 1257 852 1283 ad
870 1256 1012 1291 superbo-

191 1318 256 1338 rum
280 1308 435 1336 elationem
457 1304 662 1332 transleratur.
687 1301 839 1328 Enimvero
864 1308 930 1327 cum
947 1301 1013 1335 quis

191 1363 223 1383 se
237 1353 330 1382 credit
340 1352 375 1379 ad
388 1348 563 1378 humilitatis
575 1347 727 1384 pertigisse
738 1345 859 1380 apicem,
875 1345 902 1371 id
915 1345 1013 1380 ipsum

1063 225 1121 257 νίας
1137 226 1223 264 ἀρχὴ,
1241 227 1286 255 καὶ
1301 228 1318 261 ἦ
1348 225 1515 264 ὑπερηφανία
1535 225 1617 252 κακὸν
1642 223 1751 261 ἕγγονόν
1771 223 1829 250 ἐστι
1842 226 1892 257 τῆς

1063 267 1178 307 ὕϐρεως.
1197 272 1244 298 Διὰ
1269 273 1350 298 τοῦτο
1365 272 1382 306 ὴ
1413 269 1552 305 ἐκδίκησις
1580 269 1624 296 ἐπὶ
1651 268 1735 296 πάντα
1758 265 1892 305 ὑϐριστὴν

1063 314 1108 341 καὶ
1134 315 1317 353 ὑπερήφανον,
1335 316 1367 342 Ai.
1397 317 1529 352 συγγενεῖς
1555 313 1606 351 γὰρ
1633 311 1763 350 ἁμαρτίαι
1794 312 1894 347 ὁμοιο-

1062 359 1171 396 τρόπως
1195 359 1370 395 κολάζονται.
1400 360 1507 396 Ἐπάξει
1522 358 1567 386 οὖν
1595 359 1612 392 ἡ
1634 355 1779 391 διαϐόητος
1800 356 1894 392 ἠμὲρα

1062 404 1109 430 τοὺ
1134 404 1232 442 Κυρίου
1256 405 1306 438 τήν
1332 402 1469 439 ἰκδίκησιν
1504 402 1548 430 ἐπὶ
1576 402 1662 429 πάντα
1688 399 1819 437 ὑϐριστὴν
1846 399 1894 426 καὶ

1064 448 1245 487 ὑπερήφανον.
1261 449 1356 486 Ἡμεῖς
1383 447 1411 476 δὲ
1427 449 1452 475 οἱ
1483 447 1606 483 ἐλιεινοὶ,
1635 449 1720 473 πᾶσαν
1743 446 1850 481 ἡμέραν
1868 443 1896 471 ἐν

1061 494 1120 523 τοῖς
1134 496 1228 524 κακοῖς
1242 493 1351 524 τούτοις
1376 493 1566 531 στρεφόμενοι,
1590 489 1653 518 οὐδὲ
1668 490 1792 526 συνίεμεν
1808 490 1895 516 ὁποῖα

1062 537 1131 564 κακὰ
1167 538 1367 575 ἁμαρτάνομεν·
1405 536 1534 574 Λοίδοροι
1580 535 1717 573 βασιλείαν
1756 536 1826 561 Θεοῦ
1859 534 1893 561 οὗ

1062 581 1331 618 κληρονομήσουσιν.
1358 582 1411 610 Καὶ
1435 583 1516 618 ἡμεῖς
1543 579 1735 618 λοιδοροῦμεν,
1762 578 1790 605 ὲν
1820 578 1896 614 αὑτῷ

1062 627 1102 662 τῷ
1119 625 1254 664 λοιδορεῖν
1282 627 1320 662 μή
1347 626 1492 661 συνιέντες,
1508 624 1549 653 ὅτι
1578 627 1661 652 ταῦτα
1686 623 1703 650 ’ἁ
1729 625 1774 651 νῦν
1792 622 1894 661 ἀφίημι

1066 670 1174 708 ῥήματα
1198 671 1224 698 ιν
1248 673 1282 709 τῇ
1311 671 1403 709 ἡμέρᾳ
1416 673 1465 698 τοῦ
1492 670 1591 707 Κυρίου
1617 667 1806 703 ἆντιστήσεταί
1833 677 1894 703 μοι,

1064 715 1108 742 καὶ
1125 714 1247 753 διακόψει
1266 727 1317 752 μου
1332 716 1381 750 τήν
1410 715 1484 748 ὁδὸν,
1499 715 1544 742 καὶ
1574 714 1664 752 ὥσπερ
1686 712 1791 750 τειχίον
1808 713 1895 750 γενή-

1065 769 1137 787 σεται
1163 757 1348 798 ὑπερϐαθῆναι
1366 761 1403 796 μὴ
1435 758 1591 796 δυνάμενον.
1621 757 1667 788 Τίς
1695 758 1776 794 ἡμῶν
1797 755 1895 784 ἑαυτὸν

1065 803 1118 842 οὑχ
1134 804 1272 843 ὑπεραίρει
1287 805 1325 840 (9)
1341 814 1348 839 ;
1374 804 1416 835 τίς
1430 805 1476 832 τὸν
1490 803 1609 838 πλησίον
1639 801 1669 829 οὐ
1696 801 1839 836 διαπτύει,
1860 801 1894 829 Ἦ

1066 847 1095 875 δὲ
1109 846 1187 885 ὕϐρις
1216 849 1299 877 πλέον
1329 849 1355 876 τί
1385 849 1439 876 ἐστι
1468 849 1518 881 τῆς
1546 846 1696 885 λοιδορίας.
1721 847 1753 875 Ἡ
1781 846 1828 883 μὶν
1841 845 1894 883 γὰρ

1064 892 1193 929 γλώσσης
1208 893 1263 920 ἐστὶ
1281 892 1362 930 μόνον
1388 893 1493 930 ἀτιμία·
1524 894 1541 927 ἡ
1559 891 1587 919 δὲ
1611 889 1689 928 ὕϐρις
1712 890 1757 918 καὶ
1779 891 1830 924 τὴν
1848 888 1896 917 διὰ

1064 939 1116 965 τῶν
1140 935 1226 976 ἔργων
1257 937 1298 965 ἐπ’
1326 938 1443 975 αἰσχύνῃ
1471 939 1525 965 τῶν
1555 934 1740 974 ὑϐριζομένων
1769 935 1894 962 ἐπίνοιαν

1065 981 1133 1019 ἔχει.
1147 983 1261 1009 Δυνατὸν
1282 983 1375 1019 μέντοι
1399 983 1518 1019 σήμερον
1548 981 1706 1019 βουληθέντι
1729 982 1769 1015 τῷ
1791 978 1895 1015 ὑψηλῷ

1064 1026 1202 1058 κατελθεῖν
1228 1027 1267 1057 εἰς
1289 1028 1340 1061 τήν
1361 1029 1416 1054 τῶν
1432 1028 1566 1054 ταπεινῶν
1589 1024 1761 1053 ταπείνωσιν·
1778 1024 1824 1051 καὶ
1852 1025 1896 1059 τῷ

1065 1073 1111 1098 νῦν
1129 1071 1220 1107 μέντοι
1247 1073 1366 1106 ταπεινῷ
1392 1069 1517 1101 κίνδυνος
1546 1070 1774 1106 ἀντιμετασιῆναι
1798 1068 1836 1098 εἷς
1862 1068 1896 1095 τὸ

1064 1118 1118 1143 τῶν
1136 1116 1313 1154 ὑπερηφάνων
1329 1116 1438 1152 ὕψωμα.
1465 1115 1536 1143 Αὐτὸ
1551 1115 1602 1152 γὰρ
1625 1115 1656 1142 τὸ
1680 1111 1829 1141 ὑπολαϐεῖν
1844 1123 1898 1140 πε-

1067 1160 1093 1197 ρὶ
1109 1159 1203 1187 ἑαυτοῦ
1219 1160 1257 1190 εἷς
1280 1160 1311 1187 τὸ
1332 1159 1412 1197 ἄκρον
1441 1163 1490 1194 τῆς
1514 1159 1701 1189 ταπεινώσεως
1717 1157 1897 1193 ἐληλυθέναι,

1069 1204 1216 1241 ὑψώματός
1246 1205 1315 1232 ἐστιν
1343 1204 1454 1243 ἀφορμὴ
1493 1204 1537 1231 καὶ
1572 1203 1605 1230 τὸ
1641 1205 1690 1230 τοῦ
1719 1201 1826 1241 σφόδρα
1849 1200 1899 1230 δο-

1066 1251 1176 1279 κοῦντος
1199 1247 1224 1276 ἐν
1254 1249 1398 1286 ἁμαρτίαις
1427 1249 1492 1276 εἶναι
1513 1248 1725 1285 κατεπαρθῆναι,
1753 1247 1899 1284 ὑπερηφα-

1066 1293 1110 1320 νία
1135 1291 1221 1327 δεινὴ,
1247 1294 1278 1328 ἣν
1307 1291 1402 1320 ἔπαθεν
1434 1294 1448 1320 ὁ
1488 1295 1637 1330 Φαρισαῖος
1674 1291 1743 1319 κατὰ
1770 1292 1820 1318 τοῦ
1847 1301 1900 1318 τε-

1068 1336 1168 1365 λωνου.

189 1399 257 1428 elati
273 1397 363 1426 animi
380 1395 588 1431 rgumentum
613 1393 668 1425 est,
685 1393 713 1418 et
738 1392 841 1426 prater
864 1390 984 1417 modum
1000 1390 1094 1418 ell‘erri
1124 1391 1264 1419 adversus
1277 1400 1346 1420 eum
1376 1392 1425 1428 qui
1442 1393 1471 1419 in
1486 1391 1611 1427 peccatis
1640 1389 1747 1418 versari
1765 1390 1899 1426 videtur,

192 1444 288 1480 gravis
304 1445 349 1469 est
364 1439 513 1476 superbia,
529 1445 617 1473 quam
635 1443 741 1472 passus
756 1435 811 1461 fuit
839 1434 1170 1470 adversuspublicanum
1188 1436 1362 1464 Pbarisaeus.

227 1488 272 1514 89.
289 1487 320 1513 Et
333 1492 414 1520 super
435 1490 544 1510 omnem
556 1481 695 1509 excelsum
713 1481 740 1506 et
764 1479 918 1506 sublimem.
938 1478 1011 1506 Vitio

193 1531 288 1560 eidem
302 1529 433 1558 excelsus
448 1527 591 1554 obnoxius
601 1527 645 1553 est
656 1527 743 1559 atque
759 1523 906 1558 sublimis,
919 1525 951 1550 ut
961 1523 1010 1558 qui

1102 1480 1146 1507 89.
1176 1479 1227 1506 Καὶ
1255 1478 1298 1506 ἐπὶ
1324 1478 1410 1507 πάντα
1439 1478 1544 1516 ὑψηλὸν
1573 1479 1615 1506 καὶ
1652 1478 1801 1515 μετέωρον.
1832 1479 1899 1512 Τῆς

1067 1523 1152 1558 αὑτῆς
1165 1524 1259 1555 κακίας
1288 1524 1343 1551 ἐστὶ
1360 1524 1403 1551 καὶ
1427 1524 1440 1550 ὁ
1471 1523 1575 1560 ὑψηλὸς
1592 1522 1635 1550 καὶ
1665 1522 1817 1559 μετέωρος,
1835 1520 1903 1549 δια-

194 1577 297 1604 affectu
327 1571 563 1601 tantummodoa
596 1567 808 1597 contumelioso
837 1570 865 1594 et
886 1567 1012 1602 superbo

1068 1568 1155 1606 φέρων
1171 1568 1239 1606 πρὸς
1266 1568 1313 1595 τὸν
1331 1566 1459 1605 ὑϐριστὴν
1487 1569 1530 1595 καὶ
1559 1568 1729 1604 ὑπερήφανον
1749 1568 1784 1603 τῇ
1801 1566 1903 1604 σχέσει

1098 1612 1103 1620 1
1192 1613 1222 1621 In
1274 1613 1282 1621 \
1350 1613 1356 1621 \
1443 1613 1464 1621 ,1
1492 1612 1499 1621 ῑ
1525 1612 1529 1621 Ι
1641 1613 1656 1618 .-
1683 1609 1714 1621 μμ
1818 1611 1827 1621 \
1884 1613 1900 1619 —

192 1621 317 1648 differat.
335 1618 386 1645 Hic
401 1623 528 1651 namque
543 1615 697 1642 adversum
719 1614 838 1640 caiteros
859 1614 1012 1639 contume-

191 1665 262 1692 liam
279 1661 506 1698 superbismque
521 1658 641 1686 adhibet
657 1667 663 1690 ;
681 1657 728 1684 ille
749 1665 826 1690 vero,
842 1655 929 1683 etiam
945 1664 1012 1684 cum

190 1709 272 1737 solus
287 1709 340 1742 est,
358 1705 422 1741 plus
438 1712 519 1740 sequo
536 1711 566 1731 se
582 1703 680 1738 ipsum
692 1701 783 1732 ell'ert.
800 1700 948 1735 animique
964 1709 1012 1727 va-

190 1754 281 1781 nitate
296 1760 327 1780 se
337 1749 476 1781 sustollit,
489 1757 522 1775 ac
533 1747 626 1782 erigit.
640 1749 734 1781 Atque
745 1748 777 1772 ut
787 1745 934 1780 intelligas
945 1745 1013 1781 quis

191 1798 230 1825 sit
245 1805 364 1834 prorsus
381 1793 529 1827 sublimis,
545 1792 587 1818 tui
605 1791 698 1826 ipsius
710 1789 906 1823 reminiscere,
917 1788 1013 1824 qualis

190 1843 218 1870 in
228 1840 393 1878 juventutis
401 1841 456 1866 tute
469 1837 596 1864 vanitate
608 1835 697 1862 tueris
710 1844 716 1861 :
727 1834 750 1861 si
761 1834 879 1869 quando
886 1841 1012 1869 usquam

191 1888 261 1914 dum
278 1886 360 1914 solus
384 1883 437 1911 tibi
461 1889 588 1914 vacares,
613 1880 677 1907 vitae
698 1878 842 1905 rationem
867 1886 899 1905 ac
915 1878 1014 1906 studia

190 1929 340 1958 attendisti
355 1938 362 1962 ;
375 1935 464 1963 quam
476 1925 559 1954 facile
570 1924 677 1952 mentis
689 1923 862 1959 cogitatione
876 1930 892 1949 a
903 1922 1013 1958 princi-

190 1977 259 2011 patu
275 1974 304 2001 in
322 1972 531 2009 principatum,
558 1977 575 1997 ο
596 1968 748 1996 dominatu
775 1967 805 1994 in
828 1967 1013 1994 dominatum

188 2026 388 2050 concurreres,
401 2022 587 2051 comparares
598 2013 725 2045 divitias,
741 2012 843 2039 domos
852 2014 1013 2047 extrueres,

189 2071 345 2100 seponeres
364 2069 466 2089 aurum
488 2062 517 2087 et
539 2060 704 2094 argentum,
721 2055 829 2092 prmdia
850 2055 1013 2091 colligeres,

189 2118 224 2137 ex
239 2108 347 2144 quibus
363 2105 489 2142 singulis
505 2103 590 2131 annis
605 2104 648 2130 tot
663 2104 802 2137 tantaque
818 2101 871 2127 tibi
887 2100 1015 2127 redirent

189 2153 310 2186 talenta,
326 2151 449 2178 haberes
474 2148 600 2176 famulos
623 2147 802 2178 innumeros,
825 2147 902 2172 artes
917 2144 1015 2172 omnis

190 2196 318 2233 generis,
325 2197 482 2230 proventus
494 2201 528 2221 ex
534 2192 580 2220 his
586 2192 779 2226 emergentes,
787 2193 918 2216 armenta
927 2196 1015 2224 equo-

190 2249 268 2275 rum,
284 2240 387 2267 ovillos
402 2246 504 2274 greges
519 2237 669 2271 boumque
684 2237 828 2265 armenta,
840 2241 909 2269 opes
923 2241 958 2260 ex
968 2233 1014 2260 his

1069 1612 1163 1648 μόνον.
1192 1613 1223 1640 Ὀ
1255 1613 1301 1649 μὶν
1327 1613 1377 1650 γὰρ
1404 1613 1464 1644 καθ’
1492 1612 1589 1650 ἒτὲρων
1623 1613 1657 1648 Ῥᾖ
1682 1609 1757 1648 ὕϐρει
1782 1611 1827 1638 καὶ
1860 1613 1903 1649 τῇ

1068 1656 1237 1695 ὑπερηφανίᾳ
1258 1657 1401 1694 κέχρηται·
1433 1657 1446 1683 ὁ
1476 1655 1515 1690 δὲ,
1536 1656 1581 1683 καὶ
1609 1655 1692 1692 μόνος
1720 1654 1768 1691 ὢν,
1799 1655 1902 1682 ἑαυτὸν

1069 1701 1217 1738 ὑπεραίρει,
1234 1701 1278 1728 καὶ
1303 1701 1460 1738 μετεωρίζει
1487 1702 1522 1737 τῇ
1552 1697 1712 1736 ματαιότητι
1741 1702 1789 1726 τοῦ
1819 1701 1903 1735 νοὸς,

1067 1745 1111 1772 καὶ
1124 1745 1231 1782 ἀνυψοῖ.
1247 1746 1297 1773 Καὶ
1311 1745 1357 1772 τἱνα
1374 1756 1420 1782 μοι
1450 1746 1549 1782 νοήσῃς
1576 1745 1621 1772 τὸν
1647 1742 1766 1781 ἀκριϐῶς
1794 1745 1904 1780 μετέω-

1068 1800 1126 1827 ρον,
1139 1790 1293 1826 ἀνάμνησον
1323 1791 1432 1817 σεαυτὸν
1451 1789 1475 1818 ἐν
1491 1792 1526 1827 τῇ
1551 1789 1710 1826 ματαιότητι
1733 1791 1783 1821 τῆς
1799 1789 1901 1824 νεότη-

1065 1834 1123 1868 τός,
1140 1845 1198 1870 σου,
1227 1834 1251 1861 εἷ’
1265 1845 1331 1862 ποτε
1359 1835 1427 1862 κατὰ
1453 1835 1549 1861 σαυτὸν
1574 1834 1719 1871 γενόμενος
1739 1830 1836 1864 ἔλαϐες
1852 1832 1903 1860 ἔν-

1067 1889 1141 1906 νοιαν
1166 1881 1215 1906 τοῦ
1242 1879 1313 1917 βίου,
1329 1879 1374 1906 καὶ
1403 1881 1456 1906 τῶν
1485 1877 1719 1914 ἐπιτηδευμάτων·
1736 1880 1795 1909 πῶς
1821 1877 1910 1905 εὐκό-

1068 1922 1124 1954 λως
1139 1923 1206 1951 κατᾶ
1231 1924 1281 1958 τήν
1306 1923 1451 1962 φαντασίαν
1466 1925 1514 1950 τοῦ
1538 1925 1586 1950 νοῦ
1601 1921 1751 1959 ἐπὲδραμες
1766 1921 1856 1960 ἀρχὰς
1879 1922 1910 1958 ἰε

1068 1968 1171 2005 ἀρχῶν,
1197 1967 1351 1999 δυναστείας
1374 1967 1404 1996 ix
1429 1966 1600 2003 δυνὰστειῶν,
1626 1966 1745 1995 πλοῦτον
1774 1964 1911 2004 περιιόἀι

1068 2011 1130 2046 λου,
1152 2012 1239 2044 οἰκίας
1267 2011 1461 2050 ᾠκοδόμησας,
1493 2012 1594 2050 χρυσὸν
1622 2012 1665 2039 καὶ
1695 2010 1811 2048 ἄργυρον
1843 2012 1911 2048 (10)

1068 2057 1179 2091 ἀπέθου,
1203 2058 1311 2093 κτήσεις
1335 2058 1492 2095 συνὴγαγες,
1520 2056 1586 2084 τόσα
1611 2055 1656 2083 καὶ
1685 2056 1753 2082 τόσα
1778 2054 1912 2083 τάλαντα

1067 2102 1125 2129 κατ’
1154 2100 1213 2133 ἔτος
1241 2101 1489 2138 προσκομιζούσας,
1520 2101 1625 2132 οἰκέτας
1662 2099 1740 2138 ἔσχες
1773 2100 1911 2138 μυρίους¹

1067 2146 1166 2184 τέχνας
1182 2145 1366 2181 παντοδαπὰς,
1381 2147 1429 2178 τὰς
1444 2146 1473 2173 ἐκ
1491 2145 1595 2173 τούτων
1619 2144 1782 2182 προσόδους,
1798 2143 1913 2182 ἀγέλας

1065 2189 1171 2226 Ἵππων,
1187 2190 1302 2226 ποίμνια
1316 2193 1364 2217 καῖ
1394 2189 1537 2228 βουκόλια,
1553 2190 1586 2216 τὰ
1614 2189 1644 2216 ἐκ
1671 2189 1775 2216 τούτων
1788 2190 1913 2226 χρήμα-

1068 2245 1110 2270 τα,
1125 2237 1240 2272 γυναῖκα
1267 2235 1313 2262 καὶ
1338 2233 1448 2268 παῖδας,
1477 2234 1523 2262 καὶ
1539 2234 1642 2262 τούτων
1672 2233 1706 2261 τὰ
1721 2232 1816 2271 ἔκγονα
1831 2235 1910 2270 (11),

192 2285 405 2322 provenientes,
422 2289 552 2315 uxorem,
567 2280 687 2311 liberos,
699 2286 732 2306 ac
747 2286 847 2305 eorum
864 2277 994 2306 sobolem
1007 2286 1014 2312 ;

1071 2279 1168 2318 φίλους
1184 2278 1369 2316 εὐεργετήσας,
1397 2278 1513 2316 ἐχθροὺς
1539 2278 1648 2322 mea»,
1671 2278 1754 2316 ἦρεας
1777 2277 1908 2313 πόλεων,

191 2330 322 2358 afﬁceres
334 2327 443 2355 amicos
452 2325 600 2354 beneﬁciis
612 2332 618 2351 :
630 2327 658 2351 te
665 2324 699 2350 de
709 2322 835 2350 inimicis
845 2322 1016 2357 vindicares,

191 2375 390 2411 principatum
416 2371 563 2399 obtineres
586 2369 747 2402 civitatum,
773 2367 878 2395 deinde
901 2369 929 2395 et
944 2375 1017 2403 gen-

192 2420 266 2447 tium
279 2427 286 2452 ;
299 2426 332 2445 ac
342 2416 460 2445 tandem
472 2422 594 2451 regnum
607 2411 866 2448 occupares.Vides
877 2411 1016 2448 quemad-

193 2463 313 2491 modum
330 2460 474 2497 ejusmodi
485 2459 603 2486 animus
614 2466 672 2493 pra:-
684 2457 798 2484 levitate
807 2464 860 2483 sua
871 2456 966 2483 elatus
977 2455 1017 2483 sit

191 2512 220 2536 et
235 2506 370 2536 sublimis
383 2505 393 2533 ?
408 2505 559 2540 Nusquam
576 2501 718 2534 constitit,
734 2501 784 2529 sed
801 2500 877 2527 ultra
892 2500 920 2527 id
937 2501 1014 2535 quod

229 2607 252 2624 ⁸³
268 2606 278 2634 Ι
294 2605 358 2634 Cor.
373 2613 412 2640 vr,
432 2604 473 2634 10.

228 2707 270 2743 (9)
284 2703 358 2734 Editi
374 2706 402 2732 et
415 2703 474 2743 duo
486 2711 570 2735 mss.,
582 2698 719 2736 ὑπερέχιι.
735 2698 787 2726 Alii
799 2699 924 2733 quatuor
935 2705 1017 2732 mss.,

197 2740 352 2778 ὑπεραιρει,
363 2740 482 2778 rectius.

231 2768 378 2816 (i0)‘Editi
394 2778 422 2803 et
436 2775 505 2810 Reg.
531 2772 643 2809 primus
669 2768 808 2807 ἀργύριον,
829 2769 884 2797 Sed
905 2769 935 2796 in
952 2768 1018 2797 aliis

1072 2323 1128 2350 εἶτα
1154 2323 1247 2359 ἐθνῶν,
1274 2323 1305 2350 τὸ
1333 2323 1489 2351 τελευταῖον
1522 2323 1568 2350 καὶ
1597 2320 1784 2353 ἐϐασίλευσας.
1816 2324 1911 2359 Ὀρᾷς

1070 2369 1130 2399 πῶς
1146 2367 1198 2395 ὑπὸ
1213 2367 1382 2405 κουφότητος
1407 2368 1421 2395 ὁ
1435 2369 1559 2399 τοιοῦτος
1580 2369 1643 2398 νοῦς
1659 2366 1765 2404 ὑψηλός
1782 2366 1838 2394 ἐστι
1854 2368 1908 2395 καὶ

1073 2411 1227 2449 μετὲωροςς
1244 2411 1375 2448 Οὗδαμοῦ
1399 2411 1565 2450 ἐστήρικται,
1582 2410 1645 2439 ἀλλ’
1671 2411 1737 2448 ὑπὲρ
1753 2411 1786 2438 τὰ
1801 2409 1909 2439 ἀδύνα-

1070 2466 1114 2490 τα,
1127 2455 1193 2494 ὑπὲρ
1207 2456 1258 2491 τήν
1274 2456 1353 2495 φύσιν
1381 2458 1498 2496 φέρεται.
1523 2455 1690 2484 Ἀπειλεῖται
1717 2456 1760 2482 sev
1779 2455 1824 2483 καὶ
1842 2459 1910 2488 τοῖς

1072 2501 1220 2538 μετεώροις
1245 2501 1278 2528 τὰ
1316 2498 1418 2540 φοϐερὰ
1444 2504 1494 2535 τῆς
1535 2500 1650 2538 ἡμέρας.
1687 2500 1825 2536 (Δμαρτία
1848 2501 1908 2538 γάρ

1073 2697 1204 2733 quinque
1220 2705 1291 2734 mss.
1308 2697 1425 2734 ἄργυρον
1443 2697 1557 2732 legitur.

1109 2729 1165 2770 (ΗΞ
1180 2734 1233 2761 Pro
1248 2729 1561 2770 Exyov'a'aliquot‘mss.
1578 2732 1695 2765 habent,
1711 2729 1821 2769 ἔγγονα.
