  <div class='ocr_page' id='page_1' title='image "/cluster/home/n/w/nwhite01/storage/ocr_20150623/30/njp.32101013202591/146.png"; bbox 0 0 2009 3145; ppageno 0'>
   <div class='ocr_carea' id='block_1_1' title="bbox 78 152 129 184">
    <p class='ocr_par' dir='ltr' id='par_1_1' title="bbox 78 152 129 184">
     <span class='ocr_line' id='line_1_1' title="bbox 78 152 129 184; baseline 0 0"><span class='ocrx_word' id='word_1_1' title='bbox 78 152 129 184; x_wconf 72' lang='grc'><strong>266</strong></span> 
     </span>
    </p>
   </div>
   <div class='ocr_carea' id='block_1_2' title="bbox 480 152 1355 186">
    <p class='ocr_par' dir='ltr' id='par_1_2' title="bbox 480 152 1355 186">
     <span class='ocr_line' id='line_1_2' title="bbox 480 152 1355 186; baseline 0.003 -3"><span class='ocrx_word' id='word_1_2' title='bbox 480 152 687 184; x_wconf 79' lang='lat' dir='ltr'><strong>COMMENT.</strong></span> <span class='ocrx_word' id='word_1_3' title='bbox 708 153 749 184; x_wconf 81' lang='lat' dir='ltr'><strong>IN</strong></span> <span class='ocrx_word' id='word_1_4' title='bbox 772 153 906 184; x_wconf 81' lang='lat' dir='ltr'><strong>ISAIAM</strong></span> <span class='ocrx_word' id='word_1_5' title='bbox 929 154 1184 186; x_wconf 81' lang='lat' dir='ltr'><strong>PROPHETAM.</strong></span> <span class='ocrx_word' id='word_1_6' title='bbox 1207 155 1294 186; x_wconf 78' lang='lat' dir='ltr'><strong>CAP.</strong></span> <span class='ocrx_word' id='word_1_7' title='bbox 1316 156 1355 186; x_wconf 87' lang='grc' dir='ltr'><strong><em>Π.</em></strong></span> 
     </span>
    </p>
   </div>
   <div class='ocr_carea' id='block_1_3' title="bbox 1713 157 1774 188">
    <p class='ocr_par' dir='ltr' id='par_1_3' title="bbox 1713 157 1774 188">
     <span class='ocr_line' id='line_1_3' title="bbox 1713 157 1774 188; baseline 0 0"><span class='ocrx_word' id='word_1_8' title='bbox 1713 157 1774 188; x_wconf 74' lang='lat'><strong>266</strong></span> 
     </span>
    </p>
   </div>
   <div class='ocr_carea' id='block_1_4' title="bbox 80 216 890 260">
    <p class='ocr_par' dir='ltr' id='par_1_4' title="bbox 80 216 890 256">
     <span class='ocr_line' id='line_1_4' title="bbox 80 216 890 256; baseline 0.001 -11"><span class='ocrx_word' id='word_1_9' title='bbox 80 217 139 252; x_wconf 70' lang='grc' dir='ltr'>ἐστὶ,</span> <span class='ocrx_word' id='word_1_10' title='bbox 167 216 260 255; x_wconf 79' lang='grc' dir='ltr'>φησὶν,</span> <span class='ocrx_word' id='word_1_11' title='bbox 291 218 304 244; x_wconf 77' lang='grc' dir='ltr'><strong>ὁ</strong></span> <span class='ocrx_word' id='word_1_12' title='bbox 334 218 532 255; x_wconf 80' lang='grc' dir='ltr'>μετιωρισμός.</span> <span class='ocrx_word' id='word_1_13' title='bbox 566 218 667 246; x_wconf 65' lang='lat' dir='ltr'><strong>&quot;Anon:</strong></span> <span class='ocrx_word' id='word_1_14' title='bbox 694 218 746 256; x_wconf 72' lang='grc' dir='ltr'>γὰρ</span> <span class='ocrx_word' id='word_1_15' title='bbox 773 220 822 246; x_wconf 82' lang='grc' dir='ltr'>τοῦ</span> <span class='ocrx_word' id='word_1_16' title='bbox 837 219 890 256; x_wconf 69' lang='grc'><strong>(42]</strong></span> 
     </span>
    </p>
   </div>
   <div class='ocr_carea' id='block_1_5' title="bbox 947 216 1776 260">
    <p class='ocr_par' dir='ltr' id='par_1_5' title="bbox 952 220 1776 260">
     <span class='ocr_line' id='line_1_5' title="bbox 952 220 1776 260; baseline 0.006 -13"><span class='ocrx_word' id='word_1_17' title='bbox 952 220 1014 248; x_wconf 82' lang='lat' dir='ltr'><strong>fieri</strong></span> <span class='ocrx_word' id='word_1_18' title='bbox 1029 221 1214 257; x_wconf 83' lang='lat' dir='ltr'><strong>potest,ultra</strong></span> <span class='ocrx_word' id='word_1_19' title='bbox 1230 221 1545 250; x_wconf 65' lang='lat' dir='ltr'><strong>naturmconditionem</strong></span> <span class='ocrx_word' id='word_1_20' title='bbox 1561 223 1662 251; x_wconf 80' lang='lat' dir='ltr'><strong>fertur.</strong></span> <span class='ocrx_word' id='word_1_21' title='bbox 1673 224 1776 260; x_wconf 89' lang='lat' dir='ltr'><strong>Itaque</strong></span> 
     </span>
    </p>
   </div>
   <div class='ocr_carea' id='block_1_6' title="bbox 78 261 895 300">
    <p class='ocr_par' dir='ltr' id='par_1_6' title="bbox 78 261 895 300">
     <span class='ocr_line' id='line_1_6' title="bbox 78 261 895 300; baseline 0.001 -11"><span class='ocrx_word' id='word_1_22' title='bbox 78 262 168 299; x_wconf 75' lang='grc' dir='ltr'>Κυρίου</span> <span class='ocrx_word' id='word_1_23' title='bbox 184 261 321 299; x_wconf 77' lang='grc' dir='ltr'>λὲγοντος·</span> <span class='ocrx_word' id='word_1_24' title='bbox 352 261 404 290; x_wconf 84' lang='grc' dir='ltr'>Καὶ</span> <span class='ocrx_word' id='word_1_25' title='bbox 435 262 473 298; x_wconf 80' lang='grc' dir='ltr'>μή</span> <span class='ocrx_word' id='word_1_26' title='bbox 503 262 707 300; x_wconf 69' lang='grc' dir='ltr'>μετεωρίζεσθε.</span> <span class='ocrx_word' id='word_1_27' title='bbox 733 263 783 291; x_wconf 80' lang='grc' dir='ltr'>Καὶ</span> <span class='ocrx_word' id='word_1_28' title='bbox 807 263 821 291; x_wconf 78' lang='grc' dir='ltr'><strong>ὁ</strong></span> <span class='ocrx_word' id='word_1_29' title='bbox 845 273 895 300; x_wconf 84' lang='grc' dir='ltr'>μα-</span> 
     </span>
    </p>
   </div>
   <div class='ocr_carea' id='block_1_7' title="bbox 76 304 895 345">
    <p class='ocr_par' dir='ltr' id='par_1_7' title="bbox 76 304 895 345">
     <span class='ocr_line' id='line_1_7' title="bbox 76 304 895 345; baseline 0.002 -12"><span class='ocrx_word' id='word_1_30' title='bbox 76 307 161 345; x_wconf 77' lang='grc' dir='ltr'>κάριος</span> <span class='ocrx_word' id='word_1_31' title='bbox 177 304 261 333; x_wconf 74' lang='grc' dir='ltr'>Δαϐὶδ</span> <span class='ocrx_word' id='word_1_32' title='bbox 278 305 302 333; x_wconf 68' lang='grc' dir='ltr'>ἐν</span> <span class='ocrx_word' id='word_1_33' title='bbox 319 309 377 338; x_wconf 82' lang='grc' dir='ltr'>τοῖς</span> <span class='ocrx_word' id='word_1_34' title='bbox 390 307 584 344; x_wconf 81' lang='grc' dir='ltr'><strong>κατορθώμασι</strong></span> <span class='ocrx_word' id='word_1_35' title='bbox 600 308 712 345; x_wconf 83' lang='grc' dir='ltr'><strong>ἀριθμεῖ</strong></span> <span class='ocrx_word' id='word_1_36' title='bbox 725 308 756 335; x_wconf 86' lang='grc' dir='ltr'>τὸ</span> <span class='ocrx_word' id='word_1_37' title='bbox 774 308 811 344; x_wconf 81' lang='grc' dir='ltr'>μὴ</span> <span class='ocrx_word' id='word_1_38' title='bbox 830 318 895 344; x_wconf 84' lang='grc' dir='ltr'>μετ-</span> 
     </span>
    </p>
   </div>
   <div class='ocr_carea' id='block_1_8' title="bbox 78 349 897 391">
    <p class='ocr_par' dir='ltr' id='par_1_8' title="bbox 78 349 897 391">
     <span class='ocr_line' id='line_1_8' title="bbox 78 349 897 391; baseline 0 -12"><span class='ocrx_word' id='word_1_39' title='bbox 78 352 239 388; x_wconf 80' lang='grc' dir='ltr'>ιωρισθῆναι,</span> <span class='ocrx_word' id='word_1_40' title='bbox 267 349 338 387; x_wconf 68' lang='grc' dir='ltr'>μηδὶ</span> <span class='ocrx_word' id='word_1_41' title='bbox 365 351 518 388; x_wconf 81' lang='grc' dir='ltr'>ὑψωθῆναι.</span> <span class='ocrx_word' id='word_1_42' title='bbox 542 351 624 390; x_wconf 78' lang='grc' dir='ltr'>Κύριε</span> <span class='ocrx_word' id='word_1_43' title='bbox 638 352 701 390; x_wconf 81' lang='grc' dir='ltr'>γὰρ,</span> <span class='ocrx_word' id='word_1_44' title='bbox 723 352 815 391; x_wconf 79' lang='grc' dir='ltr'>φησὶν,</span> <span class='ocrx_word' id='word_1_45' title='bbox 843 352 897 390; x_wconf 84' lang='grc' dir='ltr'>οὐχ</span> 
     </span>
    </p>
   </div>
   <div class='ocr_carea' id='block_1_9' title="bbox 79 394 896 434">
    <p class='ocr_par' dir='ltr' id='par_1_9' title="bbox 79 394 896 434">
     <span class='ocr_line' id='line_1_9' title="bbox 79 394 896 434; baseline 0.002 -12"><span class='ocrx_word' id='word_1_46' title='bbox 79 396 165 432; x_wconf 80' lang='grc' dir='ltr'>ὑψώθη</span> <span class='ocrx_word' id='word_1_47' title='bbox 206 397 223 430; x_wconf 78' lang='grc' dir='ltr'><strong>ἡ</strong></span> <span class='ocrx_word' id='word_1_48' title='bbox 257 394 356 434; x_wconf 81' lang='grc' dir='ltr'>καρδία</span> <span class='ocrx_word' id='word_1_49' title='bbox 391 406 460 432; x_wconf 87' lang='grc' dir='ltr'>μου,</span> <span class='ocrx_word' id='word_1_50' title='bbox 498 395 560 423; x_wconf 71' lang='grc' dir='ltr'>οὐδὲ</span> <span class='ocrx_word' id='word_1_51' title='bbox 599 395 831 434; x_wconf 78' lang='grc' dir='ltr'>ἰμετεωρίσθησαν</span> <span class='ocrx_word' id='word_1_52' title='bbox 869 397 896 424; x_wconf 76' lang='grc' dir='ltr'>οἱ</span> 
     </span>
    </p>
   </div>
   <div class='ocr_carea' id='block_1_10' title="bbox 78 440 894 479">
    <p class='ocr_par' dir='ltr' id='par_1_10' title="bbox 78 440 894 479">
     <span class='ocr_line' id='line_1_10' title="bbox 78 440 894 479; baseline 0.001 -12"><span class='ocrx_word' id='word_1_53' title='bbox 78 440 205 479; x_wconf 68' lang='grc' dir='ltr'>ὀφθαλμοί</span> <span class='ocrx_word' id='word_1_54' title='bbox 235 451 299 476; x_wconf 86' lang='grc' dir='ltr'>μου.</span> <span class='ocrx_word' id='word_1_55' title='bbox 328 441 403 468; x_wconf 81' lang='grc' dir='ltr'>Ἐστι</span> <span class='ocrx_word' id='word_1_56' title='bbox 430 440 520 477; x_wconf 71' lang='grc' dir='ltr'>μέντοι</span> <span class='ocrx_word' id='word_1_57' title='bbox 541 441 586 468; x_wconf 81' lang='grc' dir='ltr'>καὶ</span> <span class='ocrx_word' id='word_1_58' title='bbox 611 440 757 472; x_wconf 79' lang='grc' dir='ltr'>ἐπαινιτῶς</span> <span class='ocrx_word' id='word_1_59' title='bbox 783 442 894 478; x_wconf 78' lang='grc' dir='ltr'>ὑψωθῆ-</span> 
     </span>
    </p>
   </div>
   <div class='ocr_carea' id='block_1_11' title="bbox 76 484 895 524">
    <p class='ocr_par' dir='ltr' id='par_1_11' title="bbox 76 484 895 524">
     <span class='ocr_line' id='line_1_11' title="bbox 76 484 895 524; baseline 0.001 -12"><span class='ocrx_word' id='word_1_60' title='bbox 76 496 125 521; x_wconf 86' lang='grc' dir='ltr'>ναι,</span> <span class='ocrx_word' id='word_1_61' title='bbox 146 484 206 513; x_wconf 67' lang='grc' dir='ltr'>ὅταν</span> <span class='ocrx_word' id='word_1_62' title='bbox 231 485 271 522; x_wconf 77' lang='grc' dir='ltr'>μὴ</span> <span class='ocrx_word' id='word_1_63' title='bbox 299 486 489 524; x_wconf 85' lang='grc' dir='ltr'>μικροπρεπὴς</span> <span class='ocrx_word' id='word_1_64' title='bbox 515 487 557 521; x_wconf 77' lang='grc' dir='ltr'>ᾖς,</span> <span class='ocrx_word' id='word_1_65' title='bbox 585 484 656 522; x_wconf 76' lang='grc' dir='ltr'>μηδὲ</span> <span class='ocrx_word' id='word_1_66' title='bbox 682 486 794 513; x_wconf 80' lang='grc' dir='ltr'>ταπεινά</span> <span class='ocrx_word' id='word_1_67' title='bbox 822 496 895 523; x_wconf 80' lang='grc' dir='ltr'>μερι-</span> 
     </span>
    </p>
   </div>
   <div class='ocr_carea' id='block_1_12' title="bbox 79 528 893 568">
    <p class='ocr_par' dir='ltr' id='par_1_12' title="bbox 79 528 893 568">
     <span class='ocr_line' id='line_1_12' title="bbox 79 528 893 568; baseline 0.001 -11"><span class='ocrx_word' id='word_1_68' title='bbox 79 532 156 567; x_wconf 76' lang='grc' dir='ltr'>μνῶν,</span> <span class='ocrx_word' id='word_1_69' title='bbox 176 528 247 557; x_wconf 79' lang='grc' dir='ltr'>ἀλλὰ</span> <span class='ocrx_word' id='word_1_70' title='bbox 272 529 484 568; x_wconf 70' lang='grc' dir='ltr'>διεγηγιρμὲνος</span> <span class='ocrx_word' id='word_1_71' title='bbox 497 531 529 558; x_wconf 86' lang='grc' dir='ltr'><strong>τὸ</strong></span> <span class='ocrx_word' id='word_1_72' title='bbox 554 530 691 568; x_wconf 79' lang='grc' dir='ltr'>φρόνημα,</span> <span class='ocrx_word' id='word_1_73' title='bbox 716 530 761 558; x_wconf 80' lang='grc' dir='ltr'>καὶ</span> <span class='ocrx_word' id='word_1_74' title='bbox 776 532 815 567; x_wconf 78' lang='grc' dir='ltr'>τῷ</span> <span class='ocrx_word' id='word_1_75' title='bbox 831 531 893 558; x_wconf 84' lang='grc' dir='ltr'>ἀνα-</span> 
     </span>
    </p>
   </div>
   <div class='ocr_carea' id='block_1_13' title="bbox 76 574 892 613">
    <p class='ocr_par' dir='ltr' id='par_1_13' title="bbox 76 574 892 613">
     <span class='ocr_line' id='line_1_13' title="bbox 76 574 892 613; baseline 0 -11"><span class='ocrx_word' id='word_1_76' title='bbox 76 575 183 611; x_wconf 77' lang='grc' dir='ltr'>στήματι</span> <span class='ocrx_word' id='word_1_77' title='bbox 204 577 254 609; x_wconf 83' lang='grc' dir='ltr'>τῆς</span> <span class='ocrx_word' id='word_1_78' title='bbox 280 574 380 612; x_wconf 81' lang='grc' dir='ltr'>ἀρετῆς</span> <span class='ocrx_word' id='word_1_79' title='bbox 409 575 459 602; x_wconf 81' lang='grc' dir='ltr'><strong>ὑπὸ</strong></span> <span class='ocrx_word' id='word_1_80' title='bbox 485 574 696 612; x_wconf 81' lang='grc' dir='ltr'>μιγαλοψυχίας</span> <span class='ocrx_word' id='word_1_81' title='bbox 711 575 756 602; x_wconf 88' lang='grc' dir='ltr'><strong>καὶ</strong></span> <span class='ocrx_word' id='word_1_82' title='bbox 774 574 892 613; x_wconf 85' lang='grc' dir='ltr'>μεγαλο-</span> 
     </span>
    </p>
   </div>
   <div class='ocr_carea' id='block_1_14' title="bbox 75 619 893 658">
    <p class='ocr_par' dir='ltr' id='par_1_14' title="bbox 75 619 893 658">
     <span class='ocr_line' id='line_1_14' title="bbox 75 619 893 658; baseline 0 -12"><span class='ocrx_word' id='word_1_83' title='bbox 75 619 143 650; x_wconf 84' lang='grc' dir='ltr'>νοίας</span> <span class='ocrx_word' id='word_1_84' title='bbox 164 619 382 656; x_wconf 68' lang='grc' dir='ltr'>κεκοσμημένος.</span> <span class='ocrx_word' id='word_1_85' title='bbox 407 620 445 648; x_wconf 82' lang='grc' dir='ltr'>Τὸ</span> <span class='ocrx_word' id='word_1_86' title='bbox 469 621 592 647; x_wconf 78' lang='grc' dir='ltr'>τοιοῦτον</span> <span class='ocrx_word' id='word_1_87' title='bbox 613 619 681 657; x_wconf 75' lang='grc' dir='ltr'>ὕψος</span> <span class='ocrx_word' id='word_1_88' title='bbox 707 621 756 654; x_wconf 78' lang='grc' dir='ltr'><strong>τῆς</strong></span> <span class='ocrx_word' id='word_1_89' title='bbox 779 620 893 658; x_wconf 85' lang='grc' dir='ltr'>γνώμης</span> 
     </span>
    </p>
   </div>
   <div class='ocr_carea' id='block_1_15' title="bbox 75 662 892 702">
    <p class='ocr_par' dir='ltr' id='par_1_15' title="bbox 75 662 892 702">
     <span class='ocr_line' id='line_1_15' title="bbox 75 662 892 702; baseline 0 -11"><span class='ocrx_word' id='word_1_90' title='bbox 75 662 219 698; x_wconf 77' lang='grc' dir='ltr'>ἇποδικτὸν,</span> <span class='ocrx_word' id='word_1_91' title='bbox 253 664 284 692; x_wconf 86' lang='grc' dir='ltr'><strong>τὸ</strong></span> <span class='ocrx_word' id='word_1_92' title='bbox 319 664 503 692; x_wconf 79' lang='grc' dir='ltr'><strong>ἀταπείνωτον</strong></span> <span class='ocrx_word' id='word_1_93' title='bbox 536 663 563 692; x_wconf 64' lang='grc' dir='ltr'>ἐν</span> <span class='ocrx_word' id='word_1_94' title='bbox 600 663 720 702; x_wconf 80' lang='grc' dir='ltr'>θλίψεσι,</span> <span class='ocrx_word' id='word_1_95' title='bbox 748 665 778 691; x_wconf 87' lang='grc' dir='ltr'>τὸ</span> <span class='ocrx_word' id='word_1_96' title='bbox 809 664 892 702; x_wconf 82' lang='grc' dir='ltr'>ὑπερ-</span> 
     </span>
    </p>
   </div>
   <div class='ocr_carea' id='block_1_16' title="bbox 74 708 890 748">
    <p class='ocr_par' dir='ltr' id='par_1_16' title="bbox 74 708 890 748">
     <span class='ocr_line' id='line_1_16' title="bbox 74 708 890 748; baseline 0 -12"><span class='ocrx_word' id='word_1_97' title='bbox 74 711 178 748; x_wconf 73' lang='grc' dir='ltr'>φρονοῦν</span> <span class='ocrx_word' id='word_1_98' title='bbox 202 711 257 736; x_wconf 83' lang='grc' dir='ltr'><strong>τῶν</strong></span> <span class='ocrx_word' id='word_1_99' title='bbox 283 708 330 737; x_wconf 73' lang='grc' dir='ltr'><strong>ἐπὶ</strong></span> <span class='ocrx_word' id='word_1_100' title='bbox 348 712 410 747; x_wconf 85' lang='grc' dir='ltr'>γῆς.</span> <span class='ocrx_word' id='word_1_101' title='bbox 425 710 559 741; x_wconf 81' lang='grc' dir='ltr'>Τοιοῦτος</span> <span class='ocrx_word' id='word_1_102' title='bbox 574 710 588 737; x_wconf 79' lang='grc' dir='ltr'><strong>ὁ</strong></span> <span class='ocrx_word' id='word_1_103' title='bbox 603 711 634 737; x_wconf 85' lang='grc' dir='ltr'><strong>τὸ</strong></span> <span class='ocrx_word' id='word_1_104' title='bbox 648 709 803 746; x_wconf 76' lang='grc' dir='ltr'>πολίτευμα</span> <span class='ocrx_word' id='word_1_105' title='bbox 818 708 890 747; x_wconf 66' lang='grc' dir='ltr'>ἔχων</span> 
     </span>
    </p>
   </div>
   <div class='ocr_carea' id='block_1_17' title="bbox 75 752 890 792">
    <p class='ocr_par' dir='ltr' id='par_1_17' title="bbox 75 752 890 792">
     <span class='ocr_line' id='line_1_17' title="bbox 75 752 890 792; baseline 0 -11"><span class='ocrx_word' id='word_1_106' title='bbox 75 753 97 781; x_wconf 74' lang='grc' dir='ltr'>ἐν</span> <span class='ocrx_word' id='word_1_107' title='bbox 111 753 239 791; x_wconf 72' lang='grc' dir='ltr'>οὐρανοῖς,</span> <span class='ocrx_word' id='word_1_108' title='bbox 266 754 281 781; x_wconf 87' lang='grc' dir='ltr'><strong>ὁ</strong></span> <span class='ocrx_word' id='word_1_109' title='bbox 306 754 358 788; x_wconf 84' lang='grc' dir='ltr'><strong>τήν</strong></span> <span class='ocrx_word' id='word_1_110' title='bbox 373 752 484 792; x_wconf 79' lang='grc' dir='ltr'>καρδίαν</span> <span class='ocrx_word' id='word_1_111' title='bbox 499 754 672 791; x_wconf 72' lang='grc' dir='ltr'>ἐπτοημένην</span> <span class='ocrx_word' id='word_1_112' title='bbox 690 752 762 792; x_wconf 72' lang='grc' dir='ltr'>ἔχων</span> <span class='ocrx_word' id='word_1_113' title='bbox 778 753 815 786; x_wconf 76' lang='grc' dir='ltr'><strong>εἲς</strong></span> <span class='ocrx_word' id='word_1_114' title='bbox 827 754 890 785; x_wconf 80' lang='grc' dir='ltr'>τοὺς</span> 
     </span>
    </p>
   </div>
   <div class='ocr_carea' id='block_1_18' title="bbox 74 797 890 836">
    <p class='ocr_par' dir='ltr' id='par_1_18' title="bbox 74 797 890 836">
     <span class='ocr_line' id='line_1_18' title="bbox 74 797 890 836; baseline 0.001 -11"><span class='ocrx_word' id='word_1_115' title='bbox 74 797 122 825; x_wconf 67' lang='lat' dir='ltr'><strong>hui</strong></span> <span class='ocrx_word' id='word_1_116' title='bbox 143 798 304 836; x_wconf 79' lang='grc' dir='ltr'>θησαυρούς.</span> <span class='ocrx_word' id='word_1_117' title='bbox 330 799 383 826; x_wconf 81' lang='grc' dir='ltr'>Καὶ</span> <span class='ocrx_word' id='word_1_118' title='bbox 410 797 486 826; x_wconf 77' lang='grc' dir='ltr'>ἔοικε</span> <span class='ocrx_word' id='word_1_119' title='bbox 511 801 593 827; x_wconf 81' lang='grc' dir='ltr'>τοῦτο</span> <span class='ocrx_word' id='word_1_120' title='bbox 623 799 653 826; x_wconf 84' lang='grc' dir='ltr'>τὸ</span> <span class='ocrx_word' id='word_1_121' title='bbox 682 798 749 836; x_wconf 80' lang='grc' dir='ltr'>ὕψος</span> <span class='ocrx_word' id='word_1_122' title='bbox 767 802 817 834; x_wconf 84' lang='grc' dir='ltr'><strong>τῆς</strong></span> <span class='ocrx_word' id='word_1_123' title='bbox 832 797 890 826; x_wconf 84' lang='grc' dir='ltr'>δια-</span> 
     </span>
    </p>
   </div>
   <div class='ocr_carea' id='block_1_19' title="bbox 73 842 889 882">
    <p class='ocr_par' dir='ltr' id='par_1_19' title="bbox 73 842 889 882">
     <span class='ocr_line' id='line_1_19' title="bbox 73 842 889 882; baseline 0.001 -13"><span class='ocrx_word' id='word_1_124' title='bbox 73 842 148 877; x_wconf 82' lang='grc' dir='ltr'>νοίας,</span> <span class='ocrx_word' id='word_1_125' title='bbox 175 843 243 881; x_wconf 81' lang='grc' dir='ltr'>πρὸς</span> <span class='ocrx_word' id='word_1_126' title='bbox 272 843 325 878; x_wconf 77' lang='grc' dir='ltr'>τήν</span> <span class='ocrx_word' id='word_1_127' title='bbox 356 843 386 871; x_wconf 71' lang='grc' dir='ltr'>ικ</span> <span class='ocrx_word' id='word_1_128' title='bbox 412 845 460 871; x_wconf 81' lang='grc' dir='ltr'>τοῦ</span> <span class='ocrx_word' id='word_1_129' title='bbox 488 843 574 882; x_wconf 80' lang='grc' dir='ltr'>τύφου</span> <span class='ocrx_word' id='word_1_130' title='bbox 603 843 791 881; x_wconf 66' lang='grc' dir='ltr'>ἔπαρσιν,τὴν</span> <span class='ocrx_word' id='word_1_131' title='bbox 806 843 889 878; x_wconf 73' lang='grc' dir='ltr'>αὐτὴν</span> 
     </span>
    </p>
   </div>
   <div class='ocr_carea' id='block_1_20' title="bbox 75 886 888 926">
    <p class='ocr_par' dir='ltr' id='par_1_20' title="bbox 75 886 888 926">
     <span class='ocr_line' id='line_1_20' title="bbox 75 886 888 926; baseline 0.001 -12"><span class='ocrx_word' id='word_1_132' title='bbox 75 886 137 924; x_wconf 72' lang='grc' dir='ltr'>Ιχειν</span> <span class='ocrx_word' id='word_1_133' title='bbox 159 886 290 926; x_wconf 72' lang='grc' dir='ltr'>διαφορὰν</span> <span class='ocrx_word' id='word_1_134' title='bbox 306 888 376 925; x_wconf 72' lang='grc'>(43),</span> <span class='ocrx_word' id='word_1_135' title='bbox 405 887 439 922; x_wconf 77' lang='grc' dir='ltr'>ἦν</span> <span class='ocrx_word' id='word_1_136' title='bbox 455 886 574 923; x_wconf 81' lang='grc' dir='ltr'>ἀληθινὴ</span> <span class='ocrx_word' id='word_1_137' title='bbox 604 888 691 923; x_wconf 78' lang='grc' dir='ltr'>εὗιξία</span> <span class='ocrx_word' id='word_1_138' title='bbox 716 888 785 924; x_wconf 85' lang='grc' dir='ltr'>πρὸς</span> <span class='ocrx_word' id='word_1_139' title='bbox 796 888 846 922; x_wconf 77' lang='grc' dir='ltr'><strong>τὴν</strong></span> <span class='ocrx_word' id='word_1_140' title='bbox 863 887 888 923; x_wconf 76' lang='grc' dir='ltr'><strong>ἐξ</strong></span> 
     </span>
    </p>
   </div>
   <div class='ocr_carea' id='block_1_21' title="bbox 76 930 887 970">
    <p class='ocr_par' dir='ltr' id='par_1_21' title="bbox 76 930 887 970">
     <span class='ocr_line' id='line_1_21' title="bbox 76 930 887 970; baseline 0.001 -12"><span class='ocrx_word' id='word_1_141' title='bbox 76 930 159 969; x_wconf 72' lang='grc' dir='ltr'>ὑδέρου</span> <span class='ocrx_word' id='word_1_142' title='bbox 182 932 332 970; x_wconf 67' lang='grc' dir='ltr'>γινομένην</span> <span class='ocrx_word' id='word_1_143' title='bbox 365 935 416 967; x_wconf 86' lang='grc' dir='ltr'><strong>τῆς</strong></span> <span class='ocrx_word' id='word_1_144' title='bbox 440 933 538 970; x_wconf 81' lang='grc' dir='ltr'>σαρκὸς</span> <span class='ocrx_word' id='word_1_145' title='bbox 566 932 753 960; x_wconf 73' lang='grc' dir='ltr'>ἐπανάστασιν.</span> <span class='ocrx_word' id='word_1_146' title='bbox 779 933 887 970; x_wconf 77' lang='grc' dir='ltr'>Ὠγκω-</span> 
     </span>
    </p>
   </div>
   <div class='ocr_carea' id='block_1_22' title="bbox 73 977 887 1015">
    <p class='ocr_par' dir='ltr' id='par_1_22' title="bbox 73 977 887 1015">
     <span class='ocr_line' id='line_1_22' title="bbox 73 977 887 1015; baseline 0 -11"><span class='ocrx_word' id='word_1_147' title='bbox 73 987 109 1004; x_wconf 74' lang='grc' dir='ltr'><strong>ται</strong></span> <span class='ocrx_word' id='word_1_148' title='bbox 136 977 180 1014; x_wconf 76' lang='grc' dir='ltr'>μὲν</span> <span class='ocrx_word' id='word_1_149' title='bbox 215 978 269 1015; x_wconf 81' lang='grc' dir='ltr'><strong>γὰρ</strong></span> <span class='ocrx_word' id='word_1_150' title='bbox 310 978 342 1005; x_wconf 79' lang='grc' dir='ltr'>τὸ</span> <span class='ocrx_word' id='word_1_151' title='bbox 381 979 470 1014; x_wconf 82' lang='grc' dir='ltr'>σῶμα,</span> <span class='ocrx_word' id='word_1_152' title='bbox 509 977 573 1005; x_wconf 74' lang='grc' dir='ltr'>ἀλλ’</span> <span class='ocrx_word' id='word_1_153' title='bbox 607 977 726 1006; x_wconf 78' lang='grc' dir='ltr'>ὕπουλόν</span> <span class='ocrx_word' id='word_1_154' title='bbox 756 977 812 1006; x_wconf 81' lang='grc' dir='ltr'>ἐστι</span> <span class='ocrx_word' id='word_1_155' title='bbox 842 978 887 1005; x_wconf 86' lang='grc' dir='ltr'><strong>καὶ</strong></span> 
     </span>
    </p>
   </div>
   <div class='ocr_carea' id='block_1_23' title="bbox 73 1032 143 1050">
    <p class='ocr_par' dir='ltr' id='par_1_23' title="bbox 73 1032 143 1050">
     <span class='ocr_line' id='line_1_23' title="bbox 73 1032 143 1050; baseline 0.014 -2"><span class='ocrx_word' id='word_1_156' title='bbox 73 1032 143 1050; x_wconf 83' lang='grc' dir='ltr'>νοπι.</span> 
     </span>
    </p>
   </div>
   <div class='ocr_carea' id='block_1_24' title="bbox 904 915 927 947">
    <p class='ocr_par' dir='ltr' id='par_1_24' title="bbox 904 915 927 947">
     <span class='ocr_line' id='line_1_24' title="bbox 904 915 927 947; baseline 0 0"><span class='ocrx_word' id='word_1_157' title='bbox 904 915 927 947; x_wconf 95' lang='grc' dir='ltr'>Β</span> 
     </span>
    </p>
   </div>
   <div class='ocr_carea' id='block_1_25' title="bbox 953 265 1776 301">
    <p class='ocr_par' dir='ltr' id='par_1_25' title="bbox 953 265 1776 301">
     <span class='ocr_line' id='line_1_25' title="bbox 953 265 1776 301; baseline 0.005 -9"><span class='ocrx_word' id='word_1_158' title='bbox 953 273 1016 301; x_wconf 67' lang='lat' dir='ltr'><strong>quis</strong></span> <span class='ocrx_word' id='word_1_159' title='bbox 1028 268 1098 293; x_wconf 87' lang='lat' dir='ltr'><strong>sunt</strong></span> <span class='ocrx_word' id='word_1_160' title='bbox 1106 266 1134 293; x_wconf 91' lang='lat' dir='ltr'><strong>in</strong></span> <span class='ocrx_word' id='word_1_161' title='bbox 1142 265 1188 293; x_wconf 90' lang='lat' dir='ltr'><strong>die</strong></span> <span class='ocrx_word' id='word_1_162' title='bbox 1198 265 1249 293; x_wconf 86' lang='lat' dir='ltr'><strong>illa</strong></span> <span class='ocrx_word' id='word_1_163' title='bbox 1256 266 1634 300; x_wconf 79' lang='lat' dir='ltr'><strong>formidunda,sublimibus</strong></span> <span class='ocrx_word' id='word_1_164' title='bbox 1641 268 1776 296; x_wconf 87' lang='lat' dir='ltr'><strong>intermi-</strong></span> 
     </span>
    </p>
   </div>
   <div class='ocr_carea' id='block_1_26' title="bbox 952 310 1776 347">
    <p class='ocr_par' dir='ltr' id='par_1_26' title="bbox 952 310 1776 347">
     <span class='ocr_line' id='line_1_26' title="bbox 952 310 1776 347; baseline 0.004 -10"><span class='ocrx_word' id='word_1_165' title='bbox 952 310 1350 346; x_wconf 86' lang='lat' dir='ltr'><strong>natur.Nam,inquit,elatio,</strong></span> <span class='ocrx_word' id='word_1_166' title='bbox 1368 314 1520 347; x_wconf 82' lang='lat' dir='ltr'><strong>peccatum</strong></span> <span class='ocrx_word' id='word_1_167' title='bbox 1536 314 1591 339; x_wconf 89' lang='lat' dir='ltr'><strong>est.</strong></span> <span class='ocrx_word' id='word_1_168' title='bbox 1608 313 1682 340; x_wconf 87' lang='lat' dir='ltr'><strong>Audi</strong></span> <span class='ocrx_word' id='word_1_169' title='bbox 1698 313 1776 341; x_wconf 90' lang='lat' dir='ltr'><strong>enim</strong></span> 
     </span>
    </p>
   </div>
   <div class='ocr_carea' id='block_1_27' title="bbox 950 354 1776 386">
    <p class='ocr_par' dir='ltr' id='par_1_27' title="bbox 950 354 1776 386">
     <span class='ocr_line' id='line_1_27' title="bbox 950 354 1776 386; baseline 0.004 -4"><span class='ocrx_word' id='word_1_170' title='bbox 950 354 1107 382; x_wconf 90' lang='lat' dir='ltr'><strong>Dominum</strong></span> <span class='ocrx_word' id='word_1_171' title='bbox 1124 355 1267 383; x_wconf 76' lang='lat' dir='ltr'><strong>dicentem</strong></span> <span class='ocrx_word' id='word_1_172' title='bbox 1282 364 1288 384; x_wconf 82' lang='lat' dir='ltr'><em>z</em></span> <span class='ocrx_word' id='word_1_173' title='bbox 1305 356 1338 383; x_wconf 87' lang='lat' dir='ltr'><strong>Et</strong></span> <span class='ocrx_word' id='word_1_174' title='bbox 1363 357 1450 384; x_wconf 84' lang='lat' dir='ltr'><strong>nolite</strong></span> <span class='ocrx_word' id='word_1_175' title='bbox 1474 357 1507 384; x_wconf 77' lang='lat' dir='ltr'><strong>in</strong></span> <span class='ocrx_word' id='word_1_176' title='bbox 1520 356 1639 384; x_wconf 75' lang='lat' dir='ltr'><strong>sublime</strong></span> <span class='ocrx_word' id='word_1_177' title='bbox 1666 358 1728 385; x_wconf 77' lang='lat' dir='ltr'><strong>tolli</strong></span> <span class='ocrx_word' id='word_1_178' title='bbox 1742 358 1776 386; x_wconf 87' lang='grc'><strong>³⁷.</strong></span> 
     </span>
    </p>
   </div>
   <div class='ocr_carea' id='block_1_28' title="bbox 950 399 1776 436">
    <p class='ocr_par' dir='ltr' id='par_1_28' title="bbox 950 399 1776 436">
     <span class='ocr_line' id='line_1_28' title="bbox 950 399 1776 436; baseline 0.004 -10"><span class='ocrx_word' id='word_1_179' title='bbox 950 399 984 426; x_wconf 91' lang='lat' dir='ltr'><strong>Et</strong></span> <span class='ocrx_word' id='word_1_180' title='bbox 999 399 1102 426; x_wconf 84' lang='lat' dir='ltr'><strong>beatus</strong></span> <span class='ocrx_word' id='word_1_181' title='bbox 1117 399 1206 427; x_wconf 80' lang='lat' dir='ltr'><strong>David</strong></span> <span class='ocrx_word' id='word_1_182' title='bbox 1219 399 1295 427; x_wconf 89' lang='lat' dir='ltr'><strong>inter</strong></span> <span class='ocrx_word' id='word_1_183' title='bbox 1309 400 1477 433; x_wconf 86' lang='lat' dir='ltr'><strong>virtutes,et</strong></span> <span class='ocrx_word' id='word_1_184' title='bbox 1491 400 1629 436; x_wconf 71' lang='lat' dir='ltr'><strong>praeclara</strong></span> <span class='ocrx_word' id='word_1_185' title='bbox 1645 401 1776 429; x_wconf 77' lang='lat' dir='ltr'><strong>facinora</strong></span> 
     </span>
    </p>
   </div>
   <div class='ocr_carea' id='block_1_29' title="bbox 949 444 1775 482">
    <p class='ocr_par' dir='ltr' id='par_1_29' title="bbox 949 444 1775 482">
     <span class='ocr_line' id='line_1_29' title="bbox 949 444 1775 482; baseline 0.004 -11"><span class='ocrx_word' id='word_1_186' title='bbox 949 446 1112 477; x_wconf 77' lang='lat' dir='ltr'><strong>enumerat,</strong></span> <span class='ocrx_word' id='word_1_187' title='bbox 1128 444 1153 472; x_wconf 93' lang='lat' dir='ltr'><strong>si</strong></span> <span class='ocrx_word' id='word_1_188' title='bbox 1167 444 1232 479; x_wconf 84' lang='lat' dir='ltr'><strong>quis</strong></span> <span class='ocrx_word' id='word_1_189' title='bbox 1244 453 1275 471; x_wconf 84' lang='lat' dir='ltr'><strong>se</strong></span> <span class='ocrx_word' id='word_1_190' title='bbox 1290 445 1318 472; x_wconf 90' lang='lat' dir='ltr'><strong>in</strong></span> <span class='ocrx_word' id='word_1_191' title='bbox 1336 445 1463 473; x_wconf 81' lang='lat' dir='ltr'><strong>sublime</strong></span> <span class='ocrx_word' id='word_1_192' title='bbox 1479 454 1537 473; x_wconf 89' lang='lat' dir='ltr'><strong>non</strong></span> <span class='ocrx_word' id='word_1_193' title='bbox 1549 445 1654 473; x_wconf 81' lang='lat' dir='ltr'><strong>evehat</strong></span> <span class='ocrx_word' id='word_1_194' title='bbox 1679 454 1775 482; x_wconf 89' lang='lat' dir='ltr'><strong>neque</strong></span> 
     </span>
    </p>
   </div>
   <div class='ocr_carea' id='block_1_30' title="bbox 949 488 1775 525">
    <p class='ocr_par' dir='ltr' id='par_1_30' title="bbox 949 488 1775 525">
     <span class='ocr_line' id='line_1_30' title="bbox 949 488 1775 525; baseline 0.004 -10"><span class='ocrx_word' id='word_1_195' title='bbox 949 488 1133 516; x_wconf 86' lang='lat' dir='ltr'><strong>sustollatur.</strong></span> <span class='ocrx_word' id='word_1_196' title='bbox 1151 490 1268 516; x_wconf 78' lang='lat' dir='ltr'><strong>Domine</strong></span> <span class='ocrx_word' id='word_1_197' title='bbox 1282 489 1371 523; x_wconf 90' lang='lat' dir='ltr'><strong>enim,</strong></span> <span class='ocrx_word' id='word_1_198' title='bbox 1383 490 1551 525; x_wconf 71' lang='lat' dir='ltr'><strong>inquitmon</strong></span> <span class='ocrx_word' id='word_1_199' title='bbox 1565 494 1606 518; x_wconf 70' lang='lat' dir='ltr'><strong>est</strong></span> <span class='ocrx_word' id='word_1_200' title='bbox 1621 490 1775 518; x_wconf 69' lang='lat' dir='ltr'><strong>exaltatum</strong></span> 
     </span>
    </p>
   </div>
   <div class='ocr_carea' id='block_1_31' title="bbox 948 533 1772 569">
    <p class='ocr_par' dir='ltr' id='par_1_31' title="bbox 948 533 1772 569">
     <span class='ocr_line' id='line_1_31' title="bbox 948 533 1772 569; baseline 0.004 -10"><span class='ocrx_word' id='word_1_201' title='bbox 948 540 994 559; x_wconf 84' lang='lat' dir='ltr'><strong>cor</strong></span> <span class='ocrx_word' id='word_1_202' title='bbox 1009 541 1199 569; x_wconf 78' lang='lat' dir='ltr'><strong>mcum,neque</strong></span> <span class='ocrx_word' id='word_1_203' title='bbox 1213 533 1280 561; x_wconf 76' lang='lat' dir='ltr'><strong>elati</strong></span> <span class='ocrx_word' id='word_1_204' title='bbox 1295 539 1359 561; x_wconf 79' lang='lat' dir='ltr'><strong>sunt</strong></span> <span class='ocrx_word' id='word_1_205' title='bbox 1374 533 1450 562; x_wconf 79' lang='lat' dir='ltr'><strong>oculi</strong></span> <span class='ocrx_word' id='word_1_206' title='bbox 1463 534 1526 562; x_wconf 79' lang='lat' dir='ltr'><strong>mei.</strong></span> <span class='ocrx_word' id='word_1_207' title='bbox 1542 534 1565 552; x_wconf 79' lang='grc'><strong>⁸³</strong></span> <span class='ocrx_word' id='word_1_208' title='bbox 1582 537 1666 562; x_wconf 87' lang='lat' dir='ltr'><strong>Potes</strong></span> <span class='ocrx_word' id='word_1_209' title='bbox 1676 537 1772 562; x_wconf 89' lang='lat' dir='ltr'><strong>tamen</strong></span> 
     </span>
    </p>
   </div>
   <div class='ocr_carea' id='block_1_32' title="bbox 948 576 1774 615">
    <p class='ocr_par' dir='ltr' id='par_1_32' title="bbox 948 576 1774 615">
     <span class='ocr_line' id='line_1_32' title="bbox 948 576 1774 615; baseline 0.004 -11"><span class='ocrx_word' id='word_1_210' title='bbox 948 576 1136 605; x_wconf 74' lang='lat' dir='ltr'><strong>laudabiliter</strong></span> <span class='ocrx_word' id='word_1_211' title='bbox 1148 577 1356 612; x_wconf 83' lang='lat' dir='ltr'><strong>exnltari,cum</strong></span> <span class='ocrx_word' id='word_1_212' title='bbox 1373 578 1506 605; x_wconf 87' lang='lat' dir='ltr'><strong>animum</strong></span> <span class='ocrx_word' id='word_1_213' title='bbox 1523 587 1580 606; x_wconf 88' lang='lat' dir='ltr'><strong>non</strong></span> <span class='ocrx_word' id='word_1_214' title='bbox 1596 579 1774 615; x_wconf 79' lang='lat' dir='ltr'><strong>despondes,</strong></span> 
     </span>
    </p>
   </div>
   <div class='ocr_carea' id='block_1_33' title="bbox 947 621 1774 659">
    <p class='ocr_par' dir='ltr' id='par_1_33' title="bbox 947 621 1774 659">
     <span class='ocr_line' id='line_1_33' title="bbox 947 621 1774 659; baseline 0.005 -11"><span class='ocrx_word' id='word_1_215' title='bbox 947 630 1042 657; x_wconf 87' lang='lat' dir='ltr'><strong>neque</strong></span> <span class='ocrx_word' id='word_1_216' title='bbox 1057 621 1124 649; x_wconf 82' lang='lat' dir='ltr'>vilia</span> <span class='ocrx_word' id='word_1_217' title='bbox 1138 624 1188 650; x_wconf 87' lang='lat' dir='ltr'><strong>aut</strong></span> <span class='ocrx_word' id='word_1_218' title='bbox 1203 622 1316 658; x_wconf 77' lang='lat' dir='ltr'><strong>objecta</strong></span> <span class='ocrx_word' id='word_1_219' title='bbox 1331 623 1482 656; x_wconf 86' lang='lat' dir='ltr'><strong>curas,sed</strong></span> <span class='ocrx_word' id='word_1_220' title='bbox 1499 626 1666 659; x_wconf 87' lang='lat' dir='ltr'><strong>experrecto</strong></span> <span class='ocrx_word' id='word_1_221' title='bbox 1675 624 1774 652; x_wconf 85' lang='lat' dir='ltr'><strong>animo</strong></span> 
     </span>
    </p>
   </div>
   <div class='ocr_carea' id='block_1_34' title="bbox 947 665 1774 703">
    <p class='ocr_par' dir='ltr' id='par_1_34' title="bbox 947 665 1774 703">
     <span class='ocr_line' id='line_1_34' title="bbox 947 665 1774 703; baseline 0.002 -10"><span class='ocrx_word' id='word_1_222' title='bbox 947 669 975 693; x_wconf 89' lang='lat' dir='ltr'><strong>et</strong></span> <span class='ocrx_word' id='word_1_223' title='bbox 994 665 1093 698; x_wconf 80' lang='lat' dir='ltr'><strong>alacri,</strong></span> <span class='ocrx_word' id='word_1_224' title='bbox 1109 668 1195 702; x_wconf 83' lang='lat' dir='ltr'><strong>atque</strong></span> <span class='ocrx_word' id='word_1_225' title='bbox 1210 666 1326 694; x_wconf 86' lang='lat' dir='ltr'><strong>virtutis</strong></span> <span class='ocrx_word' id='word_1_226' title='bbox 1341 667 1523 695; x_wconf 78' lang='lat' dir='ltr'><strong>sublimitate</strong></span> <span class='ocrx_word' id='word_1_227' title='bbox 1552 675 1603 703; x_wconf 89' lang='lat' dir='ltr'><strong>per</strong></span> <span class='ocrx_word' id='word_1_228' title='bbox 1618 667 1709 695; x_wconf 85' lang='lat' dir='ltr'><strong>animi</strong></span> <span class='ocrx_word' id='word_1_229' title='bbox 1722 677 1774 696; x_wconf 86' lang='lat' dir='ltr'><strong>ex-</strong></span> 
     </span>
    </p>
   </div>
   <div class='ocr_carea' id='block_1_35' title="bbox 945 710 1773 746">
    <p class='ocr_par' dir='ltr' id='par_1_35' title="bbox 945 710 1773 746">
     <span class='ocr_line' id='line_1_35' title="bbox 945 710 1773 746; baseline 0.002 -8"><span class='ocrx_word' id='word_1_230' title='bbox 945 710 1106 738; x_wconf 82' lang='lat' dir='ltr'><strong>celsitatem</strong></span> <span class='ocrx_word' id='word_1_231' title='bbox 1117 719 1149 738; x_wconf 86' lang='lat' dir='ltr'><strong>ac</strong></span> <span class='ocrx_word' id='word_1_232' title='bbox 1157 711 1392 746; x_wconf 84' lang='lat' dir='ltr'><strong>magnitudinem</strong></span> <span class='ocrx_word' id='word_1_233' title='bbox 1408 713 1530 739; x_wconf 82' lang='lat' dir='ltr'><strong>ornatus</strong></span> <span class='ocrx_word' id='word_1_234' title='bbox 1543 711 1669 740; x_wconf 87' lang='lat' dir='ltr'><strong>es.Talis</strong></span> <span class='ocrx_word' id='word_1_235' title='bbox 1679 712 1773 740; x_wconf 80' lang='lat' dir='ltr'><strong>animi</strong></span> 
     </span>
    </p>
   </div>
   <div class='ocr_carea' id='block_1_36' title="bbox 946 755 1772 790">
    <p class='ocr_par' dir='ltr' id='par_1_36' title="bbox 946 755 1772 790">
     <span class='ocr_line' id='line_1_36' title="bbox 946 755 1772 790; baseline 0.002 -8"><span class='ocrx_word' id='word_1_236' title='bbox 946 755 1032 782; x_wconf 80' lang='lat' dir='ltr'><strong>elatio</strong></span> <span class='ocrx_word' id='word_1_237' title='bbox 1049 755 1311 790; x_wconf 88' lang='lat' dir='ltr'><strong>commendatur,si</strong></span> <span class='ocrx_word' id='word_1_238' title='bbox 1329 756 1445 784; x_wconf 89' lang='lat' dir='ltr'><strong>animus</strong></span> <span class='ocrx_word' id='word_1_239' title='bbox 1458 755 1487 783; x_wconf 88' lang='lat' dir='ltr'><strong>in</strong></span> <span class='ocrx_word' id='word_1_240' title='bbox 1498 756 1772 785; x_wconf 83' lang='lat' dir='ltr'><strong>afﬂictionibusnon</strong></span> 
     </span>
    </p>
   </div>
   <div class='ocr_carea' id='block_1_37' title="bbox 945 799 1772 837">
    <p class='ocr_par' dir='ltr' id='par_1_37' title="bbox 945 799 1772 837">
     <span class='ocr_line' id='line_1_37' title="bbox 945 799 1772 837; baseline 0.004 -11"><span class='ocrx_word' id='word_1_241' title='bbox 945 799 1122 834; x_wconf 86' lang='lat' dir='ltr'><strong>abjicitur,si</strong></span> <span class='ocrx_word' id='word_1_242' title='bbox 1139 802 1253 827; x_wconf 82' lang='lat' dir='ltr'><strong>terrena</strong></span> <span class='ocrx_word' id='word_1_243' title='bbox 1269 802 1509 828; x_wconf 88' lang='lat' dir='ltr'><strong>contemnuntur.</strong></span> <span class='ocrx_word' id='word_1_244' title='bbox 1519 800 1599 828; x_wconf 87' lang='lat' dir='ltr'><strong>Talis</strong></span> <span class='ocrx_word' id='word_1_245' title='bbox 1614 803 1669 835; x_wconf 84' lang='lat' dir='ltr'><strong>est,</strong></span> <span class='ocrx_word' id='word_1_246' title='bbox 1685 802 1772 837; x_wconf 86' lang='lat' dir='ltr'><strong>cujus</strong></span> 
     </span>
    </p>
   </div>
   <div class='ocr_carea' id='block_1_38' title="bbox 944 844 1772 881">
    <p class='ocr_par' dir='ltr' id='par_1_38' title="bbox 944 844 1772 881">
     <span class='ocr_line' id='line_1_38' title="bbox 944 844 1772 881; baseline 0.002 -10"><span class='ocrx_word' id='word_1_247' title='bbox 944 846 989 872; x_wconf 89' lang='lat' dir='ltr'><strong>est</strong></span> <span class='ocrx_word' id='word_1_248' title='bbox 1004 844 1186 872; x_wconf 80' lang='lat' dir='ltr'><strong>conversatio</strong></span> <span class='ocrx_word' id='word_1_249' title='bbox 1202 844 1231 871; x_wconf 91' lang='lat' dir='ltr'><strong>in</strong></span> <span class='ocrx_word' id='word_1_250' title='bbox 1248 844 1339 880; x_wconf 74' lang='lat' dir='ltr'><strong>cmlis,</strong></span> <span class='ocrx_word' id='word_1_251' title='bbox 1357 846 1440 881; x_wconf 77' lang='lat' dir='ltr'><strong>cuius</strong></span> <span class='ocrx_word' id='word_1_252' title='bbox 1468 853 1517 873; x_wconf 89' lang='lat' dir='ltr'><strong>cor</strong></span> <span class='ocrx_word' id='word_1_253' title='bbox 1545 845 1694 873; x_wconf 82' lang='lat' dir='ltr'><strong>thesauris</strong></span> <span class='ocrx_word' id='word_1_254' title='bbox 1711 845 1772 874; x_wconf 90' lang='lat' dir='ltr'><strong>illic</strong></span> 
     </span>
    </p>
   </div>
   <div class='ocr_carea' id='block_1_39' title="bbox 944 889 1772 918">
    <p class='ocr_par' dir='ltr' id='par_1_39' title="bbox 944 889 1772 918">
     <span class='ocr_line' id='line_1_39' title="bbox 944 889 1772 918; baseline 0.002 -2"><span class='ocrx_word' id='word_1_255' title='bbox 944 889 1101 916; x_wconf 84' lang='lat' dir='ltr'><strong>reconditis</strong></span> <span class='ocrx_word' id='word_1_256' title='bbox 1116 889 1222 917; x_wconf 87' lang='lat' dir='ltr'><strong>inhiat.</strong></span> <span class='ocrx_word' id='word_1_257' title='bbox 1234 889 1322 917; x_wconf 91' lang='lat' dir='ltr'><strong>Porro</strong></span> <span class='ocrx_word' id='word_1_258' title='bbox 1340 889 1418 917; x_wconf 90' lang='lat' dir='ltr'><strong>idem</strong></span> <span class='ocrx_word' id='word_1_259' title='bbox 1436 889 1551 917; x_wconf 90' lang='lat' dir='ltr'><strong>videtur</strong></span> <span class='ocrx_word' id='word_1_260' title='bbox 1561 890 1704 918; x_wconf 86' lang='lat' dir='ltr'><strong>interesse</strong></span> <span class='ocrx_word' id='word_1_261' title='bbox 1713 890 1772 918; x_wconf 91' lang='lat' dir='ltr'><strong>dis-</strong></span> 
     </span>
    </p>
   </div>
   <div class='ocr_carea' id='block_1_40' title="bbox 942 933 1771 970">
    <p class='ocr_par' dir='ltr' id='par_1_40' title="bbox 942 933 1771 970">
     <span class='ocr_line' id='line_1_40' title="bbox 942 933 1771 970; baseline 0.001 -9"><span class='ocrx_word' id='word_1_262' title='bbox 942 934 1051 961; x_wconf 87' lang='lat' dir='ltr'><strong>crimen</strong></span> <span class='ocrx_word' id='word_1_263' title='bbox 1075 933 1152 961; x_wconf 89' lang='lat' dir='ltr'><strong>inter</strong></span> <span class='ocrx_word' id='word_1_264' title='bbox 1159 933 1234 961; x_wconf 87' lang='lat' dir='ltr'><strong>hane</strong></span> <span class='ocrx_word' id='word_1_265' title='bbox 1249 933 1339 961; x_wconf 85' lang='lat' dir='ltr'><strong>animi</strong></span> <span class='ocrx_word' id='word_1_266' title='bbox 1355 933 1560 963; x_wconf 83' lang='lat' dir='ltr'><strong>celsitudinem</strong></span> <span class='ocrx_word' id='word_1_267' title='bbox 1573 937 1602 962; x_wconf 89' lang='lat' dir='ltr'><strong>et</strong></span> <span class='ocrx_word' id='word_1_268' title='bbox 1616 934 1771 970; x_wconf 80' lang='lat' dir='ltr'><strong>superbiae.</strong></span> 
     </span>
    </p>
   </div>
   <div class='ocr_carea' id='block_1_41' title="bbox 942 977 1773 1014">
    <p class='ocr_par' dir='ltr' id='par_1_41' title="bbox 942 977 1773 1014">
     <span class='ocr_line' id='line_1_41' title="bbox 942 977 1773 1014; baseline 0.001 -9"><span class='ocrx_word' id='word_1_269' title='bbox 942 977 1110 1012; x_wconf 83' lang='lat' dir='ltr'><strong>elationem,</strong></span> <span class='ocrx_word' id='word_1_270' title='bbox 1126 978 1204 1014; x_wconf 89' lang='lat' dir='ltr'><strong>quod</strong></span> <span class='ocrx_word' id='word_1_271' title='bbox 1219 978 1294 1006; x_wconf 89' lang='lat' dir='ltr'><strong>inter</strong></span> <span class='ocrx_word' id='word_1_272' title='bbox 1301 978 1435 1013; x_wconf 88' lang='lat' dir='ltr'><strong>corporis</strong></span> <span class='ocrx_word' id='word_1_273' title='bbox 1446 978 1653 1007; x_wconf 86' lang='lat' dir='ltr'><strong>habitudinem</strong></span> <span class='ocrx_word' id='word_1_274' title='bbox 1664 987 1698 1006; x_wconf 91' lang='lat' dir='ltr'><strong>ac</strong></span> <span class='ocrx_word' id='word_1_275' title='bbox 1708 987 1773 1007; x_wconf 83' lang='lat' dir='ltr'><strong>oar-</strong></span> 
     </span>
    </p>
   </div>
   <div class='ocr_carea' id='block_1_42' title="bbox 943 1021 1773 1059">
    <p class='ocr_par' dir='ltr' id='par_1_42' title="bbox 943 1021 1773 1059">
     <span class='ocr_line' id='line_1_42' title="bbox 943 1021 1773 1059; baseline 0.002 -10"><span class='ocrx_word' id='word_1_276' title='bbox 943 1021 989 1050; x_wconf 90' lang='lat' dir='ltr'><strong>nis</strong></span> <span class='ocrx_word' id='word_1_277' title='bbox 998 1024 1142 1049; x_wconf 87' lang='lat' dir='ltr'><strong>tumorem</strong></span> <span class='ocrx_word' id='word_1_278' title='bbox 1151 1029 1185 1049; x_wconf 86' lang='lat' dir='ltr'><strong>ex</strong></span> <span class='ocrx_word' id='word_1_279' title='bbox 1194 1030 1272 1057; x_wconf 86' lang='lat' dir='ltr'><strong>aqua</strong></span> <span class='ocrx_word' id='word_1_280' title='bbox 1283 1022 1428 1050; x_wconf 89' lang='lat' dir='ltr'><strong>intercute</strong></span> <span class='ocrx_word' id='word_1_281' title='bbox 1435 1030 1488 1059; x_wconf 89' lang='lat' dir='ltr'><strong>pro</strong></span> <span class='ocrx_word' id='word_1_282' title='bbox 1499 1022 1607 1051; x_wconf 81' lang='lat' dir='ltr'><strong>fectum</strong></span> <span class='ocrx_word' id='word_1_283' title='bbox 1616 1023 1773 1051; x_wconf 84' lang='lat' dir='ltr'><strong>intercedit</strong></span> 
     </span>
    </p>
   </div>
   <div class='ocr_carea' id='block_1_43' title="bbox 74 1066 1270 1103">
    <p class='ocr_par' dir='ltr' id='par_1_43' title="bbox 74 1066 1270 1103">
     <span class='ocr_line' id='line_1_43' title="bbox 74 1066 1270 1103; baseline -0.001 -9"><span class='ocrx_word' id='word_1_284' title='bbox 74 1066 230 1095; x_wconf 84' lang='lat' dir='ltr'><strong>intumescit</strong></span> <span class='ocrx_word' id='word_1_285' title='bbox 245 1067 369 1103; x_wconf 85' lang='lat' dir='ltr'><strong>quidem</strong></span> <span class='ocrx_word' id='word_1_286' title='bbox 381 1076 415 1095; x_wconf 84' lang='lat' dir='ltr'><strong>ac</strong></span> <span class='ocrx_word' id='word_1_287' title='bbox 431 1069 528 1103; x_wconf 86' lang='lat' dir='ltr'><strong>turget</strong></span> <span class='ocrx_word' id='word_1_288' title='bbox 543 1075 661 1103; x_wconf 86' lang='lat' dir='ltr'><strong>corpus,</strong></span> <span class='ocrx_word' id='word_1_289' title='bbox 676 1067 726 1095; x_wconf 86' lang='lat' dir='ltr'><strong>sed</strong></span> <span class='ocrx_word' id='word_1_290' title='bbox 740 1067 842 1095; x_wconf 87' lang='lat' dir='ltr'><strong>subter</strong></span> <span class='ocrx_word' id='word_1_291' title='bbox 856 1075 966 1103; x_wconf 76' lang='lat' dir='ltr'><strong>aegrum</strong></span> <span class='ocrx_word' id='word_1_292' title='bbox 987 1068 1031 1094; x_wconf 86' lang='lat' dir='ltr'><strong>est</strong></span> <span class='ocrx_word' id='word_1_293' title='bbox 1045 1068 1074 1093; x_wconf 87' lang='lat' dir='ltr'><strong>et</strong></span> <span class='ocrx_word' id='word_1_294' title='bbox 1088 1067 1270 1094; x_wconf 81' lang='lat' dir='ltr'><strong>morbosum.</strong></span> 
     </span>
    </p>
   </div>
   <div class='ocr_carea' id='block_1_44' title="bbox 102 1108 884 1147">
    <p class='ocr_par' dir='ltr' id='par_1_44' title="bbox 102 1108 884 1147">
     <span class='ocr_line' id='line_1_44' title="bbox 102 1108 884 1147; baseline 0 -9"><span class='ocrx_word' id='word_1_295' title='bbox 102 1111 140 1139; x_wconf 86' lang='lat'><strong>90.</strong></span> <span class='ocrx_word' id='word_1_296' title='bbox 174 1111 221 1138; x_wconf 73' lang='grc' dir='ltr'>Καὶ</span> <span class='ocrx_word' id='word_1_297' title='bbox 256 1110 305 1138; x_wconf 72' lang='grc' dir='ltr'><strong>ἐπὶ</strong></span> <span class='ocrx_word' id='word_1_298' title='bbox 344 1113 430 1138; x_wconf 85' lang='grc' dir='ltr'>πᾶσαν</span> <span class='ocrx_word' id='word_1_299' title='bbox 461 1109 558 1147; x_wconf 69' lang='grc' dir='ltr'>κὲδρον</span> <span class='ocrx_word' id='word_1_300' title='bbox 595 1112 643 1138; x_wconf 79' lang='grc' dir='ltr'><strong>τοῦ</strong></span> <span class='ocrx_word' id='word_1_301' title='bbox 681 1108 799 1138; x_wconf 74' lang='grc' dir='ltr'>Λιϐάνου</span> <span class='ocrx_word' id='word_1_302' title='bbox 830 1113 884 1138; x_wconf 83' lang='grc' dir='ltr'><strong>τῶν</strong></span> 
     </span>
    </p>
   </div>
   <div class='ocr_carea' id='block_1_45' title="bbox 73 1153 887 1194">
    <p class='ocr_par' dir='ltr' id='par_1_45' title="bbox 73 1153 887 1194">
     <span class='ocr_line' id='line_1_45' title="bbox 73 1153 887 1194; baseline 0 -13"><span class='ocrx_word' id='word_1_303' title='bbox 73 1153 172 1191; x_wconf 77' lang='grc' dir='ltr'>ὑψηλῶν</span> <span class='ocrx_word' id='word_1_304' title='bbox 195 1155 238 1182; x_wconf 85' lang='grc' dir='ltr'><strong>καὶ</strong></span> <span class='ocrx_word' id='word_1_305' title='bbox 276 1154 432 1193; x_wconf 81' lang='grc' dir='ltr'><strong>μετεώρων.</strong></span> <span class='ocrx_word' id='word_1_306' title='bbox 462 1155 530 1182; x_wconf 72' lang='lat' dir='ltr'><strong>Heia</strong></span> <span class='ocrx_word' id='word_1_307' title='bbox 559 1155 648 1188; x_wconf 84' lang='grc' dir='ltr'>κακία,</span> <span class='ocrx_word' id='word_1_308' title='bbox 679 1155 755 1194; x_wconf 81' lang='grc' dir='ltr'>φησὶ,</span> <span class='ocrx_word' id='word_1_309' title='bbox 770 1156 819 1189; x_wconf 81' lang='grc' dir='ltr'><strong>τῆς</strong></span> <span class='ocrx_word' id='word_1_310' title='bbox 845 1155 887 1182; x_wconf 69' lang='grc' dir='ltr'>κε-</span> 
     </span>
    </p>
   </div>
   <div class='ocr_carea' id='block_1_46' title="bbox 74 1198 885 1238">
    <p class='ocr_par' dir='ltr' id='par_1_46' title="bbox 74 1198 885 1238">
     <span class='ocr_line' id='line_1_46' title="bbox 74 1198 885 1238; baseline -0.001 -11"><span class='ocrx_word' id='word_1_311' title='bbox 74 1199 140 1236; x_wconf 78' lang='grc' dir='ltr'>δρου,</span> <span class='ocrx_word' id='word_1_312' title='bbox 155 1200 192 1227; x_wconf 77' lang='grc' dir='ltr'>δτι</span> <span class='ocrx_word' id='word_1_313' title='bbox 206 1200 250 1227; x_wconf 78' lang='grc' dir='ltr'><strong>καὶ</strong></span> <span class='ocrx_word' id='word_1_314' title='bbox 264 1199 302 1227; x_wconf 76' lang='grc' dir='ltr'><strong>’τὸ</strong></span> <span class='ocrx_word' id='word_1_315' title='bbox 320 1199 422 1235; x_wconf 79' lang='grc' dir='ltr'>ταύτης</span> <span class='ocrx_word' id='word_1_316' title='bbox 438 1198 556 1236; x_wconf 76' lang='grc' dir='ltr'><strong>ὑψηλὸν⁹</strong></span> <span class='ocrx_word' id='word_1_317' title='bbox 572 1199 638 1236; x_wconf 76' lang='grc' dir='ltr'>ὅπερ</span> <span class='ocrx_word' id='word_1_318' title='bbox 654 1199 683 1227; x_wconf 81' lang='grc' dir='ltr'>ἐκ</span> <span class='ocrx_word' id='word_1_319' title='bbox 698 1199 802 1238; x_wconf 82' lang='grc' dir='ltr'>φύσεως</span> <span class='ocrx_word' id='word_1_320' title='bbox 817 1199 885 1236; x_wconf 78' lang='grc' dir='ltr'>αὐτῇ</span> 
     </span>
    </p>
   </div>
   <div class='ocr_carea' id='block_1_47' title="bbox 73 1242 886 1282">
    <p class='ocr_par' dir='ltr' id='par_1_47' title="bbox 73 1242 886 1282">
     <span class='ocr_line' id='line_1_47' title="bbox 73 1242 886 1282; baseline 0.001 -12"><span class='ocrx_word' id='word_1_321' title='bbox 73 1243 209 1281; x_wconf 78' lang='grc' dir='ltr'>πρόσιστιν,</span> <span class='ocrx_word' id='word_1_322' title='bbox 238 1244 283 1275; x_wconf 72' lang='grc' dir='ltr'><strong>εἷς</strong></span> <span class='ocrx_word' id='word_1_323' title='bbox 313 1243 429 1279; x_wconf 73' lang='grc' dir='ltr'>ἐξέτασιν</span> <span class='ocrx_word' id='word_1_324' title='bbox 457 1244 569 1282; x_wconf 71' lang='grc' dir='ltr'>ἄγεται,</span> <span class='ocrx_word' id='word_1_325' title='bbox 586 1244 634 1271; x_wconf 87' lang='grc' dir='ltr'>Διὰ</span> <span class='ocrx_word' id='word_1_326' title='bbox 660 1243 687 1271; x_wconf 84' lang='grc' dir='ltr'><strong>τί</strong></span> <span class='ocrx_word' id='word_1_327' title='bbox 703 1243 732 1271; x_wconf 74' lang='grc' dir='ltr'><strong>δὲ</strong></span> <span class='ocrx_word' id='word_1_328' title='bbox 753 1242 826 1275; x_wconf 77' lang='grc' dir='ltr'>ὅλως</span> <span class='ocrx_word' id='word_1_329' title='bbox 841 1243 886 1271; x_wconf 84' lang='grc' dir='ltr'><strong>καὶ</strong></span> 
     </span>
    </p>
   </div>
   <div class='ocr_carea' id='block_1_48' title="bbox 74 1286 886 1326">
    <p class='ocr_par' dir='ltr' id='par_1_48' title="bbox 74 1286 886 1326">
     <span class='ocr_line' id='line_1_48' title="bbox 74 1286 886 1326; baseline 0.001 -12"><span class='ocrx_word' id='word_1_330' title='bbox 74 1291 122 1319; x_wconf 75' lang='grc' dir='ltr'>ταῖς</span> <span class='ocrx_word' id='word_1_331' title='bbox 149 1288 172 1316; x_wconf 66' lang='grc' dir='ltr'>ἕν</span> <span class='ocrx_word' id='word_1_332' title='bbox 186 1291 225 1325; x_wconf 81' lang='grc' dir='ltr'>τῷ</span> <span class='ocrx_word' id='word_1_333' title='bbox 240 1286 356 1325; x_wconf 74' lang='grc' dir='ltr'>Λιϐάνῳ</span> <span class='ocrx_word' id='word_1_334' title='bbox 379 1287 487 1326; x_wconf 71' lang='grc' dir='ltr'>κίδροις</span> <span class='ocrx_word' id='word_1_335' title='bbox 502 1288 610 1317; x_wconf 75' lang='grc' dir='ltr'><strong>ἀπειλεῖ</strong></span> <span class='ocrx_word' id='word_1_336' title='bbox 623 1289 673 1323; x_wconf 79' lang='grc' dir='ltr'>τὴν</span> <span class='ocrx_word' id='word_1_337' title='bbox 689 1289 793 1326; x_wconf 77' lang='grc' dir='ltr'><strong>ἡμέραν</strong></span> <span class='ocrx_word' id='word_1_338' title='bbox 808 1289 821 1316; x_wconf 84' lang='grc' dir='ltr'><strong>ὁ</strong></span> <span class='ocrx_word' id='word_1_339' title='bbox 838 1287 886 1315; x_wconf 91' lang='grc' dir='ltr'>λό-</span> 
     </span>
    </p>
   </div>
   <div class='ocr_carea' id='block_1_49' title="bbox 75 1332 886 1372">
    <p class='ocr_par' dir='ltr' id='par_1_49' title="bbox 75 1332 886 1372">
     <span class='ocr_line' id='line_1_49' title="bbox 75 1332 886 1372; baseline 0.001 -13"><span class='ocrx_word' id='word_1_340' title='bbox 75 1342 114 1369; x_wconf 84' lang='grc' dir='ltr'><strong>γος</strong></span> <span class='ocrx_word' id='word_1_341' title='bbox 127 1342 133 1367; x_wconf 72' lang='grc' dir='ltr'><strong>ς</strong></span> <span class='ocrx_word' id='word_1_342' title='bbox 159 1334 217 1362; x_wconf 89' lang='grc' dir='ltr'>Ὅτι</span> <span class='ocrx_word' id='word_1_343' title='bbox 249 1334 301 1371; x_wconf 74' lang='grc' dir='ltr'>μὲν</span> <span class='ocrx_word' id='word_1_344' title='bbox 318 1332 363 1360; x_wconf 75' lang='grc' dir='ltr'>οὖν</span> <span class='ocrx_word' id='word_1_345' title='bbox 380 1333 441 1370; x_wconf 82' lang='grc' dir='ltr'>περὶ</span> <span class='ocrx_word' id='word_1_346' title='bbox 457 1333 590 1371; x_wconf 80' lang='grc' dir='ltr'>ἐμψύχων</span> <span class='ocrx_word' id='word_1_347' title='bbox 606 1334 620 1361; x_wconf 82' lang='grc' dir='ltr'><strong>ὁ</strong></span> <span class='ocrx_word' id='word_1_348' title='bbox 635 1332 717 1371; x_wconf 86' lang='grc' dir='ltr'>λόγος</span> <span class='ocrx_word' id='word_1_349' title='bbox 731 1335 785 1360; x_wconf 82' lang='grc' dir='ltr'>τῶν</span> <span class='ocrx_word' id='word_1_350' title='bbox 801 1343 886 1372; x_wconf 76' lang='grc' dir='ltr'>πεφυ-</span> 
     </span>
    </p>
   </div>
   <div class='ocr_carea' id='block_1_50' title="bbox 78 1377 887 1415">
    <p class='ocr_par' dir='ltr' id='par_1_50' title="bbox 78 1377 887 1415">
     <span class='ocr_line' id='line_1_50' title="bbox 78 1377 887 1415; baseline 0.001 -11"><span class='ocrx_word' id='word_1_351' title='bbox 78 1378 213 1414; x_wconf 66' lang='grc' dir='ltr'>σιωμένων,</span> <span class='ocrx_word' id='word_1_352' title='bbox 236 1378 286 1406; x_wconf 72' lang='grc' dir='ltr'>καὶ</span> <span class='ocrx_word' id='word_1_353' title='bbox 313 1379 380 1414; x_wconf 75' lang='grc' dir='ltr'>μετὰ</span> <span class='ocrx_word' id='word_1_354' title='bbox 395 1378 570 1413; x_wconf 76' lang='grc' dir='ltr'>ἀναισθησίας</span> <span class='ocrx_word' id='word_1_355' title='bbox 595 1377 714 1415; x_wconf 77' lang='grc' dir='ltr'>ἐχόντων</span> <span class='ocrx_word' id='word_1_356' title='bbox 731 1378 780 1412; x_wconf 74' lang='grc' dir='ltr'>τὴν</span> <span class='ocrx_word' id='word_1_357' title='bbox 803 1377 887 1414; x_wconf 69' lang='grc' dir='ltr'>ἔπαρ-</span> 
     </span>
    </p>
   </div>
   <div class='ocr_carea' id='block_1_51' title="bbox 76 1421 885 1460">
    <p class='ocr_par' dir='ltr' id='par_1_51' title="bbox 76 1421 885 1460">
     <span class='ocr_line' id='line_1_51' title="bbox 76 1421 885 1460; baseline 0 -11"><span class='ocrx_word' id='word_1_358' title='bbox 76 1432 119 1458; x_wconf 79' lang='grc' dir='ltr'><strong>ιιιν¹</strong></span> <span class='ocrx_word' id='word_1_359' title='bbox 134 1421 215 1454; x_wconf 74' lang='grc' dir='ltr'>οὐδεὶς</span> <span class='ocrx_word' id='word_1_360' title='bbox 241 1424 361 1460; x_wconf 65' lang='grc' dir='ltr'>ἀντερεῖ.</span> <span class='ocrx_word' id='word_1_361' title='bbox 386 1422 474 1451; x_wconf 79' lang='grc' dir='ltr'>Ἀλλὰ</span> <span class='ocrx_word' id='word_1_362' title='bbox 499 1421 543 1450; x_wconf 81' lang='grc' dir='ltr'>διὰ</span> <span class='ocrx_word' id='word_1_363' title='bbox 557 1422 583 1449; x_wconf 90' lang='grc' dir='ltr'><strong>τί</strong></span> <span class='ocrx_word' id='word_1_364' title='bbox 606 1421 697 1460; x_wconf 80' lang='grc' dir='ltr'>κὲδροι</span> <span class='ocrx_word' id='word_1_365' title='bbox 713 1431 720 1457; x_wconf 87' lang='grc'>;</span> <span class='ocrx_word' id='word_1_366' title='bbox 734 1423 778 1449; x_wconf 84' lang='grc' dir='ltr'><strong>καὶ</strong></span> <span class='ocrx_word' id='word_1_367' title='bbox 792 1421 837 1449; x_wconf 78' lang='grc' dir='ltr'><strong>διὰ</strong></span> <span class='ocrx_word' id='word_1_368' title='bbox 849 1422 885 1457; x_wconf 88' lang='grc' dir='ltr'><strong>τί,</strong></span> 
     </span>
    </p>
   </div>
   <div class='ocr_carea' id='block_1_52' title="bbox 74 1466 886 1506">
    <p class='ocr_par' dir='ltr' id='par_1_52' title="bbox 74 1466 886 1506">
     <span class='ocr_line' id='line_1_52' title="bbox 74 1466 886 1506; baseline 0 -12"><span class='ocrx_word' id='word_1_369' title='bbox 74 1466 257 1503; x_wconf 74' lang='grc' dir='ltr'>τοῦΛιϐάνους</span> <span class='ocrx_word' id='word_1_370' title='bbox 279 1468 314 1496; x_wconf 71' lang='grc' dir='ltr'><strong>Αἱ</strong></span> <span class='ocrx_word' id='word_1_371' title='bbox 337 1467 428 1506; x_wconf 77' lang='grc' dir='ltr'>κέδροι</span> <span class='ocrx_word' id='word_1_372' title='bbox 443 1467 523 1506; x_wconf 79' lang='grc' dir='ltr'>φυτόν</span> <span class='ocrx_word' id='word_1_373' title='bbox 546 1467 624 1503; x_wconf 72' lang='grc' dir='ltr'>εἰσιν,</span> <span class='ocrx_word' id='word_1_374' title='bbox 649 1468 796 1505; x_wconf 85' lang='grc' dir='ltr'>ἀχρήστων</span> <span class='ocrx_word' id='word_1_375' title='bbox 821 1477 886 1504; x_wconf 88' lang='grc' dir='ltr'>καρ-</span> 
     </span>
    </p>
   </div>
   <div class='ocr_carea' id='block_1_53' title="bbox 73 1511 886 1550">
    <p class='ocr_par' dir='ltr' id='par_1_53' title="bbox 73 1511 886 1550">
     <span class='ocr_line' id='line_1_53' title="bbox 73 1511 886 1550; baseline 0 -11"><span class='ocrx_word' id='word_1_376' title='bbox 73 1514 121 1540; x_wconf 80' lang='grc' dir='ltr'><strong>πῶν</strong></span> <span class='ocrx_word' id='word_1_377' title='bbox 144 1513 256 1541; x_wconf 77' lang='grc' dir='ltr'>οἰστικαὶ</span> <span class='ocrx_word' id='word_1_378' title='bbox 273 1535 282 1547; x_wconf 78' lang='lat'><strong>,</strong></span> <span class='ocrx_word' id='word_1_379' title='bbox 303 1512 342 1544; x_wconf 78' lang='grc' dir='ltr'><strong>ιίς</strong></span> <span class='ocrx_word' id='word_1_380' title='bbox 366 1514 424 1550; x_wconf 62' lang='lat' dir='ltr'><strong>(Li)</strong></span> <span class='ocrx_word' id='word_1_381' title='bbox 448 1512 516 1549; x_wconf 79' lang='grc' dir='ltr'>ὕψος</span> <span class='ocrx_word' id='word_1_382' title='bbox 543 1513 673 1549; x_wconf 79' lang='grc' dir='ltr'>μήκιστον</span> <span class='ocrx_word' id='word_1_383' title='bbox 699 1511 886 1549; x_wconf 80' lang='grc' dir='ltr'><strong>αὐξανόμεναι,</strong></span> 
     </span>
    </p>
   </div>
   <div class='ocr_carea' id='block_1_54' title="bbox 73 1556 886 1594">
    <p class='ocr_par' dir='ltr' id='par_1_54' title="bbox 73 1556 886 1594">
     <span class='ocr_line' id='line_1_54' title="bbox 73 1556 886 1594; baseline 0 -11"><span class='ocrx_word' id='word_1_384' title='bbox 73 1557 111 1583; x_wconf 69' lang='grc' dir='ltr'><strong>καὶ</strong></span> <span class='ocrx_word' id='word_1_385' title='bbox 130 1558 167 1585; x_wconf 67' lang='grc' dir='ltr'>ἀεὶ</span> <span class='ocrx_word' id='word_1_386' title='bbox 189 1557 363 1586; x_wconf 72' lang='grc' dir='ltr'>ἒπιδιδοῦσαι</span> <span class='ocrx_word' id='word_1_387' title='bbox 378 1557 447 1585; x_wconf 75' lang='grc' dir='ltr'>κατὰ</span> <span class='ocrx_word' id='word_1_388' title='bbox 461 1558 510 1592; x_wconf 80' lang='grc' dir='ltr'>τὴν</span> <span class='ocrx_word' id='word_1_389' title='bbox 526 1558 686 1594; x_wconf 80' lang='grc' dir='ltr'>προσθήκην</span> <span class='ocrx_word' id='word_1_390' title='bbox 700 1558 749 1584; x_wconf 76' lang='grc' dir='ltr'>τοῖ’)</span> <span class='ocrx_word' id='word_1_391' title='bbox 773 1556 886 1594; x_wconf 84' lang='grc' dir='ltr'>χρόνου,</span> 
     </span>
    </p>
   </div>
   <div class='ocr_carea' id='block_1_55' title="bbox 75 1599 884 1640">
    <p class='ocr_par' dir='ltr' id='par_1_55' title="bbox 75 1599 884 1640">
     <span class='ocr_line' id='line_1_55' title="bbox 75 1599 884 1640; baseline 0 -12"><span class='ocrx_word' id='word_1_392' title='bbox 75 1599 125 1629; x_wconf 68' lang='grc' dir='ltr'>οὔτε</span> <span class='ocrx_word' id='word_1_393' title='bbox 141 1605 261 1640; x_wconf 82' lang='grc' dir='ltr'>γηρῶσαι</span> <span class='ocrx_word' id='word_1_394' title='bbox 292 1601 403 1640; x_wconf 75' lang='grc' dir='ltr'>ῥᾳδίως,</span> <span class='ocrx_word' id='word_1_395' title='bbox 421 1600 483 1629; x_wconf 69' lang='grc' dir='ltr'>οὔτε</span> <span class='ocrx_word' id='word_1_396' title='bbox 504 1601 627 1634; x_wconf 79' lang='grc' dir='ltr'>εὐκόλως</span> <span class='ocrx_word' id='word_1_397' title='bbox 654 1601 884 1638; x_wconf 70' lang='grc' dir='ltr'>κατασηπόμενον</span> 
     </span>
    </p>
   </div>
   <div class='ocr_carea' id='block_1_56' title="bbox 75 1639 924 1690">
    <p class='ocr_par' dir='ltr' id='par_1_56' title="bbox 75 1639 924 1690">
     <span class='ocr_line' id='line_1_56' title="bbox 75 1639 924 1690; baseline -0.001 -16"><span class='ocrx_word' id='word_1_398' title='bbox 75 1644 122 1674; x_wconf 72' lang='grc' dir='ltr'><strong>ὁδὶ</strong></span> <span class='ocrx_word' id='word_1_399' title='bbox 134 1639 245 1679; x_wconf 53' lang='grc' dir='ltr'>Λίϐανος</span> <span class='ocrx_word' id='word_1_400' title='bbox 263 1639 331 1684; x_wconf 77' lang='grc' dir='ltr'>ὅρος</span> <span class='ocrx_word' id='word_1_401' title='bbox 345 1645 575 1684; x_wconf 77' lang='grc' dir='ltr'>ιῖδωλολατρείας</span> <span class='ocrx_word' id='word_1_402' title='bbox 588 1639 750 1674; x_wconf 50' lang='lat' dir='ltr'><strong>tam).me</strong></span> <span class='ocrx_word' id='word_1_403' title='bbox 766 1646 815 1690; x_wconf 38' lang='grc' dir='ltr'>ἦν,</span> <span class='ocrx_word' id='word_1_404' title='bbox 831 1647 888 1674; x_wconf 88' lang='grc' dir='ltr'>Ἲνα</span> <span class='ocrx_word' id='word_1_405' title='bbox 902 1657 924 1690; x_wconf 75' lang='lat' dir='ltr'><strong>C</strong></span> 
     </span>
    </p>
   </div>
   <div class='ocr_carea' id='block_1_57' title="bbox 75 1689 887 1730">
    <p class='ocr_par' dir='ltr' id='par_1_57' title="bbox 75 1689 887 1730">
     <span class='ocr_line' id='line_1_57' title="bbox 75 1689 887 1730; baseline 0.001 -13"><span class='ocrx_word' id='word_1_406' title='bbox 75 1689 111 1717; x_wconf 65' lang='grc' dir='ltr'>οὖν</span> <span class='ocrx_word' id='word_1_407' title='bbox 133 1692 177 1723; x_wconf 73' lang='grc' dir='ltr'>τὰς</span> <span class='ocrx_word' id='word_1_408' title='bbox 201 1692 256 1720; x_wconf 67' lang='grc' dir='ltr'>ἐκεῖ</span> <span class='ocrx_word' id='word_1_409' title='bbox 293 1691 542 1730; x_wconf 71' lang='grc' dir='ltr'>ὖμφιλοχωρούσας</span> <span class='ocrx_word' id='word_1_410' title='bbox 565 1692 619 1728; x_wconf 78' lang='grc'><strong>(45)</strong></span> <span class='ocrx_word' id='word_1_411' title='bbox 645 1690 783 1728; x_wconf 79' lang='grc' dir='ltr'>ὀλεθρίους</span> <span class='ocrx_word' id='word_1_412' title='bbox 809 1689 887 1718; x_wconf 81' lang='grc' dir='ltr'>δυνά-</span> 
     </span>
    </p>
   </div>
   <div class='ocr_carea' id='block_1_58' title="bbox 77 1733 888 1774">
    <p class='ocr_par' dir='ltr' id='par_1_58' title="bbox 77 1733 888 1774">
     <span class='ocr_line' id='line_1_58' title="bbox 77 1733 888 1774; baseline 0.001 -13"><span class='ocrx_word' id='word_1_413' title='bbox 77 1745 126 1770; x_wconf 69' lang='grc' dir='ltr'>μεις</span> <span class='ocrx_word' id='word_1_414' title='bbox 146 1735 296 1772; x_wconf 72' lang='grc' dir='ltr'>ἐνδείξηται</span> <span class='ocrx_word' id='word_1_415' title='bbox 324 1737 403 1772; x_wconf 80' lang='grc' dir='ltr'>ἡμῖν,</span> <span class='ocrx_word' id='word_1_416' title='bbox 427 1734 541 1774; x_wconf 68' lang='grc' dir='ltr'>κέδρους</span> <span class='ocrx_word' id='word_1_417' title='bbox 564 1734 688 1772; x_wconf 81' lang='grc' dir='ltr'>ὠνόμασε</span> <span class='ocrx_word' id='word_1_418' title='bbox 706 1737 754 1763; x_wconf 81' lang='grc' dir='ltr'><strong>τοῦ</strong></span> <span class='ocrx_word' id='word_1_419' title='bbox 769 1733 888 1763; x_wconf 75' lang='grc' dir='ltr'>Λιϐάνου</span> 
     </span>
    </p>
   </div>
   <div class='ocr_carea' id='block_1_59' title="bbox 75 1779 889 1819">
    <p class='ocr_par' dir='ltr' id='par_1_59' title="bbox 75 1779 889 1819">
     <span class='ocr_line' id='line_1_59' title="bbox 75 1779 889 1819; baseline 0.001 -13"><span class='ocrx_word' id='word_1_420' title='bbox 75 1779 102 1806; x_wconf 67' lang='grc' dir='ltr'><strong>τε(</strong></span> <span class='ocrx_word' id='word_1_421' title='bbox 115 1780 240 1817; x_wconf 77' lang='grc' dir='ltr'>ὑψώματα</span> <span class='ocrx_word' id='word_1_422' title='bbox 266 1783 320 1815; x_wconf 79' lang='grc' dir='ltr'><strong>τῆς</strong></span> <span class='ocrx_word' id='word_1_423' title='bbox 333 1780 478 1819; x_wconf 65' lang='grc' dir='ltr'>πονηρίας,</span> <span class='ocrx_word' id='word_1_424' title='bbox 502 1780 536 1808; x_wconf 79' lang='grc' dir='ltr'><strong>τὰ</strong></span> <span class='ocrx_word' id='word_1_425' title='bbox 560 1779 726 1817; x_wconf 70' lang='grc' dir='ltr'>ἐπαιρόμινα</span> <span class='ocrx_word' id='word_1_426' title='bbox 751 1781 818 1808; x_wconf 74' lang='grc' dir='ltr'>κατὰ</span> <span class='ocrx_word' id='word_1_427' title='bbox 840 1783 889 1815; x_wconf 82' lang='grc' dir='ltr'>τῆς</span> 
     </span>
    </p>
   </div>
   <div class='ocr_carea' id='block_1_60' title="bbox 75 1824 888 1863">
    <p class='ocr_par' dir='ltr' id='par_1_60' title="bbox 75 1824 888 1863">
     <span class='ocr_line' id='line_1_60' title="bbox 75 1824 888 1863; baseline 0.002 -13"><span class='ocrx_word' id='word_1_428' title='bbox 75 1824 185 1860; x_wconf 59' lang='grc' dir='ltr'>«ρώπως</span> <span class='ocrx_word' id='word_1_429' title='bbox 210 1828 260 1853; x_wconf 79' lang='grc' dir='ltr'>τοῦ</span> <span class='ocrx_word' id='word_1_430' title='bbox 279 1827 355 1860; x_wconf 74' lang='grc' dir='ltr'>Θεοῦ,</span> <span class='ocrx_word' id='word_1_431' title='bbox 372 1825 434 1862; x_wconf 83' lang='grc' dir='ltr'>πιρὶ</span> <span class='ocrx_word' id='word_1_432' title='bbox 449 1825 486 1852; x_wconf 83' lang='grc' dir='ltr'>ὧν</span> <span class='ocrx_word' id='word_1_433' title='bbox 514 1824 559 1852; x_wconf 84' lang='grc' dir='ltr'><strong>καὶ</strong></span> <span class='ocrx_word' id='word_1_434' title='bbox 575 1825 589 1852; x_wconf 80' lang='grc' dir='ltr'>ὁ</span> <span class='ocrx_word' id='word_1_435' title='bbox 611 1825 721 1862; x_wconf 81' lang='grc' dir='ltr'>ψαλμός</span> <span class='ocrx_word' id='word_1_436' title='bbox 737 1835 830 1863; x_wconf 85' lang='grc' dir='ltr'>φησιν,</span> <span class='ocrx_word' id='word_1_437' title='bbox 847 1824 888 1852; x_wconf 73' lang='grc' dir='ltr'><strong>ὅτι</strong></span> 
     </span>
    </p>
   </div>
   <div class='ocr_carea' id='block_1_61' title="bbox 78 1867 889 1908">
    <p class='ocr_par' dir='ltr' id='par_1_61' title="bbox 78 1867 889 1908">
     <span class='ocr_line' id='line_1_61' title="bbox 78 1867 889 1908; baseline 0 -12"><span class='ocrx_word' id='word_1_438' title='bbox 78 1869 205 1907; x_wconf 81' lang='grc' dir='ltr'>Συντρίψει</span> <span class='ocrx_word' id='word_1_439' title='bbox 245 1870 344 1908; x_wconf 78' lang='grc' dir='ltr'>Κύριος</span> <span class='ocrx_word' id='word_1_440' title='bbox 377 1870 426 1900; x_wconf 76' lang='grc' dir='ltr'>τὰς</span> <span class='ocrx_word' id='word_1_441' title='bbox 464 1868 576 1908; x_wconf 74' lang='grc' dir='ltr'>κέδρους</span> <span class='ocrx_word' id='word_1_442' title='bbox 607 1871 655 1897; x_wconf 78' lang='grc' dir='ltr'>τοῦ</span> <span class='ocrx_word' id='word_1_443' title='bbox 681 1867 811 1898; x_wconf 80' lang='grc' dir='ltr'>Λιϐάνου.</span> <span class='ocrx_word' id='word_1_444' title='bbox 839 1869 889 1897; x_wconf 92' lang='grc' dir='ltr'><strong>Δύ-</strong></span> 
     </span>
    </p>
   </div>
   <div class='ocr_carea' id='block_1_62' title="bbox 76 1913 890 1952">
    <p class='ocr_par' dir='ltr' id='par_1_62' title="bbox 76 1913 890 1952">
     <span class='ocr_line' id='line_1_62' title="bbox 76 1913 890 1952; baseline 0.002 -13"><span class='ocrx_word' id='word_1_445' title='bbox 76 1923 142 1940; x_wconf 83' lang='grc' dir='ltr'>ναται</span> <span class='ocrx_word' id='word_1_446' title='bbox 174 1913 203 1942; x_wconf 69' lang='grc' dir='ltr'><strong>δὲ</strong></span> <span class='ocrx_word' id='word_1_447' title='bbox 239 1915 276 1942; x_wconf 82' lang='grc' dir='ltr'><strong>τὰ</strong></span> <span class='ocrx_word' id='word_1_448' title='bbox 311 1914 338 1942; x_wconf 81' lang='grc' dir='ltr'>ἐν</span> <span class='ocrx_word' id='word_1_449' title='bbox 376 1914 532 1952; x_wconf 82' lang='grc' dir='ltr'>ἀνθρώποις</span> <span class='ocrx_word' id='word_1_450' title='bbox 564 1913 712 1948; x_wconf 74' lang='grc' dir='ltr'>ἀλαζονικὰ</span> <span class='ocrx_word' id='word_1_451' title='bbox 743 1913 798 1949; x_wconf 78' lang='grc' dir='ltr'><strong>ἤθη</strong></span> <span class='ocrx_word' id='word_1_452' title='bbox 828 1913 890 1941; x_wconf 73' lang='grc' dir='ltr'>ἄνευ</span> 
     </span>
    </p>
   </div>
   <div class='ocr_carea' id='block_1_63' title="bbox 76 1955 890 1997">
    <p class='ocr_par' dir='ltr' id='par_1_63' title="bbox 76 1955 890 1997">
     <span class='ocr_line' id='line_1_63' title="bbox 76 1955 890 1997; baseline 0.001 -13"><span class='ocrx_word' id='word_1_453' title='bbox 76 1955 151 1989; x_wconf 73' lang='grc' dir='ltr'>αἷτίας</span> <span class='ocrx_word' id='word_1_454' title='bbox 165 1958 237 1990; x_wconf 82' lang='grc' dir='ltr'>τινὸς</span> <span class='ocrx_word' id='word_1_455' title='bbox 271 1956 425 1986; x_wconf 77' lang='grc' dir='ltr'>ἀκολούθου</span> <span class='ocrx_word' id='word_1_456' title='bbox 439 1957 508 1995; x_wconf 72' lang='grc' dir='ltr'>πρός</span> <span class='ocrx_word' id='word_1_457' title='bbox 523 1958 572 1992; x_wconf 82' lang='grc' dir='ltr'>τὴν</span> <span class='ocrx_word' id='word_1_458' title='bbox 589 1958 718 1997; x_wconf 84' lang='grc' dir='ltr'>φυσίωσιν</span> <span class='ocrx_word' id='word_1_459' title='bbox 744 1957 890 1996; x_wconf 67' lang='grc' dir='ltr'>ὶπαιρόμε-</span> 
     </span>
    </p>
   </div>
   <div class='ocr_carea' id='block_1_64' title="bbox 76 2001 889 2040">
    <p class='ocr_par' dir='ltr' id='par_1_64' title="bbox 76 2001 889 2040">
     <span class='ocr_line' id='line_1_64' title="bbox 76 2001 889 2040; baseline 0.004 -13"><span class='ocrx_word' id='word_1_460' title='bbox 76 2011 104 2028; x_wconf 82' lang='grc' dir='ltr'><strong>να</strong></span> <span class='ocrx_word' id='word_1_461' title='bbox 131 2001 172 2030; x_wconf 67' lang='grc' dir='ltr'><strong>διὰ</strong></span> <span class='ocrx_word' id='word_1_462' title='bbox 188 2006 242 2030; x_wconf 80' lang='grc' dir='ltr'><strong>τῶν</strong></span> <span class='ocrx_word' id='word_1_463' title='bbox 274 2001 376 2040; x_wconf 71' lang='grc' dir='ltr'>κίδρων</span> <span class='ocrx_word' id='word_1_464' title='bbox 406 2001 587 2030; x_wconf 73' lang='grc' dir='ltr'>αἰνίσσεσθαι.</span> <span class='ocrx_word' id='word_1_465' title='bbox 617 2004 694 2031; x_wconf 78' lang='grc' dir='ltr'>Ἔστι</span> <span class='ocrx_word' id='word_1_466' title='bbox 718 2003 771 2040; x_wconf 76' lang='grc' dir='ltr'><strong>γὰρ</strong></span> <span class='ocrx_word' id='word_1_467' title='bbox 794 2002 839 2030; x_wconf 81' lang='grc' dir='ltr'>καὶ</span> <span class='ocrx_word' id='word_1_468' title='bbox 864 2003 889 2030; x_wconf 75' lang='grc' dir='ltr'>ἒν</span> 
     </span>
    </p>
   </div>
   <div class='ocr_carea' id='block_1_65' title="bbox 77 2044 890 2084">
    <p class='ocr_par' dir='ltr' id='par_1_65' title="bbox 77 2044 890 2084">
     <span class='ocr_line' id='line_1_65' title="bbox 77 2044 890 2084; baseline 0.001 -12"><span class='ocrx_word' id='word_1_469' title='bbox 77 2048 191 2084; x_wconf 52' lang='lat' dir='ltr'><strong>caelibem</strong></span> <span class='ocrx_word' id='word_1_470' title='bbox 214 2047 233 2082; x_wconf 76' lang='grc' dir='ltr'><strong>ἢ</strong></span> <span class='ocrx_word' id='word_1_471' title='bbox 264 2048 364 2082; x_wconf 77' lang='grc' dir='ltr'>πιθανή</span> <span class='ocrx_word' id='word_1_472' title='bbox 380 2057 422 2077; x_wconf 87' lang='grc' dir='ltr'><strong>τις</strong></span> <span class='ocrx_word' id='word_1_473' title='bbox 443 2046 516 2074; x_wconf 79' lang='grc' dir='ltr'>αἰτία</span> <span class='ocrx_word' id='word_1_474' title='bbox 527 2047 577 2081; x_wconf 82' lang='grc' dir='ltr'><strong>τήν</strong></span> <span class='ocrx_word' id='word_1_475' title='bbox 600 2044 711 2084; x_wconf 58' lang='grc' dir='ltr'>κπαρσιν</span> <span class='ocrx_word' id='word_1_476' title='bbox 729 2046 890 2083; x_wconf 77' lang='grc' dir='ltr'>ἐμποιοῦσα,</span> 
     </span>
    </p>
   </div>
   <div class='ocr_carea' id='block_1_66' title="bbox 78 2090 891 2130">
    <p class='ocr_par' dir='ltr' id='par_1_66' title="bbox 78 2090 891 2130">
     <span class='ocr_line' id='line_1_66' title="bbox 78 2090 891 2130; baseline 0 -12"><span class='ocrx_word' id='word_1_477' title='bbox 78 2090 92 2123; x_wconf 73' lang='grc' dir='ltr'><strong>ἢ</strong></span> <span class='ocrx_word' id='word_1_478' title='bbox 117 2091 194 2127; x_wconf 73' lang='grc' dir='ltr'>πάντη</span> <span class='ocrx_word' id='word_1_479' title='bbox 223 2091 338 2129; x_wconf 77' lang='grc' dir='ltr'>ἄλογος.</span> <span class='ocrx_word' id='word_1_480' title='bbox 370 2092 434 2120; x_wconf 83' lang='grc' dir='ltr'>Οῖον</span> <span class='ocrx_word' id='word_1_481' title='bbox 464 2092 533 2127; x_wconf 80' lang='grc' dir='ltr'>(Ιὸ),</span> <span class='ocrx_word' id='word_1_482' title='bbox 562 2094 654 2130; x_wconf 81' lang='grc' dir='ltr'>φρονεῖ</span> <span class='ocrx_word' id='word_1_483' title='bbox 678 2102 719 2122; x_wconf 89' lang='grc' dir='ltr'><strong>τις</strong></span> <span class='ocrx_word' id='word_1_484' title='bbox 744 2091 785 2130; x_wconf 66' lang='grc' dir='ltr'><strong>ἔφ’</strong></span> <span class='ocrx_word' id='word_1_485' title='bbox 804 2091 891 2127; x_wconf 74' lang='grc' dir='ltr'>ἑαυτῷ</span> 
     </span>
    </p>
   </div>
   <div class='ocr_carea' id='block_1_67' title="bbox 78 2132 894 2175">
    <p class='ocr_par' dir='ltr' id='par_1_67' title="bbox 78 2132 894 2175">
     <span class='ocr_line' id='line_1_67' title="bbox 78 2132 894 2175; baseline 0 -12"><span class='ocrx_word' id='word_1_486' title='bbox 78 2132 107 2161; x_wconf 77' lang='grc' dir='ltr'><strong>δι’</strong></span> <span class='ocrx_word' id='word_1_487' title='bbox 146 2136 311 2174; x_wconf 71' lang='grc' dir='ltr'>ὲγκράτιιαν·</span> <span class='ocrx_word' id='word_1_488' title='bbox 350 2138 445 2174; x_wconf 70' lang='grc' dir='ltr'>φρονεῖ</span> <span class='ocrx_word' id='word_1_489' title='bbox 486 2135 532 2163; x_wconf 79' lang='grc' dir='ltr'><strong>διὰ</strong></span> <span class='ocrx_word' id='word_1_490' title='bbox 572 2136 758 2174; x_wconf 79' lang='grc' dir='ltr'>σωφροσύνην,</span> <span class='ocrx_word' id='word_1_491' title='bbox 799 2138 894 2175; x_wconf 77' lang='grc' dir='ltr'>φρονεῖ</span> 
     </span>
    </p>
   </div>
   <div class='ocr_carea' id='block_1_68' title="bbox 80 2177 892 2219">
    <p class='ocr_par' dir='ltr' id='par_1_68' title="bbox 80 2177 892 2219">
     <span class='ocr_line' id='line_1_68' title="bbox 80 2177 892 2219; baseline 0.004 -14"><span class='ocrx_word' id='word_1_492' title='bbox 80 2177 117 2206; x_wconf 72' lang='grc' dir='ltr'><strong>διὰ</strong></span> <span class='ocrx_word' id='word_1_493' title='bbox 140 2181 169 2208; x_wconf 81' lang='grc' dir='ltr'>τὸ</span> <span class='ocrx_word' id='word_1_494' title='bbox 197 2181 223 2208; x_wconf 70' lang='grc' dir='ltr'><strong>ἐν</strong></span> <span class='ocrx_word' id='word_1_495' title='bbox 252 2183 314 2212; x_wconf 87' lang='grc' dir='ltr'>ταῖς</span> <span class='ocrx_word' id='word_1_496' title='bbox 339 2183 508 2219; x_wconf 76' lang='grc' dir='ltr'>προσευχαῖς</span> <span class='ocrx_word' id='word_1_497' title='bbox 536 2180 665 2217; x_wconf 64' lang='grc' dir='ltr'>ἐπίμονον</span> <span class='ocrx_word' id='word_1_498' title='bbox 683 2189 690 2197; x_wconf 85' lang='grc'><em>’</em></span> <span class='ocrx_word' id='word_1_499' title='bbox 720 2183 810 2212; x_wconf 86' lang='grc' dir='ltr'>κακῶς</span> <span class='ocrx_word' id='word_1_500' title='bbox 844 2181 892 2217; x_wconf 73' lang='grc' dir='ltr'>μὲν</span> 
     </span>
    </p>
   </div>
   <div class='ocr_carea' id='block_1_69' title="bbox 79 2222 891 2264">
    <p class='ocr_par' dir='ltr' id='par_1_69' title="bbox 79 2222 891 2264">
     <span class='ocr_line' id='line_1_69' title="bbox 79 2222 891 2264; baseline 0.002 -14"><span class='ocrx_word' id='word_1_501' title='bbox 79 2228 143 2252; x_wconf 77' lang='grc' dir='ltr'>ποιεῖ</span> <span class='ocrx_word' id='word_1_502' title='bbox 159 2226 221 2264; x_wconf 79' lang='grc' dir='ltr'>παρ’</span> <span class='ocrx_word' id='word_1_503' title='bbox 249 2226 265 2253; x_wconf 83' lang='grc' dir='ltr'><strong>’ὀ</strong></span> <span class='ocrx_word' id='word_1_504' title='bbox 282 2224 324 2253; x_wconf 71' lang='grc' dir='ltr'><strong>δεῖ</strong></span> <span class='ocrx_word' id='word_1_505' title='bbox 339 2227 459 2263; x_wconf 77' lang='grc' dir='ltr'>φρονῶν,</span> <span class='ocrx_word' id='word_1_506' title='bbox 477 2224 550 2259; x_wconf 77' lang='grc' dir='ltr'>πλὴν</span> <span class='ocrx_word' id='word_1_507' title='bbox 579 2224 644 2253; x_wconf 59' lang='grc' dir='ltr'>ἀλλ’</span> <span class='ocrx_word' id='word_1_508' title='bbox 658 2222 715 2263; x_wconf 75' lang='grc' dir='ltr'>ἔχει</span> <span class='ocrx_word' id='word_1_509' title='bbox 732 2225 891 2253; x_wconf 64' lang='grc' dir='ltr'>ἀκιΛουθίαν</span> 
     </span>
    </p>
   </div>
   <div class='ocr_carea' id='block_1_70' title="bbox 79 2268 892 2308">
    <p class='ocr_par' dir='ltr' id='par_1_70' title="bbox 79 2268 892 2308">
     <span class='ocr_line' id='line_1_70' title="bbox 79 2268 892 2308; baseline 0.004 -14"><span class='ocrx_word' id='word_1_510' title='bbox 79 2268 105 2295; x_wconf 77' lang='grc' dir='ltr'>τὸ</span> <span class='ocrx_word' id='word_1_511' title='bbox 126 2269 245 2307; x_wconf 71' lang='grc' dir='ltr'>ὕψωμα.</span> <span class='ocrx_word' id='word_1_512' title='bbox 273 2270 302 2297; x_wconf 72' lang='grc'><strong>⁸0</strong></span> <span class='ocrx_word' id='word_1_513' title='bbox 338 2270 462 2300; x_wconf 81' lang='grc' dir='ltr'>τόιοῦτος</span> <span class='ocrx_word' id='word_1_514' title='bbox 500 2269 605 2306; x_wconf 84' lang='grc' dir='ltr'>ὑψηλὸν</span> <span class='ocrx_word' id='word_1_515' title='bbox 637 2270 684 2306; x_wconf 80' lang='grc' dir='ltr'>μὲν</span> <span class='ocrx_word' id='word_1_516' title='bbox 714 2269 769 2297; x_wconf 77' lang='grc' dir='ltr'>ἐστι</span> <span class='ocrx_word' id='word_1_517' title='bbox 799 2270 892 2308; x_wconf 79' lang='grc' dir='ltr'>φυτὸν,</span> 
     </span>
    </p>
   </div>
   <div class='ocr_carea' id='block_1_71' title="bbox 79 2312 893 2352">
    <p class='ocr_par' dir='ltr' id='par_1_71' title="bbox 79 2312 893 2352">
     <span class='ocr_line' id='line_1_71' title="bbox 79 2312 893 2352; baseline 0.001 -12"><span class='ocrx_word' id='word_1_518' title='bbox 79 2312 135 2341; x_wconf 75' lang='grc' dir='ltr'>ἀλλ’</span> <span class='ocrx_word' id='word_1_519' title='bbox 158 2313 302 2352; x_wconf 75' lang='grc' dir='ltr'>ἔγκαρπον·</span> <span class='ocrx_word' id='word_1_520' title='bbox 333 2315 347 2342; x_wconf 82' lang='grc'>6</span> <span class='ocrx_word' id='word_1_521' title='bbox 377 2313 405 2342; x_wconf 72' lang='grc' dir='ltr'><strong>δὲ</strong></span> <span class='ocrx_word' id='word_1_522' title='bbox 434 2313 496 2342; x_wconf 72' lang='grc' dir='ltr'>ἄνευ</span> <span class='ocrx_word' id='word_1_523' title='bbox 524 2314 648 2352; x_wconf 66' lang='grc' dir='ltr'>ιργασίας</span> <span class='ocrx_word' id='word_1_524' title='bbox 677 2314 749 2345; x_wconf 83' lang='grc' dir='ltr'>τινὸς</span> <span class='ocrx_word' id='word_1_525' title='bbox 779 2314 893 2352; x_wconf 82' lang='grc' dir='ltr'>ἀγαθῆς,</span> 
     </span>
    </p>
   </div>
   <div class='ocr_carea' id='block_1_72' title="bbox 79 2356 896 2397">
    <p class='ocr_par' dir='ltr' id='par_1_72' title="bbox 79 2356 896 2397">
     <span class='ocr_line' id='line_1_72' title="bbox 79 2356 896 2397; baseline 0.002 -12"><span class='ocrx_word' id='word_1_526' title='bbox 79 2357 94 2391; x_wconf 76' lang='grc' dir='ltr'>ἢ</span> <span class='ocrx_word' id='word_1_527' title='bbox 121 2356 162 2385; x_wconf 78' lang='grc' dir='ltr'>διὰ</span> <span class='ocrx_word' id='word_1_528' title='bbox 189 2358 320 2395; x_wconf 77' lang='grc' dir='ltr'>πλοῦτον,</span> <span class='ocrx_word' id='word_1_529' title='bbox 336 2358 354 2394; x_wconf 76' lang='grc' dir='ltr'><strong>ἢ</strong></span> <span class='ocrx_word' id='word_1_530' title='bbox 368 2358 404 2386; x_wconf 85' lang='grc' dir='ltr'><strong>δι’</strong></span> <span class='ocrx_word' id='word_1_531' title='bbox 419 2358 563 2397; x_wconf 60' lang='grc' dir='ltr'>εὐγένειαν,</span> <span class='ocrx_word' id='word_1_532' title='bbox 583 2358 601 2393; x_wconf 74' lang='grc' dir='ltr'><strong>ἢ</strong></span> <span class='ocrx_word' id='word_1_533' title='bbox 615 2357 659 2386; x_wconf 78' lang='grc' dir='ltr'>διὰ</span> <span class='ocrx_word' id='word_1_534' title='bbox 674 2358 800 2396; x_wconf 79' lang='grc' dir='ltr'>σώματος</span> <span class='ocrx_word' id='word_1_535' title='bbox 817 2358 896 2397; x_wconf 73' lang='grc' dir='ltr'>ἰσχὺν</span> 
     </span>
    </p>
   </div>
   <div class='ocr_carea' id='block_1_73' title="bbox 83 2403 896 2442">
    <p class='ocr_par' dir='ltr' id='par_1_73' title="bbox 83 2403 896 2442">
     <span class='ocr_line' id='line_1_73' title="bbox 83 2403 896 2442; baseline 0.001 -12"><span class='ocrx_word' id='word_1_536' title='bbox 83 2404 319 2441; x_wconf 74' lang='grc' dir='ltr'>μετεωριζόμενος,</span> <span class='ocrx_word' id='word_1_537' title='bbox 348 2403 445 2442; x_wconf 63' lang='grc' dir='ltr'>κέδρος</span> <span class='ocrx_word' id='word_1_538' title='bbox 461 2403 542 2438; x_wconf 59' lang='grc' dir='ltr'>ἔστὶν,</span> <span class='ocrx_word' id='word_1_539' title='bbox 569 2403 682 2442; x_wconf 77' lang='grc' dir='ltr'>ἀκάρπῳ</span> <span class='ocrx_word' id='word_1_540' title='bbox 703 2404 760 2440; x_wconf 81' lang='grc' dir='ltr'>ζωῇ</span> <span class='ocrx_word' id='word_1_541' title='bbox 782 2403 827 2431; x_wconf 77' lang='grc' dir='ltr'><strong>καὶ</strong></span> <span class='ocrx_word' id='word_1_542' title='bbox 851 2403 896 2431; x_wconf 85' lang='grc' dir='ltr'><strong>ἀν-</strong></span> 
     </span>
    </p>
   </div>
   <div class='ocr_carea' id='block_1_74' title="bbox 975 1110 1768 1146">
    <p class='ocr_par' dir='ltr' id='par_1_74' title="bbox 975 1110 1768 1146">
     <span class='ocr_line' id='line_1_74' title="bbox 975 1110 1768 1146; baseline 0.003 -9"><span class='ocrx_word' id='word_1_543' title='bbox 975 1111 1019 1138; x_wconf 86' lang='grc'><strong>90.</strong></span> <span class='ocrx_word' id='word_1_544' title='bbox 1033 1110 1121 1138; x_wconf 75' lang='lat' dir='ltr'><strong>Vsns.</strong></span> <span class='ocrx_word' id='word_1_545' title='bbox 1141 1110 1182 1137; x_wconf 87' lang='grc'><strong>13.</strong></span> <span class='ocrx_word' id='word_1_546' title='bbox 1193 1112 1230 1137; x_wconf 85' lang='lat' dir='ltr'><strong>Et</strong></span> <span class='ocrx_word' id='word_1_547' title='bbox 1243 1118 1327 1146; x_wconf 75' lang='lat' dir='ltr'><strong>super</strong></span> <span class='ocrx_word' id='word_1_548' title='bbox 1341 1118 1434 1139; x_wconf 72' lang='lat' dir='ltr'><strong>omnes</strong></span> <span class='ocrx_word' id='word_1_549' title='bbox 1449 1112 1545 1139; x_wconf 70' lang='lat' dir='ltr'><strong>codro:</strong></span> <span class='ocrx_word' id='word_1_550' title='bbox 1562 1111 1662 1140; x_wconf 76' lang='lat' dir='ltr'><strong>Libani</strong></span> <span class='ocrx_word' id='word_1_551' title='bbox 1676 1111 1768 1140; x_wconf 69' lang='lat' dir='ltr'><strong>excel-</strong></span> 
     </span>
    </p>
   </div>
   <div class='ocr_carea' id='block_1_75' title="bbox 939 1155 1766 1191">
    <p class='ocr_par' dir='ltr' id='par_1_75' title="bbox 939 1155 1766 1191">
     <span class='ocr_line' id='line_1_75' title="bbox 939 1155 1766 1191; baseline 0.004 -10"><span class='ocrx_word' id='word_1_552' title='bbox 939 1162 983 1182; x_wconf 77' lang='lat' dir='ltr'><strong>sas</strong></span> <span class='ocrx_word' id='word_1_553' title='bbox 998 1159 1023 1181; x_wconf 76' lang='lat' dir='ltr'><strong>et</strong></span> <span class='ocrx_word' id='word_1_554' title='bbox 1038 1155 1177 1182; x_wconf 79' lang='lat' dir='ltr'><strong>sublimes.</strong></span> <span class='ocrx_word' id='word_1_555' title='bbox 1194 1155 1306 1182; x_wconf 82' lang='lat' dir='ltr'><strong>Dixerit</strong></span> <span class='ocrx_word' id='word_1_556' title='bbox 1316 1155 1464 1191; x_wconf 85' lang='lat' dir='ltr'><strong>quispiam</strong></span> <span class='ocrx_word' id='word_1_557' title='bbox 1477 1164 1484 1184; x_wconf 90' lang='lat'><strong>:</strong></span> <span class='ocrx_word' id='word_1_558' title='bbox 1496 1156 1649 1188; x_wconf 85' lang='lat' dir='ltr'><strong>Quodnam</strong></span> <span class='ocrx_word' id='word_1_559' title='bbox 1661 1156 1766 1184; x_wconf 88' lang='lat' dir='ltr'><strong>vitium</strong></span> 
     </span>
    </p>
   </div>
   <div class='ocr_carea' id='block_1_76' title="bbox 940 1199 1765 1236">
    <p class='ocr_par' dir='ltr' id='par_1_76' title="bbox 940 1199 1765 1236">
     <span class='ocr_line' id='line_1_76' title="bbox 940 1199 1765 1236; baseline 0.004 -10"><span class='ocrx_word' id='word_1_560' title='bbox 940 1199 1017 1226; x_wconf 88' lang='lat' dir='ltr'><strong>inest</strong></span> <span class='ocrx_word' id='word_1_561' title='bbox 1028 1199 1163 1232; x_wconf 82' lang='lat' dir='ltr'><strong>cedro,cb</strong></span> <span class='ocrx_word' id='word_1_562' title='bbox 1178 1199 1255 1235; x_wconf 90' lang='lat' dir='ltr'><strong>quod</strong></span> <span class='ocrx_word' id='word_1_563' title='bbox 1271 1201 1299 1227; x_wconf 86' lang='lat' dir='ltr'><strong>et</strong></span> <span class='ocrx_word' id='word_1_564' title='bbox 1312 1199 1407 1236; x_wconf 85' lang='lat' dir='ltr'><strong>ipsius</strong></span> <span class='ocrx_word' id='word_1_565' title='bbox 1421 1200 1545 1228; x_wconf 83' lang='lat' dir='ltr'><strong>altitudo</strong></span> <span class='ocrx_word' id='word_1_566' title='bbox 1558 1200 1614 1228; x_wconf 90' lang='lat' dir='ltr'><strong>sibi</strong></span> <span class='ocrx_word' id='word_1_567' title='bbox 1626 1209 1643 1229; x_wconf 82' lang='lat' dir='ltr'><strong>a</strong></span> <span class='ocrx_word' id='word_1_568' title='bbox 1658 1203 1765 1229; x_wconf 79' lang='lat' dir='ltr'><strong>natura</strong></span> 
     </span>
    </p>
   </div>
   <div class='ocr_carea' id='block_1_77' title="bbox 940 1243 1765 1281">
    <p class='ocr_par' dir='ltr' id='par_1_77' title="bbox 940 1243 1765 1281">
     <span class='ocr_line' id='line_1_77' title="bbox 940 1243 1765 1281; baseline 0.004 -11"><span class='ocrx_word' id='word_1_569' title='bbox 940 1243 1033 1271; x_wconf 87' lang='lat' dir='ltr'><strong>indita</strong></span> <span class='ocrx_word' id='word_1_570' title='bbox 1047 1244 1083 1271; x_wconf 89' lang='lat' dir='ltr'><strong>ad</strong></span> <span class='ocrx_word' id='word_1_571' title='bbox 1099 1251 1220 1271; x_wconf 89' lang='lat' dir='ltr'><strong>examen</strong></span> <span class='ocrx_word' id='word_1_572' title='bbox 1245 1244 1431 1272; x_wconf 82' lang='lat' dir='ltr'><strong>adducatur?</strong></span> <span class='ocrx_word' id='word_1_573' title='bbox 1460 1245 1517 1273; x_wconf 90' lang='lat' dir='ltr'><strong>Cur</strong></span> <span class='ocrx_word' id='word_1_574' title='bbox 1544 1245 1632 1273; x_wconf 78' lang='lat' dir='ltr'><strong>etiam</strong></span> <span class='ocrx_word' id='word_1_575' title='bbox 1643 1253 1765 1281; x_wconf 88' lang='lat' dir='ltr'><strong>prorsus</strong></span> 
     </span>
    </p>
   </div>
   <div class='ocr_carea' id='block_1_78' title="bbox 942 1287 1765 1325">
    <p class='ocr_par' dir='ltr' id='par_1_78' title="bbox 942 1287 1765 1325">
     <span class='ocr_line' id='line_1_78' title="bbox 942 1287 1765 1325; baseline 0.004 -10"><span class='ocrx_word' id='word_1_576' title='bbox 942 1288 1020 1315; x_wconf 88' lang='lat' dir='ltr'><strong>diem</strong></span> <span class='ocrx_word' id='word_1_577' title='bbox 1036 1287 1116 1316; x_wconf 84' lang='lat' dir='ltr'><strong>illam</strong></span> <span class='ocrx_word' id='word_1_578' title='bbox 1132 1289 1229 1316; x_wconf 85' lang='lat' dir='ltr'><strong>cedris</strong></span> <span class='ocrx_word' id='word_1_579' title='bbox 1243 1289 1346 1316; x_wconf 90' lang='lat' dir='ltr'><strong>Libani</strong></span> <span class='ocrx_word' id='word_1_580' title='bbox 1369 1289 1522 1325; x_wconf 75' lang='lat' dir='ltr'><strong>Scriptura</strong></span> <span class='ocrx_word' id='word_1_581' title='bbox 1538 1290 1737 1318; x_wconf 79' lang='lat' dir='ltr'><strong>comminatur</strong></span> <span class='ocrx_word' id='word_1_582' title='bbox 1752 1290 1765 1318; x_wconf 73' lang='lat' dir='ltr'><strong>‘i</strong></span> 
     </span>
    </p>
   </div>
   <div class='ocr_carea' id='block_1_79' title="bbox 941 1332 1762 1370">
    <p class='ocr_par' dir='ltr' id='par_1_79' title="bbox 941 1332 1762 1370">
     <span class='ocr_line' id='line_1_79' title="bbox 941 1332 1762 1370; baseline 0.002 -11"><span class='ocrx_word' id='word_1_583' title='bbox 941 1332 1032 1360; x_wconf 84' lang='lat' dir='ltr'><strong>Nemo</strong></span> <span class='ocrx_word' id='word_1_584' title='bbox 1043 1333 1066 1360; x_wconf 90' lang='lat' dir='ltr'><strong>it</strong></span> <span class='ocrx_word' id='word_1_585' title='bbox 1076 1333 1190 1360; x_wconf 80' lang='lat' dir='ltr'><strong>inficias</strong></span> <span class='ocrx_word' id='word_1_586' title='bbox 1203 1333 1273 1369; x_wconf 89' lang='lat' dir='ltr'><strong>quin</strong></span> <span class='ocrx_word' id='word_1_587' title='bbox 1283 1342 1380 1361; x_wconf 84' lang='lat' dir='ltr'><strong>sermo</strong></span> <span class='ocrx_word' id='word_1_588' title='bbox 1387 1335 1422 1361; x_wconf 91' lang='lat' dir='ltr'><strong>de</strong></span> <span class='ocrx_word' id='word_1_589' title='bbox 1435 1333 1533 1361; x_wconf 81' lang='lat' dir='ltr'><strong>anima</strong></span> <span class='ocrx_word' id='word_1_590' title='bbox 1547 1333 1762 1370; x_wconf 69' lang='lat' dir='ltr'><strong>442pr¢editis</strong></span> 
     </span>
    </p>
   </div>
   <div class='ocr_carea' id='block_1_80' title="bbox 941 1377 1766 1415">
    <p class='ocr_par' dir='ltr' id='par_1_80' title="bbox 941 1377 1766 1415">
     <span class='ocr_line' id='line_1_80' title="bbox 941 1377 1766 1415; baseline 0.002 -11"><span class='ocrx_word' id='word_1_591' title='bbox 941 1377 1147 1413; x_wconf 87' lang='lat' dir='ltr'><strong>habeatur,qui</strong></span> <span class='ocrx_word' id='word_1_592' title='bbox 1157 1380 1263 1405; x_wconf 90' lang='lat' dir='ltr'><strong>tument</strong></span> <span class='ocrx_word' id='word_1_593' title='bbox 1271 1387 1304 1406; x_wconf 85' lang='lat' dir='ltr'><strong>ao</strong></span> <span class='ocrx_word' id='word_1_594' title='bbox 1312 1380 1529 1415; x_wconf 84' lang='lat' dir='ltr'><strong>turgescunt.ac</strong></span> <span class='ocrx_word' id='word_1_595' title='bbox 1537 1387 1626 1406; x_wconf 88' lang='lat' dir='ltr'><strong>sensu</strong></span> <span class='ocrx_word' id='word_1_596' title='bbox 1634 1381 1766 1414; x_wconf 83' lang='lat' dir='ltr'><strong>expertes</strong></span> 
     </span>
    </p>
   </div>
   <div class='ocr_carea' id='block_1_81' title="bbox 942 1423 1763 1459">
    <p class='ocr_par' dir='ltr' id='par_1_81' title="bbox 942 1423 1763 1459">
     <span class='ocr_line' id='line_1_81' title="bbox 942 1423 1763 1459; baseline 0.002 -10"><span class='ocrx_word' id='word_1_597' title='bbox 942 1430 1007 1450; x_wconf 88' lang='lat' dir='ltr'><strong>sese</strong></span> <span class='ocrx_word' id='word_1_598' title='bbox 1017 1423 1212 1450; x_wconf 76' lang='lat' dir='ltr'><strong>eﬁ‘erunt.Sed</strong></span> <span class='ocrx_word' id='word_1_599' title='bbox 1229 1423 1332 1458; x_wconf 88' lang='lat' dir='ltr'><strong>ecquid</strong></span> <span class='ocrx_word' id='word_1_600' title='bbox 1344 1423 1422 1450; x_wconf 91' lang='lat' dir='ltr'><strong>cedri</strong></span> <span class='ocrx_word' id='word_1_601' title='bbox 1434 1425 1445 1449; x_wconf 75' lang='grc' dir='ltr'><strong>Ρ</strong></span> <span class='ocrx_word' id='word_1_602' title='bbox 1456 1426 1485 1450; x_wconf 89' lang='lat' dir='ltr'><strong>et</strong></span> <span class='ocrx_word' id='word_1_603' title='bbox 1496 1432 1584 1459; x_wconf 90' lang='lat' dir='ltr'><strong>quam</strong></span> <span class='ocrx_word' id='word_1_604' title='bbox 1594 1424 1630 1451; x_wconf 81' lang='lat' dir='ltr'><strong>ob</strong></span> <span class='ocrx_word' id='word_1_605' title='bbox 1643 1431 1763 1452; x_wconf 85' lang='lat' dir='ltr'><strong>causam</strong></span> 
     </span>
    </p>
   </div>
   <div class='ocr_carea' id='block_1_82' title="bbox 943 1466 1765 1503">
    <p class='ocr_par' dir='ltr' id='par_1_82' title="bbox 943 1466 1765 1503">
     <span class='ocr_line' id='line_1_82' title="bbox 943 1466 1765 1503; baseline 0.002 -10"><span class='ocrx_word' id='word_1_606' title='bbox 943 1466 1019 1494; x_wconf 88' lang='lat' dir='ltr'><strong>cedri</strong></span> <span class='ocrx_word' id='word_1_607' title='bbox 1037 1466 1164 1494; x_wconf 79' lang='lat' dir='ltr'><strong>Libani?</strong></span> <span class='ocrx_word' id='word_1_608' title='bbox 1179 1466 1263 1494; x_wconf 88' lang='lat' dir='ltr'><strong>Cedri</strong></span> <span class='ocrx_word' id='word_1_609' title='bbox 1279 1467 1399 1494; x_wconf 79' lang='lat' dir='ltr'><strong>arbores</strong></span> <span class='ocrx_word' id='word_1_610' title='bbox 1412 1469 1560 1503; x_wconf 72' lang='lat' dir='ltr'><strong>sunt,quaa</strong></span> <span class='ocrx_word' id='word_1_611' title='bbox 1576 1468 1689 1495; x_wconf 83' lang='lat' dir='ltr'><strong>fructus</strong></span> <span class='ocrx_word' id='word_1_612' title='bbox 1700 1468 1765 1495; x_wconf 93' lang='lat' dir='ltr'><strong>usi-</strong></span> 
     </span>
    </p>
   </div>
   <div class='ocr_carea' id='block_1_83' title="bbox 942 1510 1766 1548">
    <p class='ocr_par' dir='ltr' id='par_1_83' title="bbox 942 1510 1766 1548">
     <span class='ocr_line' id='line_1_83' title="bbox 942 1510 1766 1548; baseline 0.004 -11"><span class='ocrx_word' id='word_1_613' title='bbox 942 1510 998 1538; x_wconf 87' lang='lat' dir='ltr'><strong>bus</strong></span> <span class='ocrx_word' id='word_1_614' title='bbox 1013 1510 1091 1537; x_wconf 87' lang='lat' dir='ltr'><strong>baud</strong></span> <span class='ocrx_word' id='word_1_615' title='bbox 1109 1511 1229 1538; x_wconf 87' lang='lat' dir='ltr'><strong>idoneos</strong></span> <span class='ocrx_word' id='word_1_616' title='bbox 1245 1511 1353 1544; x_wconf 79' lang='lat' dir='ltr'><strong>ferunt,</strong></span> <span class='ocrx_word' id='word_1_617' title='bbox 1369 1514 1564 1548; x_wconf 88' lang='lat' dir='ltr'><strong>crescuntque</strong></span> <span class='ocrx_word' id='word_1_618' title='bbox 1579 1512 1608 1540; x_wconf 94' lang='lat' dir='ltr'><strong>in</strong></span> <span class='ocrx_word' id='word_1_619' title='bbox 1616 1512 1766 1548; x_wconf 83' lang='lat' dir='ltr'><strong>amplissi-</strong></span> 
     </span>
    </p>
   </div>
   <div class='ocr_carea' id='block_1_84' title="bbox 942 1554 1767 1594">
    <p class='ocr_par' dir='ltr' id='par_1_84' title="bbox 942 1554 1767 1594">
     <span class='ocr_line' id='line_1_84' title="bbox 942 1554 1767 1594; baseline 0.006 -13"><span class='ocrx_word' id='word_1_620' title='bbox 942 1563 1020 1582; x_wconf 91' lang='lat' dir='ltr'><strong>mam</strong></span> <span class='ocrx_word' id='word_1_621' title='bbox 1032 1554 1260 1589; x_wconf 84' lang='lat' dir='ltr'><strong>altitudinem,et</strong></span> <span class='ocrx_word' id='word_1_622' title='bbox 1269 1564 1321 1592; x_wconf 81' lang='lat' dir='ltr'><strong>pro</strong></span> <span class='ocrx_word' id='word_1_623' title='bbox 1331 1557 1471 1592; x_wconf 87' lang='lat' dir='ltr'><strong>temporis</strong></span> <span class='ocrx_word' id='word_1_624' title='bbox 1484 1565 1639 1593; x_wconf 82' lang='lat' dir='ltr'><strong>progressu</strong></span> <span class='ocrx_word' id='word_1_625' title='bbox 1649 1565 1767 1594; x_wconf 80' lang='lat' dir='ltr'><strong>semper</strong></span> 
     </span>
    </p>
   </div>
   <div class='ocr_carea' id='block_1_85' title="bbox 942 1600 1765 1637">
    <p class='ocr_par' dir='ltr' id='par_1_85' title="bbox 942 1600 1765 1637">
     <span class='ocr_line' id='line_1_85' title="bbox 942 1600 1765 1637; baseline 0.004 -10"><span class='ocrx_word' id='word_1_626' title='bbox 942 1600 1147 1636; x_wconf 56' lang='lat' dir='ltr'><strong>augenturmix</strong></span> <span class='ocrx_word' id='word_1_627' title='bbox 1158 1603 1326 1635; x_wconf 85' lang='lat' dir='ltr'><strong>senescunt,</strong></span> <span class='ocrx_word' id='word_1_628' title='bbox 1341 1601 1446 1637; x_wconf 81' lang='lat' dir='ltr'><strong>vixque</strong></span> <span class='ocrx_word' id='word_1_629' title='bbox 1475 1604 1667 1637; x_wconf 87' lang='lat' dir='ltr'><strong>putrescunt:</strong></span> <span class='ocrx_word' id='word_1_630' title='bbox 1682 1602 1765 1630; x_wconf 84' lang='lat' dir='ltr'><strong>Liba-</strong></span> 
     </span>
    </p>
   </div>
   <div class='ocr_carea' id='block_1_86' title="bbox 943 1644 1767 1683">
    <p class='ocr_par' dir='ltr' id='par_1_86' title="bbox 943 1644 1767 1683">
     <span class='ocr_line' id='line_1_86' title="bbox 943 1644 1767 1683; baseline 0.004 -11"><span class='ocrx_word' id='word_1_631' title='bbox 943 1653 999 1672; x_wconf 88' lang='lat' dir='ltr'><strong>nus</strong></span> <span class='ocrx_word' id='word_1_632' title='bbox 1015 1647 1113 1672; x_wconf 88' lang='lat' dir='ltr'><strong>autem</strong></span> <span class='ocrx_word' id='word_1_633' title='bbox 1128 1644 1198 1672; x_wconf 90' lang='lat' dir='ltr'><strong>olim</strong></span> <span class='ocrx_word' id='word_1_634' title='bbox 1215 1654 1299 1673; x_wconf 87' lang='lat' dir='ltr'><strong>mons</strong></span> <span class='ocrx_word' id='word_1_635' title='bbox 1329 1649 1392 1673; x_wconf 88' lang='lat' dir='ltr'><strong>erat</strong></span> <span class='ocrx_word' id='word_1_636' title='bbox 1407 1646 1588 1675; x_wconf 77' lang='lat' dir='ltr'><strong>idololatriae.</strong></span> <span class='ocrx_word' id='word_1_637' title='bbox 1617 1647 1719 1683; x_wconf 84' lang='lat' dir='ltr'><strong>Itaque</strong></span> <span class='ocrx_word' id='word_1_638' title='bbox 1735 1649 1767 1674; x_wconf 90' lang='lat' dir='ltr'><strong>ut</strong></span> 
     </span>
    </p>
   </div>
   <div class='ocr_carea' id='block_1_87' title="bbox 942 1689 1766 1725">
    <p class='ocr_par' dir='ltr' id='par_1_87' title="bbox 942 1689 1766 1725">
     <span class='ocr_line' id='line_1_87' title="bbox 942 1689 1766 1725; baseline 0.002 -8"><span class='ocrx_word' id='word_1_639' title='bbox 942 1689 1080 1717; x_wconf 79' lang='lat' dir='ltr'><strong>exitiosae</strong></span> <span class='ocrx_word' id='word_1_640' title='bbox 1096 1691 1253 1725; x_wconf 85' lang='lat' dir='ltr'><strong>potestates</strong></span> <span class='ocrx_word' id='word_1_641' title='bbox 1265 1689 1324 1718; x_wconf 91' lang='lat' dir='ltr'><strong>illic</strong></span> <span class='ocrx_word' id='word_1_642' title='bbox 1332 1694 1548 1718; x_wconf 89' lang='lat' dir='ltr'><strong>commorantes</strong></span> <span class='ocrx_word' id='word_1_643' title='bbox 1560 1691 1644 1719; x_wconf 86' lang='lat' dir='ltr'><strong>nobis</strong></span> <span class='ocrx_word' id='word_1_644' title='bbox 1655 1691 1766 1719; x_wconf 87' lang='lat' dir='ltr'><strong>indica-</strong></span> 
     </span>
    </p>
   </div>
   <div class='ocr_carea' id='block_1_88' title="bbox 944 1733 1766 1770">
    <p class='ocr_par' dir='ltr' id='par_1_88' title="bbox 944 1733 1766 1770">
     <span class='ocr_line' id='line_1_88' title="bbox 944 1733 1766 1770; baseline 0.005 -10"><span class='ocrx_word' id='word_1_645' title='bbox 944 1736 997 1766; x_wconf 85' lang='lat' dir='ltr'><strong>ret,</strong></span> <span class='ocrx_word' id='word_1_646' title='bbox 1026 1733 1197 1761; x_wconf 85' lang='lat' dir='ltr'><strong>altitudines</strong></span> <span class='ocrx_word' id='word_1_647' title='bbox 1213 1734 1364 1770; x_wconf 63' lang='lat' dir='ltr'><strong>nequitiaz,</strong></span> <span class='ocrx_word' id='word_1_648' title='bbox 1380 1735 1520 1763; x_wconf 84' lang='lat' dir='ltr'><strong>adversus</strong></span> <span class='ocrx_word' id='word_1_649' title='bbox 1545 1736 1595 1763; x_wconf 87' lang='lat' dir='ltr'><strong>Dei</strong></span> <span class='ocrx_word' id='word_1_650' title='bbox 1611 1736 1766 1764; x_wconf 86' lang='lat' dir='ltr'><strong>scientiam</strong></span> 
     </span>
    </p>
   </div>
   <div class='ocr_carea' id='block_1_89' title="bbox 944 1778 1767 1816">
    <p class='ocr_par' dir='ltr' id='par_1_89' title="bbox 944 1778 1767 1816">
     <span class='ocr_line' id='line_1_89' title="bbox 944 1778 1767 1816; baseline 0.004 -11"><span class='ocrx_word' id='word_1_651' title='bbox 944 1786 974 1806; x_wconf 88' lang='lat' dir='ltr'><strong>se</strong></span> <span class='ocrx_word' id='word_1_652' title='bbox 990 1778 1157 1806; x_wconf 88' lang='lat' dir='ltr'><strong>attollentes</strong></span> <span class='ocrx_word' id='word_1_653' title='bbox 1171 1778 1310 1811; x_wconf 64' lang='lat' dir='ltr'><strong>3°,cedros</strong></span> <span class='ocrx_word' id='word_1_654' title='bbox 1322 1779 1422 1807; x_wconf 89' lang='lat' dir='ltr'><strong>Libani</strong></span> <span class='ocrx_word' id='word_1_655' title='bbox 1438 1780 1647 1814; x_wconf 86' lang='lat' dir='ltr'><strong>nominavit,de</strong></span> <span class='ocrx_word' id='word_1_656' title='bbox 1658 1780 1767 1816; x_wconf 88' lang='lat' dir='ltr'><strong>quibus</strong></span> 
     </span>
    </p>
   </div>
   <div class='ocr_carea' id='block_1_90' title="bbox 944 1822 1766 1859">
    <p class='ocr_par' dir='ltr' id='par_1_90' title="bbox 944 1822 1766 1859">
     <span class='ocr_line' id='line_1_90' title="bbox 944 1822 1766 1859; baseline 0.001 -9"><span class='ocrx_word' id='word_1_657' title='bbox 944 1823 985 1851; x_wconf 86' lang='lat' dir='ltr'><strong>ait</strong></span> <span class='ocrx_word' id='word_1_658' title='bbox 998 1822 1148 1858; x_wconf 87' lang='lat' dir='ltr'><strong>psalmus:</strong></span> <span class='ocrx_word' id='word_1_659' title='bbox 1166 1822 1329 1859; x_wconf 66' lang='lat' dir='ltr'><strong>Con/ﬁnget</strong></span> <span class='ocrx_word' id='word_1_660' title='bbox 1352 1824 1485 1852; x_wconf 71' lang='lat' dir='ltr'><strong>Dominus</strong></span> <span class='ocrx_word' id='word_1_661' title='bbox 1512 1824 1606 1852; x_wconf 78' lang='lat' dir='ltr'><strong>cedrus</strong></span> <span class='ocrx_word' id='word_1_662' title='bbox 1622 1824 1720 1851; x_wconf 80' lang='lat' dir='ltr'><strong>Libani</strong></span> <span class='ocrx_word' id='word_1_663' title='bbox 1733 1824 1766 1851; x_wconf 79' lang='grc' dir='ltr'><strong>⁸ο.</strong></span> 
     </span>
    </p>
   </div>
   <div class='ocr_carea' id='block_1_91' title="bbox 945 1867 1767 1904">
    <p class='ocr_par' dir='ltr' id='par_1_91' title="bbox 945 1867 1767 1904">
     <span class='ocr_line' id='line_1_91' title="bbox 945 1867 1767 1904; baseline 0.001 -9"><span class='ocrx_word' id='word_1_664' title='bbox 945 1868 1032 1895; x_wconf 88' lang='lat' dir='ltr'><strong>Porro</strong></span> <span class='ocrx_word' id='word_1_665' title='bbox 1044 1867 1171 1903; x_wconf 85' lang='lat' dir='ltr'><strong>superba</strong></span> <span class='ocrx_word' id='word_1_666' title='bbox 1186 1867 1340 1895; x_wconf 86' lang='lat' dir='ltr'><strong>hominum</strong></span> <span class='ocrx_word' id='word_1_667' title='bbox 1349 1868 1467 1904; x_wconf 84' lang='lat' dir='ltr'><strong>ingenia</strong></span> <span class='ocrx_word' id='word_1_668' title='bbox 1474 1869 1545 1896; x_wconf 85' lang='lat' dir='ltr'><strong>citra</strong></span> <span class='ocrx_word' id='word_1_669' title='bbox 1552 1868 1643 1896; x_wconf 86' lang='lat' dir='ltr'><strong>ullam</strong></span> <span class='ocrx_word' id='word_1_670' title='bbox 1653 1876 1767 1904; x_wconf 68' lang='lat' dir='ltr'><strong>aequam</strong></span> 
     </span>
    </p>
   </div>
   <div class='ocr_carea' id='block_1_92' title="bbox 945 1911 1768 1949">
    <p class='ocr_par' dir='ltr' id='par_1_92' title="bbox 945 1911 1768 1949">
     <span class='ocr_line' id='line_1_92' title="bbox 945 1911 1768 1949; baseline 0.001 -9"><span class='ocrx_word' id='word_1_671' title='bbox 945 1911 1086 1940; x_wconf 87' lang='lat' dir='ltr'><strong>rationem</strong></span> <span class='ocrx_word' id='word_1_672' title='bbox 1105 1912 1139 1939; x_wconf 83' lang='lat' dir='ltr'><strong>ad</strong></span> <span class='ocrx_word' id='word_1_673' title='bbox 1156 1914 1302 1939; x_wconf 87' lang='lat' dir='ltr'><strong>tumorem</strong></span> <span class='ocrx_word' id='word_1_674' title='bbox 1320 1920 1413 1948; x_wconf 84' lang='lat' dir='ltr'><strong>usque</strong></span> <span class='ocrx_word' id='word_1_675' title='bbox 1428 1912 1503 1940; x_wconf 82' lang='lat' dir='ltr'><strong>elata</strong></span> <span class='ocrx_word' id='word_1_676' title='bbox 1518 1921 1568 1949; x_wconf 89' lang='lat' dir='ltr'><strong>per</strong></span> <span class='ocrx_word' id='word_1_677' title='bbox 1583 1913 1684 1940; x_wconf 78' lang='lat' dir='ltr'><strong>cedrus</strong></span> <span class='ocrx_word' id='word_1_678' title='bbox 1700 1921 1768 1948; x_wconf 87' lang='lat' dir='ltr'><strong>pos-</strong></span> 
     </span>
    </p>
   </div>
   <div class='ocr_carea' id='block_1_93' title="bbox 945 1956 1768 1991">
    <p class='ocr_par' dir='ltr' id='par_1_93' title="bbox 945 1956 1768 1991">
     <span class='ocr_line' id='line_1_93' title="bbox 945 1956 1768 1991; baseline 0.001 -7"><span class='ocrx_word' id='word_1_679' title='bbox 945 1959 1016 1984; x_wconf 89' lang='lat' dir='ltr'><strong>sunt</strong></span> <span class='ocrx_word' id='word_1_680' title='bbox 1030 1956 1202 1991; x_wconf 83' lang='lat' dir='ltr'><strong>signiﬁcari.</strong></span> <span class='ocrx_word' id='word_1_681' title='bbox 1218 1956 1372 1984; x_wconf 87' lang='lat' dir='ltr'><strong>Enimvero</strong></span> <span class='ocrx_word' id='word_1_682' title='bbox 1383 1956 1471 1984; x_wconf 79' lang='lat' dir='ltr'><strong>etiam</strong></span> <span class='ocrx_word' id='word_1_683' title='bbox 1499 1957 1530 1984; x_wconf 89' lang='lat' dir='ltr'><strong>in</strong></span> <span class='ocrx_word' id='word_1_684' title='bbox 1546 1957 1637 1984; x_wconf 89' lang='lat' dir='ltr'><strong>animi</strong></span> <span class='ocrx_word' id='word_1_685' title='bbox 1652 1959 1768 1985; x_wconf 86' lang='lat' dir='ltr'><strong>tumore</strong></span> 
     </span>
    </p>
   </div>
   <div class='ocr_carea' id='block_1_94' title="bbox 945 2000 1770 2037">
    <p class='ocr_par' dir='ltr' id='par_1_94' title="bbox 945 2000 1770 2037">
     <span class='ocr_line' id='line_1_94' title="bbox 945 2000 1770 2037; baseline 0.001 -8"><span class='ocrx_word' id='word_1_686' title='bbox 945 2004 996 2029; x_wconf 82' lang='lat' dir='ltr'><strong>aut</strong></span> <span class='ocrx_word' id='word_1_687' title='bbox 1011 2000 1098 2028; x_wconf 87' lang='lat' dir='ltr'><strong>elatio</strong></span> <span class='ocrx_word' id='word_1_688' title='bbox 1109 2000 1239 2036; x_wconf 80' lang='lat' dir='ltr'><strong>gignitur</strong></span> <span class='ocrx_word' id='word_1_689' title='bbox 1250 2008 1284 2027; x_wconf 87' lang='lat' dir='ltr'><strong>ex</strong></span> <span class='ocrx_word' id='word_1_690' title='bbox 1312 2001 1447 2036; x_wconf 84' lang='lat' dir='ltr'><strong>speciosa</strong></span> <span class='ocrx_word' id='word_1_691' title='bbox 1475 2001 1576 2037; x_wconf 88' lang='lat' dir='ltr'><strong>aliqua</strong></span> <span class='ocrx_word' id='word_1_692' title='bbox 1604 2009 1704 2035; x_wconf 87' lang='lat' dir='ltr'><strong>causa,</strong></span> <span class='ocrx_word' id='word_1_693' title='bbox 1720 2004 1770 2030; x_wconf 84' lang='lat' dir='ltr'><strong>aut</strong></span> 
     </span>
    </p>
   </div>
   <div class='ocr_carea' id='block_1_95' title="bbox 946 2044 1768 2081">
    <p class='ocr_par' dir='ltr' id='par_1_95' title="bbox 946 2044 1768 2081">
     <span class='ocr_line' id='line_1_95' title="bbox 946 2044 1768 2081; baseline 0.001 -8"><span class='ocrx_word' id='word_1_694' title='bbox 946 2045 1057 2073; x_wconf 80' lang='lat' dir='ltr'><strong>ratione</strong></span> <span class='ocrx_word' id='word_1_695' title='bbox 1081 2044 1162 2071; x_wconf 83' lang='lat' dir='ltr'><strong>nulla</strong></span> <span class='ocrx_word' id='word_1_696' title='bbox 1192 2044 1306 2072; x_wconf 88' lang='lat' dir='ltr'><strong>nititur.</strong></span> <span class='ocrx_word' id='word_1_697' title='bbox 1332 2045 1464 2081; x_wconf 85' lang='lat' dir='ltr'><strong>Exempli</strong></span> <span class='ocrx_word' id='word_1_698' title='bbox 1492 2045 1596 2081; x_wconf 81' lang='lat' dir='ltr'><strong>gratia,</strong></span> <span class='ocrx_word' id='word_1_699' title='bbox 1621 2045 1768 2081; x_wconf 84' lang='lat' dir='ltr'><strong>quispiam</strong></span> 
     </span>
    </p>
   </div>
   <div class='ocr_carea' id='block_1_96' title="bbox 946 2088 1770 2125">
    <p class='ocr_par' dir='ltr' id='par_1_96' title="bbox 946 2088 1770 2125">
     <span class='ocr_line' id='line_1_96' title="bbox 946 2088 1770 2125; baseline 0 -8"><span class='ocrx_word' id='word_1_700' title='bbox 946 2089 1001 2117; x_wconf 84' lang='lat' dir='ltr'><strong>sibi</strong></span> <span class='ocrx_word' id='word_1_701' title='bbox 1014 2088 1138 2116; x_wconf 90' lang='lat' dir='ltr'><strong>nimium</strong></span> <span class='ocrx_word' id='word_1_702' title='bbox 1154 2091 1270 2124; x_wconf 84' lang='lat' dir='ltr'><strong>arrogat</strong></span> <span class='ocrx_word' id='word_1_703' title='bbox 1294 2091 1413 2124; x_wconf 85' lang='lat' dir='ltr'><strong>propter</strong></span> <span class='ocrx_word' id='word_1_704' title='bbox 1428 2089 1639 2117; x_wconf 88' lang='lat' dir='ltr'><strong>continentiam</strong></span> <span class='ocrx_word' id='word_1_705' title='bbox 1653 2099 1660 2118; x_wconf 93' lang='lat'><strong>:</strong></span> <span class='ocrx_word' id='word_1_706' title='bbox 1673 2090 1770 2125; x_wconf 85' lang='lat' dir='ltr'><strong>seipse</strong></span> 
     </span>
    </p>
   </div>
   <div class='ocr_carea' id='block_1_97' title="bbox 947 2133 1769 2170">
    <p class='ocr_par' dir='ltr' id='par_1_97' title="bbox 947 2133 1769 2170">
     <span class='ocr_line' id='line_1_97' title="bbox 947 2133 1769 2170; baseline -0.001 -7"><span class='ocrx_word' id='word_1_707' title='bbox 947 2135 983 2163; x_wconf 88' lang='lat' dir='ltr'><strong>ob</strong></span> <span class='ocrx_word' id='word_1_708' title='bbox 999 2133 1224 2170; x_wconf 86' lang='lat' dir='ltr'><strong>temperantiam</strong></span> <span class='ocrx_word' id='word_1_709' title='bbox 1234 2133 1325 2169; x_wconf 73' lang='lat' dir='ltr'><strong>eli‘ert,</strong></span> <span class='ocrx_word' id='word_1_710' title='bbox 1335 2134 1426 2169; x_wconf 85' lang='lat' dir='ltr'><strong>jactat</strong></span> <span class='ocrx_word' id='word_1_711' title='bbox 1440 2142 1470 2161; x_wconf 88' lang='lat' dir='ltr'><strong>se</strong></span> <span class='ocrx_word' id='word_1_712' title='bbox 1486 2134 1521 2162; x_wconf 92' lang='lat' dir='ltr'><strong>ob</strong></span> <span class='ocrx_word' id='word_1_713' title='bbox 1534 2142 1619 2162; x_wconf 86' lang='lat' dir='ltr'><strong>suam</strong></span> <span class='ocrx_word' id='word_1_714' title='bbox 1635 2133 1664 2162; x_wconf 92' lang='lat' dir='ltr'><strong>in</strong></span> <span class='ocrx_word' id='word_1_715' title='bbox 1677 2135 1769 2170; x_wconf 86' lang='lat' dir='ltr'><strong>preci-</strong></span> 
     </span>
    </p>
   </div>
   <div class='ocr_carea' id='block_1_98' title="bbox 949 2177 1769 2214">
    <p class='ocr_par' dir='ltr' id='par_1_98' title="bbox 949 2177 1769 2214">
     <span class='ocr_line' id='line_1_98' title="bbox 949 2177 1769 2214; baseline 0 -8"><span class='ocrx_word' id='word_1_716' title='bbox 949 2179 1003 2206; x_wconf 86' lang='lat' dir='ltr'><strong>bus</strong></span> <span class='ocrx_word' id='word_1_717' title='bbox 1019 2178 1281 2214; x_wconf 87' lang='lat' dir='ltr'><strong>perseverantiam:</strong></span> <span class='ocrx_word' id='word_1_718' title='bbox 1300 2177 1385 2214; x_wconf 88' lang='lat' dir='ltr'><strong>plane</strong></span> <span class='ocrx_word' id='word_1_719' title='bbox 1413 2186 1566 2214; x_wconf 87' lang='lat' dir='ltr'><strong>perperam</strong></span> <span class='ocrx_word' id='word_1_720' title='bbox 1596 2178 1668 2214; x_wconf 79' lang='lat' dir='ltr'><strong>agit,</strong></span> <span class='ocrx_word' id='word_1_721' title='bbox 1698 2179 1769 2207; x_wconf 91' lang='lat' dir='ltr'><strong>dum</strong></span> 
     </span>
    </p>
   </div>
   <div class='ocr_carea' id='block_1_99' title="bbox 949 2223 1771 2260">
    <p class='ocr_par' dir='ltr' id='par_1_99' title="bbox 949 2223 1771 2260">
     <span class='ocr_line' id='line_1_99' title="bbox 949 2223 1771 2260; baseline 0 -9"><span class='ocrx_word' id='word_1_722' title='bbox 949 2226 1142 2260; x_wconf 79' lang='lat' dir='ltr'><strong>praeterquam</strong></span> <span class='ocrx_word' id='word_1_723' title='bbox 1187 2223 1264 2259; x_wconf 87' lang='lat' dir='ltr'><strong>quod</strong></span> <span class='ocrx_word' id='word_1_724' title='bbox 1304 2223 1397 2257; x_wconf 87' lang='lat' dir='ltr'><strong>decet,</strong></span> <span class='ocrx_word' id='word_1_725' title='bbox 1423 2223 1566 2259; x_wconf 86' lang='lat' dir='ltr'><strong>gloriatur</strong></span> <span class='ocrx_word' id='word_1_726' title='bbox 1589 2232 1596 2251; x_wconf 87' lang='lat'><strong>:</strong></span> <span class='ocrx_word' id='word_1_727' title='bbox 1625 2225 1771 2251; x_wconf 86' lang='lat' dir='ltr'><strong>verumta-</strong></span> 
     </span>
    </p>
   </div>
   <div class='ocr_carea' id='block_1_100' title="bbox 949 2268 1772 2304">
    <p class='ocr_par' dir='ltr' id='par_1_100' title="bbox 949 2268 1772 2304">
     <span class='ocr_line' id='line_1_100' title="bbox 949 2268 1772 2304; baseline 0 -8"><span class='ocrx_word' id='word_1_728' title='bbox 949 2277 1016 2297; x_wconf 89' lang='lat' dir='ltr'><strong>men</strong></span> <span class='ocrx_word' id='word_1_729' title='bbox 1044 2268 1184 2296; x_wconf 85' lang='lat' dir='ltr'><strong>ratiouem</strong></span> <span class='ocrx_word' id='word_1_730' title='bbox 1212 2270 1443 2304; x_wconf 74' lang='lat' dir='ltr'><strong>praetextumtu</strong></span> <span class='ocrx_word' id='word_1_731' title='bbox 1471 2268 1559 2296; x_wconf 87' lang='lat' dir='ltr'><strong>habet</strong></span> <span class='ocrx_word' id='word_1_732' title='bbox 1591 2268 1687 2297; x_wconf 87' lang='lat' dir='ltr'><strong>elatio.</strong></span> <span class='ocrx_word' id='word_1_733' title='bbox 1717 2269 1772 2301; x_wconf 87' lang='lat' dir='ltr'><strong>Qui</strong></span> 
     </span>
    </p>
   </div>
   <div class='ocr_carea' id='block_1_101' title="bbox 949 2313 1772 2350">
    <p class='ocr_par' dir='ltr' id='par_1_101' title="bbox 949 2313 1772 2350">
     <span class='ocr_line' id='line_1_101' title="bbox 949 2313 1772 2350; baseline 0.001 -9"><span class='ocrx_word' id='word_1_734' title='bbox 949 2313 1094 2350; x_wconf 85' lang='lat' dir='ltr'><strong>ejusmodi</strong></span> <span class='ocrx_word' id='word_1_735' title='bbox 1127 2316 1182 2348; x_wconf 88' lang='lat' dir='ltr'><strong>est,</strong></span> <span class='ocrx_word' id='word_1_736' title='bbox 1216 2314 1302 2342; x_wconf 90' lang='lat' dir='ltr'><strong>arbor</strong></span> <span class='ocrx_word' id='word_1_737' title='bbox 1329 2313 1448 2350; x_wconf 88' lang='lat' dir='ltr'><strong>quidem</strong></span> <span class='ocrx_word' id='word_1_738' title='bbox 1478 2315 1523 2342; x_wconf 88' lang='lat' dir='ltr'><strong>est</strong></span> <span class='ocrx_word' id='word_1_739' title='bbox 1554 2313 1677 2348; x_wconf 82' lang='lat' dir='ltr'><strong>excelsa,</strong></span> <span class='ocrx_word' id='word_1_740' title='bbox 1720 2314 1772 2342; x_wconf 87' lang='lat' dir='ltr'><strong>sed</strong></span> 
     </span>
    </p>
   </div>
   <div class='ocr_carea' id='block_1_102' title="bbox 950 2358 1774 2394">
    <p class='ocr_par' dir='ltr' id='par_1_102' title="bbox 950 2358 1774 2394">
     <span class='ocr_line' id='line_1_102' title="bbox 950 2358 1774 2394; baseline 0 -7"><span class='ocrx_word' id='word_1_741' title='bbox 950 2359 1117 2393; x_wconf 79' lang='lat' dir='ltr'><strong>fructifera;</strong></span> <span class='ocrx_word' id='word_1_742' title='bbox 1135 2358 1182 2394; x_wconf 89' lang='lat' dir='ltr'><strong>qui</strong></span> <span class='ocrx_word' id='word_1_743' title='bbox 1195 2366 1262 2387; x_wconf 87' lang='lat' dir='ltr'><strong>vero</strong></span> <span class='ocrx_word' id='word_1_744' title='bbox 1278 2359 1341 2386; x_wconf 89' lang='lat' dir='ltr'><strong>sine</strong></span> <span class='ocrx_word' id='word_1_745' title='bbox 1357 2359 1433 2387; x_wconf 90' lang='lat' dir='ltr'><strong>bono</strong></span> <span class='ocrx_word' id='word_1_746' title='bbox 1449 2358 1507 2387; x_wconf 94' lang='lat' dir='ltr'><strong>ullo</strong></span> <span class='ocrx_word' id='word_1_747' title='bbox 1520 2367 1607 2394; x_wconf 87' lang='lat' dir='ltr'><strong>opere</strong></span> <span class='ocrx_word' id='word_1_748' title='bbox 1635 2367 1700 2388; x_wconf 82' lang='lat' dir='ltr'><strong>sese</strong></span> <span class='ocrx_word' id='word_1_749' title='bbox 1723 2367 1774 2387; x_wconf 87' lang='lat' dir='ltr'><strong>ex-</strong></span> 
     </span>
    </p>
   </div>
   <div class='ocr_carea' id='block_1_103' title="bbox 949 2403 1772 2440">
    <p class='ocr_par' dir='ltr' id='par_1_103' title="bbox 949 2403 1772 2440">
     <span class='ocr_line' id='line_1_103' title="bbox 949 2403 1772 2440; baseline 0 -8"><span class='ocrx_word' id='word_1_750' title='bbox 949 2403 1035 2439; x_wconf 85' lang='lat' dir='ltr'><strong>tollit,</strong></span> <span class='ocrx_word' id='word_1_751' title='bbox 1053 2405 1134 2440; x_wconf 87' lang='lat' dir='ltr'><strong>puta,</strong></span> <span class='ocrx_word' id='word_1_752' title='bbox 1150 2403 1192 2431; x_wconf 90' lang='lat' dir='ltr'><strong>vel</strong></span> <span class='ocrx_word' id='word_1_753' title='bbox 1210 2406 1329 2440; x_wconf 87' lang='lat' dir='ltr'><strong>propter</strong></span> <span class='ocrx_word' id='word_1_754' title='bbox 1344 2403 1471 2438; x_wconf 80' lang='lat' dir='ltr'><strong>divitias,</strong></span> <span class='ocrx_word' id='word_1_755' title='bbox 1487 2403 1532 2432; x_wconf 90' lang='lat' dir='ltr'><strong>vel</strong></span> <span class='ocrx_word' id='word_1_756' title='bbox 1547 2403 1663 2440; x_wconf 77' lang='lat' dir='ltr'><strong>generis</strong></span> <span class='ocrx_word' id='word_1_757' title='bbox 1672 2403 1772 2440; x_wconf 87' lang='lat' dir='ltr'><strong>splen-</strong></span> 
     </span>
    </p>
   </div>
   <div class='ocr_carea' id='block_1_104' title="bbox 111 2484 890 2521">
    <p class='ocr_par' dir='ltr' id='par_1_104' title="bbox 111 2484 880 2521">
     <span class='ocr_line' id='line_1_104' title="bbox 111 2484 880 2521; baseline 0 -8"><span class='ocrx_word' id='word_1_758' title='bbox 111 2484 131 2502; x_wconf 84' lang='grc'><strong>³⁷</strong></span> <span class='ocrx_word' id='word_1_759' title='bbox 147 2485 213 2513; x_wconf 85' lang='lat' dir='ltr'><strong>Luc.</strong></span> <span class='ocrx_word' id='word_1_760' title='bbox 225 2494 275 2520; x_wconf 85' lang='lat' dir='ltr'><strong>xu,</strong></span> <span class='ocrx_word' id='word_1_761' title='bbox 290 2485 335 2513; x_wconf 87' lang='lat'><strong>29.</strong></span> <span class='ocrx_word' id='word_1_762' title='bbox 349 2485 370 2503; x_wconf 78' lang='grc'><strong>³⁸</strong></span> <span class='ocrx_word' id='word_1_763' title='bbox 386 2485 462 2514; x_wconf 86' lang='lat' dir='ltr'><strong>Psal.</strong></span> <span class='ocrx_word' id='word_1_764' title='bbox 474 2493 560 2513; x_wconf 72' lang='lat' dir='ltr'><strong>cxxx.</strong></span> <span class='ocrx_word' id='word_1_765' title='bbox 574 2485 599 2513; x_wconf 83' lang='grc'><strong>1.</strong></span> <span class='ocrx_word' id='word_1_766' title='bbox 617 2485 640 2503; x_wconf 74' lang='grc' dir='ltr'><strong>³ο</strong></span> <span class='ocrx_word' id='word_1_767' title='bbox 654 2485 678 2514; x_wconf 88' lang='grc' dir='ltr'>ΙΙ</span> <span class='ocrx_word' id='word_1_768' title='bbox 694 2487 757 2514; x_wconf 90' lang='lat' dir='ltr'><strong>Cor.</strong></span> <span class='ocrx_word' id='word_1_769' title='bbox 771 2494 800 2521; x_wconf 84' lang='lat' dir='ltr'><strong>x,</strong></span> <span class='ocrx_word' id='word_1_770' title='bbox 815 2485 843 2513; x_wconf 87' lang='lat'><strong>5.</strong></span> <span class='ocrx_word' id='word_1_771' title='bbox 857 2485 880 2503; x_wconf 78' lang='grc' dir='ltr'><strong>⁸ο</strong></span> 
     </span>
    </p>
   </div>
   <div class='ocr_carea' id='block_1_105' title="bbox 947 2484 1130 2521">
    <p class='ocr_par' dir='ltr' id='par_1_105' title="bbox 947 2484 1130 2518">
     <span class='ocr_line' id='line_1_105' title="bbox 947 2484 1130 2518; baseline -0.005 -5"><span class='ocrx_word' id='word_1_772' title='bbox 947 2484 972 2513; x_wconf 74' lang='lat' dir='ltr'><strong>il.</strong></span> <span class='ocrx_word' id='word_1_773' title='bbox 989 2493 1088 2518; x_wconf 82' lang='lat' dir='ltr'><strong>xxvm,</strong></span> <span class='ocrx_word' id='word_1_774' title='bbox 1103 2485 1130 2512; x_wconf 84' lang='lat'><strong>5.</strong></span> 
     </span>
    </p>
   </div>
   <div class='ocr_carea' id='block_1_106' title="bbox 111 2564 893 2603">
    <p class='ocr_par' dir='ltr' id='par_1_106' title="bbox 111 2564 893 2603">
     <span class='ocr_line' id='line_1_106' title="bbox 111 2564 893 2603; baseline 0.001 -11"><span class='ocrx_word' id='word_1_775' title='bbox 111 2565 164 2599; x_wconf 87' lang='lat' dir='ltr'><strong>(l2)</strong></span> <span class='ocrx_word' id='word_1_776' title='bbox 179 2566 283 2603; x_wconf 75' lang='lat' dir='ltr'><strong>Addita</strong></span> <span class='ocrx_word' id='word_1_777' title='bbox 300 2567 374 2603; x_wconf 84' lang='lat' dir='ltr'><strong>este</strong></span> <span class='ocrx_word' id='word_1_778' title='bbox 384 2566 563 2602; x_wconf 82' lang='lat' dir='ltr'><strong>quibusdam</strong></span> <span class='ocrx_word' id='word_1_779' title='bbox 575 2574 647 2594; x_wconf 91' lang='lat' dir='ltr'><strong>mss.</strong></span> <span class='ocrx_word' id='word_1_780' title='bbox 677 2565 819 2602; x_wconf 87' lang='lat' dir='ltr'><strong>particula</strong></span> <span class='ocrx_word' id='word_1_781' title='bbox 832 2564 893 2603; x_wconf 86' lang='grc' dir='ltr'>γάρ.</span> 
     </span>
    </p>
   </div>
   <div class='ocr_carea' id='block_1_107' title="bbox 82 2599 499 2636">
    <p class='ocr_par' dir='ltr' id='par_1_107' title="bbox 82 2599 499 2636">
     <span class='ocr_line' id='line_1_107' title="bbox 82 2599 499 2636; baseline 0.002 -9"><span class='ocrx_word' id='word_1_782' title='bbox 82 2599 143 2636; x_wconf 76' lang='lat' dir='ltr'><strong>Reg.</strong></span> <span class='ocrx_word' id='word_1_783' title='bbox 156 2601 281 2636; x_wconf 80' lang='lat' dir='ltr'><strong>primus,</strong></span> <span class='ocrx_word' id='word_1_784' title='bbox 296 2599 423 2636; x_wconf 56' lang='grc' dir='ltr'>ἄκουσον,</span> <span class='ocrx_word' id='word_1_785' title='bbox 440 2603 499 2628; x_wconf 78' lang='grc' dir='ltr'>τοῦ.</span> 
     </span>
    </p>
   </div>
   <div class='ocr_carea' id='block_1_108' title="bbox 111 2608 895 2679">
    <p class='ocr_par' dir='ltr' id='par_1_108' title="bbox 111 2608 895 2679">
     <span class='ocr_line' id='line_1_108' title="bbox 111 2608 499 2636; baseline 0.005 -10"><span class='ocrx_word' id='word_1_786' title='bbox 111 2608 116 2626; x_wconf 62' lang='grc' dir='ltr'><em>ξ</em></span> <span class='ocrx_word' id='word_1_787' title='bbox 138 2621 143 2627; x_wconf 90' lang='grc'>.</span> <span class='ocrx_word' id='word_1_788' title='bbox 156 2609 281 2636; x_wconf 73' lang='lat' dir='ltr'><strong>primus,</strong></span> <span class='ocrx_word' id='word_1_789' title='bbox 296 2611 423 2636; x_wconf 78' lang='grc' dir='ltr'>ακουσον,</span> <span class='ocrx_word' id='word_1_790' title='bbox 440 2611 499 2628; x_wconf 82' lang='grc' dir='ltr'>του.</span> 
     </span>
     <span class='ocr_line' id='line_1_109' title="bbox 111 2608 895 2679; baseline -0.008 -11"><span class='ocrx_word' id='word_1_791' title='bbox 111 2608 164 2679; x_wconf 52' lang='lat' dir='ltr'><strong>(ﬁ?)</strong></span> <span class='ocrx_word' id='word_1_792' title='bbox 175 2637 223 2679; x_wconf 50' lang='lat' dir='ltr'><strong>ita</strong></span> <span class='ocrx_word' id='word_1_793' title='bbox 239 2638 392 2679; x_wconf 67' lang='lat' dir='ltr'><strong>nostrisex</strong></span> <span class='ocrx_word' id='word_1_794' title='bbox 406 2646 478 2666; x_wconf 87' lang='lat' dir='ltr'><strong>mss.</strong></span> <span class='ocrx_word' id='word_1_795' title='bbox 499 2639 536 2665; x_wconf 79' lang='lat' dir='ltr'><strong>At</strong></span> <span class='ocrx_word' id='word_1_796' title='bbox 551 2634 895 2679; x_wconf 34' lang='grc' dir='ltr'>θᾴξῑὶἔκ,ἔπαρσινλβιαφο-</span> 
     </span>
    </p>
   </div>
   <div class='ocr_carea' id='block_1_109' title="bbox 84 2669 896 2710">
    <p class='ocr_par' dir='ltr' id='par_1_109' title="bbox 84 2669 896 2710">
     <span class='ocr_line' id='line_1_110' title="bbox 84 2669 896 2710; baseline 0.005 -13"><span class='ocrx_word' id='word_1_797' title='bbox 84 2669 123 2710; x_wconf 62' lang='grc' dir='ltr'><strong>εὰν</strong></span> <span class='ocrx_word' id='word_1_798' title='bbox 138 2669 245 2701; x_wconf 80' lang='grc' dir='ltr'>λαϐεῖν.</span> <span class='ocrx_word' id='word_1_799' title='bbox 261 2674 367 2702; x_wconf 83' lang='lat' dir='ltr'><strong>Statim</strong></span> <span class='ocrx_word' id='word_1_800' title='bbox 385 2676 443 2710; x_wconf 83' lang='lat' dir='ltr'><strong>tres</strong></span> <span class='ocrx_word' id='word_1_801' title='bbox 460 2681 544 2710; x_wconf 72' lang='lat' dir='ltr'><strong>m_s_s.,</strong></span> <span class='ocrx_word' id='word_1_802' title='bbox 573 2673 598 2708; x_wconf 79' lang='grc' dir='ltr'>ἒξ</span> <span class='ocrx_word' id='word_1_803' title='bbox 615 2669 722 2710; x_wconf 69' lang='grc' dir='ltr'>ὕδὲρουξ</span> <span class='ocrx_word' id='word_1_804' title='bbox 747 2669 804 2700; x_wconf 81' lang='lat' dir='ltr'><strong>Alii</strong></span> <span class='ocrx_word' id='word_1_805' title='bbox 831 2669 896 2709; x_wconf 79' lang='lat' dir='ltr'><strong>qui-</strong></span> 
     </span>
    </p>
   </div>
   <div class='ocr_carea' id='block_1_110' title="bbox 83 2707 897 2768">
    <p class='ocr_par' dir='ltr' id='par_1_110' title="bbox 83 2707 897 2768">
     <span class='ocr_line' id='line_1_111' title="bbox 83 2707 897 2768; baseline 0.002 -33"><span class='ocrx_word' id='word_1_806' title='bbox 83 2707 229 2768; x_wconf 56' lang='lat' dir='ltr'><strong>gam_mss.</strong></span> <span class='ocrx_word' id='word_1_807' title='bbox 243 2718 309 2739; x_wconf 90' lang='lat' dir='ltr'><strong>cum</strong></span> <span class='ocrx_word' id='word_1_808' title='bbox 324 2709 451 2746; x_wconf 64' lang='lat' dir='ltr'><strong>editis,§5</strong></span> <span class='ocrx_word' id='word_1_809' title='bbox 466 2707 578 2747; x_wconf 70' lang='grc' dir='ltr'>ὑδέρων.</span> <span class='ocrx_word' id='word_1_810' title='bbox 592 2707 725 2737; x_wconf 77' lang='lat' dir='ltr'><strong>Subinde</strong></span> <span class='ocrx_word' id='word_1_811' title='bbox 739 2718 816 2738; x_wconf 89' lang='lat' dir='ltr'><strong>unus</strong></span> <span class='ocrx_word' id='word_1_812' title='bbox 827 2707 897 2744; x_wconf 80' lang='lat' dir='ltr'><strong>ms.,</strong></span> 
     </span>
     <span class='ocr_line' id='line_1_112' title="bbox 98 2753 214 2768; baseline 0 0"><span class='ocrx_word' id='word_1_813' title='bbox 98 2753 214 2768; x_wconf 66' lang='lat' dir='ltr'><strong>‘IXD&#39;J‘IUJ.</strong></span> 
     </span>
    </p>
   </div>
   <div class='ocr_carea' id='block_1_111' title="bbox 98 2753 214 2773">
    <p class='ocr_par' dir='ltr' id='par_1_111' title="bbox 98 2753 214 2773">
     <span class='ocr_line' id='line_1_113' title="bbox 98 2753 214 2773; baseline 0 0"><span class='ocrx_word' id='word_1_814' title='bbox 98 2753 214 2773; x_wconf 71' lang='grc' dir='ltr'>γκουται.</span> 
     </span>
    </p>
   </div>
   <div class='ocr_carea' id='block_1_112' title="bbox 104 2753 897 2818">
    <p class='ocr_par' dir='ltr' id='par_1_112' title="bbox 104 2753 897 2818">
     <span class='ocr_line' id='line_1_114' title="bbox 104 2753 897 2818; baseline 0 -9"><span class='ocrx_word' id='word_1_815' title='bbox 104 2753 255 2818; x_wconf 58' lang='grc' dir='ltr'><strong>ἒάἱιὶ</strong></span> <span class='ocrx_word' id='word_1_816' title='bbox 267 2783 296 2810; x_wconf 90' lang='lat' dir='ltr'><strong>et</strong></span> <span class='ocrx_word' id='word_1_817' title='bbox 309 2783 368 2810; x_wconf 89' lang='lat' dir='ltr'><strong>tres</strong></span> <span class='ocrx_word' id='word_1_818' title='bbox 392 2789 476 2816; x_wconf 85' lang='lat' dir='ltr'><strong>mss.,</strong></span> <span class='ocrx_word' id='word_1_819' title='bbox 506 2782 628 2818; x_wconf 77' lang='grc' dir='ltr'>καρπῶν,</span> <span class='ocrx_word' id='word_1_820' title='bbox 641 2780 669 2808; x_wconf 82' lang='grc' dir='ltr'>αἳ</span> <span class='ocrx_word' id='word_1_821' title='bbox 683 2780 728 2818; x_wconf 70' lang='grc' dir='ltr'><strong>καὶ</strong></span> <span class='ocrx_word' id='word_1_822' title='bbox 753 2780 801 2818; x_wconf 69' lang='grc' dir='ltr'>είς,</span> <span class='ocrx_word' id='word_1_823' title='bbox 817 2780 897 2810; x_wconf 88' lang='lat' dir='ltr'><strong>haud</strong></span> 
     </span>
    </p>
   </div>
   <div class='ocr_carea' id='block_1_113' title="bbox 85 2815 898 2856">
    <p class='ocr_par' dir='ltr' id='par_1_113' title="bbox 85 2815 898 2856">
     <span class='ocr_line' id='line_1_115' title="bbox 85 2815 898 2856; baseline 0.001 -10"><span class='ocrx_word' id='word_1_824' title='bbox 85 2815 162 2846; x_wconf 77' lang='lat' dir='ltr'><strong>recte.</strong></span> <span class='ocrx_word' id='word_1_825' title='bbox 192 2817 263 2854; x_wconf 82' lang='lat' dir='ltr'><strong>Reg.</strong></span> <span class='ocrx_word' id='word_1_826' title='bbox 298 2817 413 2854; x_wconf 85' lang='lat' dir='ltr'><strong>tertius,</strong></span> <span class='ocrx_word' id='word_1_827' title='bbox 447 2815 558 2856; x_wconf 73' lang='grc' dir='ltr'>καρπῶν</span> <span class='ocrx_word' id='word_1_828' title='bbox 597 2816 722 2846; x_wconf 71' lang='grc' dir='ltr'>ιὶστιικαὶ</span> <span class='ocrx_word' id='word_1_829' title='bbox 749 2815 799 2850; x_wconf 64' lang='grc' dir='ltr'>ιῐςί</span> <span class='ocrx_word' id='word_1_830' title='bbox 819 2817 898 2855; x_wconf 84' lang='lat' dir='ltr'><strong>quod</strong></span> 
     </span>
    </p>
   </div>
   <div class='ocr_carea' id='block_1_114' title="bbox 214 2881 540 2914">
    <p class='ocr_par' dir='ltr' id='par_1_114' title="bbox 214 2881 540 2914">
     <span class='ocr_line' id='line_1_116' title="bbox 214 2881 540 2914; baseline 0.006 -2"><span class='ocrx_word' id='word_1_831' title='bbox 214 2881 347 2913; x_wconf 63' lang='lat' dir='ltr'><strong>Panos.</strong></span> <span class='ocrx_word' id='word_1_832' title='bbox 370 2883 426 2914; x_wconf 79' lang='lat' dir='ltr'><strong>Gn.</strong></span> <span class='ocrx_word' id='word_1_833' title='bbox 444 2882 540 2914; x_wconf 80' lang='lat' dir='ltr'><strong>XXX.</strong></span> 
     </span>
    </p>
   </div>
   <div class='ocr_carea' id='block_1_115' title="bbox 950 2565 1773 2601">
    <p class='ocr_par' dir='ltr' id='par_1_115' title="bbox 950 2565 1773 2601">
     <span class='ocr_line' id='line_1_117' title="bbox 950 2565 1773 2601; baseline 0 -8"><span class='ocrx_word' id='word_1_834' title='bbox 950 2565 1069 2601; x_wconf 89' lang='lat' dir='ltr'><strong>quidem</strong></span> <span class='ocrx_word' id='word_1_835' title='bbox 1083 2573 1134 2601; x_wconf 86' lang='lat' dir='ltr'><strong>per</strong></span> <span class='ocrx_word' id='word_1_836' title='bbox 1149 2573 1180 2592; x_wconf 88' lang='lat' dir='ltr'><strong>se</strong></span> <span class='ocrx_word' id='word_1_837' title='bbox 1196 2565 1370 2593; x_wconf 89' lang='lat' dir='ltr'><strong>mendosum</strong></span> <span class='ocrx_word' id='word_1_838' title='bbox 1386 2566 1440 2600; x_wconf 87' lang='lat' dir='ltr'><strong>est,</strong></span> <span class='ocrx_word' id='word_1_839' title='bbox 1457 2566 1507 2594; x_wconf 88' lang='lat' dir='ltr'><strong>sed</strong></span> <span class='ocrx_word' id='word_1_840' title='bbox 1519 2565 1560 2594; x_wconf 82' lang='lat' dir='ltr'><strong>ita</strong></span> <span class='ocrx_word' id='word_1_841' title='bbox 1575 2567 1726 2600; x_wconf 86' lang='lat' dir='ltr'><strong>tamen,ut</strong></span> <span class='ocrx_word' id='word_1_842' title='bbox 1737 2566 1773 2593; x_wconf 91' lang='lat' dir='ltr'><strong>ad</strong></span> 
     </span>
    </p>
   </div>
   <div class='ocr_carea' id='block_1_116' title="bbox 949 2601 1774 2638">
    <p class='ocr_par' dir='ltr' id='par_1_116' title="bbox 949 2601 1774 2638">
     <span class='ocr_line' id='line_1_118' title="bbox 949 2601 1774 2638; baseline -0.002 -8"><span class='ocrx_word' id='word_1_843' title='bbox 949 2609 1048 2630; x_wconf 86' lang='lat' dir='ltr'><strong>veram</strong></span> <span class='ocrx_word' id='word_1_844' title='bbox 1066 2601 1221 2629; x_wconf 87' lang='lat' dir='ltr'><strong>lectionem</strong></span> <span class='ocrx_word' id='word_1_845' title='bbox 1238 2602 1368 2638; x_wconf 74' lang='lat' dir='ltr'><strong>proxime</strong></span> <span class='ocrx_word' id='word_1_846' title='bbox 1393 2602 1521 2638; x_wconf 80' lang='lat' dir='ltr'><strong>accedat.</strong></span> <span class='ocrx_word' id='word_1_847' title='bbox 1551 2602 1633 2638; x_wconf 83' lang='lat' dir='ltr'><strong>Regii</strong></span> <span class='ocrx_word' id='word_1_848' title='bbox 1660 2601 1774 2637; x_wconf 88' lang='lat' dir='ltr'><strong>primus</strong></span> 
     </span>
    </p>
   </div>
   <div class='ocr_carea' id='block_1_117' title="bbox 951 2635 1771 2674">
    <p class='ocr_par' dir='ltr' id='par_1_117' title="bbox 951 2635 1771 2674">
     <span class='ocr_line' id='line_1_119' title="bbox 951 2635 1771 2674; baseline -0.002 -8"><span class='ocrx_word' id='word_1_849' title='bbox 951 2640 980 2666; x_wconf 89' lang='lat' dir='ltr'><strong>et</strong></span> <span class='ocrx_word' id='word_1_850' title='bbox 1022 2640 1157 2673; x_wconf 87' lang='lat' dir='ltr'><strong>quartus,</strong></span> <span class='ocrx_word' id='word_1_851' title='bbox 1186 2635 1296 2674; x_wconf 74' lang='grc' dir='ltr'>καρῖιτῶν</span> <span class='ocrx_word' id='word_1_852' title='bbox 1327 2635 1453 2671; x_wconf 79' lang='grc' dir='ltr'>οἷστικαί,</span> <span class='ocrx_word' id='word_1_853' title='bbox 1491 2635 1633 2674; x_wconf 73' lang='grc' dir='ltr'><strong>[ναειαιῖηι</strong></span> <span class='ocrx_word' id='word_1_854' title='bbox 1654 2635 1771 2673; x_wconf 71' lang='lat' dir='ltr'><strong>feraces.</strong></span> 
     </span>
    </p>
   </div>
   <div class='ocr_carea' id='block_1_118' title="bbox 952 2674 1073 2703">
    <p class='ocr_par' dir='ltr' id='par_1_118' title="bbox 952 2674 1073 2703">
     <span class='ocr_line' id='line_1_120' title="bbox 952 2674 1073 2703; baseline -0.025 0"><span class='ocrx_word' id='word_1_855' title='bbox 952 2674 1073 2703; x_wconf 80' lang='lat' dir='ltr'><strong>Optime.</strong></span> 
     </span>
    </p>
   </div>
   <div class='ocr_carea' id='block_1_119' title="bbox 972 2683 1775 2748">
    <p class='ocr_par' dir='ltr' id='par_1_119' title="bbox 972 2683 1775 2748">
     <span class='ocr_line' id='line_1_121' title="bbox 972 2683 1775 2748; baseline 0.001 -12"><span class='ocrx_word' id='word_1_856' title='bbox 972 2683 1129 2748; x_wconf 47' lang='grc' dir='ltr'><strong>ρδίὲῗέἀίῒίί</strong></span> <span class='ocrx_word' id='word_1_857' title='bbox 1146 2710 1174 2736; x_wconf 91' lang='lat' dir='ltr'><strong>et</strong></span> <span class='ocrx_word' id='word_1_858' title='bbox 1188 2709 1247 2748; x_wconf 75' lang='lat' dir='ltr'><strong>duo</strong></span> <span class='ocrx_word' id='word_1_859' title='bbox 1270 2706 1590 2748; x_wconf 60' lang='grc' dir='ltr'>ωεεηφιλοχωρούσας.</span> <span class='ocrx_word' id='word_1_860' title='bbox 1620 2707 1676 2736; x_wconf 78' lang='lat' dir='ltr'><strong>Alii</strong></span> <span class='ocrx_word' id='word_1_861' title='bbox 1702 2716 1775 2744; x_wconf 86' lang='lat' dir='ltr'><strong>qua-</strong></span> 
     </span>
    </p>
   </div>
   <div class='ocr_carea' id='block_1_120' title="bbox 951 2743 1304 2783">
    <p class='ocr_par' dir='ltr' id='par_1_120' title="bbox 951 2743 1304 2783">
     <span class='ocr_line' id='line_1_122' title="bbox 951 2743 1304 2783; baseline -0.008 -9"><span class='ocrx_word' id='word_1_862' title='bbox 951 2743 1304 2783; x_wconf 70' lang='grc' dir='ltr'>ῒυὸι·,ὲμφιλοχωρούσας.</span> 
     </span>
    </p>
   </div>
   <div class='ocr_carea' id='block_1_121' title="bbox 988 2778 1805 2819">
    <p class='ocr_par' dir='ltr' id='par_1_121' title="bbox 988 2778 1805 2819">
     <span class='ocr_line' id='line_1_123' title="bbox 988 2778 1805 2819; baseline -0.001 -8"><span class='ocrx_word' id='word_1_863' title='bbox 988 2782 1047 2819; x_wconf 66' lang='grc'><strong>(16)</strong></span> <span class='ocrx_word' id='word_1_864' title='bbox 1058 2778 1101 2811; x_wconf 82' lang='lat' dir='ltr'><strong>lta</strong></span> <span class='ocrx_word' id='word_1_865' title='bbox 1115 2778 1175 2819; x_wconf 75' lang='lat' dir='ltr'><strong>tres</strong></span> <span class='ocrx_word' id='word_1_866' title='bbox 1192 2778 1258 2819; x_wconf 76' lang='lat' dir='ltr'><strong>libri</strong></span> <span class='ocrx_word' id='word_1_867' title='bbox 1273 2780 1401 2817; x_wconf 81' lang='lat' dir='ltr'><strong>antiqui.</strong></span> <span class='ocrx_word' id='word_1_868' title='bbox 1420 2780 1508 2810; x_wconf 82' lang='lat' dir='ltr'><strong>Deest</strong></span> <span class='ocrx_word' id='word_1_869' title='bbox 1521 2778 1579 2807; x_wconf 81' lang='grc' dir='ltr'>οἷον</span> <span class='ocrx_word' id='word_1_870' title='bbox 1602 2779 1633 2810; x_wconf 86' lang='lat' dir='ltr'><strong>in</strong></span> <span class='ocrx_word' id='word_1_871' title='bbox 1649 2779 1737 2810; x_wconf 81' lang='lat' dir='ltr'><strong>editis</strong></span> <span class='ocrx_word' id='word_1_872' title='bbox 1748 2781 1778 2810; x_wconf 82' lang='lat' dir='ltr'><strong>et</strong></span> <span class='ocrx_word' id='word_1_873' title='bbox 1802 2798 1805 2800; x_wconf 58' lang='grc' dir='ltr'><strong>η</strong></span> 
     </span>
    </p>
   </div>
   <div class='ocr_carea' id='block_1_122' title="bbox 954 2817 1344 2856">
    <p class='ocr_par' dir='ltr' id='par_1_122' title="bbox 954 2817 1344 2856">
     <span class='ocr_line' id='line_1_124' title="bbox 954 2817 1344 2856; baseline -0.005 -8"><span class='ocrx_word' id='word_1_874' title='bbox 954 2817 1066 2848; x_wconf 63' lang='grc' dir='ltr'>ὶιιοιιίι</span> <span class='ocrx_word' id='word_1_875' title='bbox 1081 2817 1262 2856; x_wconf 83' lang='lat' dir='ltr'><strong>quibusdam</strong></span> <span class='ocrx_word' id='word_1_876' title='bbox 1273 2824 1344 2846; x_wconf 79' lang='lat' dir='ltr'><strong>mss.</strong></span> 
     </span>
    </p>
   </div>
   <div class='ocr_carea' id='block_1_123' title="bbox 1618 2882 1637 2912">
    <p class='ocr_par' dir='ltr' id='par_1_123' title="bbox 1618 2882 1637 2912">
     <span class='ocr_line' id='line_1_125' title="bbox 1618 2882 1637 2912; baseline 0 0"><span class='ocrx_word' id='word_1_877' title='bbox 1618 2882 1637 2912; x_wconf 81' lang='lat'><strong>9</strong></span> 
     </span>
    </p>
   </div>
  </div>
