2009 3145
81 142 134 172 269

479 138 684 169 COMMENT.
706 138 748 168 ιιι
769 137 908 168 lSAIAM
928 137 1183 170 PROPHETAM.
1206 139 1294 170 CAP.
1315 140 1354 171 Il.

1713 142 1775 173 2'10

82 204 194 243 δένδροις
206 208 258 239 τῆς
272 203 404 241 αἰσχύνης
419 203 456 234 ὡς
472 200 574 242 φοϐερὰ
594 202 756 230 ἀπειλεῖται.
771 201 820 229 Διὰ
833 203 888 238 (22)

949 203 1106 239 Scriptura.
1119 204 1213 236 Quare
1223 207 1252 232 et
1265 213 1314 233 rex
1329 208 1421 233 Basan
1433 205 1474 242 0g
1487 206 1652 242 appellatus
1668 208 1722 235 est.
1732 207 1777 243 Og

83 252 154 277 τοῦτο
168 249 211 276 καὶ
227 250 241 276 ὸ
266 247 391 285 βασιλεὺς
407 251 458 282 τῆς
483 247 571 275 Βασὰν
586 250 636 285 Ὢγ
665 247 891 284 προσηγόρευται.

84 296 128 332 Ὧγ
151 293 179 321 δὲ
203 292 376 331 ἑρμηνεύεται
403 291 558 329 διάφραξις·
584 292 620 323 ὡς
648 294 702 319 τῶν
732 291 816 328 ἔργων
845 292 895 325 τῆς

83 338 208 376 αἰσχύνης
222 338 272 371 τὴν
289 335 350 364 ὁδὸν
375 337 443 372 ἡμῖν
467 339 516 371 τῆς
541 336 676 374 σωτηρίας
704 335 894 374 ἀποφρασσόν-

83 394 139 411 των.
156 382 254 420 ΙΙόρνοι
278 381 339 419 γὰρ,
364 381 410 408 καὶ
437 381 546 418 μοιχοὶ,
561 381 606 408 καὶ
635 380 764 417 μαλακοὶ,
779 380 823 407 καὶ
850 380 894 417 ἀρ-

85 430 234 460 σενοκοῖται,
250 426 295 453 καὶ
309 425 404 456 πάντες
418 429 468 460 τῆς
482 425 616 462 αἲσχύνης
633 425 743 463 ἐργάται
771 425 822 452 ὑπὸ
846 426 894 451 τοῦ

84 476 126 509 Ὠγ
143 470 340 509 βασιλεύοντος⁷
355 472 404 496 τοῦ
424 471 474 504 τὴν
499 470 552 497 ἀπὸ
577 472 643 497 Θεοῦ
669 468 800 503 διακοπήν
826 468 894 506 ἐνερ-

84 518 195 554 γοῦντος·
211 515 239 542 ’ὸν
256 512 393 552 συντρίϐει
409 515 422 541 ὁ
438 514 538 552 Κύριος
555 513 595 541 ἐπ’
611 513 750 551 ἐλευθερίᾳ
763 515 816 540 τῶν
833 522 895 550 κρα-

83 561 218 596 τουμένων.
235 559 465 596 Ἐξομολογεῖσθε
487 558 536 596 γὰρ
560 561 600 594 τῷ
624 557 726 596 Κυρίῳ,
753 557 793 585 ὅτι
822 567 894 595 χρη-

82 605 146 641 στὸς,
167 606 204 640 τῷ
239 603 386 639 πατάξαντι
423 602 545 641 βασιλεῖς
576 601 724 640 μεγάλους,
752 602 797 629 καὶ
826 602 893 628 ἀπο-

82 650 202 676 κτείναντι
233 648 357 686 βασιλεῖς
386 647 542 686 κραταιοὺς,
571 648 617 675 τὸν
661 647 742 682 Σηὼν
774 646 819 674 καὶ
847 646 893 673 τὸν

86 694 139 730 Ὠγ.

114 739 154 765 92.
178 737 228 766 Καὶ
257 737 304 764 ἰπὶ
328 740 379 764 πᾶν
410 734 486 774 ὅρος,
515 736 561 764 καὶ
599 736 643 764 ἐπὶ
671 737 758 764 πάντα
786 736 893 772 βουνὸν,

83 782 120 809 καὶ
154 782 194 810 ἐπὶ
235 781 323 809 πάντα
361 781 465 818 πύργον
506 781 623 818 ὑψηλόν.
652 782 752 818 Ὥσπερ
780 780 813 807 τὰ
841 779 891 817 ὄρη

84 828 142 863 πρὸς
155 826 215 857 τοὺς
231 826 344 863 βουνοὺς
364 826 414 860 τήν
437 826 505 853 κατὰ
533 826 643 863 μέγεθος
665 823 722 862 ἔχει
752 823 892 863 διαφορὰν,

82 874 115 907 τῷ
129 870 154 899 δὲ
169 872 257 907 λοιπῷ
268 871 304 898 τὰ
320 870 388 898 αὐτὰ
403 869 541 905 ἀλλήλοις
552 870 632 898 ἐστίν·
650 870 721 897 οὕτω
736 870 781 897 καὶ
797 869 823 896 αἱ

83 915 185 943 ἐναντίαι
201 914 331 952 δυνάμεις
356 916 390 952 τῇ
421 915 468 951 μὶν
493 915 648 952 προαιρέσει
673 913 812 948 ἀλλήλαις
838 912 893 940 ἐοί-

82 963 195 996 κασι,τῷ
219 959 247 987 δὲ
265 958 371 997 μεγέθει
401 961 455 986 τῶν
484 958 661 996 ἀδικημάτων
691 957 892 995 διενηνόχασιν.

86 1004 192 1036 Εἰκότως
208 1004 255 1032 οὗν
272 1005 319 1031 καὶ
348 1004 415 1031 κατὰ
441 1003 544 1031 τούτων
568 1005 585 1038 ἡ
603 1004 658 1040 (24)
682 1003 773 1040 ἡμέρα
792 1001 894 1040 Κυρίου

83 1047 184 1076 Σαόαὼθ
213 1049 382 1084 ἐνστήσεται.
412 1048 442 1076 Τί
472 1047 502 1076 δέ
539 1047 666 1086 βούλεται
703 1048 744 1082 τὸ,
773 1047 822 1076 Καὶ
849 1046 893 1074 ἐπὶ

82 1094 155 1121 πάντα
177 1093 300 1132 «Sp-rev;
326 1094 357 1121 '0
381 1092 483 1131 πύργος
508 1092 577 1119 ἐντὶν
611 1092 716 1129 ὑψηλὸν
741 1092 894 1126 σκοπευτή-

84 1148 132 1174 ριον
150 1139 214 1176 πρὸς
236 1137 363 1175 φυλακὴν
389 1137 507 1171 πόλεως,
523 1137 567 1164 καὶ
591 1139 688 1174 γνῶσιν
710 1135 813 1174 ἐφόδων
843 1146 893 1162 πο-

84 1182 189 1218 λεμικῶν
202 1181 370 1217 ἐπιτήδειον.
381 1183 514 1212 Τοιοῦτσς
530 1182 597 1217 ἡμῖν
614 1179 721 1208 δὲδοται
731 1181 776 1208 καὶ
793 1180 806 1207 ό
819 1182 892 1212 νοῦς,

83 1225 230 1263 φυλακτικος
249 1229 307 1254 τῶν
333 1227 452 1264 ἀγαθῶν,
479 1226 660 1264 προορατικὸς
691 1227 745 1252 τῶν
782 1221 893 1251 ἐπιϐού-

83 1271 138 1299 λων.
154 1273 248 1298 Τοῦτον
264 1271 299 1298 οὐ
329 1271 384 1309 χρὴ
412 1270 438 1297 ἐν
468 1271 554 1306 ἑαυτῷ
570 1269 631 1297 οὐδὲ
647 1268 692 1297 διὰ
711 1271 765 1297 τῶν
789 1268 890 1307 γηίνων

80 1316 122 1349 τὴν
143 1315 178 1347 εἰς
205 1316 321 1353 οὐρανὸν
346 1314 441 1342 ἄνοδον
471 1314 715 1352 πραγματεύεσθαι.
731 1311 890 1341 Καταϐαίνει

80 1360 146 1397 γὰρὸ
162 1360 260 1397 Κύριος
275 1360 347 1398 πρὸς
363 1359 442 1387 αὐτὸν
461 1360 535 1387 κάτω
559 1358 674 1386 πεσόντα
695 1357 739 1385 ’διὰ
766 1358 797 1385 τὸ
824 1358 891 1396 φρό-

81 1414 153 1440 νημα,
168 1405 210 1431 καὶ
224 1405 274 1439 τὴν
300 1404 369 1441 πρὸς
389 1404 419 1431 τὸ
434 1404 514 1431 κακὸν
540 1403 623 1430 αὐτοῦ
647 1402 804 1442 συμφωνίαν
830 1401 887 1429 δια-

81 1451 125 1483 σπᾷ
150 1448 187 1476 ἐπ’
216 1448 357 1486 εὐεργεσίᾳ
385 1447 429 1475 καὶ
466 1447 598 1485 σωτηρίᾳ.
624 1447 689 1484 Περὶ
715 1450 764 1481 τῆς
791 1445 889 1474 τούτου

79 1491 212 1529 οἷκοδομῆς
227 1492 336 1521 κελεύει
352 1493 427 1528 ⁴ἡμᾶς
448 1493 462 1519 ὁ
490 1492 587 1529 Κύριος
614 1491 771 1523 καθίσαντας
800 1490 888 1528 ψηφί-

80 1547 125 1571 σαι,
154 1537 177 1565 εἲ
209 1535 312 1576 ἔχομεν
355 1537 388 1564 τὰ
430 1536 498 1574 πρὸς
539 1536 730 1574 ἀπαρτισμὸν,
759 1536 796 1566 ὡς
839 1534 888 1570 δη-

82 1580 120 1607 λοῖ
133 1581 195 1615 αὖτή
209 1572 398 1619 ἣησόμφρασις
414 1572 462 1608 tot
477 1572 655 1618 Εὗαγγελίου.
671 1581 725 1608 Τὸν
751 1579 796 1606 οὖν
822 1579 890 1616 ὑψη-
907 1572 928 1605 C

84 1624 191 1663 λέφρονα
212 1637 286 1659 νουν,
313 1625 358 1652 καὶ
384 1624 545 1663 ὑπέρογκον,
568 1624 611 1652 καὶ
635 1625 736 1654 πάντας
761 1623 892 1659 ἐξευτελί-

85 1671 162 1703 ζοντα,
188 1670 231 1697 καὶ
261 1670 358 1697 ἑαυτὸν
391 1669 572 1706 μακαρίζοντα
597 1666 737 1707 φοϐεῖσθαι
767 1669 781 1696 ὁ
810 1668 893 1705 λόγος

81 1713 122 1747 τὴν
146 1714 247 1752 ἡμὲραν
284 1713 383 1751 Κυρίου
411 1713 547 1751 βούλεται.
574 1713 623 1740 Καὶ
646 1712 690 1740 ἆπὶ
718 1716 770 1740 πᾶν
798 1715 891 1750 τεῖχος

83 1757 184 1793 two.
201 1759 288 1786 Πάλιν
305 1760 399 1796 τεῖχος
416 1756 503 1794 ἔρυμά
523 1756 576 1784 ἐστι
599 1757 668 1795 πρὸς
694 1756 817 1795 φυλακὴν
842 1757 891 1784 πό-

83 1800 141 1828 λεων
167 1803 367 1839 πεποιημένον,
393 1802 436 1830 καὶ
465 1802 514 1833 τὰς
541 1799 698 1838 προσϐολὰς
727 1803 780 1828 τῶν
805 1801 891 1828 πολε-

82 1845 140 1880 μίων
164 1847 402 1885 ἀποκρουόμενον
418 1846 505 1877 οὕτως
530 1845 581 1873 sict
601 1856 670 1877 τινες
693 1846 737 1873 καὶ
758 1845 848 1883 λόγοι,
865 1847 891 1873 οἱ

82 1889 122 1924 μὲν
150 1891 177 1918 ἐκ
198 1893 248 1926 τῆς
278 1890 408 1925 ἀληθείας
436 1890 520 1924 αὐτῆς
548 1891 732 1928 περικείμενοι
761 1892 841 1927 ἡμῖν,
860 1890 892 1917 τὸ

79 1933 235 1974 meum“
260 1938 317 1963 τῶν
344 1937 487 1972 σωτηρῖων
512 1933 657 1972 δογμάτων
679 1933 889 1970 διατηροῦντες·

77 1977 99 2005 Ol
121 1978 147 2006 δὲ
168 1980 197 2008 ἐκ
223 1984 273 2015 τῆς
300 1980 395 2014 ἔξωθεν
421 1979 541 2010 ἐπινοίας
569 1979 637 2016 πρὸς
667 1980 804 2017 ὀχύρωσιν
828 1978 892 2016 ψεύ-

78 2022 132 2055 δους
150 2025 192 2052 καὶ
221 2025 348 2063 φυλακὴν
384 2024 565 2060 ματαιότητος
590 2022 838 2058 ὲπιτετηδευμένοι,
861 2024 892 2051 Ἡ

78 2068 121 2104 γὰρ
133 2073 179 2103 τῆς
195 2068 370 2103 διαλεκτικῆς
386 2068 500 2104 δύναμις
515 2068 609 2105 τεῖχός
632 2068 686 2095 ἐστι
712 2071 770 2098 τοῖς
787 2066 891 2105 δόγμα-

80 2114 185 2147 σιν,οὐκ
210 2113 283 2142 ἐῶσα
314 2113 380 2141 αὐτὰ
409 2111 591 2151 εὖδιάρπιστα
607 2113 673 2140 εἶναι
694 2112 739 2140 καὶ
769 2111 894 2140 εὖάλωτα

79 2161 130 2188 τοῖς
146 2158 335 2195 βουλομᾶνοις.
351 2158 399 2185 Διά
413 2160 493 2185 τοῦτο
508 2158 541 2185 τὰ
570 2158 616 2194 μὲν
641 2161 691 2192 τῆς
711 2157 894 2194 Ἰερουσαλὴμ

79 2201 148 2240 τείχη
164 2203 323 2241 ἀνάγραπτά
338 2201 408 2230 ἐστιν
424 2201 469 2230 ἐπὶ
488 2204 542 2229 τῶν
568 2204 669 2240 χειρῶν
694 2204 743 2228 τοῦ
771 2201 874 2239 Κυρίου
886 2211 891 2216 ·

949 250 1046 275 autem
1064 248 1275 283 interpretatur
1285 251 1507 284 obstruclionem,
1520 251 1596 286 quod
1613 252 1776 287 turpitudi-

949 292 994 319 nis
1005 300 1092 328 opera
1099 292 1203 321 salutis
1212 294 1295 321 nobis
1307 295 1381 322 viam
1394 294 1614 331 praecludant“.
1625 296 1774 324 Scortato-

949 345 994 363 res
1010 337 1097 369 enim,
1110 338 1245 374 adulteri,
1258 338 1409 370 molles,et
1424 339 1474 375 qui
1489 339 1688 367 concumbunt
1703 348 1771 368 cum

949 381 1099 415 masculis,
1112 390 1273 418 omnesque
1285 383 1452 418 ignominiaa
1467 384 1591 418 operarii
1602 384 1644 420 Og
1654 384 1710 420 ipsi
1722 393 1772 413 eos

949 433 965 452 a
980 425 1038 452 Deo
1054 427 1220 461 prmeidenti
1238 436 1271 454 ac
1286 428 1446 462 sepuranti,
1462 437 1512 455 ceu
1531 428 1590 464 regi
1608 428 1772 463 subjiciun-

948 471 1016 503 tur;
1034 478 1120 505 quem
1137 471 1261 498 conterit
1284 471 1440 504 Dominus,
1457 474 1489 499 ut
1504 472 1534 504 ii,
1552 472 1660 508 quibus
1675 473 1772 501 domi-

949 517 1046 548 natur,
1075 514 1246 542 liberentur.
1272 516 1448 551 Con/itemim'
1470 517 1544 544 enim
1570 518 1685 545 Domino
1701 525 1771 553 quo-

948 559 1025 585 niam
1050 559 1135 586 bonus
1163 561 1211 595 qui
1235 561 1368 595 percussit
1396 569 1471 596 rcges
1485 569 1610 596 magnos,
1627 565 1655 589 et
1669 561 1773 590 occidit

948 611 1022 638 reges
1037 605 1129 640 fortes,
1146 604 1215 632 Seon
1230 606 1255 632 et
1268 605 1306 640 0g
1322 605 1354 632 ‘°.

983 737 1027 764 92.
1044 738 1132 765 Vens.
1150 738 1193 773 14,
1210 739 1253 766 15.
1269 739 1302 766 Et
1317 747 1398 774 super
1412 747 1519 766 omnem
1540 740 1669 774 montem,
1684 742 1710 767 et
1723 747 1770 766 su-

948 790 997 813 per
1010 790 1118 809 omnem
1134 781 1246 816 collem,
1261 785 1285 810 et
1301 791 1381 818 super
1391 791 1500 811 omnem
1512 784 1611 811 turrim
1623 784 1769 812 excelsam.

947 827 1201 857 Quemadmodum
1214 829 1328 854 montes
1339 827 1486 855 acollibus
1496 827 1698 864 magnitudine
1711 828 1772 856 dis~

949 873 1079 906 crepant,
1106 871 1156 898 sed
1183 871 1213 898 in
1232 871 1353 906 reliquis
1372 871 1491 899 omnino
1517 872 1593 899 inter
1620 880 1650 899 se
1667 880 1772 901 conve-

950 915 1034 942 niunt
1046 924 1052 942 :
1066 915 1108 942 ita
1116 917 1145 942 et
1155 916 1307 943 contrariae
1321 917 1480 951 potestates
1491 916 1639 952 proposito
1652 916 1770 952 quidem

948 963 976 988 et
984 960 1106 988 consilio
1122 961 1176 988 sibi
1192 960 1316 988 invicem
1333 964 1403 988 sunt
1418 961 1597 995 consimiles,
1614 961 1664 989 sed
1680 961 1771 990 scele-

949 1013 1012 1032 rum
1031 1005 1235 1041 magnitudine
1250 1005 1400 1032 differunt.
1417 1006 1518 1033 Merito
1534 1006 1624 1042 igitur
1638 1006 1700 1033 dies
1717 1006 1771 1034 Do-

949 1050 1020 1077 mini
1036 1050 1160 1077 Sabaoth
1186 1050 1252 1077 illos
1283 1050 1409 1077 invadet.
1426 1050 1501 1082 Quid
1528 1053 1626 1078 autem
1644 1051 1699 1078 hoc
1714 1050 1772 1079 sibi

947 1094 1011 1122 vult
1025 1103 1031 1122 :
1049 1095 1081 1121 Et
1103 1102 1187 1130 super
1209 1102 1316 1122 omnem
1333 1095 1457 1122 turrim?
1476 1095 1578 1122 Turris
1594 1095 1715 1130 specula
1731 1098 1774 1123 cst

947 1139 1080 1166 eminens
1096 1139 1130 1165 ad
1148 1138 1286 1166 tuendam
1311 1138 1471 1171 civitatem,
1487 1141 1515 1166 et
1529 1139 1565 1166 ad
1584 1139 1707 1167 bellicos
1723 1140 1771 1167 in-

947 1191 1050 1211 cursus
1073 1183 1291 1219 cognoscendas
1312 1183 1542 1211 accommodata.
1558 1185 1638 1211 Mena
1654 1191 1772 1219 quoque

947 1227 1092 1263 ejusmodi
1114 1235 1253 1255 concessa
1277 1228 1361 1255 nobis
1376 1229 1431 1263 est,
1456 1227 1599 1256 bonorum
1615 1230 1724 1262 custos,
1740 1230 1771 1256 et

946 1280 1010 1307 quas
1025 1271 1200 1299 insidiantes
1222 1272 1380 1307 prospiciat
1401 1280 1434 1299 ac
1458 1272 1668 1308 deprehendat.
1687 1273 1769 1300 Hunc

946 1325 1040 1352 neque
1059 1325 1110 1352 per
1125 1324 1156 1344 se
1172 1325 1266 1352 neque
1282 1325 1333 1352 per
1349 1325 1394 1344 res
1409 1318 1542 1344 terrenas
1558 1324 1712 1345 ascensum
1730 1318 1766 1344 ad

945 1360 1048 1388 cmlum
1067 1360 1161 1388 moliri
1179 1363 1301 1396 oportet.
1324 1361 1364 1388 Ad
1381 1361 1475 1396 ipsam
1500 1360 1577 1388 enim
1594 1361 1630 1388 ob
1656 1361 1764 1388 fastum

944 1406 1081 1433 deorsum
1103 1405 1270 1441 prolapsam
1287 1405 1436 1432 descendit
1462 1405 1613 1438 Dominus,
1629 1413 1662 1432 aa
1677 1405 1764 1431 bene-

945 1450 1000 1477 ﬁcii
1018 1452 1046 1477 et
1059 1449 1163 1476 salutis
1179 1457 1257 1485 ergo,
1267 1449 1343 1476 hanc
1357 1449 1450 1484 ipsius
1462 1457 1528 1476 cum
1546 1448 1622 1476 malo
1639 1447 1765 1476 necessi-

944 1494 1075 1522 tudinem
1093 1493 1644 1529 conspirationemquedissipataJubet
1659 1493 1694 1520 de
1709 1492 1765 1520 hu-

943 1539 994 1574 jus
1010 1537 1123 1565 aadiiicii
1137 1537 1245 1564 fabrica
1258 1537 1408 1570 Dominus,
1426 1539 1458 1564 ut
1468 1537 1604 1565 sedentes
1616 1539 1768 1573 compute-

948 1590 1025 1615 mus,
1042 1590 1077 1608 an
1095 1589 1129 1608 ea
1145 1581 1253 1616 quibus
1267 1589 1341 1616 opus
1364 1584 1407 1608 est
1422 1582 1458 1609 ad
1475 1581 1697 1617 perﬁciendum,
1713 1581 1768 1608 ha-

948 1627 1079 1659 beamus,
1105 1625 1146 1652 uti
1158 1625 1255 1661 ipsum
1269 1625 1416 1661 Evangelii
1429 1625 1585 1653 consilium
1597 1626 1726 1653 declarat
1735 1626 1768 1652 ‘7.

947 1670 1111 1706 Vultigitur
1119 1670 1270 1704 Scriptura
1282 1672 1313 1697 ut
1330 1670 1405 1697 hanc
1416 1670 1530 1697 Domini
1541 1670 1616 1698 diem
1630 1670 1769 1698 formidet

947 1724 980 1743 ac
1005 1717 1115 1743 metuat
1137 1714 1254 1742 animus
1278 1713 1338 1749 ilie,
1367 1715 1418 1750 qui
1442 1715 1478 1742 de
1503 1723 1534 1742 se
1558 1714 1616 1742 alte
1633 1715 1721 1742 sentit
1736 1722 1769 1742 ac

947 1760 1024 1787 ultra
1032 1760 1150 1787 modum
1163 1759 1343 1792 intumescit,
1352 1759 1460 1795 quique
1472 1761 1646 1795 aspernatur
1655 1767 1768 1794 omnes,

947 1807 974 1832 et
989 1812 1020 1832 se
1037 1804 1099 1840 ipse
1123 1804 1261 1839 praedicat
1284 1803 1413 1831 beatum.
1431 1804 1462 1830 Et
1485 1811 1569 1838 super
1582 1811 1692 1831 omnem
1706 1811 1769 1830 mu-

946 1857 1006 1876 rum
1019 1849 1167 1876 excelsum.
1181 1850 1306 1875 Rursum
1319 1856 1423 1875 murus
1435 1850 1550 1884 septum
1564 1849 1608 1875 est
1624 1856 1657 1875 ac
1672 1847 1769 1874 muni-

947 1901 1013 1920 men
1023 1893 1057 1920 ad
1071 1893 1277 1920 custodiendas
1291 1893 1432 1928 civitates,
1450 1894 1478 1920 el.
1493 1893 1528 1920 ad
1541 1891 1662 1920 hostiles
1679 1892 1769 1928 impe-

947 1940 994 1965 tus
1012 1937 1227 1972 propulsandos
1237 1939 1415 1964 exstructum
1430 1945 1436 1963 :
1454 1937 1494 1964 ita
1501 1939 1571 1964 sunt
1581 1939 1608 1964 et
1619 1944 1770 1964 sermones

946 1982 1076 2017 quidam,
1094 1981 1202 2016 quibus
1228 1981 1263 2008 ab
1290 1981 1354 2016 ipsa
1376 1981 1496 2008 veritate
1521 1981 1729 2016 przecingimur
1744 1982 1772 2008 et

948 2026 1110 2060 munimur,
1127 2026 1177 2060 qui
1194 2025 1251 2052 vim
1269 2025 1444 2052 salutarium
1462 2026 1632 2060 dogmatum
1648 2025 1771 2060 inexpu-

947 2070 1096 2106 gnabilem
1114 2071 1253 2096 tuentur:
1271 2069 1318 2096 alii
1335 2077 1402 2096 vero
1426 2069 1461 2096 ab
1477 2071 1596 2096 oxterna
1612 2068 1721 2096 astutia
1736 2068 1772 2095 ad

947 2114 1196 2142 corroborandum
1216 2112 1482 2141 444mendacium
1496 2115 1523 2139 et
1539 2113 1573 2139 ad
1590 2112 1773 2140 retinendam

947 2159 1106 2186 vanitatem
1131 2166 1237 2194 magna
1263 2166 1330 2185 cum
1353 2157 1504 2192 diligentia
1527 2159 1597 2184 sunt
1613 2156 1776 2192 excogitati.

950 2203 999 2230 Vis
1009 2211 1137 2238 namque
1151 2202 1329 2234 dialectices,
1343 2202 1511 2238 dogmatum
1522 2204 1566 2229 est
1582 2210 1696 2234 murus,
1713 2209 1778 2237 quae

80 2246 108 2272 τὰ
133 2245 160 2274 δὲ
186 2248 369 2285 Ἱεριχοῦντος
408 2246 459 2274 ὑπὸ
485 2248 576 2280 Ἰησοῦ
606 2248 785 2284 καθαιρεῖ-ται,
816 2247 893 2284 φωνῇ

949 2256 982 2276 ea.
997 2256 1013 2274 a
1028 2247 1211 2283 quibuslibet
1228 2246 1278 2282 qui
1301 2246 1417 2279 vellent,
1435 2246 1519 2273 facile
1547 2246 1710 2282 interverti,
1728 2248 1779 2274 aut

83 2289 145 2327 μόνῃ
159 2290 337 2327 διαλυόμενα.
354 2292 429 2318 Ἀνω
447 2291 493 2327 μὲν
509 2290 555 2317 οὖν
573 2290 644 2326 μόνοι
662 2290 695 2317 τὰ
716 2289 809 2327 ὑψηλὰ
832 2301 895 2317 κατ-

82 2338 232 2372 ηγορεῖται·
251 2336 365 2367 ἐνταῦθα
390 2334 420 2362 δὲ
439 2335 484 2362 καὶ
507 2335 541 2362 τὰ
566 2334 644 2372 ἰσχύν
670 2345 729 2361 τινα
756 2334 822 2371 μετά
849 2337 898 2362 τοῦ

81 2378 157 2414 ὕψους
186 2377 373 2418 ἔχοντα-τὴν
404 2378 430 2406 ἐν
453 2382 514 2410 ταῖς
543 2377 746 2410 ἀποδεικτικαῖς
774 2377 900 2415 μεθόδοις

85 2424 243 2459 πιθανότητα
272 2423 317 2452 ἐπὶ
344 2423 416 2451 πολὺ
443 2426 655 2460 κραταιωθεῖσαν
680 2424 723 2450 καὶ
750 2423 900 2460 ὑψωθεῖσαν

80 2470 165 2506 τεῖχος
183 2468 292 2506 ὑψηλὸν
307 2470 446 2507 τροπικῶς
463 2467 589 2506 λέγοντνς
612 2470 660 2495 τοῦ
684 2469 839 2507 προφήτου,
855 2467 899 2495 καὶ

953 2291 1036 2319 facile
1062 2292 1223 2327 expugnari
1249 2299 1305 2318 non
1323 2291 1404 2318 sinit.
1421 2291 1604 2326 Quapropter
1619 2291 1695 2318 muri
1712 2290 1776 2326 qui-

954 2337 1019 2364 dem
1036 2336 1199 2363 Jerusalem
1219 2336 1355 2362 manibus
1371 2335 1486 2362 Domini
1504 2335 1643 2371 descripti
1660 2337 1729 2363 sunt
1738 2335 1777 2364 ‘3:

955 2383 985 2408 at
995 2381 1201 2408 Jericbontinte
1215 2380 1342 2407 civitatis
1358 2380 1466 2407 moenia
1479 2379 1541 2408 solo
1558 2380 1686 2408 clamore
1700 2379 1780 2407 diru-

954 2427 995 2457 ta,
1015 2433 1032 2452 ο
1046 2425 1116 2452 Jesu
1132 2427 1304 2452 evertuntur
1319 2425 1350 2452 ιν.
1368 2423 1510 2460 Superius
1535 2424 1654 2460 quidem
1670 2431 1704 2452 ea
1718 2423 1781 2451 sola

956 2477 1020 2504 qua
1040 2469 1154 2496 excelsa
1177 2471 1272 2503 erant,
1299 2469 1475 2505 reprehensa
1490 2472 1578 2503 sunt;
1595 2469 1643 2497 hic
1665 2477 1733 2497 vero
1747 2476 1782 2497 ea

113 2542 133 2561 ⁸⁸
150 2541 159 2568 1
174 2541 238 2569 Cor.
255 2550 296 2575 vr,
311 2542 354 2569 10.
392 2542 415 2559 ⁸⁸
430 2541 506 2569 Psal.
521 2549 620 2573 cxxxv,
638 2541 662 2574 1,
676 2540 770 2568 17-20.
810 2541 831 2558 ⁸⁷
848 2543 893 2568 [ιιιι

949 2549 987 2574 1v,
1003 2541 1048 2568 28.
1088 2540 1109 2559 ⁸⁸
1126 2541 1182 2568 Isa.
1202 2549 1278 2577 xux,
1295 2541 1338 2568 16.
1377 2541 1399 2560 ⁸⁸
1413 2542 1474 2569 Jos.
1490 2549 1529 2574 v1,
1544 2542 1589 2569 20.

115 2615 167 2651 (22)
182 2617 272 2650 Editi,
289 2616 341 2644 Καὶ
358 2615 412 2644 διά.
429 2618 465 2644 At
479 2617 561 2644 deest
573 2615 617 2642 καί
629 2616 658 2644 in
676 2624 761 2652 mss.,
778 2616 904 2645 nonnul-

86 2650 134 2683 lis;
150 2661 202 2680 nec
218 2653 343 2680 dubium
361 2653 432 2688 quin
450 2652 558 2680 melius
573 2653 662 2688 absit.

115 2688 169 2724 (23)
185 2688 232 2715 Sic
249 2697 322 2715 mss.
339 2687 461 2724 aliquot.
476 2688 583 2724 Vocula
597 2687 623 2724 αἱ
640 2688 668 2714 in
687 2688 774 2715 editis
791 2688 905 2715 deside-

88 2722 210 2750 rabatur.
225 2725 290 2751 Mox
301 2722 421 2758 quidam
432 2732 517 2758 mss.,
529 2722 679 2758 ἀλλήλαις.
693 2724 749 2751 Alii
766 2732 832 2751 cum
848 2723 908 2751 edi-

89 2733 210 2750 ruuawr.
225 2733 290 2751 mox
323 2733 421 2752 uiuam
432 2733 517 2758 mss.,
529 2733 679 2758 αΛΛηΛαις.
693 2733 749 2751 Alli
766 2733 832 2751 cum
848 2733 906 2751 eul-

89 2757 133 2796 tis.
148 2733 376 2796 ἀλλήλοιςςίίΜοκ
387 2760 467 2793 editi,
484 2758 622 2794 ἀλλήλαις
637 2758 839 2796 διενηνόχασιν.
856 2760 906 2787 sed

88 2793 148 2822 inde
158 2803 260 2824 vocem
268 2793 408 2830 ἀλλήλαις
423 2793 613 2830 sustulimus,
629 2797 690 2824 tum
703 2793 781 2832 quod
798 2804 831 2824 eo
845 2795 907 2823 loco

959 2616 1053 2657 otiosa
1066 2617 1115 2651 sit,
1129 2619 1194 2645 tum
1210 2617 1288 2653 quod
1304 2617 1333 2644 in
1351 2616 1460 2645 nostris
1475 2625 1525 2644 sex
1540 2625 1612 2644 mss.
1628 2624 1685 2643 non
1700 2622 1783 2650 repe-

978 2655 982 2657 ’
1005 2655 1035 2678 tn
1057 2673 1063 2679 .

960 2661 1054 2724 "302/1;
1067 2688 1114 2716 Sic
1131 2696 1202 2716 mss.
1217 2688 1310 2715 nostri
1327 2696 1452 2724 omnes._
1471 2687 1575 2724 Aberat
1591 2685 1732 2724 articulus
1748 2686 1784 2713 ab

962 2725 1058 2751 editis.
1075 2724 1178 2751 Statim
1194 2724 1324 2760 quinque
1340 2732 1425 2753 mss..
1446 2722 1610 2760 ξνστῇσιται.
1628 2722 1704 2749 Editi
1719 2729 1786 2760 vero

962 2763 990 2787 et
1000 2760 1074 2796 chg.
1088 2758 1215 2796 primus,
1227 2758 1394 2795 ἐκστήσεται.
1411 2758 1542 2787 Subinde
1554 2765 1624 2786 mss.
1639 2758 1786 2792 nonnulli,

963 2794 1223 2833 eulaﬁv—nMemv.
