2009 3145
228 146 284 178 271

708 143 906 174 APPENDIX
929 143 1093 174 OPERUM
1115 144 1149 175 S.
1171 144 1313 176 BASlLll
1337 145 1474 177 MAGNI.

1853 149 1900 178 ιιι

230 211 318 240 etiam
334 219 398 247 qua!
423 211 543 247 aliquod
566 210 656 238 robur
672 209 839 238 celsitudini
865 209 1054 245 coniunctum

1113 210 1352 247 καθαιρεθήσεσθαι
1378 209 1442 238 αὐτὸ
1468 210 1495 238 ἰν
1523 212 1556 248 τῇ
1581 210 1672 248 ἡμέρᾳ
1690 213 1737 239 τοῦ
1759 211 1848 249 Κυρίου
1861 211 1901 240 διε-

232 259 318 285 nacta
336 258 417 289 sunt,
435 257 644 292 coarguuntur.
663 254 809 282 Nimirum
835 253 977 290 propheta
1000 254 1059 281 vim

1114 251 1326 291 ϐεϐαιουμένου.

233 301 428 338 persuadendi
445 301 474 327 in
499 299 681 336 argumentis
706 299 944 326 demonstrativis
968 298 1067 334 sitam,
1096 299 1223 327 multum
1254 300 1480 328 invalescentem
1504 302 1532 328 et
1554 300 1585 328 in
1616 301 1741 329 sublime
1758 304 1903 339 exsurgente

233 347 343 382 tropice
359 353 474 373 murum
492 345 637 372 excelsum
654 346 814 380 nuncupat,
831 345 859 371 et
874 352 939 371 eum
955 343 985 370 in
1001 343 1117 371 Domini
1134 344 1181 371 die
1197 347 1345 372 asseverat
1359 353 1493 373 eversum
1510 345 1558 374 iri.

269 391 313 418 93.
330 390 417 418 Vsas.
436 390 478 417 16.
491 390 522 417 Et
536 397 616 424 super
631 397 738 416 omnem
753 397 851 416 navem
863 389 964 416 maris.
976 388 1057 415 Aﬁni-

235 439 334 472 gmata
349 437 420 463 sunt
434 435 468 462 ad
483 434 673 462 exercendam
696 436 823 460 mentem
841 435 971 460 nostram
988 441 1057 468 pro-

203 516 210 521 ~
235 480 339 517 posita,
353 482 385 506 ut
395 488 430 506 ne
446 479 605 507 oscitanter
615 478 770 505 audiamus
782 478 975 512 Scripturam,
987 484 1057 504 neve

235 525 367 553 animum
384 525 411 552 in
423 527 530 552 terram
542 524 714 559 deligamus.
732 525 892 558 Postquam
907 523 942 549 de
958 521 1057 550 animo

234 570 292 598 alta
303 569 517 606 cogitante,nec
531 569 566 595 de
577 576 608 596 se
623 567 750 595 demisse
762 569 813 594 aut
824 566 974 594 humiliter
989 574 1057 593 sen-

232 615 323 642 tiente
339 621 503 641 sermonem
520 612 635 646 habuit,
652 611 965 647 consequenterjuxta
980 611 1056 638 idem

233 657 376 692 allegoriae
390 665 483 692 genus
499 656 587 684 etiam
600 656 635 683 de
651 655 824 691 corporibus
836 655 977 690 loquitur.
994 654 1057 682 Non

233 701 310 730 enim
326 701 389 729 dies
405 701 454 728 illa
467 701 583 728 Domini
599 700 770 727 inanimatis
783 699 908 728 navibus
920 699 1061 726 formida-

234 746 302 774 bilis
327 748 372 774 est
398 748 428 773 et
458 745 683 778 extimescenda,
708 745 756 772 sed
786 744 834 777 iis,
857 744 907 780 qui
932 752 983 779 per
1004 752 1059 771 sua

235 790 393 827 corporain
403 798 502 818 amaro
514 790 604 825 hujus
612 789 676 817 vita:
685 789 942 824 ﬂuctujactantur.
952 789 1057 821 Quem-

236 835 395 864 admodum
411 834 489 862 enim
506 833 623 870 navigia
639 842 726 862 onere
751 834 910 869 degravata
925 841 983 860 non
1001 832 1057 860 nisi

235 887 311 917 (egre
326 879 390 908 vehi
406 882 540 915 possunt,
556 887 588 906 ac
604 879 688 906 facile
703 879 833 906 subeunt
847 877 1033 913 naufragium
1049 885 1056 904 :

234 926 275 953 ita
289 927 318 953 et
332 932 452 960 corpora
462 932 524 960 quae
536 923 672 959 plurimis
689 931 722 950 ac
738 922 878 950 uberibus
893 921 1006 950 deliciis
1021 922 1056 949 ad

234 969 447 1006 corpulentiam
481 970 616 1003 vergunt,
643 976 694 1004 per
721 967 902 1002 voluptatem
927 966 1057 1002 voragini

233 1013 683 1051 perditionisinnatantia,maris
691 1019 779 1039 naves
791 1010 1058 1047 appellantur.Vice

231 1067 316 1087 versa
330 1058 536 1086 collaudantur
550 1057 677 1092 navigia,
702 1056 810 1092 quibus
823 1058 948 1083 utuntur
963 1055 1012 1091 qui
1022 1055 1058 1083 ad

233 1103 431 1140 operationem
456 1102 486 1129 in
511 1102 598 1138 aquis
621 1101 722 1128 multis
747 1100 910 1128 faciendam
932 1100 962 1127 in
979 1107 1058 1127 mare

233 1148 415 1176 descendunt
435 1147 467 1182 5°,
488 1149 516 1174 et
539 1146 574 1173 de
591 1146 700 1181 quibus
716 1145 745 1172 in
763 1145 876 1181 psalmo
892 1145 927 1172 ad
944 1144 1058 1171 divinas

233 1193 335 1221 laudes
363 1191 554 1219 celebrandas
579 1190 741 1225 composito
767 1190 878 1217 dictum
905 1191 973 1216 est:
998 1189 1060 1216 Illic

235 1245 317 1265 naves
334 1238 530 1273 pertranseunt
544 1235 578 1262 ‘1.
596 1235 662 1267 Qua
679 1233 757 1261 enim
779 1241 867 1261 naves
883 1241 962 1260 mare
976 1232 1059 1268 traji-

236 1282 328 1314 ciunt,
343 1289 396 1308 nec
415 1280 444 1308 in
461 1287 494 1307 eo
514 1280 697 1315 permanent,
713 1286 764 1305 nec
785 1277 924 1305 ﬂuctibus
940 1276 1059 1304 immer-

237 1328 356 1362 guntur,
372 1324 429 1352 illm
458 1324 634 1352 laudantur:
653 1324 740 1358 atque
765 1322 837 1349 adeo
862 1321 912 1357 qui
929 1321 957 1348 in
973 1329 1060 1349 carne

236 1370 358 1406 degunt,
375 1377 427 1397 nec
443 1368 571 1395 militant
582 1368 744 1395 secundum
757 1374 886 1400 carnem,
904 1365 954 1393 sed
973 1365 1060 1400 hujus

235 1418 301 1445 vitai
315 1416 431 1444 calcant
447 1416 581 1447 ﬂuctum,
598 1422 690 1451 eoque
706 1414 873 1450 superiores
887 1413 973 1447 fiunt,
989 1421 1059 1449 ope-

234 1462 376 1489 rationem
394 1461 423 1488 in
448 1461 534 1496 aquis
556 1459 658 1487 multis
674 1459 795 1487 faciunt.
810 1457 962 1493 Ejusmodi
990 1459 1060 1485 sunt

1147 389 1190 416 93.
1210 388 1261 416 Καὶ
1277 388 1319 416 ἐπὶ
1334 392 1386 416 πᾶν
1410 389 1507 416 πλοῖον
1538 389 1685 425 θαλάσσης.
1701 389 1844 427 Αἲνίγματά
1863 389 1905 418 ἐστι

1111 432 1179 468 πρὸς
1195 433 1244 467 τήν
1260 433 1410 470 γυμνασίαν
1425 436 1474 461 τοῦ
1491 435 1538 461 νοῦ
1553 435 1634 469 ἡμῶν
1655 431 1862 472 προϐιϐλημένα,
1877 435 1904 470 μή

1113 478 1201 515 ἀργῶς
1218 478 1360 514 ἀκούωμεν
1375 480 1432 515 (25)
1446 482 1496 513 τῆς
1510 481 1629 516 Γραφῆς,
1644 478 1689 506 ’ίνα
1714 479 1751 515 μὴ
1776 478 1854 516 χαμαῖ
1872 479 1905 506 τὸν

1111 524 1173 549 νοῦν
1191 520 1401 559 καταϐάλωμεν.
1418 523 1511 551 Εἰπὼν
1528 524 1585 560 (26)
1600 523 1660 560 περὶ
1687 525 1734 550 τοῦ
1760 525 1804 551 νοῦ
1825 525 1865 550 τοῦ
1883 523 1906 550 τὰ

1114 565 1208 603 ὑψηλὰ
1222 569 1393 604 φρονοῦντος,
1407 567 1452 594 καὶ
1469 568 1507 604 μή
1534 570 1592 599 τοῖς
1618 570 1754 599 ταπεινοῖς
1779 578 1906 605 συναπαγο-

1115 611 1206 646 μένου,
1222 610 1380 643 ἀκολούθως
1395 612 1422 639 ἐν
1437 614 1476 648 τῷ
1504 611 1577 648 αὐτῷ
1599 611 1665 640 εἴδει
1688 614 1738 645 τῆς
1764 612 1906 649 ἐπικρύψεως

1113 655 1158 682 καὶ
1181 656 1242 692 περὶ
1271 655 1405 692 σωμάτων
1429 655 1591 694 διαλέγεται.
1609 657 1647 685 Οὐ
1671 657 1721 695 γὰρ
1748 654 1842 696 φοϐερὰ
1864 659 1907 687 τοῖς

1113 699 1230 736 ἀψύχοις
1259 699 1369 732 πλοίοις
1396 702 1413 736 ἡ
1442 702 1489 728 τοῦ
1518 700 1617 738 Κυρίου
1646 701 1748 738 ἡμέρα,
1776 700 1843 728 ἀλλὰ
1865 703 1907 730 τοῖς

1113 742 1157 770 διὰ
1171 746 1224 771 τῶν
1251 744 1383 780 σωμάτων
1408 744 1436 772 ἐό
1460 747 1500 781 τῷ
1520 744 1637 783 ἁλμυρῷ
1660 744 1779 773 κλύδωνι
1799 747 1842 772 τοῦ
1864 744 1907 782 βίου

1111 787 1210 815 τούτου
1231 788 1436 825 σαλευομένοις.
1452 790 1553 826 ’Ὠσπερ
1578 790 1627 827 γὰρ
1652 790 1685 817 τὶ
1709 789 1794 818 πλοῖα
1815 786 1908 817 καταϐα-

1113 832 1246 870 ρυνόμενα
1278 835 1319 869 τῷ
1358 833 1460 871 φόρτῳ,
1493 832 1633 872 δυσάγωγά
1662 833 1727 869 ἐστι,
1756 834 1799 861 καὶ
1832 833 1909 861 εὔκολα

1112 877 1180 914 πρὸς
1195 878 1335 915 ναυάγιον·
1352 877 1423 905 οὕτω
1438 878 1483 905 καὶ
1507 879 1540 905 τὰ
1562 879 1684 915 σώματα,
1700 878 1751 906 ὅσα
1773 877 1857 915 πολλῇ
1876 877 1908 905 καὶ

1113 920 1223 959 δαψιλεῖ
1243 923 1277 959 τῇ
1301 924 1390 960 τρυφῇ
1414 924 1469 959 (27)
1497 923 1535 954 εἷς
1559 922 1745 961 πολυσαρκίαν
1766 922 1908 962 καταπεφόρ-

1111 976 1209 1002 τισται,
1225 965 1269 994 διὰ
1283 966 1459 1006 φιληδονίαν,
1474 970 1513 1004 τῷ
1537 968 1612 1005 βυθῷ
1634 971 1685 1003 τῆς
1710 967 1842 999 ἀπωλείας
1865 967 1908 995 ἐπι-

1112 1011 1266 1049 νηχόμενα,
1281 1011 1368 1040 πλοῖα
1384 1012 1522 1048 θαλάσσης
1539 1013 1656 1051 λέγεται.
1673 1014 1750 1041 Ἔστι
1777 1014 1859 1050 μέντοι
1876 1013 1909 1040 καὶ

1114 1055 1293 1092 ἐπαινούμενα
1307 1056 1393 1084 πλοῖα
1412 1058 1446 1085 τὰ
1470 1058 1655 1095 ὑπηρετοῦντα
1677 1061 1737 1090 τοῖς
1759 1055 1910 1086 καταϐαίνου-

1114 1111 1154 1128 σιν
1180 1100 1218 1132 είς
1240 1102 1289 1135 τὴν
1315 1101 1451 1129 θάλασσαν
1472 1102 1516 1129 ἐπὶ
1541 1104 1580 1138 τῷ
1596 1103 1653 1138 (28)
1669 1106 1782 1138 ποιῆσαι
1812 1101 1911 1140 ἐργασίαν

1114 1145 1139 1172 ἐν
1156 1144 1234 1173 ὕδασι
1254 1145 1384 1181 πολλοῖς,
1408 1146 1453 1174 καὶ
1483 1147 1543 1184 περὶ
1569 1147 1606 1174 ὧν
1636 1147 1661 1174 ἐν
1689 1149 1731 1184 τῷ
1759 1146 1855 1184 ψαλμῷ
1877 1147 1912 1180 τῆς

1115 1188 1273 1227 δοξολογίας
1300 1189 1417 1228 εἴρηται,
1442 1190 1483 1218 ὅτι
1511 1191 1584 1219 Ἑκεῖ
1611 1190 1696 1219 πλοῖα
1724 1190 1912 1229 διαπορεύονται.

1115 1234 1156 1262 Τὰ
1171 1234 1224 1272 γὰρ
1241 1232 1410 1262 διαϐαίνοντα
1438 1236 1488 1270 τὴν
1519 1236 1654 1267 θάλασσαν
1683 1235 1779 1270 πλοῖα,
1795 1235 1860 1263 ἀλλὰ
1884 1234 1912 1271 μή

1114 1278 1317 1315 ἐναπομένοντα
1340 1279 1419 1317 αὐτῇ,
1439 1278 1509 1316 μηδὲ
1534 1277 1791 1318 καταϐαπτιζόμενα
1810 1283 1861 1312 τοῖς
1880 1279 1914 1306 κύ-

1117 1333 1207 1359 μασιν,
1234 1323 1401 1351 ἐπαινεῖται·
1427 1324 1472 1351 καὶ
1497 1324 1522 1351 οἱ
1552 1324 1577 1351 ἰν
1607 1325 1683 1362 σαρκὶ
1711 1323 1742 1352 δὲ
1762 1327 1858 1360 ζῶντες,
1880 1322 1914 1350 καὶ

1116 1368 1153 1404 μὴ
1184 1368 1252 1395 κατὰ
1286 1369 1371 1406 σάρκα
1397 1369 1617 1405 στρατευόμενοι,
1641 1371 1852 1400 καταπατοῦντες
1879 1367 1913 1395 τὸν

1113 1411 1240 1440 κλύδωνα
1253 1414 1301 1440 τοῦ
1318 1413 1391 1451 βίου,
1404 1413 1448 1440 καὶ
1465 1411 1632 1451 ὑψηλότεροι
1647 1413 1731 1441 αὒτοῢ
1747 1412 1827 1448 ὄντες,
1841 1414 1914 1440 ποιοῦ-

1114 1467 1154 1484 σιν
1184 1456 1307 1495 ἐργασίαι
1333 1457 1358 1484 ἐν
1379 1456 1457 1485 ὕδασι
1481 1456 1618 1489 πολλοῖς·
1640 1457 1698 1486 ὅσοι
1722 1460 1780 1496 (29)
1803 1467 1913 1496 συγκατα-

233 1505 403 1542 quicunque
419 1513 450 1533 se
462 1505 491 1532 in
506 1504 561 1532 hac
571 1504 630 1531 vita
645 1503 814 1538 demittunt,
831 1505 863 1530 ut
878 1501 992 1537 aliquos
1008 1509 1055 1529 eo-

1113 1498 1235 1528 ὄαίνουσι
1250 1504 1290 1538 τῷ
1316 1501 1367 1540 βίῳ
1389 1501 1433 1530 ἰπὶ
1454 1504 1494 1538 τῷ
1517 1501 1648 1540 κερδῆσαί
1671 1514 1748 1535 τινας
1776 1506 1828 1531 τῶν
1854 1499 1914 1540 βιῧυ-

233 1558 299 1578 rum
311 1550 360 1585 qui
371 1549 400 1576 in
418 1549 563 1585 profundo
575 1548 700 1576 demersi
713 1550 792 1582 sunt,
809 1547 969 1575 lucrentur.
980 1548 1057 1579 Qua-

234 1596 353 1630 propter
376 1592 494 1621 Domini
523 1601 612 1628 opera
641 1594 796 1624 noverunt,
814 1593 845 1619 ut
873 1591 920 1626 qui
938 1598 1060 1626 operum

236 1638 353 1667 Domini
369 1640 398 1666 et
408 1646 505 1666 rerum
518 1637 546 1664 in
564 1637 707 1673 profundo
724 1636 982 1663 “admirationem
998 1643 1060 1662 mo-

236 1683 367 1711 ventium
388 1681 613 1718 intelligentiam
643 1690 694 1717 pro
723 1680 902 1717 operationis
928 1680 1060 1707 mercede

239 1727 411 1763 receperint.
428 1727 460 1754 Et
476 1734 557 1763 super
567 1734 677 1753 omnem
688 1727 828 1761 aspectum
845 1724 1060 1760 pulchritudinis

238 1774 362 1802 navium.
379 1772 510 1800 Audiant
539 1771 640 1799 isthmc
656 1771 706 1806 qui
735 1770 765 1797 in
794 1770 924 1798 ornando
940 1777 1059 1804 corpore

234 1818 366 1847 studium
380 1819 503 1854 ponunt,
518 1825 550 1843 ac
562 1816 591 1843 in
602 1815 647 1843 his
662 1815 828 1851 spectandis
840 1814 986 1842 curiosius
1001 1813 1057 1840 im-

234 1866 397 1892 morantur.
414 1863 471 1890 Nec
490 1861 568 1889 enim
586 1861 703 1888 navium
721 1862 858 1896 aspectus
873 1859 977 1886 noxius
993 1860 1056 1886 est:

231 1909 282 1936 sed
295 1908 384 1935 noxia
399 1910 444 1935 est
460 1905 591 1942 corporis
603 1905 680 1942 quod
692 1904 911 1940 concupiscitur
926 1905 1055 1930 contem-

229 1953 330 1990 platio.
346 1953 408 1980 Erit
418 1951 510 1987 igitur
524 1950 587 1978 dies
605 1949 719 1977 Domini
737 1957 825 1984 super
838 1956 955 1976 omnem
972 1955 1056 1983 aspe-

227 1999 306 2026 ctum
319 1995 549 2033 pulchritudinis
560 1993 690 2022 navium.
704 1993 898 2026 Quamobrem
908 1992 957 2028 qui
973 1991 1052 2018 vide<

227 2041 265 2069 rit
296 2041 450 2070 mulierem
479 2040 514 2067 ad
540 2038 820 2074 concupiscendum,
845 2037 873 2064 in
898 2036 984 2064 corde
998 2044 1052 2064 suo

226 2085 389 2114 moechatus
405 2087 450 2113 est
464 2085 495 2112 ⁵³.
514 2083 588 2116 Quin
602 2086 631 2110 et
646 2082 750 2111 mulier
766 2091 830 2118 quae
842 2082 906 2110 ideo
923 2089 954 2110 se
967 2088 1051 2108 exor-

1114 1546 1265 1582 θισμὲνων.
1304 1547 1353 1574 Διὰ
1393 1549 1473 1574 τοῦτο
1510 1545 1615 1574 εἴδοσαν
1650 1548 1684 1575 τὰ
1722 1547 1789 1586 ἔργα
1824 1546 1914 1585 Κυρίου,

1118 1591 1210 1628 μισθὸν
1235 1594 1285 1626 τῆς
1308 1591 1432 1629 ἐργασίας
1455 1592 1505 1626 τὴν
1525 1591 1627 1619 σύνεσιν
1643 1595 1697 1620 τῶν
1730 1591 1813 1631 ἔργων
1834 1591 1914 1629 Κυρίου

1115 1635 1159 1663 καὶ
1184 1638 1237 1662 τῶν
1263 1636 1288 1663 ἐν
1317 1638 1356 1671 τῷ
1387 1637 1460 1673 βυθῷ
1488 1636 1645 1673 θαυμασίων
1675 1634 1915 1674 λαμϐάνοντες.Καῖ

1115 1679 1158 1707 ἐπὶ
1187 1683 1272 1708 πᾶσαν
1299 1681 1358 1708 θὲαν
1385 1679 1490 1709 πλοίων
1527 1681 1665 1713 κάλλους·
1696 1679 1915 1710 Ἀκουὲτωσαν,οἱ

1114 1725 1176 1762 περῖ
1191 1725 1236 1752 τὸν
1263 1724 1463 1762 καλλωπισμὸν
1490 1727 1539 1753 τοῦ
1566 1727 1692 1762 σώματος
1715 1723 1916 1764 ἔχοντες,καῖοἱ

1113 1768 1175 1806 περὶ
1204 1769 1254 1803 τὴν
1283 1769 1386 1797 τούτων
1416 1769 1476 1802 θίαν
1504 1769 1652 1809 περιέργως
1682 1770 1868 1809 ἐσχολακότες.
1888 1767 1916 1795 Οὗ

1112 1813 1162 1852 γὰρ
1178 1814 1195 1848 ἡ
1211 1815 1264 1841 τῶν
1280 1813 1385 1841 πλοίων
1403 1814 1450 1841 Θὲα
1466 1812 1596 1852 βλαϐερά·
1613 1814 1677 1842 ἀλλ’
1697 1816 1714 1850 ἡ
1745 1816 1813 1853 πρὸς
1839 1814 1914 1845 inlev-

1114 1857 1176 1894 μίαν
1205 1861 1252 1885 τοῦ
1275 1859 1401 1895 σώματος
1416 1857 1588 1894 κατανόησις.
1605 1860 1699 1888 Ἔσται
1727 1860 1773 1887 οὖν
1797 1861 1814 1895 ἡ
1841 1857 1915 1896 ἡμέρα

1111 1902 1213 1940 Κυρίου
1228 1902 1272 1930 ὖ.πῖ
1289 1906 1376 1930 πᾶσαν
1387 1904 1454 1940 -οέαν
1471 1903 1577 1932 πλοίων
1606 1903 1739 1939 κάλλους,
1757 1903 1824 1932 διότι
1845 1904 1857 1931 ὁ
1876 1902 1914 1938 ἐμ·

1110 1944 1212 1984 ϐλέψας
1237 1948 1343 1986 γυναικὶ
1373 1948 1441 1986 πρὸς
1466 1947 1497 1976 τό
1526 1947 1703 1985 ἐπιθυμῆσαι,
1725 1948 1752 1976 ἐν
1778 1949 1811 1986 τῇ
1834 1945 1914 1984 καρδίᾳ

1109 1992 1192 2019 αὐτοῦ
1221 1992 1376 2031 ἐμοίχευσε·
1387 1992 1432 2020 καὶ
1461 1994 1477 2027 ἡ
1505 1991 1739 2029 καλλωπιζομένη
1769 1994 1833 2031 γυνὴ
1859 1991 1914 2029 πρὸς

1107 2036 1138 2063 τὸ
1163 2036 1210 2068 τὰς
1240 2036 1382 2074 ἐπιθυμίας
1409 2037 1449 2076 ἐφ’
1479 2037 1574 2071 ἑαυτὴν
1605 2039 1661 2074 (30)
1689 2040 1743 2066 τῶν
1776 2036 1914 2065 ἀκολάστων

1106 2084 1226 2116 κινῆσαι,
1243 2081 1268 2108 ἐν
1285 2083 1318 2117 τῇ
1333 2080 1430 2119 καρδίᾳ
1444 2081 1528 2116 αὐτῆς
1544 2080 1598 2117 ἤδη
1618 2082 1812 2120 μεμοίχευται.

227 2133 288 2163 nat,
304 2133 338 2159 ut
351 2130 509 2158 libidinosa
529 2128 775 2156 incontinentiam
805 2126 951 2155 desideria
967 2126 1001 2153 ad
1018 2132 1049 2153 se
1065 2125 1185 2160 alliciat,
1199 2128 1261 2162 jam
1284 2127 1313 2154 in
1330 2128 1417 2155 corde
1437 2136 1489 2155 suo
1506 2127 1857 2156 adulterium-commisit.

261 2176 336 2204 445
351 2175 395 2202 94.
413 2174 500 2201 Vens.
517 2173 560 2200 l7.
577 2174 610 2200 Et
625 2172 823 2200 humiliabitur
846 2172 936 2199 omnis
959 2171 1049 2198 homo.

1141 2171 1185 2198 94.
1225 2171 1273 2198 Καὶ
1317 2172 1546 2207 ταπεινωθήσεται
1589 2175 1642 2202 πᾶς
1692 2171 1848 2210 ἅνθρωπος.
1879 2172 1915 2198 Ἐκ

222 2220 308 2249 Ilisce
321 2219 419 2246 verbis
433 2218 585 2254 Scriptura
595 2217 765 2251 declaravit,
778 2217 878 2245 omnia
891 2225 954 2252 quis
966 2218 1051 2244 antea

223 2265 312 2294 allata
326 2267 406 2298 sunt,
424 2263 454 2290 in
475 2263 630 2298 aenigmate
659 2265 688 2290 et
714 2262 888 2290 abscondite
909 2261 1000 2289 fuisse
1015 2261 1050 2288 de

222 2309 393 2338 hominibus
407 2308 494 2335 dicta.
510 2308 662 2344 Siquidem
677 2310 744 2344 post
760 2305 1006 2334 contumeliosum
1022 2307 1050 2333 et

221 2353 393 2389 superbum,
410 2354 476 2387 post
500 2351 647 2379 excelsum
663 2353 690 2378 et
712 2350 881 2384 sublimem,
904 2352 973 2385 post
988 2357 1047 2376 om-

222 2406 290 2426 nem
303 2397 423 2425 cedrum
441 2396 552 2430 Libani,
571 2398 636 2432 post
647 2403 766 2423 omnem
781 2395 915 2423 arborem
932 2393 1048 2430 glandis

258 2466 280 2486 ‘0
296 2463 369 2492 Psal.
386 2471 440 2497 cvr,
456 2463 501 2490 23.
542 2462 562 2480 ⁶¹
579 2461 655 2490 Psal.
673 2470 733 2496 cm,
749 2462 796 2489 26.

1105 2214 1208 2243 τούτων
1233 2214 1330 2252 ἔδειξεν
1348 2216 1362 2243 ὁ
1378 2215 1472 2254 λόγος,
1491 2216 1531 2244 δτι
1555 2217 1589 2244 τὰ
1613 2216 1771 2254 προάγοντα
1798 2217 1876 2244 πάντα
1895 2213 1914 2240 ἒν

1106 2259 1246 2298 αΐνίγματι
1276 2260 1321 2288 καὶ
1364 2260 1643 2297 περικεκαλυμμένως
1684 2262 1745 2299 περί
1781 2260 1914 2298 ἀνθρώπων

1106 2303 1198 2342 εἴρητο
1214 2306 1282 2342 (31).
1297 2305 1371 2333 Μετὰ
1385 2306 1436 2342 γὰρ
1452 2306 1498 2333 τὸν
1525 2303 1654 2343 ὑϐριστὴν
1675 2306 1719 2333 καὶ
1745 2306 1913 2345 ὑπερήφανον,

1104 2349 1148 2375 καὶ
1175 2349 1242 2385 μετὰ
1269 2350 1314 2377 τὸν
1344 2349 1450 2386 ὑψηλὸν
1479 2349 1523 2378 καὶ
1563 2351 1710 2388 μετέωρον,
1739 2351 1807 2388 μετὰ
1842 2352 1912 2377 πᾶσαν

1104 2392 1199 2431 κὲδρον
1214 2396 1262 2421 τοῦ
1285 2391 1414 2429 Λιϐάνου,
1433 2395 1501 2431 μετὰ
1522 2398 1572 2422 πᾶν
1599 2393 1707 2433 δένδρον
1732 2395 1849 2434 βαλάνου
1871 2396 1913 2421 Βα-

871 2459 949 2489 Psal.
966 2468 1023 2495 ενι,
1038 2460 1083 2488 24.
1121 2461 1144 2479 δ’
1157 2461 1259 2489 Matth.
1275 2470 1303 2496 v,
1319 2463 1364 2490 28.

257 2532 310 2570 (25)
326 2531 377 2570 Sic
389 2532 449 2558 tres
464 2529 531 2558 libri
546 2531 665 2570 veteres.
683 2528 737 2570 Anlii
751 2530 824 2570 tres,
837 2529 885 2570 τιοῦ
903 2527 940 2570 μὴ
955 2526 1045 2570 ᾁργῷς
1101 2527 1243 2570 scriptum
1259 2519 1426 2570 invenimus
1438 2529 1468 2556 in
1482 2529 1591 2570 nostris
1607 2538 1692 2570 ms_s._,
1706 2532 1810 2568 τρυφῇ,
1820 2529 1915 2558 idcirco

955 2563 1043 2594 ἀργῶς

219 2573 336 2595 ἀκούειν.
354 2573 459 2595 Nostra
484 2574 549 2594 vero
579 2573 667 2592 editio
695 2573 797 2596 raris.,
815 2573 862 2590 του
892 2574 930 2599 μη
955 2573 1042 2600 αργως

218 2603 363 2639 ἀκούομεν.
382 2602 430 2630 ubi
441 2602 587 2639 Voculam,
602 2599 815 2637 τοῦ,παρὲλκειν
832 2602 956 2628 constat.
973 2602 1042 2636 Reg.

218 2637 379 2674 secundus,
393 2638 431 2674 μὴ
447 2637 493 2664 οὖν
507 2638 609 2675 ἀργῶς.

254 2677 311 2712 (26)
327 2671 503 2712 Particulam
519 2671 582 2710 γάρ,
599 2681 664 2712 quae
679 2672 708 2712 in
725 2672 842 2700 excusis
858 2671 975 2708 legitur,
992 2679 1043 2699 au-

219 2707 354 2740 ctoritate
371 2711 502 2746 quinque
518 2707 592 2746 mss.
607 2707 781 2746 delevimus.

255 2748 309 2783 (27)
326 2743 412 2774 Notat
422 2743 627 2783 Gombeﬁsius,
640 2744 830 2783 interpretem
846 2743 963 2783 legisse.
977 2751 1044 2783 ἐρο-

241 2779 270 2819 ᾗ,
287 2779 387 2819 aitque
394 2791 458 2811 eam
474 2782 649 2819 scripturam
663 2780 720 2819 sibi
731 2780 824 2816 magis
836 2779 963 2819 probari.
975 2780 1045 2807 Ger-

235 2815 251 2848 ό
263 2815 295 2848 et
309 2815 393 2848 nobis
413 2815 641 2854 quoque—magis
657 2816 769 2854 placet:
782 2815 930 2862 quoniam
946 2817 1043 2861 tamen

219 2564 336 2595 ἀκούειν.
354 2567 459 2595 Nostra
484 2574 549 2594 vero
579 2565 667 2592 editio
695 2564 797 2596 Paria,
815 2565 862 2590 τοῦ
892 2564 930 2599 μή

1100 2564 1263 2601 quidquam
1281 2568 1397 2601 mutare
1414 2566 1441 2593 in
1458 2565 1584 2601 vulgatis
1605 2564 1766 2595 noluimus.

1135 2601 1191 2636 (28)
1208 2600 1294 2635 Editi,
1307 2600 1349 2628 τό.
1367 2603 1404 2628 At
1419 2609 1470 2629 sex
1485 2600 1568 2635 mss,
1584 2603 1633 2637 τῷ.

1135 2636 1192 2678 (29)
1216 2637 1269 2678 Ριρ
1294 2636 1355 2678 {iam
1384 2637 1504 2678 scripsit
1527 2635 1763 2678 .Erocopius,__8're
1791 2637 1820 2665 id
1847 2635 1914 2673 quod

1099 2672 1370 2710 cuipiamqfortasse
1386 2672 1493 2710 rectius
1507 2673 1598 2710 videri
1614 2672 1731 2710 poterit.

1135 2705 1192 2750 (39)
1208 2708 1264 2736 Alii
1289 2717 1374 2744 mss.,
1400 2708 1440 2749 ἐφ’
1465 2709 1572 2744 δαυτήν.
1602 2705 1661 2738 Alii
1686 2719 1752 2738 cum
1769 2709 1866 2743 editis,
1879 2705 1912 2745 ἐφ’

1099 2742 1191 2780 ἑαυτῇ.

1133 2780 1192 2816 (31)
1207 2780 1294 2816 Editl,
1310 2779 1426 2818 εἴρηται.
1440 2783 1478 2810 At
1493 2789 1543 2810 sex
1560 2789 1644 2818 mss.,
1661 2779 1765 2818 εἴρητο.
