2009 3145
119 170 178 202 281

544 172 747 205 COMMENT.
769 173 809 203 IN
831 173 968 205 ISAIAM
988 173 1242 207 PROPHETAM.
1264 173 1350 204 CAP.
1373 173 1428 203 III.

124 247 159 264 τα
187 235 214 264 ὲν
252 237 391 274 ὑπομονῇ,
421 236 447 265 ἐν
473 238 712 277 ταπεινοφροσύνῃ,
743 239 768 266 ἐν
801 241 841 274 τῷ
870 248 954 275 κεφα-

1012 238 1152 272 tionilaus,
1166 239 1249 267 fortis
1264 239 1293 266 in
1310 238 1460 274 patientia,
1477 238 1506 266 in
1522 238 1698 271 humilitate,
1714 238 1744 265 in
1760 246 1834 274 prie-

125 280 197 317 λαίῳ
211 284 267 308 τῶν
284 281 416 317 ἐντολῶν,
432 284 466 320 τῇ
482 283 586 321 ἀγάπῃ·
604 283 709 320 ὁμοίως
725 282 754 311 δὶ
783 284 827 310 καὶ
843 282 956 320 ἰσχύου-

126 336 173 353 σαν
201 325 227 353 ἐν
258 326 413 365 ἀφθαρσίᾳ,
443 326 470 355 ἐν
502 329 648 365 σεμνότητι
667 349 674 362 ,
703 328 728 356 ἰν
763 327 954 365 ἐλεημοσύνῃ,

126 370 152 398 ιν
241 370 391 408 προσεδρίᾳ
418 374 472 399 τῶν
499 371 629 408 δεήσεων,
654 372 679 400 ἐν
708 376 767 405 τοῖς
785 373 882 404 κόποις
906 373 956 405 τῆς

127 415 293 453 ἀγρυπνίας·
322 415 393 452 μηδὲ
419 417 469 452 τὴν
495 419 545 445 τοῦ
573 416 655 455 ἄρτου
682 417 727 446 καὶ
756 415 852 449 ὕδατος
875 416 955 455 ἰσχὺν

127 463 179 495 τῆς
194 461 409 499 τροφιμωτάτης
424 464 473 489 τοῦ
489 461 573 500 λόγου
589 461 732 499 δυνάμεως
753 463 802 497 τὴν
828 462 955 501 ἀφορμὴν

127 504 329 543 ἀφαιρεθῆναι·
356 506 393 537 ὡς
426 505 554 535 ἐπέλιπεν
578 505 728 539 Ἰουδαίους
751 508 768 542 ἡ
795 506 874 544 ἰσχὺς
906 508 956 533 τοῦ

128 552 302 589 προφητικοῦ
326 550 491 587 πνεύματος,
507 551 551 579 καὶ
578 550 723 588 κατάδιψοι
749 551 833 589 λόγου
851 550 955 588 τυγχά-

128 604 231 630 νουσιν,
248 594 444 632 ιπιθυμοῦντες
468 595 551 634 λόγου
568 597 625 634 (55)
645 598 722 632 Θεοῦ,
739 596 783 623 καὶ
813 595 851 632 μή
874 594 955 633 ἕχον-

126 648 182 671 τες.
202 638 312 678 Ἀφεῖλι
326 640 377 678 γὰρ
393 640 491 678 Κύριος
506 640 586 678 ἲσχὺν
613 641 698 678 ἄρτου
721 640 766 668 καὶ
790 639 869 678 ἰσχὺν
890 638 954 667 ὕδα-

126 693 187 714 τος.
205 684 281 712 Ἔστι
308 684 355 720 μὶν
383 683 429 712 οὖν
457 695 498 716 τις
525 685 569 713 καὶ
586 685 730 723 παρ’ἡμῖν
759 685 859 724 τροφὴ,
875 683 954 722 ἱσχὺν

129 727 179 764 μὶν
200 727 250 756 οὐκ
275 728 416 763 ἐντιθεῖσα,
441 730 620 765 ἀποθνήσκειν
651 728 680 757 δε
714 730 763 757 οὐκ
793 729 956 767 ἆπιτρὲπου-

126 782 171 799 σα·
190 772 288 800 ιποίαν
301 773 409 806 Παῦλος
423 777 485 806 τοῖς
513 773 551 802 ἔτι
581 774 689 810 νηπίοις
713 774 740 802 ἐν
765 774 875 812 Χριστῷ
903 777 954 801 Κο-

125 817 244 854 ρινθίοις
271 819 479 856 παρασκευάζει.
510 820 585 847 Ἐστι
612 817 640 846 δὲ
667 818 712 846 καὶ
746 818 853 857 λάχανα
877 819 953 850 ἀσθε-

125 861 248 889 νούντων
272 863 380 902 τροφή’
407 862 462 891 ἔστι
492 862 521 891 δὲ
547 863 592 891 καὶ
621 861 737 895 τελείοις
762 862 914 899 ἱπιτήδειον
936 863 954 898 ἡ

125 907 224 943 στιριὰ
248 908 349 945 τροφὴ,
364 910 418 935 τῶν
449 907 494 936 διὰ
510 909 561 943 τὴν
586 907 639 943 ἕξιν
661 908 695 936 τὰ
721 908 885 945 αἲσθητήρια
910 918 953 945 γε-

125 951 308 988 γυμνασμένα
333 951 454 990 ιχόντων
478 953 548 991 πρὸς
580 951 713 991 διάκρισιν
741 951 829 980 καλοῦ
857 963 886 980 τε
910 952 954 980 καὶ

125 997 224 1023 κακοῦ.
243 996 294 1024 Καὶ
317 996 361 1023 ἱσίν
383 1007 450 1024 ποτε
478 997 569 1036 ἀπορῇ
598 996 749 1032 Ἐκκλησία
776 1000 828 1024 τῶν
858 997 955 1035 οτεῤῥὰ

126 1040 174 1067 καὶ
190 1038 287 1068 εὔτονα
302 1039 425 1078 δόγματα
439 1042 485 1069 καὶ
505 1042 711 1080 πεπληρωμένα
739 1044 788 1069 τοῖ’)
812 1042 885 1069 θείου
907 1043 954 1069 νοῦ

124 1083 346 1122 παραδιδόντων,
373 1086 517 1124 γνώρισμά
545 1086 601 1114 ἐστι
629 1089 677 1113 τοῦ
703 1086 872 1125 ἀφαιρεῖσθαι

125 1129 214 1164 αὐτῆς
237 1130 287 1164 τὴν
306 1129 385 1168 ἰσχὺν
414 1133 463 1158 τοῦ
486 1130 579 1167 ἄρτου,
596 1133 674 1159 Ἔστι
690 1130 719 1158 δὲ
747 1132 791 1158 καὶ
821 1130 846 1158 ἐν
877 1129 954 1158 ὕδατι

125 1173 209 1211 ὶσχὺς
235 1174 281 1201 καὶ
310 1174 444 1210 ἀσθένεια,
473 1176 542 1202 καθά
570 1186 650 1214 φησιν
677 1176 691 1203 ὁ
721 1175 829 1214 Κύριος.
854 1178 910 1206 Πᾶς
939 1175 953 1202 ὁ

126 1217 211 1245 πίνων
241 1217 270 1245 lx
296 1220 345 1246 τοῦ
384 1218 483 1251 ὕδατος
518 1219 629 1254 τούτου,
655 1219 764 1257 διψήσει
793 1218 876 1247 πάλιν
892 1229 899 1236 '
923 1220 952 1251 ὃς

125 1260 152 1289 δ’
168 1261 198 1289 ἂν
225 1262 275 1300 πίῃ
305 1262 336 1290 ἐκ
358 1266 406 1291 τοῦ
437 1263 545 1299 ὕδατος,
576 1265 607 1292 οὗ
633 1264 688 1302 ιγὼ
715 1263 794 1292 δώσω
822 1263 906 1301 αὑτῷ,
922 1263 953 1292 οὗ

127 1306 167 1342 μή
199 1305 303 1344 διψήσῃ
333 1309 391 1343 (57)
406 1308 444 1340 εἷς
471 1309 517 1336 τὸν
547 1308 643 1338 αἰῶνα.
659 1305 759 1346 Ὥσπερ
774 1308 803 1337 δὲ
826 1310 876 1344 τὴν
893 1319 954 1337 στε-

126 1351 189 1388 ρεὰν
205 1352 310 1390 τροφὴν
337 1353 405 1380 κατὰ
430 1353 637 1391 προηγούμενον
664 1354 745 1392 λόγον
768 1354 954 1393 προσφερόμε-

124 1401 170 1429 θα,
185 1396 235 1430 τὴν
247 1395 276 1424 δὲ
292 1397 374 1434 ὑγρὰν
401 1397 470 1425 ὥστε
497 1396 594 1436 ὄχημα
613 1398 734 1437 γενέσθαι
758 1401 792 1436 τῇ
815 1399 892 1436 ξηρᾷ,
908 1399 954 1426 καὶ

128 1445 336 1479 χειραγωγῆσοιι
362 1442 444 1477 αὐτὴν
474 1443 543 1479 πρὸς
570 1444 620 1478 τὴν
646 1442 789 1471 ἀνάδοσινν
806 1443 894 1474 οὕτως
923 1442 952 1470 ἃν

131 1483 174 1519 εἴη
190 1485 236 1512 καὶ
250 1485 276 1513 ὲν
292 1487 328 1523 τῇ
343 1488 433 1525 τροφῇ
447 1490 498 1522 τῆς
514 1488 618 1525 ψυχῆς.
635 1488 666 1517 Ὀ
684 1488 730 1525 μὶν
746 1489 819 1524 νοῦς,
835 1489 852 1522 ἠ
876 1488 953 1526 πρώ-

128 1540 165 1564 τη
180 1529 224 1557 καί
242 1529 398 1566 οῑκειοτάτη
416 1532 505 1570 τροφή
521 1535 571 1567 τῆς
590 1533 693 1570 ψυχῆς·
708 1533 722 1559 ὁ
749 1531 778 1560 δὲ
802 1532 893 1570 λόγος,
911 1531 956 1560 διὰ

126 1577 178 1608 τῆς
209 1574 313 1606 οῑκιίας
343 1575 479 1613 ἆνεργείας
507 1575 643 1604 ὁδοποιῶν
665 1579 724 1608 τοῖς
754 1575 880 1615 δόγμασι,
903 1577 953 1611 τήν

1011 285 1162 320 captorum
1179 292 1306 318 summa,
1328 283 1469 311 charitate
1479 283 1598 311 scilicet.
1626 283 1690 310 Pari
1719 283 1831 311 ratione

1010 328 1088 356 absit
1102 329 1238 362 etiam,ut
1253 329 1403 357 auferatur
1415 337 1449 355 ea
1464 328 1831 364 quaaintegritate,morum

1010 373 1163 408 gravitate,
1179 373 1382 410 eleemosynis,
1395 373 1567 400 assiduitate
1582 372 1694 407 orandi,
1707 381 1758 400 nec
1773 380 1831 400 non

1011 417 1175 453 vigiliarum
1193 418 1293 445 labore
1315 418 1420 445 valeat.
1436 417 1521 445 Absit
1535 420 1568 445 ut
1583 417 1733 445 auferatur
1744 417 1833 444 robur

1011 463 1095 498 panis
1103 465 1132 490 et
1146 463 1411 499 aqum,subsidium
1418 461 1528 491 scilicet
1537 471 1594 498 quo
1602 470 1699 490 sermo
1705 462 1832 489 maxime

1011 507 1156 535 nutritur:
1173 508 1424 543 quemadmodum
1449 507 1570 543 spiritus
1599 506 1761 543 prophetici
1788 506 1833 534 vis

1009 551 1139 580 deseruit
1147 552 1366 588 Judasos,atque
1373 552 1406 579 ad
1411 560 1444 580 eo
1451 552 1499 580 siti
1507 551 1651 579 sermonis
1662 551 1832 579 conﬂictan-

1009 597 1069 630 tur,
1084 605 1151 624 cum
1167 597 1217 624 Dei
1233 605 1399 624 sermonem
1416 598 1620 632 exoptenl,ncc
1635 598 1733 624 tamen
1746 595 1830 623 illum

1009 641 1278 669 habeant.Absl.ulit
1293 641 1371 669 enim
1386 641 1530 669 Dominus
1546 641 1635 669 robur
1651 640 1776 676 panis,et
1785 649 1831 668 ro-

1009 685 1066 713 bur
1080 694 1171 722 aquaa.
1198 686 1247 714 Est
1263 686 1382 722 quidem
1398 688 1427 714 et
1453 686 1532 722 apud
1549 694 1603 713 nos
1619 685 1832 713 nutrimentum

1010 731 1248 765 quoddam,449
1259 731 1335 766 quod
1349 739 1530 766 quamquam
1539 730 1692 758 roburnon
1702 731 1830 765 praestat,

1010 778 1108 802 tamen
1124 775 1216 802 emori
1226 784 1283 803 non
1302 775 1390 809 sinit;
1406 775 1572 810 cujusmodi
1589 774 1762 802 alimentum
1778 775 1831 802 Co-

1010 819 1129 847 rinthiis
1140 819 1236 847 adhuc
1249 820 1276 847 in
1284 819 1398 848 Christo
1413 819 1542 855 parvulis
1552 818 1673 855 apponit
1685 818 1831 847 Paulus”.

1010 863 1085 896 Quin
1094 864 1181 892 etiam
1194 863 1273 892 olera
1284 864 1469 892 inﬁrmorum
1481 865 1550 892 sunt
1560 864 1725 899 cibus,esca
1733 865 1830 890 autem

1009 908 1104 937 solida
1114 909 1248 944 perfeclis
1259 912 1288 937 et
1303 909 1424 945 integris
1439 909 1582 942 convenit,
1593 908 1831 944 quandoquidem

1010 952 1112 981 habitu
1128 953 1255 989 quodam
1268 961 1373 981 sensus
1383 962 1483 981 eorum
1493 954 1529 981 ad
1545 953 1751 980 discretionem
1762 951 1831 979 boni

1010 1000 1038 1025 et
1054 998 1123 1025 mali
1139 1000 1209 1026 sunt
1224 998 1382 1026 exercitati.
1400 999 1480 1031 Quod
1501 998 1527 1026 si
1547 1006 1677 1033 unquam
1702 996 1832 1025 Ecclesia

1008 1042 1119 1070 laboret
1135 1043 1257 1078 penuria
1280 1051 1380 1070 eorum
1397 1043 1448 1078 qui
1463 1043 1603 1078 dogmata
1621 1042 1705 1069 firma
1721 1041 1830 1069 solida~

1009 1095 1066 1123 que
1080 1089 1108 1115 et
1122 1095 1211 1115 sensu
1228 1087 1325 1115 divino
1337 1087 1423 1123 plena
1433 1088 1562 1121 tradant,
1577 1087 1607 1114 id
1636 1087 1673 1115 ab
1688 1094 1722 1114 ea
1740 1086 1831 1114 robur

1009 1131 1094 1167 panis
1104 1132 1210 1160 auferri
1222 1132 1358 1160 ostendit.
1375 1131 1449 1165 Quin
1465 1132 1550 1160 etiam
1567 1131 1645 1159 inest
1659 1131 1688 1158 in
1704 1139 1830 1166 aquaro-

1009 1176 1065 1204 bur
1079 1178 1107 1204 et
1121 1176 1336 1210 infirmitas,uti
1346 1176 1387 1204 ait
1399 1176 1541 1204 Dominus
1558 1183 1565 1203 :
1591 1175 1684 1204 Omnis
1698 1175 1746 1211 qui
1761 1175 1829 1203 bibit

1007 1228 1042 1248 ea:
1056 1229 1129 1257 aqua
1148 1221 1211 1255 hac,
1227 1222 1304 1251 sitiet.
1322 1222 1424 1249 iterum
1444 1230 1453 1248 :
1482 1222 1531 1257 qui
1548 1225 1640 1249 autem
1669 1220 1767 1248 biberit
1793 1227 1829 1247 ea:

1008 1274 1095 1301 aqua,
1111 1274 1191 1302 quam
1206 1273 1256 1300 ego
1268 1266 1342 1294 dabo
1352 1266 1389 1300 ei,
1409 1274 1466 1294 non
1493 1267 1568 1294 sitiet
1591 1267 1622 1293 in
1645 1267 1780 1293 aeternum
1795 1264 1827 1292 ⁷⁸.

1008 1311 1262 1343 Quemadmodum
1276 1313 1374 1338 autem
1394 1310 1488 1346 primo
1503 1311 1605 1338 ordine
1623 1309 1769 1337 sumimus
1784 1316 1830 1336 so-

1008 1354 1102 1382 lidum
1117 1355 1226 1391 cibum,
1241 1355 1397 1383 humidum
1409 1363 1474 1383 vero
1488 1355 1552 1382 ideo
1563 1354 1743 1389 capimus,ut
1753 1353 1830 1381 sicco

1009 1399 1048 1427 sit
1062 1399 1226 1427 vehiculum
1238 1400 1323 1435 eique
1334 1400 1411 1427 viam
1427 1401 1508 1434 paret
1523 1399 1558 1426 ad
1567 1398 1759 1434 digestionem
1773 1396 1831 1425 :ita

1009 1452 1125 1480 quoque
1142 1445 1173 1471 ﬁt
1189 1445 1217 1471 in
1234 1443 1371 1472 alimento
1386 1442 1701 1478 animanntelligentia
1711 1441 1829 1478 quidem

1010 1488 1104 1524 prima
1118 1491 1163 1516 est
1178 1491 1206 1516 et
1221 1487 1347 1516 maxime
1362 1488 1479 1524 propria
1506 1495 1574 1515 esca.
1592 1487 1695 1515 anime
1713 1495 1719 1514 :
1732 1494 1828 1513 sermo

1008 1540 1076 1560 vero
1087 1541 1141 1560 sua
1152 1533 1178 1560 vi
1193 1535 1220 1560 et
1235 1532 1366 1560 efﬁcacia
1387 1532 1534 1568 dogmatis
1551 1531 1605 1560 iter
1620 1531 1829 1567 premuniens.

1009 1577 1078 1605 facit
1092 1579 1125 1604 ut
1139 1585 1174 1604 ea
1187 1577 1394 1613 percipiantur.
1411 1577 1476 1605 Jam
1506 1585 1572 1604 vero
1595 1576 1744 1612 aperiendi
1760 1577 1831 1603 sunt

127 1618 266 1656 ἀνάληψιν
295 1619 445 1658 ιργάζιται.
473 1621 592 1656 ’Δνοῖξαι
621 1620 650 1649 δὶ
678 1620 720 1649 δεῖ
751 1620 815 1652 τοὺς
848 1621 952 1659 ὀφθαλ-

1010 1621 1098 1657 oculi,
1111 1623 1143 1649 ut
1158 1629 1232 1658 pane
1246 1621 1302 1650 isto
1317 1625 1345 1649 et
1360 1630 1436 1658 aqua
1447 1622 1599 1650 satiemur.
1615 1621 1707 1657 Aperi,
1723 1620 1830 1656 inquit,

129 1663 270 1699 μοὺς,’ίνα
296 1664 395 1692 τούτου
416 1667 465 1692 τοῦ
495 1665 576 1703 ἄρτου
606 1665 811 1703 ἒμπλησθῶμεν
839 1665 885 1693 xxi
907 1668 956 1693 τοῦ

126 1706 238 1739 ὕδατος.
269 1708 406 1745 Διάνοιεον
430 1709 492 1747 γὰρ,
513 1710 590 1747 φησὶ,
616 1709 680 1742 τοὺς
707 1709 864 1749 ὀφθαλμούς
895 1720 954 1746 σου,

122 1753 170 1780 καὶ
197 1752 376 1790 ἐμπλήσθητι
497 1753 606 1793 ἄρτων.
631 1755 682 1783 Kal?
720 1754 746 1782 ἐν

124 1796 211 1835 ὕδωρ.

163 1843 226 1870 101.
250 1842 369 1880 Γίγαντα
407 1842 453 1870 καὶ
486 1843 629 1881 ΐσχύοντα,
660 1843 704 1871 καὶ
734 1842 878 1882 ἄνθρωπον
908 1854 956 1872 πο-

124 1885 261 1922 λεμιστήν
304 1886 350 1914 καὶ
395 1886 534 1922 δικαστήν.
563 1888 623 1915 Ἐπὶ
664 1888 751 1916 καλοῦ
787 1889 954 1928 τεταγμένην

123 1931 175 1965 τὴν
192 1932 242 1958 τοῦ
257 1931 387 1968 γίγαντος
402 1932 589 1969 προσηγορίαν
613 1932 722 1960 ἰνταῦθα
746 1933 859 1972 εὕρομεν
886 1935 954 1970 (59),

123 1974 174 2002 καὶ
203 1974 229 2002 εἴ
249 1986 314 2011 που,
329 1976 397 2004 κατὰ
419 1977 450 2004 τὸ
475 1977 596 2012 σπάνιον,
608 1978 652 2008 Ὠς
679 1978 721 2012 τὸ,
747 1977 953 2016 ’Λγαλλιάσεται

126 2019 168 2050 ὡς
196 2020 276 2057 γίγας
307 2021 420 2058 δραμεῖν
455 2019 651 2060 ὁδόν.Ἀφιλεῖ
677 2020 723 2049 οὖν
751 2022 860 2059 γίγαντα
885 2023 952 2059 (60).

1011 1667 1102 1694 oculos
1113 1670 1182 1700 tuos,
1197 1668 1222 1694 et
1237 1666 1352 1702 implere
1364 1666 1484 1702 panibus
1498 1667 1531 1694 “.
1557 1666 1588 1693 In
1616 1665 1722 1693 Genesi
1751 1673 1830 1700 vero,

1010 1711 1105 1747 Aperit
1118 1715 1182 1739 sunt
1195 1711 1270 1739 oculi
1284 1712 1366 1747 Agar,
1379 1714 1405 1739 et
1420 1711 1489 1740 vidi!
1503 1719 1605 1747 aquam
1619 1711 1653 1737 τ’.

790 1755 892 1783 Γενέσει
929 1753 976 1783 δέ’
1008 1755 1170 1793 Ἠνοίγησαν
1202 1759 1252 1790 τῆς
1291 1756 1372 1794 Ἀγὰρ
1401 1756 1427 1783 οἱ
1461 1755 1599 1795 ὀφθαλμοὶ
1636 1754 1681 1783 καὶ
1712 1753 1766 1782 εἶδε
1799 1753 1831 1781 τὸ

1046 1845 1206 1874 101.νιι;ιιε.
1223 1846 1250 1874 2.
1268 1846 1410 1882 Gigantem
1425 1848 1452 1874 et
1479 1847 1591 1882 fortem,
1617 1847 1643 1872 et
1663 1845 1756 1872 virum
1772 1844 1830 1872 bel—

1010 1889 1123 1917 latorem
1139 1890 1303 1926 etjudicem.
1320 1889 1453 1926 Gigantis
1469 1898 1576 1918 nomen
1596 1889 1626 1917 in
1639 1889 1746 1917 bonam
1762 1897 1830 1924 par-

1010 1937 1067 1962 tem
1079 1937 1252 1971 usurpatum
1267 1935 1315 1962 hic
1330 1934 1589 1971 deprehendimus,
1610 1936 1639 1962 et
1658 1934 1753 1962 sicubi
1783 1933 1828 1961 in-

1008 1979 1184 2012 veniatur,id
1199 1980 1233 2007 fit
1248 1988 1375 2016 perraro.
1392 1979 1523 2015 Exempli
1539 1987 1628 2007 causa
1644 1987 1651 2007 :
1668 1979 1830 2007 Exsullabit

1008 2028 1039 2052 ut
1052 2025 1129 2059 gigas
1142 2024 1178 2052 ad
1191 2025 1359 2053 currendum
1372 2025 1446 2052 viam
1457 2025 1489 2052 ⁷³.
1504 2025 1624 2052 Auferet
1633 2024 1723 2060 igitur
1731 2024 1831 2060 gigan-

127 2063 198 2094 Τοὺς
213 2062 329 2102 ἔχοντάς
344 2075 403 2092 τινα
418 2065 448 2093 ἐκ
462 2065 567 2104 φύσεως
591 2067 796 2104 προτερήματα,
816 2065 860 2093 καὶ
886 2066 954 2094 κατὰ

1010 2070 1077 2096 tem.
1091 2069 1277 2097 Arbitramur
1298 2069 1432 2106 gigantes
1462 2069 1519 2097 dici
1540 2077 1600 2102 eos,
1625 2069 1674 2105 qui
1705 2068 1828 2096 eximias

123 2108 176 2142 τὴν
193 2108 334 2147 σύγκρισιν
353 2111 403 2144 τῆς
427 2110 524 2148 σαρκὸς
548 2109 661 2138 πολλῶν
684 2111 742 2148 (61)
766 2109 952 2149 διαφέροντας,

1010 2113 1152 2148 quaedam
1168 2121 1185 2140 ιι
1196 2115 1302 2141 natura
1317 2114 1399 2141 dotes
1415 2113 1558 2147 obtinent,
1575 2112 1683 2148 quique
1699 2112 1736 2139 ad
1750 2111 1826 2139 exci-

123 2152 165 2184 ιῑς
182 2152 319 2190 ἀνάληψιν
335 2153 503 2191 ἰπιστήμης.
520 2154 538 2190 ἢ
563 2155 601 2186 εἰς
624 2155 736 2191 ἄσκησιν
766 2155 875 2194 ἀρετῆς,
889 2155 952 2183 τού-

1010 2158 1143 2193 piendam
1159 2158 1311 2186 scientiam
1327 2159 1389 2186 sive
1403 2158 1438 2185 ad
1466 2157 1655 2186 excolendam
1677 2156 1827 2189 virtutem,

122 2207 190 2229 τους
206 2197 348 2236 ἡγούμεθα
363 2198 489 2237 γίγαντας
507 2198 643 2237 λέγεσθαι·
660 2199 807 2238 ἰσχύοντας
837 2199 866 2228 δὲ
890 2199 954 2232 τοὺς

1010 2201 1108 2230 habita
1121 2202 1250 2238 corporis
1265 2201 1388 2236 ratione,
1410 2211 1425 2230 e
1453 2202 1539 2239 vulgo
1561 2203 1720 2238 praestant:
1737 2201 1828 2228 fortes

122 2241 155 2269 ικ
168 2243 220 2277 τῆς
237 2242 307 2274 ἰδίας
331 2243 490 2280 ἐπιμελείας
515 2243 560 2272 καὶ
588 2244 704 2281 μελέτης
731 2245 762 2272 τὸ
791 2244 821 2272 ἐκ
849 2244 953 2284 φύσεως

1010 2254 1073 2274 vero
1088 2254 1137 2274 eos
1153 2246 1204 2283 qui
1220 2249 1336 2275 suomet
1358 2247 1457 2274 studio
1472 2249 1500 2274 et
1519 2246 1726 2274 exercitatione
1747 2253 1827 2273 acce-

124 2287 224 2324 ἀγαθὸν
249 2286 456 2320 τιλειώσαντας.
482 2289 581 2318 Οὐκέτι
605 2289 678 2327 παρά
700 2288 843 2321 Ἰουδαίοις
869 2289 952 2317 πολε-

1010 2293 1089 2327 ptum
1101 2299 1117 2318 a
1130 2293 1235 2319 natura
1251 2291 1361 2319 bonum
1371 2292 1566 2327 perfecerunt.
1580 2290 1660 2319 Nulli
1672 2291 1734 2327 jam
1749 2290 1828 2326 apud

126 2332 237 2367 μισταί·
261 2331 325 2360 οὐδὲ
353 2333 405 2370 γὰρ
432 2333 637 2370 ἑναριθμοῦνται
661 2336 719 2365 τοῖς
748 2337 952 2370 στρατιωτικοῖς

1010 2335 1139 2373 Judaaos,
1150 2335 1326 2370 bellatores;
1344 2344 1439 2372 neque
1454 2337 1533 2364 enim
1544 2337 1608 2373 jam
1624 2335 1691 2364 albo
1707 2334 1829 2363 militari

123 2375 300 2414 καταλόγοις·
328 2376 391 2405 ἀλΑ¹
419 2377 482 2406 οὐδὲ
510 2376 656 2414 δικαστής·
682 2377 870 2416 παρεδόθησαν
899 2379 950 2417 γὰρ

1010 2380 1233 2408 conscribuntur
1244 2380 1320 2414 ;imo
1331 2389 1422 2416 neque
1433 2382 1524 2416 judex
1538 2381 1633 2415 ullus;
1649 2380 1749 2409 traditi
1760 2381 1830 2408 sunt

124 2419 265 2453 δικασταῖς
286 2422 544 2460 αῗχμαλοντιύσασιν
562 2423 668 2459 αὐτοὺς,
686 2423 731 2451 διὰ
758 2424 789 2452 τὸ
815 2423 948 2452 ἐκλείπειν

1010 2425 1083 2453 anim
1097 2424 1174 2453 hisce
1185 2425 1348 2460 judicibus,
1365 2426 1415 2462 qui
1431 2434 1481 2454 eos
1496 2426 1672 2462 redegerunt
1693 2425 1724 2454 in
1739 2425 1829 2462 capti-

75 2493 78 2495 .
124 2464 248 2504 ἄρχοντα
274 2468 331 2504 (62)
355 2467 380 2503 ἰξ
405 2467 504 2497 Ἰούδα.
530 2469 649 2497 Ἕκαστα
675 2468 768 2505 μέντοι
795 2471 849 2496 τῶν
885 2468 950 2496 ἑκεί-

1010 2470 1291 2506 vitatem,propterea
1305 2471 1384 2506 quod
1395 2479 1430 2498 ex
1439 2470 1517 2500 Juda
1526 2471 1585 2499 dux
1594 2470 1828 2505 defecerit.Qua-

160 2525 184 2543 "
199 2527 211 2552 Ι
226 2525 291 2553 Cor.
308 2534 352 2560 ιιι,
365 2528 392 2555 2.
408 2527 432 2545 ⁷ο
444 2527 529 2556 Joan.
542 2535 581 2562 xv,
595 2527 669 2555 13.”¹¹
683 2527 764 2556 Prov.
780 2536 826 2562 xx,
844 2528 888 2557 17.
904 2528 926 2546 “¹²
942 2528 954 2557 ί

1010 2536 1046 2556 es.
1062 2536 1120 2558 XXI.
1138 2528 1181 2556 19.
1197 2528 1220 2546 ¹¹³
1234 2527 1311 2556 Psal.
1323 2536 1404 2563 xvm,
1417 2529 1445 2557 6.

160 2587 218 2627 (55)
232 2587 321 2627 liditi.
338 2587 431 2627 λόγον.
449 2590 484 2617 At
492 2591 619 2627 quatuor
634 2598 718 2624 mss.,
735 2589 831 2627 Λόγου.

1005 2599 1100 2626 ραμεν.
1127 2590 1254 2626 Ibidem“
1268 2591 1399 2626 quinque
1425 2599 1509 2626 mss.,
1536 2589 1581 2618 καὶ
1603 2588 1691 2618 ιὶιπου.
1708 2589 1785 2617 Editi
1800 2591 1830 2618 et

161 2623 214 2657 (56)
232 2625 263 2651 ln
280 2623 430 2660 aliquibus
445 2623 516 2654 mss.
534 2626 675 2661 scriptum
699 2623 853 2663 reperitur,
879 2625 948 2664 ἀφῃ-
1003 2623 1131 2664 pri

1003 2623 1072 2661 Βόα.
1090 2625 1211 2661 primus,
1226 2623 1304 2653 εἵπου
1319 2623 1374 2654 καί.

123 2660 308 2700 Ρῆῗτρέ.ι·,....
342 2697 346 2700 Α
373 2696 381 2700 .
564 2694 575 2700 -
594 2660 628 2700 ί.
903 2660 926 2664 ”

1039 2660 1143 2698 (ΒΟ)1ιι
1159 2662 1254 2690 tribus
1265 2671 1338 2690 mss.
1365 2662 1483 2698 legitur,
1494 2661 1627 2699 γίγαντας,
1650 2661 1756 2695 auferet
1785 2661 1827 2695 gi-

160 2695 219 2731 (57)
233 2695 309 2723 Editi
322 2697 350 2723 et
364 2696 427 2735 duo
447 2706 531 2735 mss.,
561 2694 681 2734 διψήσει.
708 2698 765 2726 Alii
790 2700 850 2726 tres
874 2706 947 2727 mss.

1010 2694 1108 2733 aa'ntek.

120 2728 291 2770 cumAsacro
308 2734 398 2766 textu,
414 2728 529 2770 διψήσῃ..
597 2728 602 2734 ”
622 2728 627 2733 ’
785 2769 790 2770 γ
840 2767 846 2770 Δ
926 2769 930 2770 7

1010 2728 1015 2733 '
1038 2735 1094 2770 (δι)
1108 2733 1194 2766 Editi,
1209 2731 1319 2769 πολλῷ.
1333 2735 1369 2762 At
1385 2742 1457 2762 mss.
1473 2731 1618 2766 nonnulli,
1634 2728 1760 2770 πολλῷςι,

157 2768 214 2809 (δε)
231 2770 301 2811 Reg.
319 2766 511 2811 secundu's'et
523 2773 645 2807 uterque
660 2769 752 2807 Golb.,
783 2767 946 2807 ἐμπλησθή-

1038 2766 1094 2811 (62)
1112 2770 1194 2806 Regii
1219 2766 1332 2806 primus
1360 2770 1465 2797 tertius
1493 2771 1522 2796 et
1557 2770 1692 2803 quartus,
1722 2766 1824 2804 ἄρχον-

122 2803 435 2876 σῃξ5ὃῗ²ἴὶξέῗόέιὶιιὴ
450 2839 583 2880 ηὕραμιιν.
598 2841 656 2871 Alii
671 2842 793 2879 quidam
803 2850 888 2878 mss.,
903 2838 946 2868 c3-

1010 2803 1061 2842 ςαέ,
1075 2803 1166 2834 duces:
