2009 3145
170 165 229 195 283

642 166 840 197 APPENDIX
861 165 1023 197 OPERUM
1046 165 1079 195 8.
1101 164 1242 195 BASILII
1265 163 1402 195 MAGNI.

1815 166 1875 197 284

171 238 285 266 cunque
295 232 392 258 autem
410 231 495 258 mima
511 232 650 260 adversus
663 232 728 260 illos
744 233 780 260 ob
798 241 882 260 suam
898 233 927 259 in
937 231 993 259 Do-

1053 240 1108 260 νοις
1131 228 1175 256 διὰ
1203 229 1251 263 τήν
1273 227 1310 260 εἲ¹ς
1333 230 1378 257 τὸν
1403 228 1501 267 Κύριον
1517 229 1639 257 ἀπιστίαν
1655 229 1874 265 ἀπειληθέντων,

172 276 285 302 minum
299 276 533 304 incredulitatem
557 277 705 305 intentata;
735 279 813 312 sunt,
844 277 950 304 eaedem
967 278 995 303 et

172 319 267 353 nobis,
284 320 308 347 si
325 320 420 348 simus
433 320 589 356 increduli,
605 321 716 349 intendi
734 324 865 358 possunt.
884 321 995 349 Desunt

175 364 320 400 siquidem
337 367 367 392 et
377 365 462 392 nobis
477 365 644 397 bellatores,
661 365 723 401 qui,
752 368 868 402 arrepta
879 365 995 393 Domini

172 411 323 436 armatura
337 409 430 442 omni,
446 417 510 437 sese
526 410 639 438 fortiter
654 410 762 438 diaboli
780 410 896 438 insidiis
907 418 995 446 oppo-

172 456 322 488 nant,cum
340 454 500 482 inﬁdelitas
515 455 693 491 oppresserit
708 464 772 488 nos,
782 456 934 491 simusque
944 455 994 482 ad<

170 498 308 526 versariis
323 499 435 526 traditi.
460 499 514 526 Sed
545 500 734 528 Obsecremus
764 500 932 534 Dominum,
963 501 996 527 ut

171 551 208 570 ne
222 551 240 570 a
255 542 339 570 nobis
354 543 474 570 tollatur
490 543 622 577 bellator,
652 544 695 571 vir
710 544 777 572 fidei
800 544 890 572 lorica
915 552 995 572 com-

172 587 320 614 munitus:
338 587 443 614 salutis
458 587 581 615 indutus
606 588 716 623 galeam
742 589 903 624 praecipuas
934 596 996 616 cor-

172 631 250 667 poris
266 631 358 667 ipsius
376 634 472 667 partes
483 634 638 668 tegentem,
668 633 753 668 cujus
776 633 863 668 pedes
878 632 906 660 in
926 641 995 663 prae-

171 676 352 711 parationem
370 675 602 712 Evangeliiﬁrmi
613 677 670 705 sint
683 680 711 704 et
726 677 847 705 stabiles
857 678 880 695 ⁷⁸
891 686 897 705 :
909 678 996 713 cujus

170 719 285 756 gladius
301 721 339 748 sit
355 720 517 755 districtus,
530 724 558 749 et
587 722 624 749 ad
650 721 851 750 ulciscendum
875 730 994 750 omnem

169 765 399 792 inobedientiam
417 768 537 801 paratus
552 767 574 784 ⁷⁸
591 775 597 793 :
615 769 643 794 et
671 775 729 794 uno
755 767 854 799 verbo,
885 767 946 803 qui,
963 769 995 794 ut

170 809 266 837 bonus
277 809 383 837 Christi
400 810 484 838 miles
497 811 728 844 “,atﬂictionum
747 811 893 847 Evangelii
905 811 994 847 parti-

170 861 238 890 ceps
253 854 301 886 sit,
314 862 365 882 nec
380 854 442 882 vitae
458 855 582 891 negotiis
598 855 775 892 implicetur,
792 858 826 883 ut
838 855 864 883 ei
880 856 929 892 qui
946 864 993 884 se-

169 898 199 925 in
216 898 351 926 militiam
370 899 489 935 delegit,
507 899 628 935 placeat.

204 943 266 970 102.
283 943 376 971 Habet
391 946 488 971 autem
509 944 637 972 Ecclesia
652 946 680 973 et
700 945 831 980 judices,
849 945 899 981 qui
925 953 993 982 pos-

169 987 229 1015 sint
244 988 360 1016 fratrem
375 988 457 1016 fratri
470 989 667 1024 reconciliare,
684 998 701 1017 ιι
716 989 825 1025 quibus
843 990 996 1025 judicatur

168 1032 246 1060 450
261 1034 289 1059 et
302 1033 449 1066 mundus;
466 1034 515 1068 qui
546 1033 665 1069 angelos
692 1035 779 1062 etiam
807 1034 993 1070 judicabunt.

169 1077 352 1113 Quapropter
362 1077 516 1113 siquando
532 1078 640 1106 fuerint
650 1078 835 1114 multiplicati
844 1079 994 1115 vaniloqui

169 1122 197 1146 et
214 1120 357 1148 mentium
369 1124 554 1157 corruptores
569 1122 744 1155 ",docentes
758 1132 822 1158 qua:
838 1132 894 1151 non
909 1132 993 1159 opor-

171 1165 330 1198 tet,domos
347 1168 422 1193 totas
439 1167 534 1202 turpis
549 1167 622 1195 lucri
633 1167 726 1203 gratia
737 1169 940 1196 subvertentes
953 1169 992 1203 7‘;

172 1217 223 1236 nec
240 1212 338 1237 tamen
354 1210 381 1237 in
399 1210 527 1238 Ecclesia
542 1211 731 1248 adfueritqui
747 1212 857 1240 talibus
865 1221 898 1240 os
909 1213 994 1240 obtu-

168 1256 222 1288 ret,
239 1256 382 1281 eteorum
400 1254 585 1284 altitudinem
616 1264 648 1284 se
672 1257 813 1284 adversus
839 1257 992 1285 scientiam

170 1297 220 1325 Dei
241 1298 426 1327 extollentem
454 1303 564 1328 evertat
579 1301 620 1335 7°;
651 1301 726 1329 scire
751 1304 864 1337 oportet
889 1302 992 1330 dereli-

172 1344 249 1370 ctam
264 1351 328 1370 eam
344 1351 408 1371 esse
418 1344 455 1371 ob
468 1344 692 1380 multiplicatam
710 1354 794 1373 suam
825 1346 994 1374 inobedien-

170 1387 252 1414 tiam.
270 1388 349 1419 Quod
365 1387 390 1415 si
407 1388 506 1416 nullus
520 1392 565 1417 est
579 1390 697 1426 sapiens
721 1391 770 1426 qui
801 1391 895 1427 possit
918 1391 994 1419 inter

172 1430 288 1458 fratrem
305 1434 334 1459 et
349 1432 467 1460 fratrem
481 1432 643 1469 dijudicsre
655 1435 687 1469 '°,
715 1435 765 1462 sed
795 1444 852 1471 pra:
876 1438 992 1464 sancto-

169 1483 234 1502 rum
251 1476 554 1512 penuriajudicentur
569 1479 605 1506 ab
633 1479 812 1515 inﬁdelibus,
835 1479 889 1508 hoc
904 1481 992 1509 etiam

170 1519 345 1547 dessrtionis
361 1523 405 1548 est
420 1530 556 1557 signum:
575 1523 698 1551 abstulit
712 1524 790 1551 enim
806 1524 949 1553 Dominus
965 1526 994 1553 et

165 1562 308 1598 judicem.
326 1565 357 1592 Et
376 1566 546 1602 prophetam,
563 1572 590 1595 et
604 1568 836 1604 conjectorem.Ad
847 1569 990 1597 Joannem

1050 273 1160 301 δυνατὸν
1194 274 1237 301 καὶ
1278 273 1318 313 ἐφ’
1346 275 1425 310 ἡμῶν
1458 275 1590 311 γενέσθαι,
1620 273 1664 301 ἐὰν
1705 275 1875 311 ἀπειθῶμεν.

1050 317 1237 347 Ἐπιλείπουσι
1262 318 1312 356 γὰρ
1337 318 1381 346 καὶ
1401 320 1475 355 ἡμᾶς
1502 318 1677 355 πολεμισταὶ,
1693 319 1720 346 οἱ
1750 319 1876 356 ἀναλαμ-

1050 361 1175 394 ϐάνοντες
1204 363 1253 398 τὴν
1273 362 1322 390 τοῖ’)
1347 363 1447 400 Κυρίου
1474 362 1638 397 πανοπλίαν,
1658 363 1703 391 καὶ
1732 363 1877 400 ἱστάμενοι

1048 408 1176 446 γενναίως
1192 408 1259 445 πρὸς
1283 408 1331 439 τὰς
1352 406 1493 444 μεθοδεῖας
1511 409 1559 435 τοῦ
1578 405 1720 442 διαϐόλου,
1737 408 1802 435 ὅταν
1827 419 1877 435 κα-

1049 453 1206 491 τακρατήσῃ
1233 453 1289 490 (63)
1317 453 1399 489 ἡμῶν
1428 453 1446 487 ἡ
1463 452 1582 489 ἀπιστία,
1597 452 1642 480 καὶ
1673 451 1876 490 παραδοθῶμεν

1049 500 1107 528 τοῖς
1141 497 1316 529 ὑπεναντίοις.
1340 496 1428 524 Ἀλλὰ
1461 496 1584 533 δεώμεθα
1610 499 1659 524 τοῦ
1689 496 1804 534 Κυρίου,
1836 498 1876 534 μή

1051 541 1162 579 ἂρθῆναι
1180 542 1224 580 ἀφ’
1238 543 1318 577 ἡμῶν
1329 540 1511 578 πολεμιστὴν,
1528 540 1612 578 ἄνδρα
1639 543 1677 577 τῷ
1697 542 1801 579 θώρακι
1827 545 1879 576 τῆς

1050 586 1166 617 πίστεως
1193 586 1391 624 ὠχυρωμένον,
1419 587 1464 613 καὶ
1498 586 1548 620 τήν
1581 586 1794 625 περικεφαλαίαν
1828 589 1880 614 τοῦ

1052 630 1189 668 σωτηρίου
1211 631 1359 658 σκέπουσαν
1390 630 1471 658 αὐτοῦ
1494 630 1527 658 τὰ
1554 630 1646 667 καίρια
1674 631 1880 669 περικείμενον,

1050 675 1174 706 καὶτοὺς
1199 675 1284 707 πόδας
1313 675 1338 702 ἐν
1369 675 1511 711 ἑτοιμασίᾳ
1533 677 1581 703 τοῦ
1605 673 1777 713 Εὐαγγελίου
1794 676 1881 714 ἠσφα-

1052 719 1192 756 λισμένον·
1211 720 1375 756 ἐσπασμένον
1392 719 1421 747 δὲ
1444 719 1489 747 καὶ
1513 720 1564 754 τήν
1596 720 1732 758 μάχαιραν
1762 719 1881 756 ἑτοίμως

1051 764 1152 802 ἔχοντα
1181 763 1320 800 ἐκδικῆσαι
1334 767 1420 792 πᾶσαν
1451 766 1601 802 παρακοήν
1617 765 1663 792 καὶ
1687 764 1718 792 τὸ
1747 764 1824 799 ὅλον,
1840 765 1880 795 ὡς

1050 808 1134 836 καλὸν
1170 809 1338 847 στρατιώτην
1374 811 1518 847 Χριστοῦ,
1547 809 1805 846 συγκακοπαθοῦντα
1838 811 1881 845 τῷ

1052 853 1224 891 Εὐαγγελίῳ,
1249 854 1286 889 μὴ
1317 851 1522 890 ἐμπλεκόμενον
1552 855 1612 884 ταῖς
1640 855 1688 880 τοῦ
1721 852 1784 891 βίου
1810 863 1881 891 πρα-

1050 898 1204 936 γματείαις,
1218 897 1263 925 ἵνα
1278 900 1317 934 τῷ
1333 897 1579 935 στρατολογήσαντι
1595 897 1687 935 ἀρέσῃ.

1088 944 1148 971 102.
1166 943 1244 980 Ἔχει
1260 941 1289 969 δὲ
1303 942 1348 970 καὶ
1374 940 1500 973 δικαστὰς
1524 943 1541 977 ἡ
1566 941 1714 977 Ἐκκλησία
1737 941 1803 974 τοὺς
1828 941 1879 970 δυ-

1049 986 1181 1024 ναμένους
1211 985 1327 1024 ἁδελοὸν
1352 986 1418 1022 μετὰ
1454 987 1510 1022 (64)
1540 984 1659 1024 ἀδελφοῦ
1685 983 1876 1022 συμϐιόἀσιι·

1050 1031 1090 1069 ἐφ’
1113 1032 1150 1058 ὧν
1175 1030 1219 1058 καὶ
1245 1031 1258 1058 ὁ
1280 1030 1383 1068 κόσμος
1403 1031 1532 1066 κρίνεται,
1549 1031 1575 1058 οἳ
1589 1030 1634 1058 καὶ
1649 1029 1784 1067 ἀγγέλους
1814 1041 1879 1068 κρι-

1049 1078 1152 1104 νοῦσιν.
1169 1076 1230 1104 Ἐὰν
1257 1075 1301 1102 οὖν
1327 1085 1394 1103 ποτε
1416 1074 1595 1109 πληθυνθῶσι
1621 1074 1804 1112 ματαιολόγοι
1827 1074 1879 1102 καὶ

1049 1121 1225 1159 φρεναπάται,
1255 1118 1425 1150 διδάσκοντες
1463 1119 1480 1146 ἃ
1515 1119 1552 1156 μὴ
1592 1117 1653 1154 δεῖ,
1679 1119 1880 1156 ἀνατρέποντες

1048 1164 1131 1196 ὅλους
1148 1164 1239 1193 οἴκους
1263 1164 1380 1202 αἴσχροῦ
1404 1163 1516 1201 κέρδους
1541 1163 1633 1201 χάριν·
1649 1164 1693 1192 καὶ
1719 1164 1733 1191 ὁ
1763 1164 1881 1191 ἐπιστο-

1049 1209 1134 1246 μίζων
1150 1209 1175 1237 ἐν
1191 1208 1341 1244 Ἐκκλησία
1354 1208 1418 1239 τοὺς
1440 1208 1581 1239 τοιούτους
1612 1209 1649 1245 μὴ
1679 1208 1707 1245 ᾖ,
1726 1207 1797 1245 μηδὲ
1811 1209 1881 1236 καθ-

1047 1256 1130 1292 αιρῶν
1171 1253 1259 1280 αὐτῶν
1287 1253 1320 1280 τὰ
1343 1253 1509 1291 ἐπαιρόμενα
1547 1253 1683 1290 ὑψώματα
1715 1253 1785 1280 κατὰ
1820 1254 1880 1287 τῆς

1046 1300 1170 1337 γνώσεως
1184 1300 1232 1326 τοῦ
1248 1297 1326 1332 Θεοῦ,
1343 1297 1439 1325 εἰδέναι
1454 1296 1504 1331 δεῖ,
1522 1298 1562 1325 δτι
1589 1296 1632 1324 διὰ
1656 1298 1686 1324 τὸ
1709 1296 1882 1333 πληθυνθῆ-

1046 1354 1089 1371 ναι
1114 1344 1164 1378 τήν
1190 1343 1332 1380 παρακοήν
1362 1342 1446 1377 αὐτῆς
1475 1341 1730 1380 ἐγκαταλέλειπται.
1747 1342 1797 1369 Καὶ
1826 1341 1881 1369 ἐὰν

1049 1386 1145 1424 μηδεὶς
1213 1386 1294 1426 σοφὸς
1314 1388 1328 1414 ὁ
1354 1385 1502 1423 δυνάμενος
1533 1386 1630 1424 κρίνειν
1656 1386 1791 1423 ἀναμέσον
1821 1389 1882 1414 τοῦ

1048 1432 1177 1470 ἀδελφοῦ,
1200 1431 1260 1460 ἀλλ’
1284 1431 1400 1459 ἐπὶτῶν
1426 1432 1546 1459 ἀπίστων
1571 1431 1716 1469 κρίνωνται
1746 1429 1782 1458 δι’
1803 1431 1882 1459 ἄπο,

1048 1477 1105 1515 ρίαν
1141 1476 1248 1515 ἁγίων·
1280 1479 1392 1513 σημεῖον
1429 1476 1474 1504 καὶ
1510 1478 1593 1503 τοῦτο
1627 1475 1850 1514 ἐγκαταλείψεως
1874 1486 1881 1492 ·

1048 1521 1143 1561 ἀφεῖλε
1167 1523 1223 1559 (65)
1243 1521 1295 1560 γὰρ
1321 1522 1419 1560 Κύριος
1441 1521 1485 1548 καὶ
1511 1519 1651 1556 δικαστήν.
1680 1521 1730 1550 Καὶ
1760 1522 1883 1559 προφή-

1046 1577 1108 1604 την,
1135 1566 1179 1594 καὶ
1209 1567 1374 1604 οτοχαστήν.
1405 1568 1480 1593 Πᾶσα
1512 1565 1665 1604 προφητεία
1700 1565 1773 1602 παρὰ
1804 1565 1883 1593 Ἰου-

169 1615 262 1643 usque
279 1609 430 1644 prophetia
445 1611 541 1639 omnis
556 1620 644 1648 penes
659 1613 776 1641 Judmos
787 1614 883 1648 stetit;
895 1614 943 1641 sed
954 1614 990 1642 ab

1053 1611 1134 1643 Βαίοις
1152 1611 1235 1649 μέχρι
1251 1611 1388 1640 Ὶωάννου“
1407 1611 1439 1638 τὸ
1451 1609 1479 1638 δὲ
1500 1610 1544 1637 ἀπ’
1566 1609 1666 1637 ἐκείνου
1695 1608 1882 1637 ἐπιλέλοιπεν

168 1651 218 1680 illo
235 1655 365 1690 tempore
380 1655 422 1682 eis
439 1656 600 1685 defuit.Nec
613 1660 658 1685 est
670 1657 748 1686 ullus
762 1659 838 1694 apud
851 1659 930 1694 ipsos
938 1658 989 1695 qui

167 1695 241 1733 legis
256 1705 377 1726 sensum
392 1699 478 1727 modo
494 1700 620 1736 spiritali
633 1700 854 1737 interpretetur,
872 1703 908 1730 ob
924 1710 990 1730 eam

168 1748 233 1776 quis
250 1741 348 1770 Israeli
364 1744 487 1779 contigit
495 1745 721 1773 czecitatemBed
736 1746 916 1782 benignitate
927 1748 990 1782 ejus

168 1786 218 1821 qui
235 1787 332 1823 posuit
345 1787 373 1815 in
391 1788 519 1816 Ecclesia
547 1789 676 1825 primum
702 1790 860 1826 apostolos,
885 1791 991 1819 deinde

167 1831 326 1866 prophetas
341 1832 507 1865 “,uuncin
538 1833 667 1862 Ecclesia
692 1835 802 1862 donum
833 1835 991 1872 prophetia:

167 1876 516 1913 reperitur_0uamobrem
529 1878 553 1906 si
562 1879 679 1915 quando
688 1879 852 1908 introierint
860 1880 992 1909 infideles

168 1923 200 1948 et
211 1920 318 1954 idiotas,
334 1930 428 1956 neque
455 1924 552 1951 tamen
584 1927 789 1960 coarguantur,
806 1933 901 1961 neque
915 1925 991 1960 diju-

170 1965 314 1999 dicentur,
342 1966 415 1994 illud
444 1967 532 1995 etiam
558 1968 677 1996 denotat
704 1969 932 1998 derelictionem.
963 1970 995 1997 Si

169 2009 255 2044 enim,
271 2009 377 2046 inquit,
390 2012 567 2048 prophetctis’,
584 2014 666 2041 intret
691 2019 784 2041 autem
803 2015 863 2050 quis
873 2015 993 2049 inﬁdeli:

169 2053 215 2081 vel
230 2055 326 2089 idiota,
342 2057 515 2084 convincitur
543 2057 576 2085 ab
605 2058 740 2092 omnibus,
770 2059 946 2095 diiudicatur
957 2059 993 2087 ab

170 2099 315 2127 omnibus:
336 2101 442 2129 occulta
470 2102 558 2130 cordis
593 2102 653 2138 ejus
675 2104 831 2139 manifesta
863 2105 935 2139 ﬁunt
958 2104 992 2132 ³².

170 2143 316 2180 Propheta
330 2144 420 2181 igitur
430 2146 534 2182 estqui
546 2146 630 2182 juxta
644 2147 770 2184 Spiritus
795 2149 888 2176 sancti
915 2156 994 2176 reve-

169 2187 310 2216 lationem
327 2189 459 2218 futurum
480 2191 677 2227 praenuntiat:
694 2193 842 2228 conjector
850 2201 929 2227 vero,
945 2193 995 2228 qui

170 2240 222 2268 per
236 2233 390 2262 scientiam
408 2243 495 2270 quam
511 2243 546 2263 ex
556 2236 704 2265 similibus
722 2237 809 2265 rebus
826 2237 915 2265 simul
938 2237 996 2266 col-

1044 1657 1152 1687 αὐτούς.
1170 1656 1219 1684 Καὶ
1235 1657 1249 1683 ὁ
1265 1658 1313 1683 τοῦ
1328 1655 1415 1692 νόμου
1440 1654 1469 1682 δὲ
1492 1657 1682 1692 πνευματικῶς
1702 1654 1884 1692 στοχαζόμε-

1044 1712 1089 1732 νος
1117 1703 1166 1729 τοῦ
1196 1700 1372 1739 βουλήματος
1399 1700 1463 1738 παρ’
1478 1700 1571 1731 αὐτοῖς
1597 1699 1648 1727 οὐκ
1669 1698 1736 1733 ἔστι,
1755 1698 1802 1726 διὰ
1821 1700 1879 1734 τὴν

1044 1746 1172 1784 πώρωσιν
1188 1746 1238 1780 τὴν
1253 1745 1403 1784 γινομᾶνην
1417 1747 1457 1781 τῷ
1472 1743 1594 1783 Ἰσραήλ.
1609 1743 1696 1773 Ἀλλὰ
1722 1744 1768 1770 καὶ
1793 1743 1820 1771 ἐν
1836 1746 1880 1781 τῇ

1045 1790 1193 1826 Ἐκκλησία
1210 1790 1333 1829 χάρισμά
1348 1790 1404 1817 ἐστι
1419 1789 1601 1828 προφητικὸν,
1618 1787 1662 1816 διὰ
1686 1788 1731 1816 τὸν
1758 1788 1881 1825 θέμενον

1046 1835 1071 1863 ἰν
1088 1837 1121 1872 τῇ
1138 1835 1288 1871 Ἐκκλησία
1299 1837 1408 1872 πρῶτον
1424 1833 1605 1867 ἀποστόλους,
1621 1832 1745 1870 δεύτερον
1760 1835 1885 1870 προφή-

1044 1890 1101 1910 τας.
1119 1879 1178 1907 Ἐὰν
1196 1879 1241 1906 οὖν
1258 1890 1324 1907 ποτε
1340 1877 1496 1907 εἰσέλθωσιν
1520 1878 1628 1906 ἄπιστοι
1650 1878 1668 1912 ἢ
1692 1876 1814 1914 ἷδιῶται,
1830 1879 1886 1905 καὶ

1048 1925 1086 1961 μὴ
1108 1923 1261 1962 ἐλεγχθῶσι
1286 1926 1354 1961 (66),
1381 1923 1451 1960 μηδὲ
1471 1924 1646 1961 ἀνακριθῶσι,
1662 1923 1805 1960 γνώρισμα
1831 1925 1887 1950 καὶ

1046 1971 1126 1997 τοῦτο
1153 1968 1453 2007 ἐγκαταλείψιως.Ἐὰν
1481 1969 1544 2006 γὰρ,
1570 1969 1648 2007 φησὶ,
1669 1967 1884 2006 προφητεύητε,

1047 2012 1154 2051 εἰσέλθῃ
1196 2012 1225 2041 δὲ
1263 2023 1304 2044 τις
1345 2011 1456 2044 ἄπιστος
1557 2011 1692 2048 ἰδιώτης,
1723 2011 1885 2050 ἐλέγχεταν

1048 2058 1100 2086 ὑπὸ
1137 2059 1193 2095 (67)
1233 2058 1357 2092 πάντων,
1388 2057 1555 2096 ἀνακρίνεται
1595 2057 1645 2084 ὑπὸ
1684 2057 1815 2090 πάντων,
1843 2058 1888 2085 τὰ

1047 2102 1153 2141 κρυπτὰ
1179 2105 1230 2137 τῆς
1255 2101 1367 2141 καρδίας
1404 2102 1486 2130 αὐτοῦ
1524 2103 1625 2141 φανερὰ
1659 2101 1771 2139 γίνεται.
1803 2101 1887 2130 Οὐκ-

1049 2150 1094 2175 οὖν
1122 2147 1266 2185 προφήτης
1297 2147 1343 2184 μέν
1370 2146 1452 2182 ἐστιν,
1481 2147 1494 2174 6
1523 2146 1591 2174 κατὰ
1623 2145 1796 2183 ἀποκάλυψιν
1826 2149 1887 2174 τοῦ

1052 2191 1212 2228 ῐινεύματος
1226 2191 1418 2230 προαγορεύων
1442 2191 1474 2219 τὸ
1487 2190 1600 2228 μέλλον·
1618 2191 1773 2228 στοχαστής
1805 2189 1848 2225 δὲ,
1868 2192 1885 2219 ὸ

1050 2234 1095 2263 διὰ
1108 2236 1212 2264 σύνεσιν
1238 2235 1268 2263 ἐκ
1294 2240 1345 2271 τῆς
1374 2238 1422 2263 τοῦ
1437 2235 1535 2272 ὁμοίου
1551 2235 1722 2271 παραθέσεως
1750 2233 1796 2262 διὰ
1827 2235 1887 2270 τήν

171 2276 238 2304 latis
253 2279 433 2313 comparavit
458 2279 494 2307 ob
510 2283 666 2308 eventuum
679 2282 892 2317 praeteritorum
908 2290 993 2318 expe-

1053 2283 1143 2319 πεῖραν
1157 2283 1211 2308 τῶν
1238 2278 1435 2319 προλαϐόντων
1460 2280 1492 2308 τὸ
1516 2279 1619 2317 μέλλον
1643 2280 1887 2317 συντεκμαιρόμε-

171 2322 307 2351 rientiam
324 2324 423 2352 futura
437 2325 591 2361 conjectat.
605 2327 716 2360 Puta,si
731 2327 879 2362 quispiam
895 2328 991 2355 dicat:

170 2367 197 2394 Si
214 2369 479 2403 perpetraverimus
499 2370 609 2407 ﬂagitia
623 2371 828 2405 Sodomorum,
841 2366 934 2400 simili
950 2374 993 2400 at-

168 2419 226 2447 que
242 2411 283 2439 illi
299 2421 385 2449 paena
401 2413 574 2450 plectemur.
590 2417 668 2444 Aut:
683 2416 713 2443 Si
726 2424 779 2444 nos
795 2424 852 2445 non
862 2425 948 2444 secus
961 2425 995 2445 ac

169 2455 314 2485 Ninivitas
329 2458 509 2494 paenituerit,
535 2460 655 2496 perinde
671 2463 759 2496 atque
774 2460 818 2488 illi
833 2461 994 2489 misericor-

169 2500 248 2529 diam
261 2510 486 2539 consequemur.

1048 2337 1104 2357 νος.
1119 2327 1149 2354 Ὁ
1166 2325 1252 2364 λέγων
1269 2326 1404 2363 (63),'E&v
1419 2326 1578 2362 ποιήσωμεν
1589 2325 1623 2352 τὰ
1638 2323 1889 2362 Σοδόμων,δμοιιι

1049 2368 1161 2400 ἐκείνοις
1189 2369 1399 2406 πεισόμεθα.’Ἡ
1427 2369 1480 2406 ὅτι,
1505 2369 1567 2398 Ἐὰν
1595 2369 1810 2406 μιτανοήσωμεν
1840 2369 1890 2400 ὠς

1049 2415 1075 2441 οἱ
1090 2415 1240 2450 Μινευῖται,
1256 2413 1458 2454 παραπλησίως
1473 2414 1586 2446 ἐκείνοις
1601 2414 1822 2451 ἑλιηθησόμιθα.

208 2547 351 2586 ἶιγΕρῇεε.
369 2557 410 2586 vi,
422 2549 464 2586 ii.
481 2549 508 2586 j‘
524 2549 548 2577 ll
564 2552 628 2577 Cor.
644 2558 672 2584 x,
688 2551 714 2578 6.
727 2551 749 2568 ¹¹⁶
759 2550 782 2578 ΙΙ
793 2550 867 2578 Tim.
882 2560 900 2580 Il
916 2552 943 2580 3.
960 2550 1001 2579 "i

1053 2550 1108 2579 1.4.
1124 2550 1146 2568 ⁷⁸
1160 2550 1218 2579 Tit.
1232 2551 1253 2584 i,
1266 2550 1310 2586 10,
1328 2550 1372 2579 11.
1388 2551 1411 2570 το
1426 2549 1449 2578 ll
1464 2551 1526 2578 Cor.
1538 2559 1566 2585 ι,
1583 2549 1611 2578 5.
1627 2549 1675 2578 ³⁰Ῑ
1697 2551 1763 2578 Cor.
1792 2558 1835 2586 vx,
1850 2551 1886 2579 5.

169 2582 191 2601 ¹¹
209 2583 296 2611 ICor.
312 2593 362 2618 xu,
379 2584 424 2612 28.
440 2585 464 2602 ⁸²
479 2585 566 2613 ICor.
577 2594 634 2620 xlv,
649 2582 694 2619 2t,
709 2587 754 2614 25,

205 2626 260 2660 (63)
276 2627 367 2655 iidem
383 2630 494 2656 veteres
519 2628 560 2656 illi
578 2638 652 2664 quos
669 2638 737 2658 mox
755 2629 903 2658 nominavi
918 2631 998 2664 libri,

169 2665 336 2699 κατακρατῇ.
352 2664 455 2692 statim
471 2664 605 2700 nonnulli
622 2675 694 2695 mss.
711 2669 740 2693 et
755 2665 836 2700 editi,
849 2665 921 2694 ἀλλὰ
937 2665 996 2693 δεό-

172 2698 322 2737 μεθατᾉμᾷ
342 2703 400 2728 tres
418 2708 501 2734 mss.,
520 2698 654 2737 δεώμεθα,
671 2702 790 2730 rectius.

207 2734 265 2769 (64)
281 2735 356 2763 Editi
373 2739 401 2764 et
416 2745 489 2764 mss.
515 2734 659 2773 nonnulli",
690 2737 767 2774 μετά.
797 2737 853 2765 Alii
875 2738 995 2774 quidam

207 2777 260 2807 5.9:).
277 2771 383 2807 μεταξύ·

172 2777 258 2802 mss.,
277 2771 383 2804 μεταξύ.

208 2805 264 2842 ((55)
281 2806 323 2834 Ita
334 2805 492 2842 edidimus,
513 2809 556 2836 uti
572 2809 601 2837 in
631 2809 739 2838 nostris
768 2817 818 2838 sex
845 2809 997 2840 codicibus

170 2849 184 2870 s
191 2840 230 2869 cri
235 2843 318 2878 ptum
333 2840 513 2873 invenimus.
528 2845 617 2882 Editi,
634 2843 741 2886 ἀφελεῖ,
756 2845 875 2882 auferet.

1091 2630 1147 2667 (66)
1161 2630 1240 2667 σου).
1252 2631 1376 2666 primus,
1393 2628 1586 2667 Sitis-mMmo

1088 2664 1146 2701 (67)
1161 2664 1267 2694 Nostra
1285 2664 1386 2700 editio,
1403 2664 1514 2694 ἀπό.’Ᾱὶ
1531 2675 1581 2694 sex
1591 2674 1675 2701 mss.,
1693 2664 1755 2692 ὑπό.
1769 2665 1886 2694 Statim

1051 2704 1111 2739 tres
1122 2710 1207 2739 inse,
1223 2702 1266 2739 καί
1280 2702 1317 2739 ,τὰ
1331 2702 1445 2739 κρυπτά.

1088 2738 1146 2775 (68)
1157 2736 1246 2775 >Editi,
1256 2736 1353 2775 λέγων’
1361 2737 1508 2775 8n.Deest_
1514 2736 1555 2775 ξτι
1568 2737 1597 2775 in
1614 2736 1724 2775 nostris
1735 2745 1786 2775 sex
1795 2745 1889 2772 ωδε..

1050 2773 1135 2811 Haud
1157 2772 1243 2811 longe
1258 2772 1388 2811 quinque
1400 2782 1483 2811 nise,
1499 2772 1717 2811 ξλιηθησόμιθα.
1733 2773 1770 2800 At
1780 2776 1892 2803 nostra

1052 2809 1143 2838 editio
1157 2812 1186 2838 et
1197 2808 1406 2847 Heg—primus,
1417 2808 1595 2846 ίλεησόμιοα.
