2009 3145
107 152 161 183 289

501 147 706 181 COMMENT.
728 148 770 179 IN
790 147 928 179 ISAIAM
954 148 1207 181 PROPHETAM.
1230 151 1315 182 CAP.
1339 151 1393 182 ΠΙ.

1741 156 1800 186 290

108 216 292 255 συμφερόντων
317 213 448 253 ἐκλογὴν,
519 214 588 242 κατὰ
620 215 669 246 τὰς
708 213 839 252 ἐνεργείας
869 214 918 246 τὰς

980 215 1015 244 lia
1027 217 1098 244 sunt
1108 216 1243 252 eligenda
1251 217 1346 253 magis
1357 218 1543 253 adjutoribus
1553 219 1693 256 indigeat,
1706 229 1797 257 quam

108 260 270 298 σωματικάς.
295 261 375 287 Ὥστε
405 256 629 295 ἀσυμϐούλευτος
651 257 794 297 ἅνθρωπος
820 257 919 286 πλοῖόν

108 306 171 334 ἐστιν
198 302 388 342 ἀκυϐέρνητον,
405 304 442 336 ὡς
468 302 548 342 ἔτυχε
571 306 631 336 ταῖς
657 306 754 342 φοραῖς
772 305 826 331 τῶν
841 314 920 331 πνευ-

111 352 195 387 μάτων
211 348 398 385 ἐκδεδομένον.
414 348 447 377 Εἰ
471 347 562 376 τοίνυν
580 347 606 375 ἐν
630 350 690 380 ταῖς
705 349 767 386 περὶ
796 350 848 375 τῶν
872 359 922 376 τυ-

108 395 206 433 χόντων
243 394 349 430 σκέψεσι
389 390 561 429 συμϐούλους
588 390 837 430 παραλαμϐάνομεν
866 394 921 429 (81)

109 441 165 467 ὅταν
194 439 258 476 ὑπὲρ
282 439 373 476 ψυχῆς
401 437 445 465 καὶ
475 440 527 465 τῶν
558 436 739 476 διαφερόντων
760 437 827 472 αὐτῆ
855 438 920 475 βου-

109 483 253 519 λευώμεθα,
278 484 337 512 πῶς
363 481 427 519 οὐχὶ
456 481 519 512 τοὺς
549 481 720 518 θαυμαστοὺς
747 479 921 518 συμϐούλους

109 527 273 563 ἔπιζητητὲον
295 527 384 562 ἡμῖν;
411 525 640 554 Ἰουδαῖοιτοίνυν
672 527 715 565 ἀφ’
740 525 771 553 οὗ
785 526 816 553 τὸ
832 536 920 561 πονη-

111 572 153 611 ρὸν
178 569 342 609 συμϐούλιον
359 571 523 606 ἐποιήσαντο
537 571 569 598 τὸ
585 573 644 603 πῶς
657 570 848 609 παραδώσουσι
865 572 920 608 (82)

108 618 148 644 τὸν
163 616 270 653 Κύριον,
299 614 408 654 ἀφεῖλεν
431 615 518 642 αὐτῶν
538 616 552 642 δ
578 615 675 653 Κύριος
690 616 735 643 τὸν
767 615 920 652 θαυμαστὸν

108 659 266 697 σύμϐουλον,
295 659 327 687 οὗ
355 660 404 692 τὰς
433 660 479 696 μὲν
509 658 668 696 συμϐουλὰς
681 659 843 697 ἐθαύμαζον
864 660 921 696 Ἐξ-

109 704 265 740 ιτιλήσσοντο
280 705 331 742 γὰρ
347 703 390 732 ἐπὶ
418 706 453 741 τῇ
470 703 572 742 διδαχῇ
602 703 694 732 αύτοῦ·
725 707 783 735 ταῖς
810 703 839 732 δὶ
853 714 921 742 παρ-

109 750 225 778 αινέσεσιν
255 748 286 776 οὐ
311 751 471 786 προσεῖχον,
501 751 564 781 Πῶς
593 747 622 776 δὲ
637 749 668 776 ού
684 749 838 785 θαυμαστὸς
853 749 921 786 σύμ-

109 792 211 828 ϐουλος,
235 794 249 820 ὁ
277 793 336 821 ἀντὶ
362 795 421 827 τοῦ,
459 793 618 831 Ὀφθαλμὸν
647 793 705 821 ἀντὶ
735 795 791 830 (83)
820 793 922 833 ὀφθαλη

109 841 164 876 μοῦ,
190 835 397 875 σομϐουλιύων,
411 840 452 874 τῷ
469 837 607 875 ραπίζοντι
632 838 680 872 τὴν
697 837 783 873 δεξιὰν
799 838 921 876 σιαγόνα,

108 883 217 922 στρέφειν
234 882 310 919 αύτῷ
323 882 369 910 καὶ
384 883 433 917 τὴν
448 881 549 918 ἄλλην·
568 883 606 919 μὴ
632 882 793 920 ὀργίζεσθαι,
812 884 849 919 μὴ
866 884 921 920 (84)

107 927 256 963 δικάζεσθαι,
286 928 326 964 μὴ
347 926 489 963 ἐπιθυμεῖν
511 929 565 954 τῶν
590 926 725 965 αΐσχρῶν,
753 927 850 965 ἰχθρὸν
883 927 921 964 μὴ

108 975 232 1011 ἡγεῖσθαι,
256 971 322 1000 ἀλλ’
347 971 450 1010 aqu-mil
466 971 529 1003 τοὺς
559 973 714 1007 μισοῢντας,
733 972 770 1008 μὴ
790 973 921 1009 μεριμνᾷν

105 1017 158 1055 περὶ
181 1019 232 1044 τῶν
258 1017 394 1055 φθαρτῶν·
423 1015 462 1052 μή
488 1015 695 1051 μετεωρίζισθαι
717 1016 766 1050 τὴν
790 1014 921 1051 διάνοιαν,

108 1063 139 1098 μὴ
155 1064 239 1096 ζητεῖν
263 1061 340 1098 παρὰ
361 1062 428 1088 Θεοῦ
448 1060 482 1087 τὰ
507 1059 599 1097 μικρά”
617 1059 642 1087 ἰν
660 1060 766 1098 οὐρανῷ
781 1061 830 1095 τὴν
854 1071 923 1098 καρ-

108 1105 157 1134 δίαν
185 1104 265 1144 ἔχειν,
301 1105 359 1132 ἐκεῖ
388 1104 563 1142 μετατιθέντα
585 1103 650 1136 τοὺς
672 1105 834 1142 θησαυροὺς,
864 1107 922 1141 Θεῷ

109 1161 221 1185 συνιιναι,
246 1148 419 1190 φιλάδελφον
442 1148 521 1185 εἶναι,
546 1150 686 1185 συμπαθῆ,
711 1149 871 1176 κοινωνικὸν
885 1150 920 1176 ὧν

110 1195 171 1233 ἔχει,
196 1196 232 1232 μὴ
263 1194 292 1222 ἐν
320 1194 446 1233 βρώμασι
469 1194 500 1221 τὺ
517 1193 626 1230 μιαρὸν.
643 1193 705 1222 όιλλ1
726 1193 752 1220 ἐν
767 1192 864 1232 καρδίᾳ
877 1194 922 1222 καὶ

109 1239 249 1276 προαιρὲσει
288 1238 430 1272 dessem;
465 1239 567 1266 Τοῦτον
600 1238 632 1265 τὸ
660 1237 693 1265 τὰ
715 1240 826 1265 τοιαῦτα
855 1249 922 1275 συμ-

109 1282 273 1319 ϐουλεύοντα,
307 1282 379 1310 οὕτω
413 1285 470 1315 θεῖα
497 1282 542 1310 καὶ
573 1282 722 1319 θαυμαστὰ,
753 1281 797 1310 διὰ
821 1282 853 1310 τὸ
883 1283 921 1320 μὴ

109 1328 227 1367 δεχθῆναι
249 1328 318 1365 παρ’
341 1327 440 1361 αὐτῶν,
471 1325 580 1366 ἀφεῖλεν
598 1327 612 1354 ὁ
628 1326 729 1364 Κύριος
744 1329 811 1363 (85).
828 1327 922 1355 Οὐκιτι

109 1374 147 1400 οὗν
163 1373 317 1410 θαυμαστὸς
345 1372 409 1410 παρ’
425 1371 517 1402 αὐτοῖς
533 1369 701 1408 σύμϐουλος.
732 1371 880 1408 Εὐξώμεθα
895 1371 923 1399 δὲ

109 1419 141 1454 μὴ
163 1417 382 1455 ἀποστερηθῆναι
412 1418 567 1452 θαυμαστοῦ
584 1413 756 1452 ’συμϐούλου
783 1417 833 1451 τήν
863 1417 923 1444 Ἐκ-

106 1461 207 1497 κλησίαν
235 1461 352 1495 ταύτην,
379 1459 434 1495 ἵνα,
463 1459 570 1488 ἐπειδὰν
600 1458 740 1498 καταλάϐῃ
753 1460 814 1488 τινὰ
828 1461 923 1498 καιρὸς

105 1508 148 1538 τῆς
179 1506 242 1543 ύπὶρ
270 1507 330 1533 τῶν
347 1505 500 1543 ἀναγκαίων
518 1504 633 1543 βουλῆς,
651 1504 807 1540 ἀπαντήσας
823 1505 861 1536 εἱς
876 1505 922 1532 τὸν

106 1551 172 1579 οἶκον
200 1554 295 1579 τοῦτον
327 1551 358 1578 τὸ
385 1550 476 1578 κοινὸν
506 1552 559 1578 τὶἶιν
588 1551 684 1587 ψυχῶν
711 1549 920 1588 βουλευτήριονΙ

105 1595 162 1634 εὕρῃ
185 1597 240 1633 (86)
257 1596 342 1634 λόγον
367 1594 575 1633 παρακλήσεως,
604 1595 661 1622 οἷόν
678 1605 704 1622 τι
719 1597 776 1633 φῶς
791 1595 859 1632 πρὸς
873 1596 923 1630 τήν

106 1640 199 1678 εὕρεσιν
224 1643 279 1668 τῶν
305 1639 456 1676 ἀναγκαίων
479 1642 540 1671 ταῖς
563 1641 665 1676 ψυχαῖς
690 1639 865 1676 ἐμποιοῦντα.
894 1642 924 1668 Ὀ

107 1683 140 1719 δὶ,
167 1685 308 1722 παρούσης
325 1681 485 1720 συμϐουλῆς
513 1683 628 1721 ἀγαθῆς,
657 1685 696 1720 τῷ
724 1683 859 1720 θελήματι
874 1687 923 1719 τῆς

105 1729 208 1765 καρδίας
233 1730 319 1757 αύτοῦ
347 1726 531 1766 πορευόμενος
545 1731 595 1763 τῆς
612 1728 738 1764 ματαίας,
754 1728 850 1765 ὅμοιός
867 1729 923 1756 ἐστι

106 1776 139 1810 τῷ
159 1772 289 1810 Ῥοϐοᾶμ,
321 1773 350 1805 ὃς
364 1773 496 1809 ἀτιμάσας
511 1773 561 1807 τήν
586 1773 723 1807 σώζουσαν
740 1773 854 1811 γνώμην
867 1775 921 1801 τῶν

106 1816 296 1856 πρεσϐυτέρων,
327 1816 475 1852 ἠκολούθει
497 1820 556 1848 τοῖς
578 1817 721 1853 νεωτέροις
740 1820 798 1848 τοῖς
828 1828 922 1845 συνεκ-

105 1866 233 1902 τραφεῖσιν
264 1862 349 1899 αὐτῷ,
377 1861 412 1889 δι’
441 1861 487 1893 οὕς
511 1862 556 1889 καὶ
584 1864 637 1889 τῶν
663 1860 726 1889 δέκα
753 1861 845 1901 φυλῶν
872 1865 921 1897 τῆς

108 1907 237 1943 βασιλείας
251 1907 374 1944 ἐξέπεσεν
381 1929 387 1935 ,

977 261 1012 288 ad
1029 261 1195 297 corporales
1210 262 1340 290 actiones
1356 263 1570 298 producendus.
1597 267 1700 301 Itaque
1713 265 1801 294 homo

976 305 1145 334 conciliario
1161 313 1275 340 carens,
1293 307 1374 334 navis
1390 309 1436 334 est
1457 316 1511 335 suo
1537 309 1678 337 destituta
1693 311 1801 346 guber-

977 352 1090 385 natore,
1099 352 1269 386 temereque
1276 351 1407 386 exposita
1415 352 1628 388 agitationibus
1636 357 1801 383 ventorum.

976 394 1042 421 Jam
1058 403 1124 422 vero
1141 395 1165 422 si
1181 395 1210 422 in
1227 396 1441 430 quaestionibus
1459 398 1495 424 de
1509 397 1596 425 rebus
1611 397 1728 427 levioris
1739 408 1801 428 mo—

979 439 1069 466 menti
1085 438 1194 466 habitis
1211 439 1385 468 adhibemus
1396 440 1581 469 consiliarios
1593 451 1600 469 :
1613 450 1680 470 cum
1691 444 1726 470 de
1738 444 1800 471 ani-

979 491 1028 511 me.
1042 485 1070 511 et
1085 483 1119 510 de
1135 484 1223 511 rebus
1237 484 1468 512 emolumentum
1480 485 1597 521 aliquod
1610 486 1667 522 ipsi
1678 488 1801 516 afferen-

979 527 1058 555 tibus
1083 528 1193 555 inimus
1219 528 1386 562 consilium,
1411 538 1506 557 nonne
1535 531 1702 566 inquirendi
1732 535 1803 561 sunt

979 571 1063 600 nobis
1080 571 1268 600 admirabiles
1284 572 1463 601 consiliarii?
1478 575 1519 602 Ex
1534 583 1591 610 quo
1606 576 1697 611 igitur
1706 577 1800 605 Judaei

979 625 1101 652 pravum
1117 617 1296 645 constituere
1310 618 1479 653 consilium,
1496 627 1624 655 quonam
1645 623 1729 656 pacto
1746 623 1801 650 Do-

978 661 1092 688 minum
1121 662 1258 689 tradituri
1287 664 1395 697 essent,
1432 663 1575 692 Dominus
1604 665 1802 695 consiliarium

979 705 1193 739 admirabilem,
1209 707 1294 741 cujus
1304 706 1427 735 consilia
1439 707 1498 736 illis
1508 712 1590 736 erant
1600 710 1800 744 admirationi,

978 751 1014 778 ab
1043 750 1116 786 ipsis
1145 750 1285 778 abstulit:
1314 752 1484 780 Ilh'rabantur
1512 753 1590 781 enim
1620 754 1649 782 in
1677 754 1802 783 doctrina

978 795 1036 830 ejus
1051 795 1083 830 ⁰¹,
1099 802 1152 822 nec
1179 796 1277 822 tamen
1302 796 1435 823 animum
1461 797 1650 825 altendebant
1678 799 1713 826 ad
1737 800 1801 835 ejus

979 840 1100 867 monita.
1116 840 1219 867 Nonne
1232 840 1420 868 consiliarius
1445 840 1494 869 ille
1519 845 1581 870 erat
1605 843 1800 880 admirabilis,

978 884 1029 920 qui
1052 883 1115 912 loco
1139 883 1220 912 illius
1244 885 1386 920 mandati,
1414 885 1528 914 Oculum
1554 895 1604 922 pro
1633 887 1754 922 oculo",
1770 889 1800 918 id

977 929 1028 957 dat
1043 929 1168 962 consilii,
1184 931 1217 956 ut
1231 929 1256 956 si
1281 929 1348 965 quis
1371 930 1519 958 dexteram
1546 933 1625 960 tuam
1651 927 1801 962 maxillam

977 973 1166 1009 percusserit,
1183 974 1317 1001 obverias
1330 974 1372 1001 illi
1387 977 1416 1002 et
1431 975 1552 1003 alteram
1568 976 1609 1004 πε
1627 979 1659 1004 ut
1675 986 1710 1005 ne
1725 978 1799 1006 iras-

977 1018 1063 1051 caris,
1082 1026 1117 1045 ne
1131 1017 1241 1054 ligites,
1258 1026 1294 1046 ne
1309 1019 1406 1054 turpia
1421 1021 1622 1057 concupiscas,
1644 1030 1680 1049 ne
1704 1022 1798 1050 ullum

977 1063 1126 1090 existimes
1142 1063 1196 1090 tibi
1211 1063 1377 1098 inimicum,
1395 1064 1466 1100 quin
1483 1065 1580 1100 potius
1605 1068 1638 1093 ut
1661 1074 1722 1100 eos,
1748 1067 1799 1104 qui

977 1109 1005 1135 te
1021 1107 1087 1135 odio
1101 1107 1219 1142 habent,
1236 1107 1360 1143 diligas;
1377 1109 1426 1144 qui
1442 1112 1541 1137 monet
1552 1112 1630 1138 utne
1640 1111 1799 1147 quisquam

978 1152 1013 1180 de
1039 1152 1125 1180 rebus
1150 1151 1332 1188 corruptioni
1357 1153 1490 1181 obnoxiis
1519 1154 1558 1181 sit
1585 1155 1739 1190 sollicitus,
1765 1165 1800 1185 ne

979 1201 1074 1224 mente
1088 1197 1235 1230 efferatur,
1253 1205 1289 1224 ne
1306 1205 1394 1232 parva
1409 1207 1425 1225 a
1441 1200 1498 1226 Deo
1514 1201 1603 1234 petat,
1631 1199 1702 1228 utin
1715 1200 1800 1235 cmlo,

977 1241 1161 1269 transmissis
1176 1241 1246 1269 illuc
1261 1241 1418 1277 thesauris,
1431 1250 1481 1270 cor
1492 1243 1606 1278 habeat,
1619 1247 1650 1272 ut
1660 1253 1726 1272 cum
1739 1245 1798 1273 Deo

977 1288 1121 1319 versetur,
1138 1285 1242 1313 fratres
1258 1288 1346 1321 amet,
1363 1286 1468 1314 alienis
1490 1291 1710 1316 commoveatur
1719 1289 1798 1317 cala-

977 1329 1143 1364 mitatibus,
1159 1330 1233 1358 alios
1247 1339 1348 1358 eorum
1362 1339 1427 1366 qua)
1443 1331 1575 1367 possidet
1599 1333 1685 1360 faciat
1708 1335 1797 1369 parti-

978 1374 1068 1410 cipes,
1083 1376 1166 1402 utne
1182 1377 1264 1410 putet
1279 1375 1308 1402 in
1325 1375 1398 1403 cibis
1415 1375 1511 1403 inesse
1526 1376 1688 1412 quidquam
1704 1378 1798 1413 pollu-

977 1420 1052 1454 tum,
1067 1419 1117 1446 sed
1134 1419 1162 1446 in
1179 1420 1264 1446 corde
1279 1421 1308 1447 et
1322 1419 1352 1446 in
1364 1419 1454 1447 animi
1467 1420 1615 1456 proposito
1628 1421 1642 1448 ‘I
1653 1421 1706 1453 Qui
1717 1422 1798 1458 ejus-

978 1463 1056 1490 modi
1081 1463 1202 1490 consilia
1225 1464 1297 1491 adeo
1322 1464 1419 1491 divina
1442 1467 1470 1491 et
1491 1465 1678 1493 admirabilia
1703 1466 1798 1501 dabat,

977 1515 1044 1535 eum
1060 1507 1125 1535 ideo
1141 1507 1283 1535 Dominus
1299 1507 1430 1543 abstulit,
1454 1509 1532 1544 quod
1556 1509 1653 1545 ipsum
1678 1519 1735 1539 non
1751 1520 1799 1539 ac-

978 1552 1116 1588 ceperint.
1136 1552 1233 1587 [taque
1250 1560 1307 1579 non
1323 1552 1438 1587 estjam
1456 1553 1533 1589 apud
1549 1553 1629 1589 ipsos
1639 1555 1800 1583 admirabi-

938 1581 959 1614 Ο
978 1596 1015 1624 lis
1030 1596 1228 1624 consiliarius.
1254 1596 1396 1624 Caeterum
1422 1605 1585 1632 precemur,
1611 1607 1646 1626 ne
1671 1599 1800 1628 Ecclesia

977 1641 1032 1669 hoc
1047 1640 1212 1668 admirabili
1229 1641 1395 1668 consiliario
1412 1642 1599 1677 destituatur,
1617 1645 1649 1670 ut
1669 1652 1737 1672 cum
1753 1653 1800 1672 oc-

977 1685 1055 1714 casio
1072 1685 1188 1721 petendi
1212 1685 1247 1713 de
1273 1685 1362 1713 rebus
1388 1686 1561 1714 necessariis
1589 1688 1712 1715 consilio
1737 1697 1802 1717 sese

977 1730 1104 1766 cuipiam
1142 1729 1264 1762 dederit,
1304 1730 1338 1757 ad
1371 1730 1446 1758 hanc
1483 1731 1615 1764 domum,
1643 1740 1800 1762 commune

977 1774 1142 1802 animarum
1167 1774 1333 1808 consilium,
1364 1775 1494 1808 veniens,
1522 1775 1651 1804 inveniat
1676 1778 1799 1806 verbum

977 1819 1217 1852 consolatorium,
1234 1827 1291 1854 quo
1307 1819 1394 1846 veluti
1411 1819 1460 1847 lux
1484 1821 1616 1855 quaedam
1642 1821 1799 1850 animabus

977 1864 1013 1891 ad
1030 1863 1205 1891 invenienda
1219 1871 1252 1891 ea
1279 1872 1342 1899 quas
1365 1863 1421 1891 sibi
1446 1865 1624 1898 conducunt,
1649 1865 1799 1895 efferatur.

979 1908 1066 1936 Porro
1082 1908 1132 1944 qui
1147 1908 1214 1936 vani
1228 1908 1274 1935 sui
1290 1909 1387 1936 cordis
1401 1908 1551 1937 voluntate
1567 1909 1668 1945 fertur,
1684 1911 1801 1939 etiamsi

106 1954 252 1981 consilium
268 1954 380 1981 bonum
395 1952 502 1980 habeat
518 1952 554 1979 ad
571 1960 703 1986 manum,
720 1952 745 1980 is
769 1952 911 1980 assimilis
934 1956 979 1982 est
1001 1954 1142 1987 Roboam,
1168 1953 1217 1990 qui
1240 1954 1391 1981 seniorum
1421 1954 1543 1982 salutari
1571 1956 1647 1983 453
1678 1957 1801 1985 consilio

110 1998 355 2033 spreto,juniores
369 2005 469 2025 secum
490 1997 630 2024 educatos
645 2000 763 2024 secutus
780 2000 834 2031 est,
851 2006 977 2033 quorum
993 2007 1081 2034 opera
1096 1998 1253 2034 imperium
1269 1998 1298 2025 in
1314 1999 1414 2026 decem
1432 1999 1527 2027 tribus
1543 2001 1644 2028 amisit
1658 2001 1691 2028 ⁵³⁸.

138 2043 194 2071 107.
224 2042 276 2071 Καὶ
307 2042 388 2080 σοφὸν
422 2041 619 2079 ἀρχιτέκτονα.
651 2041 724 2069 Μετά
749 2041 780 2068 τὸ
810 2042 925 2079 ἀρθῆναι

107 2086 153 2114 ἀπὸ
187 2090 240 2114 τῶν
280 2085 420 2114 Ἰουδαίων
449 2087 498 2120 τὴν
528 2086 661 2125 ὠφέλειαν
690 2088 738 2113 τοῦ
769 2087 924 2122 θαυμαστοῦ

108 2128 266 2167 συμϐούλου,
299 2130 329 2162 ὅς
351 2129 485 2158 ἐδείκνυτο
515 2129 551 2157 ὢν
582 2131 596 2157 ὸ
612 2130 712 2168 Κύριος
727 2131 808 2167 ἡμῶν
819 2132 925 2166 Ἰησοῦς

107 2175 223 2213 Χριστὸς,
250 2174 324 2214 ἤρθη
356 2176 401 2202 ἀπ’
429 2175 517 2202 αὐτῶν
539 2175 585 2202 καὶ
608 2176 621 2202 ὁ
647 2175 729 2214 σοφὸς
745 2174 924 2213 ἀρχιτέκτων,

106 2219 145 2246 καὶ
159 2219 263 2258 ἐγίνετο
281 2219 434 2250 ἀπόστολος
452 2218 543 2253 ἐθνῶν,
561 2219 575 2246 ὸ
590 2216 715 2257 Ἐϐραῖος
738 2218 762 2255 ἐξ
779 2217 924 2256 Ἑϐραίων,

107 2263 119 2290 δ
144 2265 208 2292 κατᾶ
221 2265 308 2301 νόμον
338 2266 499 2301 Φαρισαῖος,
516 2262 625 2294 [Ιαῦλος
656 2262 756 2295 δοῦλος
779 2264 925 2301 γινόμενος

1015 2044 1076 2071 107.
1093 2044 1125 2071 Et
1140 2044 1290 2079 sapientem
1314 2045 1503 2071 architectum.
1530 2045 1687 2081 Postquam
1713 2055 1730 2074 a
1751 2048 1801 2074 Ju-

980 2088 1050 2116 dasis
1066 2087 1177 2115 utilitas
1193 2088 1330 2115 submota
1352 2090 1397 2116 est
1421 2089 1604 2117 admirabilis
1629 2090 1801 2125 consiliarii,

980 2132 1029 2167 qui
1046 2131 1211 2159 declaratus
1223 2133 1268 2158 est
1282 2139 1346 2159 esse
1365 2132 1504 2160 Dominus
1516 2135 1615 2160 noster
1624 2133 1711 2161 Jesus
1722 2134 1803 2162 Chri-

979 2178 1053 2210 stus,
1071 2176 1106 2203 ab
1132 2175 1237 2203 iisdem
1255 2184 1371 2211 quoque
1386 2176 1501 2204 ablatus
1517 2180 1561 2205 est
1575 2179 1695 2214 sapiens
1711 2180 1803 2207 archi-

979 2223 1084 2254 tectus,
1101 2222 1130 2248 et
1147 2220 1240 2248 factus
1258 2223 1302 2247 est
1326 2220 1457 2255 gentium
1482 2222 1642 2256 apostolus,
1666 2223 1803 2252 Hebrmus

979 2274 1012 2293 ex
1029 2264 1167 2298 Hebraeis,
1184 2265 1347 2292 secundum
1363 2265 1456 2301 legem
1474 2266 1638 2294 Pharisaaus
1648 2268 1680 2300 οδ,
1693 2269 1803 2297 Paulus

107 2308 190 2343 Ἰησοῦ
211 2310 343 2347 Χριστοῦ,
371 2308 400 2335 ’ὸν
427 2306 522 2335 ἰδίωκι
538 2309 605 2345 (87).
635 2307 681 2339 Τίς
707 2309 724 2343 ἡ
739 2311 790 2343 τῆς
814 2309 922 2346 ἀρχιτε-

980 2309 1050 2338 Jesu
1065 2309 1185 2343 Christi,
1202 2317 1290 2344 quem
1306 2311 1546 2345 persequebatur,
1559 2319 1660 2339 servus
1671 2313 1803 2341 effectus.

105 2357 224 2388 κτονικῆς
251 2353 335 2381 αὐτοῦ
363 2352 518 2389 ἐπιστήμης
535 2351 670 2389 ἀπόδειξις
685 2365 692 2387 ;
709 2352 794 2383 Αὐτὸς
809 2353 859 2391 γάρ
876 2364 926 2390 φη-

107 2408 153 2424 σιν’
188 2399 231 2429 Ὠς
267 2398 350 2437 σοφὸς
381 2398 551 2435 ἀρχιτίκτων
577 2396 706 2434 θεμίλιον
732 2396 846 2429 τέθεικα.
877 2398 925 2426 Οἶ-

109 2452 152 2478 μαι
175 2442 213 2479 δὲ,
229 2442 270 2471 δτι
286 2442 332 2470 καὶ
347 2443 379 2470 τὸ
396 2444 505 2478 Πνεῦμα
519 2442 551 2469 τὸ
571 2442 647 2480 ἅγιον
665 2442 853 2480 ἀρχιτεκτονεῖ
867 2442 926 2470 Ἐκ-

107 2485 213 2522 κλησίαν
236 2489 316 2522 Θεοῦ,
338 2487 396 2514 κατ’
421 2486 499 2514 αὐτὸν
515 2486 561 2514 τὸν
593 2486 700 2514 Παῦλον
717 2485 840 2525 λέγοντα.
858 2490 926 2514 Συν-

981 2355 1133 2386 Quodnam
1151 2356 1194 2382 est
1205 2355 1412 2390 argumentum
1424 2355 1488 2390 ejus
1500 2363 1557 2390 qua
1569 2355 1697 2391 pollebat
1708 2358 1805 2385 scien-

980 2399 1026 2426 tiae
1043 2398 1308 2426 architectionicm?
1323 2400 1404 2426 Certe
1419 2399 1461 2426 ait
1484 2399 1565 2435 ipse:
1585 2401 1616 2429 Ut
1632 2402 1743 2437 capiens
1758 2410 1804 2430 ar-

980 2443 1111 2471 chitectus
1124 2443 1338 2480 fundamentum
1352 2445 1432 2479 posui
1446 2444 1477 2472 ’⁸.
1503 2444 1638 2473 Arbitror
1665 2448 1762 2474 autem
1778 2448 1806 2474 et

981 2496 998 2515 a
1012 2487 1122 2524 Spiritu
1137 2489 1240 2516 sancto
1254 2495 1306 2515 oeu
1323 2488 1359 2515 ab
1384 2487 1544 2516 architecto
1569 2489 1728 2518 Ecclesium
1754 2490 1805 2518 Dei

139 2532 159 2569 ξι
174 2532 280 2561 Matth.
296 2541 366 2567 xxxi,
383 2532 428 2560 33.
466 2531 488 2549 "
503 2531 590 2560 Lavit.
608 2540 685 2567 xxxv,
701 2532 746 2559 20.
785 2532 807 2551 '3
823 2532 922 2560 Matth.

987 2532 1031 2560 39.
1070 2532 1143 2560 “III
1166 2534 1237 2568 Reg.
1263 2540 1314 2567 xu,
1341 2532 1374 2560 10
1395 2540 1478 2569 seqq.
1515 2533 1537 2550 ’⁵
1562 2533 1688 2569 Philipp.
1716 2542 1758 2567 lli,
1775 2534 1804 2562 5.

108 2567 129 2585 “
143 2568 153 2596 Ι
167 2568 230 2597 Cor.
251 2577 294 2603 in,
313 2569 355 2596 10.

139 2612 193 2648 (81)
209 2613 252 2641 Ita
268 2620 320 2640 sex
341 2620 414 2641 mss.
439 2612 475 2640 At
499 2612 591 2649 editi,
610 2609 926 2649 συμπαραλαμϐάνομιν.

107 2647 160 2686 Nec
174 2649 215 2677 ita
230 2648 323 2686 multo
338 2651 490 2686 postmes.
508 2648 604 2686 multi,
623 2647 826 2686 βουλευώμεθα.
850 2647 926 2677 Editi

108 2686 134 2711 et
146 2684 222 2722 Begu
228 2682 347 2722 tertius,
362 2682 429 2722 βουλ
434 2683 558 2722 ευόμεθα.

146 2693 183 2712 ne
207 2707 213 2713 .
228 2693 344 2726 ceruus,
362 2693 563 2727 PODAEUOHEUU:
708 2720 714 2728 I

141 2693 258 2761 (3231810
274 2722 384 2761 veteres
400 2729 530 2756 qumque
545 2720 622 2748 libri.
640 2720 717 2749 Editi
730 2729 797 2749 vero
811 2722 840 2749 et
855 2720 926 2757 Reg.

109 2754 231 2798 primus.1
244 2754 438 2798 τιραδώεωᾱι.

142 2792 291 2833 (δίῃβιιίιξ
306 2795 334 2820 et
359 2793 429 2829 Reg.
455 2792 581 2828 primus,
605 2792 664 2820 ἀντὶ
687 2793 747 2821 τοῦ.
776 2792 866 2822 Abest
879 2793 928 2820 τοῦ
947 2795 950 2798 ‘

112 2827 145 2856 ab
160 2828 225 2858 aliis
240 2829 374 2866 quinque
388 2827 460 2859 mss.

1018 2612 1073 2648 (84)
1088 2612 1204 2640 Veteres
1219 2614 1353 2649 quatuor,
1361 2612 1426 2640 libri
1452 2612 1636 2649 simpliciter,
1661 2612 1710 2648 μή.
1727 2611 1804 2640 Editi

981 2646 1266 2687 vero_et_duo__mss_.,
1287 2646 1367 2684 μηδὲ.
1469 2685 1475 2687 _
1511 2646 1520 2649 ⁷
1609 2646 1632 2687 *⁷

1018 2684 1073 2747 Stis)
1091 2685 1122 2712 In
1147 2684 1297 2721 aliquibus
1322 2692 1393 2712 mss.
1419 2685 1562 2720 scriptum
1587 2683 1774 2717 offendimus,
1791 2683 1805 2710 ὁ

983 2722 1074 2792 Θεῗεῗό)
1090 2756 1292 2792 Habentniss.
1313 2754 1459 2790 nonnulli,
1476 2753 1561 2790 ιῧροι-

1028 2757 1074 2792 86)
1090 2757 1204 2784 Habent
1219 2764 1292 2784 mss.
1313 2757 1459 2790 nonnulli,
1476 2757 1561 2790 ιῦροι.

1019 2757 1076 2830 (87)
1093 2792 1177 2827 Editi,
1194 2790 1297 2827 t8lea.
1314 2793 1348 2820 At
1363 2799 1435 2820 mss.
1452 2792 1590 2827 quatuor,
1605 2787 1727 2818 t8tmxzv.
