2009 3145
95 143 146 175 297

490 142 691 174 COMMENT.
715 144 754 173 ΙΝ
779 139 912 174 ISAIAM
939 138 1192 174 PltOPHE’l‘AM.
1218 141 1304 175 CAP.
1327 143 1380 174 ill.

1729 143 1789 176 298

95 209 254 238 πολιτεύτων
284 208 499 245 στρατεύωνται,
526 210 552 236 οἱ
578 207 672 246 ἄτιμοι
697 211 756 241 τοῖς
784 209 906 245 ἐντίμοις

973 209 1084 243 ωηιω),
1101 212 1164 237 tum
1190 209 1356 238 inhonorati
1381 211 1523 239 adversus
1541 210 1728 238 honorabiles
1744 211 1789 238 in-

95 253 311 292 προσκόπτουσιν.
326 254 362 282 ’Ή
376 253 426 292 γᾶρ
443 253 497 290 οὐχ
512 254 618 291 ὁρῶμεν
637 252 736 291 ἄνδρας
752 254 810 281 καθ’
831 253 908 281 ἰκάσ-

94 310 137 334 την
152 298 254 336 ἡμέραν
276 298 329 326 ἀπὸ
355 297 441 335 μέθης
466 297 510 325 καὶ
531 298 761 336 γαστριμαργίας,
778 297 831 325 ἀπὸ
854 298 909 325 τῶν

95 345 279 382 χαμαιτυπιῶν
293 343 496 380 ἀνισταμένους,
519 343 562 370 καὶ
581 343 641 380 περὶ
659 345 725 370 Θεοῦ
742 342 908 380 διαλεγομέ-

95 399 161 422 νους,
175 387 218 415 καὶ
233 387 374 424 κρίνοντας
389 387 453 419 τοὺς
466 387 575 424 τιμίους
590 389 638 415 τοῦ
651 386 732 415 λαοῦ.

128 435 193 461 111.
228 433 288 461 Ὅτι
323 431 486 469 ἐπιλήψεται
526 432 668 470 ἅνθρωπος
706 432 754 459 τοῦ
789 430 908 470 ἀδελφοῦ

97 478 186 511 αὐτοῦ,
225 477 270 505 καὶ
299 479 346 504 τοῦ
376 476 494 512 πλησίον
521 479 570 504 τοῦ
599 476 700 514 πατρὸς
730 476 830 512 αὐτοῦ,
860 475 907 504 λι-

96 533 155 560 γων.
183 520 299 557 Ἰμτίτιον
327 519 412 559 ἔχεις,
442 521 564 559 ἀρχηγὸς
592 522 672 558 ἡμῶν
701 523 789 558 γενοῦ,
818 521 909 548 καὶτὸ

100 568 188 605 βρῶμα
213 567 243 594 τὸ
273 566 339 602 ἐμὸν
371 566 423 593 ὑπὸ
452 566 481 593 σὲ
495 564 574 594 ἔστω.
593 568 690 604 Σαφῶς
708 566 752 593 καὶ
768 568 851 593 ταῦτα
865 564 908 593 ἐπὶ

96 612 137 639 τὸν
162 612 249 647 καιρὸν
275 610 351 650 φέρει
373 614 422 645 τῆς
437 609 592 645 Ἰουδαϊκῆς
619 610 758 645 ἁλώσεως,
774 610 818 638 ὅτε
835 610 908 638 ἔκτε-

95 656 196 692 τηκότες
213 655 300 692 λιμῷ,
316 656 353 686 ὡς
369 656 413 683 καῖ
430 655 468 686 εἷς
491 654 718 694 ἀλληλογραφίαν
740 657 791 692 (ϐ’)
812 654 908 686 αὐτοὺς

97 701 218 736 ἐκπεσεῖν,
244 702 304 731 τοῖς
330 699 456 728 δοκοῦσιν
486 700 611 738 εὐπορεῖν
627 700 833 738 προσεχώρουν,
862 700 908 731 τὰς

96 745 249 784 προστασίας
278 745 365 772 αὐτῶν
403 744 639 780 ἐπικαλούμενοι.
677 745 794 782 Ίμάτιον
824 741 908 782 ἔχεις,

96 790 210 828 ἀρχηγὸς
226 791 267 826 (7)
290 790 372 826 ἡμῶν
401 791 491 827 γενοῦ.
520 790 550 818 Ὁ
579 788 689 824 άληθῶς
705 789 799 827 ἅρχων
817 789 866 816 οὐκ
881 788 911 816 ἐκ

95 837 142 862 τῶν
157 833 250 870 ἔξωθεν
281 831 428 870 συμϐόλων
457 833 640 871 γνωρίζεται,
671 835 728 861 οἷον
757 833 909 871 πορφύρας,

95 877 234 917 χλαμίόος,
249 878 297 906 καὶ
314 877 564 914 διαδήματος·διλλ’
581 877 610 905 ὲκ
624 879 671 905 τοῦ
680 876 752 915 ἔχειν
767 877 816 912 τὴν
833 877 912 916 ἀρχι-

95 924 140 958 κὴν
162 923 272 961 ἀρετήν.
298 923 328 951 Ὀ
353 922 405 961 γὰρ
420 922 573 960 ἀρχόμενος
595 922 647 950 ὑπὸ
662 924 716 950 τῶν
732 921 851 957 ἡδονῶν,
865 933 911 950 και

96 967 220 1005 ἀγόμενος
246 966 406 1004 ἐπιθυμίαις
435 968 472 1004 (8)
497 965 648 1002 ποικίλαις,
671 965 769 998 δοῦλος
799 965 835 994 ὢν
863 970 911 1002 τῆς

96 1012 227 1049 ἁμαρτίας,
261 1010 448 1047 ἀνεπιτήδειος
478 1010 533 1039 ἐστι
562 1011 629 1049 πρὸς
657 1011 688 1039 τὸ
717 1010 823 1050 ἄρχειν.
851 1012 911 1039 Ἐν-

94 1058 170 1088 ταῦθα
199 1056 295 1093 μέντοι
322 1057 339 1090 ἡ
370 1055 505 1093 μαρτυρία
527 1058 576 1082 τοῦ
603 1055 730 1088 δύνασθαι
753 1055 846 1093 ἄρχειν
864 1055 913 1083 οὐκ

94 1101 141 1128 ἀπὸ
154 1103 199 1128 τοῦ
213 1101 266 1135 τὴν
284 1101 376 1137 ψυχὴν
401 1101 596 1136 κεκοσμῆσθαι,
625 1099 688 1128 ἀλλ’
715 1100 767 1128 ἀπὸ
790 1104 839 1135 τῆς
857 1102 911 1127 τῶν

94 1145 201 1182 ἱματίων
238 1143 403 1183 περιϐολῆς.
440 1143 519 1172 Ἀλλ’
555 1146 637 1181 ἡμεῖς
675 1144 824 1181 ιῦξώμεθα,
848 1144 912 1175 τοὺς

97 1191 222 1228 ἄρχοντας
250 1192 308 1217 τῶν
336 1187 516 1224 Ἐκκλησιῶν,
545 1190 590 1216 καὶ
619 1189 839 1228 καθηγουμένους
864 1191 913 1216 τοῦ

96 1234 157 1262 λαοῦ
184 1235 222 1271 μη
249 1234 282 1262 ἐκ
306 1234 357 1268 τῆς
379 1232 474 1269 ἔξωθεν
488 1231 651 1271 περιϐολῆς,
667 1233 711 1261 καὶ
726 1236 774 1261 τοῦ
787 1234 913 1273 ἐπιφερο-

97 1280 170 1316 μένου
191 1280 229 1317 (9)
252 1280 455 1317 σχηματισμοῦ
479 1279 529 1313 τὴν
561 1278 708 1317 μαρτυρίαν
735 1276 820 1316 ἔχειν,
849 1277 913 1306 ἀλλ’

96 1324 135 1351 ἀπ’
160 1324 242 1359 αὐτῆς
273 1327 324 1358 τῆς
361 1322 501 1358 ἀληθείας,
531 1323 600 1350 ὥστε
629 1321 714 1361 λέγειν
742 1324 826 1359 ἡμᾶς·
857 1322 914 1351 Οὐκ

95 1368 180 1403 (πειδὴ
209 1369 241 1397 τὸ
276 1365 371 1405 ἔξωθέν
400 1378 448 1395 σου
475 1368 655 1405 κεκόσμηται,
684 1368 728 1395 καὶ
743 1368 843 1399 ἱκανῶς
871 1377 914 1394 σοι

95 1413 200 1450 πλάσμα
213 1417 268 1448 τῆς
286 1410 422 1444 εὐσεϐείας
444 1412 632 1450 κατώρθωται,
658 1411 721 1440 ἀλλ’
745 1411 838 1447 ἐπειδή
866 1422 914 1439 σου

94 1458 137 1492 τὴν
164 1458 256 1496 ψυχὴν
278 1455 397 1484 ἐνέδυσεν
412 1457 426 1484 ὁ
438 1457 503 1488 Θεὸς
518 1456 627 1493 ἱμάτιον
647 1457 794 1494 σωτηρίου,
811 1456 855 1483 καὶ
868 1466 914 1493 χι-

92 1504 158 1529 τῶνα
172 1502 356 1542 εὐφροσύνης,
381 1501 425 1529 καὶ
451 1502 532 1529 παντὶ
556 1501 670 1537 πλούτῳ
685 1511 714 1528 σε
740 1500 914 1539 ἐμεγάλυνεν,

93 1546 207 1584 ἀρχηγὸς
231 1548 318 1582 ἡμῶν
333 1547 422 1584 γενοῦ,
439 1546 514 1577 ὅπως
540 1545 569 1573 ἂν
597 1545 648 1573 ἀπὸ
663 1548 713 1580 τῆς
730 1545 756 1573 ἐν
773 1545 848 1582 λόγῳ
869 1545 915 1572 καὶ

964 256 1100 291 surgunt.
1118 254 1269 282 Enimvero
1284 263 1380 283 nonne
1391 255 1522 291 quotidie
1537 255 1614 283 viros
1629 255 1788 289 cernimus,

964 299 1014 334 qui
1039 307 1075 327 ex
1089 299 1230 327 ebrietate
1244 301 1272 327 et
1287 299 1426 336 ingluvie,
1444 302 1471 327 et
1486 299 1620 336 lupanari
1636 300 1789 336 egredien-

962 345 1018 378 tes,
1033 344 1069 371 de
1090 343 1149 371 Deo
1169 351 1334 372 sermonem
1363 344 1481 379 habent,
1498 352 1531 372 ac
1556 353 1605 372 eos
1621 344 1671 381 qui
1687 353 1721 372 ex
1736 353 1788 380 po-

964 387 1032 423 pulo
1048 390 1118 415 sunt
1132 387 1305 422 honorandi,
1318 389 1477 423 judicent?

999 432 1060 460 Hi.
1092 432 1179 459 Vnas.
1209 433 1236 460 6.
1266 433 1335 466 Quia
1363 433 1544 469 apprehendet
1571 434 1649 462 homo
1674 435 1790 470 fratrem

962 485 1053 511 suum,
1069 479 1095 504 et
1116 478 1304 513 propinquum
1332 479 1421 513 patris
1436 480 1490 514 sui,
1517 479 1621 506 dicens:
1643 480 1790 507 Vestimen-

963 525 1020 549 tum
1036 521 1117 549 habes
1130 523 1260 558 princeps
1276 527 1330 550 esto
1358 524 1457 555 noster,
1471 525 1496 550 et
1520 524 1597 552 cibus
1611 532 1688 552 meus
1702 524 1750 552 sub
1766 528 1792 552 te

963 567 1007 593 sit.
1024 567 1127 602 Aperte
1145 569 1173 593 et
1200 567 1299 594 isthaae
1324 569 1457 603 spectant
1482 569 1517 595 ad
1547 568 1662 596 Judaici
1687 569 1792 596 excidii

964 612 1090 646 tempus,
1103 611 1221 646 quando
1233 611 1307 639 fame
1319 611 1512 647 tabescentes,
1525 612 1565 640 ita
1576 615 1608 640 ut
1616 613 1704 641 etiam
1714 612 1791 641 456

964 655 1014 682 alii
1029 654 1101 683 alios
1118 655 1338 690 manducarent,
1354 656 1383 683 in
1395 658 1492 692 partes
1508 657 1673 685 transibant
1689 665 1791 685 eorum

965 700 1015 735 qui
1040 700 1237 736 opulentiores
1262 700 1446 735 videbantur,
1464 704 1552 737 atque
1578 704 1609 729 ut
1632 702 1689 730 sibi
1714 710 1790 738 pra:-

964 747 1074 780 essent,
1098 745 1251 780 rogabant.
1277 745 1467 773 Vestimentum
1485 746 1570 774 habes
1591 747 1718 782 princeps
1737 749 1793 775 esto

964 791 1066 816 noster.
1084 789 1138 821 Qui
1154 797 1218 817 vere
1234 789 1370 825 princeps
1385 793 1440 826 est,
1457 799 1515 818 non
1531 791 1566 818 ab
1582 791 1709 819 externis
1721 791 1793 819 insi-

964 833 1073 869 gnibus
1088 833 1282 870 dignoscitur,
1300 834 1340 862 uti
1369 843 1510 870 purpura,
1528 835 1748 871 paludamento,
1765 838 1796 863 et

966 878 1139 912 diademate,
1150 878 1201 906 sed
1208 879 1243 906 ab
1260 878 1447 914 imperatoria
1455 887 1514 915 qua
1524 880 1665 915 praeditus
1681 883 1727 908 est
1737 880 1794 908 vir-

967 924 1037 950 tute.
1050 922 1103 955 Qui
1112 922 1190 950 enim
1201 922 1337 951 subditur
1349 923 1557 959 voluptatibus,
1569 932 1602 952 ac
1612 924 1697 952 variis
1709 925 1794 960 cupi-

967 967 1108 995 ditatibus
1124 967 1267 1001 ducitur“,
1278 975 1379 995 servus
1390 976 1457 995 eum
1469 968 1508 996 sit
1518 969 1639 1004 peccati,
1649 969 1685 997 ad
1698 969 1792 1005 impe-

967 1012 1091 1040 randum
1107 1012 1230 1039 idoneus
1247 1020 1304 1040 non
1315 1014 1368 1040 est.
1382 1012 1433 1040 Hic
1449 1012 1567 1048 quidem
1580 1013 1792 1048 testimonium,

967 1065 1025 1093 quo
1041 1057 1203 1092 imperandi
1219 1056 1341 1084 facultas
1366 1057 1546 1093 designatur,
1563 1066 1619 1086 non
1649 1058 1685 1086 ab
1701 1058 1793 1086 animi

967 1102 1081 1134 ornatu,
1092 1101 1142 1128 sed
1152 1110 1168 1128 a
1179 1101 1421 1129 vestimentorum
1429 1101 1508 1130 cultu
1520 1102 1696 1130 desumitur.
1704 1103 1791 1138 Atqui

967 1154 1082 1173 oremus
1095 1153 1158 1179 nos,
1168 1148 1200 1173 ut
1208 1145 1405 1173 Ecclesiarum
1413 1147 1560 1182 principes
1570 1146 1729 1183 populique
1740 1147 1792 1174 du-

967 1197 1015 1217 ces
1031 1197 1125 1225 neque
1140 1190 1175 1217 ab
1192 1190 1325 1218 exteriori
1351 1190 1470 1225 amictu,
1486 1199 1580 1226 neque
1596 1192 1632 1219 ab
1648 1199 1681 1219 eo
1703 1199 1792 1227 quem

968 1242 1026 1270 prae
1041 1242 1071 1261 se
1087 1234 1182 1262 terant
1197 1234 1310 1268 habitu,
1323 1235 1374 1263 sed
1385 1235 1422 1262 ab
1438 1235 1565 1271 ipsamet
1579 1236 1699 1264 veritate
1713 1236 1794 1264 testi-

969 1279 1100 1307 monium
1111 1278 1248 1312 habeant,
1261 1279 1339 1307 itaut
1350 1279 1446 1307 dicere
1457 1280 1624 1316 possimus:
1641 1280 1703 1308 Non
1715 1281 1793 1317 quod

969 1331 1032 1359 qua;
1045 1323 1074 1350 in
1087 1325 1114 1351 te
1129 1323 1310 1352 extrinsecus
1319 1326 1470 1360 apparent,
1480 1324 1658 1360 ornatasint,
1674 1327 1725 1352 aut
1734 1325 1794 1360 pie-

969 1368 1038 1395 tatis
1053 1367 1133 1396 larva
1149 1376 1164 1395 a
1179 1370 1207 1396 te
1225 1369 1352 1396 multum
1373 1368 1489 1396 exculta
1504 1369 1551 1402 sit,
1568 1369 1618 1396 sed
1637 1369 1714 1404 quod
1730 1368 1793 1396 ani-

970 1420 1047 1440 mam
1064 1414 1145 1440 tuam
1161 1413 1334 1440 vestimento
1357 1413 1495 1441 salutaris
1517 1413 1675 1448 tunicaque
1689 1413 1794 1440 laetitias

969 1457 1046 1484 Deus
1061 1456 1167 1487 induit.
1183 1457 1322 1492 omnique
1332 1457 1500 1485 divitiarum
1517 1465 1620 1493 genere
1636 1460 1664 1485 te
1679 1457 1794 1493 magni-

970 1501 1066 1528 fieavit
1081 1501 1113 1536 ‘0,
1135 1501 1270 1537 princeps
1285 1502 1328 1529 sis
1345 1504 1453 1537 noster,
1469 1504 1501 1529 ut
1513 1510 1564 1537 per
1579 1502 1793 1530 abundantiam

969 1546 999 1572 in
1014 1553 1148 1573 sermone
1163 1548 1191 1573 et
1205 1545 1349 1581 sapientia
1364 1548 1393 1573 et
1407 1546 1544 1582 operibus
1560 1547 1644 1575 bonis
1659 1546 1792 1574 recondi-

92 1590 167 1628 σοφίᾳ
179 1590 224 1618 καὶ
241 1590 336 1628 ἔργοις
348 1590 458 1627 ἀγαθοῖς
472 1590 627 1627 περιουσίας
642 1589 766 1625 εὐθηνίαν
779 1591 847 1626 ἡμῖν
859 1591 915 1626 (10)

973 1591 1031 1618 tam
1049 1590 1132 1618 nobis
1147 1598 1182 1618 ex
1196 1592 1246 1618 tuo
1263 1590 1424 1618 ministerio
1435 1599 1639 1627 comparemus
1655 1591 1794 1627 spiritua-

92 1635 118 1662 ἔκ
130 1639 178 1670 τῆς
193 1639 244 1670 σῆς
260 1633 401 1666 διακονίας
412 1636 465 1661 τῶν
487 1637 677 1671 mactantur-iu
700 1633 819 1672 εὕρωμεν
845 1634 914 1661 ἀπο-

93 1678 282 1709 λαύσεων.Καῖ
299 1679 330 1706 τὸ
347 1679 446 1717 βρῶμα
460 1679 491 1706 τὸ
504 1679 569 1716 ἐμὸν
585 1679 636 1707 ὑπὸ
650 1679 678 1706 σὲ
693 1676 772 1713 ἔστω,
784 1679 916 1714 τουτέστι,

92 1725 119 1751 τὸ
134 1723 310 1761 σιτομέτριον
327 1723 378 1751 ὑπὸ
394 1724 422 1750 σὲ
436 1721 515 1751 ἔστω.

123 1769 182 1797 112.
211 1768 265 1797 Καὶ
306 1767 462 1805 ἀποκριθεὶς
501 1766 527 1795 ἐν
551 1769 585 1805 τῇ
621 1769 711 1806 ἡμέρᾳ
739 1767 825 1805 ἐκείνῃ
851 1767 916 1806 ipsi?

93 1813 145 1842 Οὐκ
169 1812 270 1850 ἔσομαι
302 1813 423 1850 ἀρχηγὸς
454 1812 531 1848 ὑμῶν
561 1813 628 1850 (11).
659 1813 698 1841 Οὐ
726 1813 775 1851 γάρ
792 1813 861 1840 ἐστιν
891 1813 916 1840 ἐν

90 1860 127 1894 τῷ
155 1857 224 1895 οἴκῳ
255 1868 312 1894 μου
338 1857 430 1895 ἄρτος,
458 1855 521 1884 οὐδὲ
549 1857 671 1894 ἱμάτιον.
703 1858 763 1885 Ἐτι
791 1858 824 1885 τὰ
851 1857 920 1884 κατὰ

90 1903 136 1936 τὴν
165 1903 272 1936 στάσιν,
303 1902 341 1934 ὡς
369 1901 437 1939 πρὸς
460 1902 509 1936 τὴν
526 1901 656 1940 ἲστορίαν,
674 1902 687 1929 ὁ
707 1901 788 1940 λόγος
804 1901 919 1930 αἰνίσσε-

90 1957 140 1983 ται,
169 1947 220 1981 τὴν
252 1946 295 1977 εἰς
321 1945 434 1984 ἔσχατον
450 1946 554 1973 πτῶσιν
569 1948 617 1973 τοῦ
638 1945 706 1974 λαοῦ
729 1945 918 1984 διηγούμενος,

91 1991 125 2022 ὡς
151 1991 222 2028 μηδὲ
240 1991 342 2029 μέχρις
367 1990 427 2022 ἑνὸς
452 1989 564 2027 ἱματίου
589 1990 788 2028 εὐπορούντων,
805 1992 859 2018 τῶν
881 1990 920 2021 είς

92 2035 255 2073 προστασίαν
286 2038 349 2073 παρ’
377 2034 464 2062 αὐτῶν
497 2034 669 2072 ἑλκομένων.
696 2034 817 2062 Διίκνυσι
839 2033 867 2062 δὲ
889 2035 921 2062 τὸ

94 2080 282 2108 στασιαστικὸν
309 2083 360 2114 τῆς
385 2079 504 2110 στάσεως
526 2081 580 2107 τῶν
605 2079 772 2118 πραγμάτων
799 2080 865 2116 (12),
889 2079 921 2107 τὸ

94 2124 129 2161 μὴ
144 2124 174 2152 ἐκ
198 2124 364 2164 σύμφώνου,
392 2123 462 2160 μηδὲ
483 2123 512 2151 ἐκ
535 2124 685 2161 συμπνοίας
708 2125 809 2155 πάντας
836 2125 922 2162 ὁρμᾷν

92 2168 132 2196 ἐπὶ
159 2170 209 2204 τὴν
227 2169 352 2207 ἐκλογὴν
378 2170 426 2196 τοῦ
456 2167 604 2206 δυναμένου
628 2167 722 2207 ὄίρχιῖν
743 2169 843 2204 αὐτῶν,
859 2168 923 2197 ἀλλ’

124 2241 135 2259 θ
149 2241 174 2270 ΙΙ
191 2241 273 2271 Tim.
292 2249 335 2275 ιιι,
351 2241 378 2274 3,
394 2241 421 2269 6.
461 2241 483 2258 ¹⁰
499 2243 555 2269 Isa.
572 2249 629 2274 ιιι,
647 2241 689 2268 10.

134 2308 445 2348 ὃλᾊλλῃλογραφίαν,
477 2311 624 2348 lnterpres
655 2309 761 2346 legisse
798 2310 962 2346 videtur,D

93 2344 415 2385 ἐλλὴλοφαγίαν,ἶ]υὸᾶ
441 2348 471 2374 et
500 2344 594 2382 magis
618 2344 848 2375 consentaneum
868 2349 923 2375 est.

92 2381 267 2454 El)(l'triColb.
295 2417 419 2454 primus,
447 2415 607 2454 στρατηγός,
636 2418 795 2454 imperator.
812 2417 923 2454 Ibidem

111 2452 159 2489 est
171 2461 279 2489 vocem
293 2453 429 2489 γινοῠῄιι
456 2452 570 2489 οξοιιεὶὲ
585 2452 735 2481 adduntur
757 2453 818 2489 illa,
834 2452 878 2480 καὶ
892 2452 924 2480 τὸ

111 2461 157 2481 ost
171 2461 279 2481 vocem
313 2462 384 2486 ινου,
399 2461 429 2480 1n
456 2461 570 2481 excusis
585 2461 735 2481 aeauntur
757 2461 818 2489 tua,
834 2461 878 2480 και
892 2463 923 2480 το

92 2461 193 2525 Ege,”
208 2489 242 2515 τὸ
259 2463 326 2524 ὲμζν
349 2488 401 2516 ὑπὸ
417 2488 446 2515 σὲ
472 2486 540 2516 ἔστω
562 2497 623 2524 quas
639 2489 726 2525 verba
741 2497 809 2517 cum
825 2489 853 2516 in
870 2497 923 2517 no—

92 2524 160 2552 stris
176 2532 230 2552 sex
248 2533 321 2553 mss.
338 2533 395 2552 non
411 2525 610 2557 inveniantur,
625 2524 721 2552 delere
737 2533 793 2552 non
810 2525 925 2553 dubita-

91 2561 198 2602 vimus.
217 2560 334 2588 Ibidem
351 2561 420 2597 Reg.
437 2560 562 2597 primus,
578 2560 592 2587 ὁ
614 2559 721 2595 ἀληθής
737 2559 830 2599 ἅρχων
847 2569 926 2590 verus

93 2604 233 2632 prmceps.

127 2633 166 2667 (8)
178 2631 309 2667 Editiret
324 2631 393 2667 Reg,
405 2631 535 2667 primus,
565 2630 722 2667 ἐπιθυμίαις
740 2630 860 2663 πολλαῖς
883 2630 927 2658 καί

93 2665 141 2695 sed
158 2665 235 2731 Ἕλικι
254 2665 466 2702 ίὶιιιά,πολλαῖς
478 2666 533 2702 καί,
549 2665 675 2708 expungi
689 2668 802 2701 debeat,
815 2668 926 2695 dubiun

95 2711 151 2731 non
189 2704 330 2731 abemus.
348 2703 418 2730 Nam
434 2702 494 2730 hec
523 2703 610 2731 verba
625 2708 654 2731 et
669 2712 696 2731 In
715 2712 797 2731 sacro
809 2705 889 2731 textu
901 2706 926 2731 et

95 2711 151 2731 non
168 2704 330 2731 habemus.
348 2704 418 2730 Nam
434 2704 494 2730 hec
523 2704 610 2731 verba
625 2708 654 2731 et
669 2704 696 2731 in
715 2712 797 2732 sacro
809 2705 889 2732 textu
901 2706 930 2732 et

94 2738 120 2766 in
137 2740 280 2775 quinque
291 2746 361 2766 mss.
378 2739 486 2774 pariter
500 2739 715 2767 desiderantur.
757 2773 763 2775 ἒ
909 2773 914 2775 _

127 2773 167 2810 (9)
192 2773 238 2802 Ita.
266 2782 340 2812 mss.
371 2773 482 2803 omnes.
504 2775 650 2812 Editi,\¢at
678 2774 726 2812 τοῦ
755 2773 930 2812 ἐπιφαινομέ-

94 2819 151 2846 νου,
167 2818 264 2848 neque
279 2810 317 2837 ab
332 2813 486 2846 apparmte
498 2810 604 2840 habitu.
617 2811 676 2841 Nec
691 2811 732 2839 ita
746 2810 840 2839 multo
856 2810 933 2840 infra

265 2873 402 2906 Panos.
425 2873 483 2915 Gs,
502 2873 598 2907 xxx.

969 1634 1041 1662 lium
1057 1634 1227 1662 deliciarum
1248 1634 1372 1670 copiam.
1386 1635 1418 1662 Et
1441 1635 1517 1663 cibus
1540 1644 1617 1664 meus
1632 1636 1682 1664 sub
1706 1639 1732 1664 te
1744 1636 1792 1670 sit,

971 1678 1027 1706 hoc
1042 1680 1087 1706 est
1100 1677 1188 1706 tritici
1204 1686 1341 1706 mensura
1353 1680 1408 1707 sub
1422 1681 1451 1707 te
1466 1679 1513 1708 sit.

1009 1768 1070 1796 112.
1086 1767 1174 1796 Vsas.
1202 1768 1228 1795 7.
1257 1769 1290 1796 Et
1318 1768 1480 1804 respondens
1508 1770 1538 1797 in
1566 1770 1617 1797 illa
1638 1769 1682 1798 die
1710 1770 1795 1798 dicet.

973 1813 1029 1841 Non
1046 1820 1093 1841 ero
1103 1813 1233 1848 princeps
1247 1817 1342 1841 vester.
1358 1813 1416 1841 Non
1431 1814 1506 1841 enim
1531 1815 1570 1841 est
1598 1815 1628 1841 in
1642 1814 1722 1842 domo
1736 1823 1798 1843 mea

971 1857 1064 1893 panis,
1080 1864 1167 1892 neque
1182 1857 1385 1885 vestimentum.
1395 1857 1499 1885 Adhuc
1515 1867 1549 1886 ea
1564 1866 1626 1893 quae
1643 1859 1672 1886 in
1687 1858 1736 1886 illa
1752 1867 1798 1887 se-

974 1901 1085 1929 ditione
1100 1903 1184 1937 gesta
1198 1903 1278 1936 sunt,
1295 1902 1372 1937 quod
1395 1902 1430 1929 ad
1446 1902 1599 1931 historiam
1625 1903 1739 1939 attinet,
1755 1904 1797 1932 si-

974 1945 1094 1982 gniﬁcat
1111 1945 1276 1981 Scriptura:
1300 1945 1439 1973 nimirum
1449 1949 1734 1975 enarratextremum
1746 1956 1798 1984 po-

975 1990 1036 2027 puli
1047 1990 1204 2026 excidium,
1218 1990 1258 2018 ita
1274 1992 1306 2017 ut
1317 1998 1351 2018 ne
1360 1999 1452 2023 unum
1463 1991 1797 2026 quidemindumentum

975 2034 1196 2071 suppeteretiis,
1213 2042 1286 2070 quos
1295 2035 1330 2062 ad
1347 2035 1545 2071 principatum
1559 2036 1724 2064 trahebant.
1739 2037 1798 2065 Hoc

975 2081 1072 2107 autem
1089 2079 1303 2107 tumultuosum
1320 2087 1417 2107 rerum
1440 2079 1471 2107 in
1493 2080 1635 2108 seditione
1649 2083 1797 2117 gestarum

975 2126 1085 2152 statum
1095 2123 1232 2157 ostendit,
1249 2124 1326 2159 quod
1335 2132 1439 2152 omnes
1451 2125 1599 2152 communi
1615 2133 1760 2153 consensu
1770 2129 1801 2154 et

977 2169 1172 2196 concordibus
1181 2167 1287 2196 animis
1294 2168 1329 2195 ad
1337 2168 1504 2204 eligendum
1513 2177 1580 2196 eum
1587 2169 1637 2205 qui
1647 2170 1720 2205 ipsis
1730 2179 1800 2206 prta-

978 2309 1071 2348 nostri
1099 2317 1149 2338 sex
1176 2317 1260 2345 mss.,
1288 2308 1319 2336 τὸ
1347 2306 1453 2344 ἔξωθεν.
1479 2310 1565 2346 Editi,
1594 2309 1628 2338 τὰ
1657 2311 1704 2347 μὲν
1735 2308 1803 2348 ἔξω-

980 2346 1140 2421 owdinbi
1155 2379 1293 2421 ln_editis
1316 2380 1452 2421 legimus,
1467 2381 1604 2421 ﬁpeiqLin
1617 2384 1730 2421 nostris
1754 2392 1804 2413 sex

979 2416 1284 2456 codicibusscriptuum
1296 2416 1449 2456 reperitur.
1463 2416 1541 2453 ἡμῖν.
1553 2418 1627 2447 Illud
1643 2420 1721 2456 quod
1737 2429 1805 2449 mox

979 2452 1121 2488 sequitur,
1135 2451 1185 2478 ὑπὸ
1202 2450 1230 2478 σὲ
1252 2450 1338 2486 ἕπωξ
1352 2450 1490 2481 υᾱᾱιιιιιιῖ
1502 2457 1546 2482 est
1569 2464 1584 2483 e
1600 2450 1685 2484 libris
1699 2457 1804 2485 veteri-

980 2489 1073 2560 bu(sit)
1089 2522 1147 2551 Vox
1166 2521 1246 2560 ῥμῷν
1268 2523 1349 2560 deest
1373 2524 1489 2559 quidem
1514 2525 1544 2553 in
1572 2526 1678 2554 editis:
1707 2526 1758 2554 sed
1775 2526 1805 2553 in

981 2558 1104 2595 utroque
1124 2559 1203 2586 Coib.
1219 2558 1501 2588 inveniturfibidem
1517 2561 1598 2594 editi.
1625 2560 1680 2588 ἐστί
1696 2571 1754 2596 μοι..
1770 2562 1805 2588 At

981 2603 1080 2623 vocem
1097 2603 1154 2629 μοι,
1172 2599 1337 2623 nostrorum
1360 2596 1494 2624 codicum
1510 2598 1642 2625 omnium
1657 2597 1744 2624 ﬁdem
1760 2604 1806 2624 se-

983 2631 1053 2664 cuti,
1072 2629 1276 2665 expunximus.

1019 2667 1075 2703 (12)
1088 2666 1211 2710 ΙΙδιξείιιιν
1226 2668 1256 2710 et
1269 2666 1304 2710 ιιι,
1315 2666 1401 2710 editis
1412 2668 1439 2694 et
1455 2666 1484 2694 in
1501 2675 1570 2710 mss.
1588 2666 1737 2710 omnibus,
1749 2667 1806 2710 15).»:

984 2701 1162 2739 πραγμάτων.
1179 2702 1371 2729 Combeﬁsius
1386 2704 1496 2735 tamen,
1513 2706 1545 2729 ut
1563 2709 1638 2737 saepe
1653 2701 1734 2737 alias,
1745 2701 1808 2731 vul-

1006 2741 1053 2766 ata
1068 2738 1192 2766 lectione
1208 2746 1264 2765 non
1289 2740 1454 2771 contentus,
1471 2737 1511 2765 ait
1536 2737 1590 2765 sibi
1607 2737 1698 2766 videri
1711 2738 1811 2775 legen-

986 2747 1069 2803 gum.
1084 2774 1115 2800 τὸ
1143 2772 1338 2803 πραττόμενον.
1355 2773 1440 2801 Haud
1455 2773 1542 2803 longe
1565 2781 1637 2802 mss.
1663 2774 1809 2803 nonnulii.

1008 2783 1069 2808 um,
1084 2774 1115 2800 τὸ
1143 2772 1338 2810 πραττόμενον.
1355 2773 1440 2801 Haud
1455 2773 1542 2808 longe
1565 2781 1637 2802 mss.
1663 2772 1809 2810 nonnhlii,

987 2810 1074 2838 πάντα
1086 2810 1172 2848 ὁρμᾷν
1178 2829 1184 2837 .

1615 2872 1653 2905 10
