2009 3145
198 177 250 208 3H

667 175 863 206 APPENDIX
887 174 1050 206 UPEIlUM
1075 175 1109 204 S.
1131 174 1271 204 BASILII
1294 174 1431 205 MAGNI.

1845 176 1899 207 312

198 252 261 280 quae
275 243 309 271 ad
327 242 378 271 Dei
398 241 547 278 justitiam
568 241 716 278 pertinent
731 241 823 270 oculis
850 241 957 276 subjici
971 241 1022 268 de-

1085 241 1157 276 Βιοῦ,
1187 239 1228 267 ὅτι
1244 239 1298 278 οὐχ
1325 238 1443 278 ὑπιριόη
1458 241 1490 268 τὸ
1505 240 1602 278 μέτρον
1617 242 1670 269 τῶν
1685 239 1862 278 ἀδικημάτων
1876 229 1899 269 ἓν

197 289 294 322 beant,
308 287 384 323 quod
399 287 535 315 videlicet
559 287 748 323 iniquitatum
775 295 943 314 mensuram
961 286 1024 314 vin.

199 333 282 360 dictis
307 332 511 368 magnitudine
538 341 595 360 non
619 332 777 368 superarit,
788 331 896 359 idcirco
912 331 1023 359 dictum

199 380 244 406 est
260 385 267 406 :
285 377 336 405 Sed
351 385 425 405 nunc
444 377 625 404 constituetur
649 377 678 404 in
699 377 841 413 judicium
866 376 1000 404 Dominus
1015 385 1024 402 :

201 425 233 450 ut
258 422 402 458 particula
430 430 505 449 nunc
533 421 763 457 distinguntura
784 422 881 449 futuro
908 420 1022 448 saeculo.

201 469 258 494 Aut
269 467 342 494 forte
353 466 437 499 illud,
447 475 530 501 nunc,
542 466 618 502 apud
636 475 688 494 nos
700 467 818 502 quidem
831 465 986 493 minimum
998 467 1026 493 et

200 511 384 540 individuum
402 512 542 546 temporis
559 513 741 538 momentum
759 510 903 547 signiiicat
924 519 930 538 :
948 511 1024 538 482

201 557 251 584 sed
269 556 298 583 in
316 556 385 588 Deo,
398 556 483 590 juxta
504 555 747 590 signiﬁcationem
771 555 852 583 vocis
875 563 959 589 nunc,
975 555 1026 582 ad-

198 601 299 636 jacent
324 602 352 627 et
376 601 471 627 astant
497 599 605 627 omnia.
623 599 699 627 Nihil
715 599 792 627 enim
822 599 899 635 apud
929 599 1026 635 ipsum

204 644 381 681 prateritum
411 646 465 677 est,
482 643 554 671 nihil
584 645 716 672 futurum
734 652 740 672 :
760 644 810 672 sed
826 647 932 672 cuncta
958 646 1028 672 sunt

204 688 369 726 praesentia.
380 691 407 716 et
423 697 484 724 quae
501 688 601 724 procul
618 697 633 715 a
649 688 732 716 nobis
750 689 847 716 futura
861 690 1029 724 exspectem

203 737 261 769 tur,
273 736 413 769 tanquam
435 734 499 769 jnm
522 733 676 769 praesentia
692 741 708 760 a
723 733 829 760 divinis
853 733 945 761 oculis
960 742 1027 760 con-

204 778 382 814 spiciuntur,
399 777 440 805 ita
462 780 494 805 ut
509 777 538 805 in
554 777 612 805 Deo
626 777 675 805 illa
691 777 831 813 temporis
858 786 924 814 pars
949 780 1030 806 Nunc

206 831 298 850 sevum
321 822 409 850 etiam
441 823 572 850 futurum
597 822 816 858 complectatur.
830 823 902 850 Cum
928 822 1028 858 igitur,

207 869 350 903 quantum
368 867 402 894 ad
416 867 508 894 Deum
530 867 643 899 attinet,
661 875 717 894 non
736 866 821 903 longe
835 867 912 894 absit
927 867 1030 894 dcﬁni-

207 914 270 939 tum
287 911 391 947 judicii
418 913 545 947 tempus,
562 919 661 939 vocem
677 911 753 938 hanc
777 920 849 939 nunc
863 912 898 939 ad
916 911 1031 939 univer-

209 955 426 992 salejudicium
448 956 547 983 referri
563 955 710 984 duximus.
726 955 911 984 Constituetur
934 959 1031 984 autem

210 1002 241 1029 in
251 1000 399 1036 judicium.
416 1000 550 1028 Declarat
568 1001 694 1029 rationes
717 1000 838 1037 justitias
862 1010 932 1035 suis,
945 1001 1031 1036 juxta

211 1053 286 1081 quas
301 1045 338 1073 ob
360 1045 423 1081 ipsa
439 1053 527 1081 opera
541 1053 654 1081 mquam
670 1045 700 1073 in
722 1045 874 1074 sumendis
886 1046 1031 1082 ejusmodi

208 1089 363 1126 suppliciis
378 1090 469 1118 vicem
484 1090 603 1118 adhibet
620 1098 626 1117 :
642 1089 683 1118 sic
699 1092 731 1118 ut
751 1090 771 1118 ii
791 1090 878 1119 etiam
895 1091 946 1126 qui
961 1099 1029 1118 con-

207 1135 395 1168 demnantur,
412 1134 600 1170 pronuntiato
616 1135 770 1163 adversum
790 1143 821 1163 se
836 1135 948 1171 judicio
964 1137 1027 1163 tan-

207 1187 297 1214 quam
309 1178 476 1214 justissima
493 1179 700 1207 assentiuntur.

242 1232 303 1260 120.
321 1233 358 1260 Et
370 1232 446 1260 sistet
464 1233 495 1259 in
513 1232 652 1268 judicium
673 1233 808 1269 populum
823 1233 1028 1262 Isrselitioum.

205 1277 377 1312 (Quicunque
386 1277 462 1305 enim
479 1278 508 1304 in
524 1277 582 1311 lege
593 1282 781 1313 peccaverunt,
794 1287 843 1314 per
859 1279 944 1314 legem
953 1278 1029 1314 judi-

204 1322 343 1350 cabuntur
353 1321 399 1357 3’.)
414 1321 607 1357 Nequaquam
623 1324 719 1350 autem
735 1323 911 1350 sententiam
930 1331 1028 1359 parem

205 1365 374 1402 prolaturus
389 1368 433 1393 est
449 1365 478 1393 in
495 1365 622 1401 reliquos
638 1366 770 1402 populos.
784 1367 856 1394 Nam
873 1367 1031 1403 Quicunque

203 1411 266 1438 sine
280 1411 338 1445 lege
349 1415 546 1446 peccaverunt,
557 1411 617 1438 sine
632 1411 689 1446 [ego
704 1412 788 1439 etiam
797 1412 928 1447 peribunt
938 1412 972 1440 ³³.
985 1412 1029 1446 Et,

206 1455 288 1491 [mpii
303 1463 359 1483 non
373 1459 515 1490 resurgant
528 1456 559 1482 in
569 1455 675 1491 judicio
685 1456 718 1489 ³⁸,
735 1458 784 1484 sed
805 1456 834 1484 in
851 1457 1029 1484 condemna—

205 1499 295 1526 tione.
311 1499 461 1527 Judicium
478 1502 576 1527 autem
592 1503 637 1528 est
652 1508 740 1536 penes
751 1508 868 1528 omnem
886 1500 1031 1537 legislsto-

208 1551 269 1571 rem
286 1542 316 1570 in
332 1551 381 1571 eos
405 1543 455 1579 qui
475 1544 637 1572 secundum
652 1544 746 1580 legem
771 1545 807 1572 ab
834 1553 867 1573 eo
891 1545 1029 1581 scriptam

205 1586 385 1622 judicantur,
397 1596 464 1616 cum
480 1591 509 1616 et
523 1597 556 1616 ea
567 1597 630 1624 quas
645 1591 710 1617 acta
723 1593 802 1624 sunt,
812 1591 841 1617 et
855 1589 1031 1626 legislatoris

205 1620 343 1660 voluntas
372 1631 448 1659 inter
475 1639 506 1660 se
535 1620 753 1668 comparantur.
780 1620 962 1670 Quapropter
990 1620 1067 1662 aitc

205 1677 295 1704 etiam
311 1676 454 1704 Dominus
472 1686 478 1704 :
495 1677 589 1705 Sermo
604 1686 684 1713 quem
706 1679 813 1706 locutus
827 1687 899 1712 sum,
915 1680 973 1714 ipse
987 1687 1031 1706 vos

204 1720 340 1755 iudicabit
356 1721 379 1738 ⁸⁵
395 1730 405 1748 :
422 1721 528 1757 quippe
549 1722 738 1757 cogitationes
761 1722 816 1750 sibi
840 1722 964 1750 invicem
980 1723 1032 1750 ad-

204 1767 372 1798 versantur,
387 1768 450 1792 tum
476 1774 509 1793 ea
524 1774 588 1801 quae
604 1775 620 1793 ει
636 1766 759 1794 Domino
773 1767 951 1803 suggeritur,
968 1770 1032 1795 tum

204 1817 240 1838 ea
256 1818 320 1845 quis
340 1810 375 1837 ad
399 1812 551 1846 peccatum
579 1810 692 1838 invitat.
711 1813 795 1846 Nam,
817 1812 902 1847 juxta
916 1811 1031 1846 Osee“,

207 1855 434 1882 circumdabunt
455 1863 698 1891 unumquemque
721 1855 911 1892 cogitationes
925 1855 1032 1892 ipsius.

208 1898 382 1926 Videbimus
397 1899 474 1926 enim
491 1899 579 1926 simul
596 1900 695 1927 omnia
707 1909 795 1936 opera
805 1901 889 1929 nobis
905 1909 956 1936 per
970 1909 1032 1928 me-

210 1943 333 1971 moriam
343 1943 432 1970 veluti
443 1943 581 1979 astantis,
594 1946 681 1980 atque
695 1953 730 1972 ex
743 1945 864 1973 adversa
879 1945 950 1973 facie
965 1953 1030 1973 cum

211 1987 337 2024 propriis
354 1987 455 2016 formis
471 1988 559 2016 menti
575 1991 684 2017 nostra:
705 1990 828 2025 objecta,
841 1994 925 2026 prout
940 1998 1032 2017 unum

211 2032 350 2068 quodque
365 2032 408 2060 vel
423 2035 551 2068 gestum,
567 2033 610 2061 vel
633 2034 779 2069 prolatum
803 2036 857 2062 est.
875 2035 1032 2070 Postquam

211 2076 288 2104 enim
303 2076 455 2111 Dominus,
464 2078 541 2113 quod
553 2078 588 2105 ad
601 2078 731 2113 gentium
743 2087 760 2106 a
770 2086 802 2106 se
813 2081 1033 2114 sssumptarum

211 2129 312 2149 curam
327 2122 440 2156 attinet,
452 2130 486 2150 ea
507 2122 607 2150 omnia
621 2131 684 2158 quea
709 2123 838 2151 muneris
858 2123 938 2151 illius
952 2125 1032 2159 sunt,

209 2165 330 2194 omnino
341 2166 512 2201 praestitisse
523 2175 554 2194 se
565 2167 702 2199 ostendit,
715 2169 780 2195 tum
792 2168 899 2195 dicitur
908 2168 1033 2204 vincere,

210 2218 276 2237 cum
291 2211 369 2245 apud
385 2219 438 2238 nos
454 2211 607 2246 judicatur
617 2212 648 2238 ³⁷.
666 2212 741 2239 Sane
765 2212 844 2240 haud
870 2213 1033 2248 putandum

210 2256 255 2281 est
267 2254 392 2281 multum
403 2255 545 2290 temporis
553 2258 761 2291 consumptum
772 2256 817 2290 iri,
826 2258 857 2284 ut
866 2265 897 2284 se
908 2257 1033 2293 quisque

1077 286 1117 320 τῷ
1147 283 1247 320 πλήθει
1263 288 1313 319 τῆς
1330 285 1474 323 τιμωρίας,
1505 284 1611 322 εἴρηται
1626 286 1657 313 τὸ
1672 287 1740 322 (50),
1755 285 1845 314 Ἀλλὰ
1859 289 1898 314 νῦν

1078 330 1272 364 καταστήσεται
1311 329 1348 360 είς
1398 329 1485 366 κρίσιν
1531 329 1650 368 Κόριος⁶
1695 329 1742 357 ’ίνα
1783 330 1814 357 τὸ
1858 333 1899 358 νῦν

1077 376 1158 401 τοῦτο
1182 376 1222 410 τῷ
1238 373 1369 410 μὲλλοντι
1402 373 1480 401 αἰῶνι
1510 373 1779 409 ἀντιδιαστέλληται.
1796 376 1832 402 Ἦ
1851 376 1898 411 μή-

1078 429 1144 446 ποτε
1162 418 1205 452 τὸ,
1225 421 1282 452 νῦν,
1313 418 1352 457 ἐφ’
1382 420 1462 455 ἡμῶν
1494 419 1542 455 μὲν
1570 420 1601 447 τὸ
1629 419 1772 456 ἀκαριαῖον
1800 421 1844 447 καὶ
1873 421 1900 447 τὸ

1079 462 1230 499 ἀδιαίρετον
1260 465 1308 490 τοῦ
1328 464 1430 501 χρόνου
1448 463 1584 500 σημαίνει·
1615 463 1658 491 ἐπὶ
1675 463 1703 491 ὂὶ
1727 466 1796 491 Θεοῦ
1822 464 1901 492 πάντα

1079 507 1146 534 κατὰ
1160 508 1209 542 τὴν
1236 510 1294 544 τοῦ,
1318 510 1376 542 νῦν,
1401 506 1525 543 αἴσθησιν
1551 507 1721 546 παράκειται.
1743 507 1831 536 Οὐδὲν
1855 509 1899 547 γὰρ

1080 551 1153 588 αὐτῷ
1167 551 1318 589 παρῆλθεν,
1344 551 1407 580 οὐδὲ
1437 551 1544 588 μὲλλει,
1568 551 1641 580 ἀλλὰ
1665 553 1752 580 πάντα
1768 552 1900 588 ἐνέστηκε,

1079 596 1124 623 καὶ
1139 596 1172 623 τα
1197 596 1336 634 πόρῥωθεν
1364 598 1431 633 ἡμῖν
1460 595 1685 634 προσδοκώμενα,
1703 597 1740 628 ὡς
1764 595 1821 632 ἤδη
1838 607 1901 634 πιρ-

1081 641 1146 668 όντα
1170 641 1221 668 ὑπὸ
1244 643 1292 669 τοῦ
1321 641 1392 674 θείου
1414 641 1558 680 ὀφθαλμοῦ
1580 642 1737 679 καθορᾶται,
1764 641 1836 669 ὥστι
1863 642 1901 669 ἐπὶ

1082 688 1148 713 Θεοῦ
1175 686 1216 720 τὸ,
1232 688 1288 719 νῦν,
1304 686 1346 716 καὶ
1363 687 1408 713 τὸν
1436 684 1573 722 μέλλοντα
1588 686 1683 722 αίῶνα,
1703 685 1901 724 συμπαραλαμ-

1083 727 1169 757 adven
1186 731 1253 766 (51).
1283 730 1356 757 Ἐπεὶ
1388 730 1432 757 οὖν
1457 729 1487 757 οὗ
1519 731 1623 767 μακράν
1637 730 1708 758 ἔστιν
1725 731 1763 762 ὡς
1777 731 1847 768 πρὸς
1862 731 1902 758 τὸν

1084 775 1160 810 Θεὸν,
1189 774 1202 801 ὁ
1218 773 1368 812 ὡρισμίνος
1380 777 1429 809 τῆς
1445 774 1559 810 κρίσεως
1579 775 1684 812 καιρὸς,
1700 774 1744 802 ἰπὶ
1759 776 1811 810 τήν
1825 781 1903 807 καθο-

1084 818 1164 853 λικὴν
1202 819 1290 856 κρίσιν
1327 819 1501 858 ἀναφέρεσθαι
1543 819 1573 846 τὸ
1619 821 1664 846 νῦν
1714 818 1903 858 ἐξειλήφαμεν.

1085 864 1286 899 Καταστήσεται
1313 862 1342 891 δὲ
1369 863 1406 894 sic
1435 863 1533 901 κρίσιν,
1549 863 1686 901 ,ἑξαπλῶν
1713 863 1780 895 τοὺς
1809 863 1905 902 λόγους

1084 912 1135 943 τῆς
1157 907 1330 944 δικαιοσύνης
1345 908 1439 943 αὑτοῦ,
1455 909 1513 940 καθ’
1530 908 1576 939 οὓς
1591 909 1647 945 (52)
1663 908 1706 935 ἰπὶ
1730 911 1790 940 τοῖς
1817 909 1905 940 αὐτοῖς

1086 952 1176 991 ἔργοις
1207 951 1312 980 δικαίαν
1338 955 1455 980 ποιεῖται
1483 955 1537 980 τῶν
1563 952 1677 980 τοιῶνδι
1690 953 1831 981 κολάσεων
1859 954 1904 988 τήν

1087 996 1276 1033 ἀνταπόδοσιν,
1301 997 1369 1026 ὥστε
1396 998 1441 1025 καὶ
1455 997 1520 1029 τοὺς
1534 996 1800 1035 καταδικαζομὲνους
1820 998 1904 1026 συντί-

1086 1043 1177 1070 θεσθαι
1190 1043 1240 1078 τὴν
1255 1043 1314 1070 κατ’
1328 1043 1415 1071 αὐτῶν
1432 1042 1628 1082 ἇποφανθεῖσαν
1643 1043 1729 1080 κρίσιν
1747 1043 1784 1075 ὡς
1804 1042 1905 1071 δικαιο-

1084 1086 1167 1123 τάτην
1173 1109 1179 1116 .

1122 1232 1181 1259 120.
1212 1230 1260 1258 Καὶ
1288 1231 1379 1266 στήσει
1408 1230 1445 1261 εἱς
1467 1231 1554 1268 κρίσιν
1571 1231 1617 1258 τὸν
1645 1230 1710 1258 λαὸν
1732 1231 1779 1258 ¹ιὸν
1804 1233 1907 1269 Ἰσραη-

1085 1275 1188 1303 λιτικὸν
1213 1276 1300 1311 (Ὃσοι
1332 1275 1383 1312 γὰρ
1413 1275 1439 1302 ἐν
1468 1275 1547 1312 νόμῳ
1572 1275 1694 1312 ἥμαρτον
1711 1297 1718 1310 ,
1750 1274 1796 1303 διὰ
1824 1276 1907 1312 νόμον

1084 1320 1284 1356 κριθήσονται),
1311 1319 1376 1350 τοὺς
1406 1318 1435 1347 δὲ
1460 1319 1575 1351 λοιποὺς
1601 1319 1684 1351 λαοὺς
1713 1320 1815 1348 οὐκὲτν
1841 1319 1905 1348 διότι

1085 1365 1162 1392 Ὀσοι
1191 1363 1299 1400 ἀνόμως
1327 1364 1450 1401 ἥμαρτον
1469 1386 1476 1398 ,
1504 1364 1613 1401 ἀνόμως
1643 1365 1688 1392 καὶ
1717 1365 1904 1393 ἀπολοῦνται·

1083 1408 1142 1443 καὶ,
1186 1409 1220 1436 Οἱ
1261 1405 1367 1440 ἀσεϐεῖς
1413 1409 1464 1436 οὐκ
1504 1408 1699 1444 ἀναστήσονται
1741 1409 1767 1437 ἐν
1812 1409 1905 1447 κρίσει,

1082 1451 1146 1480 ἀλλ’
1172 1452 1198 1480 ἐν
1226 1453 1391 1488 κατακρίσιι.
1422 1453 1504 1480 Παντὶ
1535 1452 1564 1480 δὲ
1593 1454 1727 1491 νομοθέτῃ
1758 1455 1817 1490 (53)
1842 1455 1906 1492 πρὸς

1082 1497 1146 1528 τοὺς
1159 1497 1226 1524 κατὰ
1239 1497 1284 1524 τὸν
1317 1497 1359 1524 ὑπ’
1384 1497 1467 1524 αὐτοῦ
1493 1498 1682 1536 γεγραμμένον
1708 1498 1792 1534 νόμον
1818 1509 1905 1536 κρινο-

1087 1542 1186 1578 μένους
1210 1541 1299 1579 κρίσις
1315 1541 1384 1569 ἐστὶν
1405 1541 1432 1569 ιν
1456 1544 1490 1579 τῇ
1516 1542 1686 1580 παρεξετάσαι
1714 1546 1764 1578 τῆς
1787 1553 1817 1570 τι
1840 1544 1905 1581 πρά-

1086 1587 1151 1622 ξεως
1165 1586 1210 1613 καὶ
1235 1588 1284 1613 τοῦ
1309 1585 1486 1624 βουλήματος
1508 1588 1556 1613 τοῦ
1584 1587 1746 1623 νομοθέτου.
1771 1588 1820 1615 Διὸ
1835 1588 1905 1615 καὶὸ

1086 1629 1199 1668 Κύριος.
1229 1631 1259 1659 '0
1286 1629 1379 1667 λόγος,
1402 1631 1495 1670 φησὶν,
1521 1630 1549 1658 ὅν
1574 1630 1706 1666 ἐλάλησα,
1733 1631 1814 1663 αὐτὸς
1840 1633 1905 1669 ὑμᾶς

1086 1677 1182 1711 κρινεῖ·
1206 1675 1248 1702 ὅτι
1274 1675 1300 1701 οἱ
1324 1674 1455 1713 λογισμοὶ
1472 1674 1609 1711 ἀλλήλοις
1625 1675 1869 1708 ἀντικαθίστανται·
1893 1677 1906 1704 δ

1085 1729 1114 1746 τε
1137 1719 1210 1756 παρὰ
1238 1721 1286 1746 τοῦ
1307 1718 1411 1756 Κυρίου
1441 1718 1619 1756 ὑποϐληθεῖς,
1643 1721 1687 1748 καὶ
1717 1721 1732 1748 ὸ
1765 1722 1836 1758 πρὸς
1861 1722 1906 1756 τήν

1088 1763 1218 1800 ἁμαρτίαν
1248 1762 1473 1800 ἱκκαλεσάμινος.
1501 1764 1573 1792 Κατὰ
1594 1765 1647 1802 γὰρ
1672 1765 1718 1792 τὸν
1742 1766 1832 1801 Ὠσηὶ,
1861 1776 1906 1793 κυ-

1086 1807 1187 1835 κλώσει
1215 1806 1325 1836 ἕκαστον
1354 1808 1387 1836 τὰ
1416 1805 1560 1836 διαϐούλια
1588 1809 1682 1837 αὐτοῦ.
1710 1810 1907 1847 Ὠψόμιθαγὰρ

1087 1852 1143 1888 ἅμα
1164 1853 1249 1879 πάντα
1273 1853 1358 1880 οἱονεὶ
1373 1855 1533 1890 παρεστῶτα
1561 1854 1630 1889 ἡμῖν
1656 1853 1689 1880 τὰ
1716 1851 1782 1891 ἔργα
1802 1853 1848 1881 διὰ
1861 1857 1907 1889 τῆς

1089 1898 1214 1934 μνήμης,
1239 1896 1284 1924 καὶ
1317 1897 1465 1935 φαινόμενα
1497 1897 1690 1935 ὰντιπρόσωπα
1728 1900 1762 1936 τῇ
1803 1897 1907 1934 διανοίᾳ

1087 1942 1167 1978 ἡμῶν
1192 1941 1259 1978 μετὰ
1278 1943 1332 1968 τῶν
1356 1940 1432 1969 ίδίων
1450 1941 1551 1977 τύπων,
1567 1942 1604 1974 ὡς
1618 1941 1728 1970 ἕκαστον
1746 1943 1907 1981 πὲπρακται,

1087 1987 1105 2021 ἢ
1121 1986 1159 2017 ὡς
1175 1985 1335 2021 λελάληται.
1364 1985 1488 2014 Ἐπειδὰν
1513 1987 1565 2024 γὰρ
1580 1986 1698 2025 ἐπιδείξῃ
1724 1989 1758 2015 τὰ
1773 1989 1834 2020 καθ’
1850 1989 1908 2016 ἑαυ-

1087 2030 1132 2058 τόν
1157 2031 1244 2058 πάντα
1271 2030 1426 2062 ἀνελλιπῶς
1442 2031 1612 2067 πεποιηκότα
1627 2033 1687 2068 περὶ
1703 2033 1753 2067 τήν
1769 2032 1806 2060 ὧν
1832 2032 1908 2068 αἶ’λη-

1088 2086 1134 2115 φεν
1161 2075 1243 2102 ἐθνῶν
1270 2074 1428 2112 ἐπιμέλειαν
1445 2076 1459 2103 ὸ
1474 2075 1585 2114 Κύριος,
1601 2079 1677 2112 νικᾷν
1693 2076 1801 2115 λέγεται
1829 2077 1855 2105 ἐν
1870 2080 1908 2114 τῷ

1088 2120 1221 2158 κρίνεσθαι
1247 2119 1314 2158 πρὸς
1339 2122 1423 2156 ἡμᾶς.
1449 2120 1487 2149 Οὐ
1519 2122 1573 2157 μὴν
1589 2121 1706 2159 χρόνους
1729 2131 1760 2159 γε
1777 2123 1908 2160 προσήκει

1087 2164 1210 2202 νομίζειν
1244 2163 1517 2200 καταναλωθήσεσθαι
1559 2165 1596 2196 sl;
1633 2165 1665 2193 τὸ
1697 2164 1810 2194 ἕκαστον
1843 2165 1907 2194 ἰδεῖν

1088 2210 1180 2238 ἑαυτὸν
1208 2208 1274 2246 μετὰ
1300 2211 1354 2236 τῶν
1384 2209 1480 2237 ἑαυτοῦ
1505 2210 1644 2248 πράξεων,
1670 2210 1714 2237 καὶ
1743 2210 1790 2238 τὸν
1813 2211 1907 2248 κριτὴν

1087 2254 1132 2282 καὶ
1147 2254 1180 2281 τὰ
1207 2252 1344 2285 ἀκόλουθα
1354 2256 1394 2290 τῷ
1410 2254 1474 2291 θείῳ
1495 2253 1663 2293 δικαστηρίῳ
1676 2254 1770 2294 ἀφάτῳ
1798 2254 1906 2292 δυνάμιι

210 2306 278 2325 cum
308 2299 475 2326 actionibus
505 2299 568 2327 suis
595 2300 764 2336 conspicere
792 2301 903 2336 valeat;
924 2302 1034 2337 quippe

1087 2297 1113 2325 ἐν
1137 2297 1208 2335 ῥοπῇ
1233 2299 1332 2334 καιροῦ
1352 2298 1582 2336 φαντασιουμένου
1603 2301 1652 2326 τοῦ
1667 2301 1725 2335 νοῦ,
1749 2299 1793 2327 καὶ
1823 2301 1907 2327 πάντα

211 2343 329 2371 animus
354 2343 381 2370 vi
405 2343 778 2379 inexplicabili,momento
802 2346 953 2382 temporis,
969 2348 1033 2374 tum

208 2387 351 2422 judicem,
367 2390 428 2415 tum
445 2396 507 2423 quas
523 2388 622 2416 divino
646 2389 758 2424 judicio
782 2391 939 2425 conjuncta
953 2393 1031 2425 sunt,

213 2431 268 2459 sibi
297 2431 359 2467 ipse
381 2432 482 2468 ﬁnget,
499 2433 614 2469 sibique
640 2434 861 2470 repraesentabit
875 2435 983 2468 omnia,
1000 2443 1033 2462 ac

212 2475 290 2504 velut
314 2476 343 2504 in
373 2476 503 2513 speculo,
519 2486 621 2506 eorum
637 2487 699 2515 quas
719 2481 801 2515 gesta
828 2481 898 2507 sunt
924 2479 1034 2508 formas

211 2520 272 2548 acie
287 2521 395 2549 mentis
411 2522 608 2551 contusbitur.

1087 2343 1346 2381 ἀναζωγραφοῦντος
1374 2342 1471 2380 ὲηυτῴ,
1487 2343 1532 2370 καὶ
1548 2343 1631 2371 οἱονιὶ
1651 2343 1676 2371 ἰν
1701 2343 1847 2381 κατόπτρῳ
1868 2346 1906 2379 τῷ

1087 2386 1244 2425 ἡγεμονικῷ
1273 2386 1418 2424 ἐνορῶν-εὶς
1446 2387 1509 2420 τοὺς
1536 2388 1637 2419 τύπους
1673 2390 1727 2416 τῶν
1755 2388 1906 2427 πεπραγμέ-

1087 2442 1151 2460 νων.

243 2612 267 2630 ³³
281 2611 362 2640 Rom.
379 2620 410 2646 ιι,
427 2612 470 2640 12.
508 2613 531 2631 ³³
545 2612 617 2640 ibid.
654 2613 678 2630 ³⁴
691 2613 769 2641 Psal.
785 2622 806 2649 ι,
822 2614 849 2641 5.
887 2614 910 2632 ⁸⁵
923 2615 1008 2642 Josn.
1024 2622 1037 2642 ιι

1092 2613 1136 2641 48.
1173 2612 1196 2630 ³⁸
1210 2612 1275 2640 Ose.
1293 2620 1344 2645 vu,
1359 2613 1386 2640 2.
1424 2613 1447 2630 ⁸⁷
1463 2613 1537 2641 Psal.
1555 2620 1580 2648 ι,
1595 2613 1622 2641 6.

243 2701 299 2737 (50)
316 2701 358 2740 Ita
382 2703 451 2738 Reg.
468 2705 601 2740 quartus.
620 2703 704 2731 Deest
725 2702 756 2730 τό
772 2703 800 2731 in
819 2703 884 2732 aliis
900 2704 1030 2740 quinque

210 2745 245 2763 n:'
259 2745 281 2763 ς).
298 2737 370 2774 etin
388 2737 575 2774 pervulgatis.

316 2771 435 2811 Yetercs
450 2771 576 2810 quatuor
590 2774 668 2807 libri,
685 2771 964 2811 συμπεριλαμϐάνειν.

1121 2701 1177 2738 (53)
1194 2701 1256 2734 Hic,
1272 2703 1303 2729 ut
1318 2709 1395 2737 serpe
1410 2701 1493 2737 alias,
1505 2702 1631 2738 graviter
1643 2702 1907 2738 ofl‘enderuntope-

1085 2736 1133 2770 ne,
1150 2745 1214 2773 quae
1230 2744 1296 2773 cum
1314 2745 1348 2765 ex
1360 2736 1435 2766 mss.
1452 2736 1597 2766 edendum
1618 2740 1706 2771 esset,
1723 2737 1800 2764 παντὶ
1818 2736 1846 2764 δὲ
1860 2736 1906 2773 Qe-

1087 2770 1199 2810 μοῡὲιξῃ,
1216 2771 1294 2800 aliud
1323 2773 1485 2810 cogitantes
1511 2775 1627 2803 edidere
1650 2770 1748 2802 tamen
1773 2773 1858 2801 πάντα
1877 2770 1906 2800 δὶ

246 2808 302 2848 (ῥῖ)
318 2809 392 2836 Editi
408 2812 437 2838 et
451 2808 680 2848 quinque_mss.,
692 2808 790 2848 καθῴςθ
807 2808 858 2848 sed
875 2820 925 2848 pro
939 2813 1029 2843 καθώς

1085 2808 1238 2845 νομοθέτει.

210 2841 240 2870 in
258 2841 327 2880 Reg.
344 2847 447 2880 quarto
459 2841 571 2875 rectius
584 2841 699 2883 legitur,
714 2841 778 2874 xui)"
788 2846 844 2878 οὕς.
