2009 3145
167 162 228 192 815

643 163 839 195 APPENDlX
859 165 1022 196 OPERUM
1044 165 1077 196 S.
1098 165 1240 196 BASlLlI
1262 165 1400 196 MAGNI.

1811 164 1869 194 316

171 237 238 257 nam
254 237 287 256 ac
303 237 354 265 per
375 229 452 257 bona
469 230 534 258 vita:
550 230 668 266 privatae
695 231 827 267 exempla
855 239 914 259 non
941 239 988 260 ex-
1004 256 1009 265 Α

1057 230 1278 269 Ιἰοτριὸουμένοιι.
1307 228 1486 269 Ῐιρεσϐύτεροι
1502 231 1548 259 οὗν
1563 231 1609 259 καὶ
1624 229 1762 269 ἄρχοντες,
1787 230 1814 258 οἳ
1831 230 1867 267 μὴ

171 273 296 302 colimus
319 274 444 307 vincam,
461 275 564 303 horum
589 275 801 303 accusabimur.
820 276 877 305 Nec
893 276 995 304 imme-

171 319 227 346 rito
243 327 347 346 sumus
376 319 504 346 audituri
527 319 598 347 illud
617 328 622 348 :
640 322 671 348 ιιι
695 322 795 356 rapina
817 322 950 358 pauperis
964 322 994 349 in

171 363 297 391 domibus
320 364 432 394 vestris;
448 364 471 391 si
487 373 550 400 qua:
565 372 704 393 concessa
732 369 802 394 sunt
831 375 993 403 pauperum

171 406 416 435 sublevandorum
444 416 550 443 causa,
579 409 658 437 domi
687 410 876 447 retineamus,
905 413 995 447 atque

173 452 335 491 spoliemus
350 452 523 490 indigentes.

208 589 269 617 122.
286 588 374 616 Vens.
392 589 433 616 15.
453 589 523 622 Quid
537 597 584 617 vos
605 590 711 626 injuria
734 591 848 626 afﬁcitis
860 591 993 626 populum

171 643 275 667 meum,
291 636 318 662 et
332 635 438 662 vultum
452 643 604 671 pauperum
617 637 807 671 confunditis?
821 637 943 672 Mosjest
957 636 994 663 iis

173 681 223 716 qui
240 679 379 715 injuriam
395 679 535 715 inferunt,
552 683 580 708 et
595 680 733 716 spoliant,
743 683 785 714 ut,
801 689 868 709 cum
884 690 901 709 a
916 681 994 708 laesis

172 724 404 760 expostulantur,
422 725 608 752 contumeliis
629 728 658 753 et
678 726 815 754 conviciis
830 726 911 762 ipsos
925 734 994 754 con-

171 769 312 803 fundant,
341 769 552 805 vilipendentes
579 778 613 798 ac
640 770 742 807 plagas
770 772 994 806 comminantes,

172 821 280 849 eoaque
308 815 449 849 tanquam
479 813 613 849 litigandi
643 815 765 850 cupidos
795 816 992 843 traducentes.

173 859 275 894 Itaque
295 866 352 885 non
369 858 463 886 solum
487 859 538 894 ait,
555 859 666 894 Injuria
687 861 804 888 efﬁcitis
827 868 994 896 pauperem,

175 903 226 939 qui
242 902 325 930 facile
354 905 448 938 potest
474 903 605 939 spoliari,
621 904 727 940 cuique
753 907 852 941 utpote
878 905 996 933 auxiliis

175 948 316 976 destituto
331 947 409 976 haud
426 948 583 977 difﬁculter
603 952 745 985 parantur
766 951 888 984 insidiae,
904 951 955 978 sed
971 954 998 978 et

177 993 297 1020 additur
313 1001 319 1020 ι
336 993 521 1021 Confunditis
540 993 639 1022 vultus
663 1003 835 1030 pauperum.
852 995 997 1023 Pudorem

178 1045 236 1074 quo
258 1045 292 1065 ex
316 1037 398 1065 illata
426 1037 534 1073 injuria
560 1039 637 1067 afﬁci
652 1039 828 1074 debueratis,
844 1040 999 1078 tyrannide

176 1084 274 1111 vestra
295 1082 324 1110 in
341 1091 485 1119 pauperes
500 1084 668 1112 refunditis.
684 1084 884 1113 Subornantes
898 1087 997 1119 testes,

177 1127 311 1156 mercede
326 1127 488 1156 conducitis
506 1130 655 1164 patronos,
670 1130 860 1166 corrumpitis
870 1130 998 1166 judices,

177 1172 269 1200 donec
284 1173 388 1207 praeter
398 1171 540 1208 reliquam
555 1172 739 1208 iniquitatem
752 1174 893 1210 pudorem
909 1174 998 1202 etiam

176 1225 209 1245 ex
225 1216 415 1253 sycophantia
434 1219 530 1244 ortum
552 1217 580 1244 in
609 1226 752 1253 pauperes
775 1219 998 1247 transtuleritis.

177 1261 230 1289 Sed
248 1263 278 1289 at
296 1261 370 1289 alias
391 1261 568 1290 incurrimus
592 1262 622 1290 in
647 1263 767 1298 crimen,
784 1272 850 1291 cum
865 1264 901 1292 ob
920 1264 1000 1300 paria

177 1305 284 1333 delicta
308 1314 451 1342 pauperes
473 1306 579 1334 acriter
599 1306 774 1336 lacessimus
791 1316 798 1336 :
814 1308 864 1344 qui
887 1309 1000 1336 scilicet

177 1350 337 1387 prodamus
352 1351 430 1379 464
443 1351 562 1387 quidem
578 1359 678 1379 eorum
696 1357 822 1388 peccata,
836 1354 1000 1389 probroque

177 1395 255 1423 omni
283 1395 426 1430 adhibito,
444 1396 552 1431 Deique
566 1396 626 1424 zelo
649 1397 678 1424 in
702 1405 844 1433 pauperes
871 1401 999 1432 ostenso,

177 1439 232 1467 hoc
248 1443 332 1476 pacto
342 1440 441 1468 vultus
457 1440 588 1477 ipsorum
605 1442 830 1470 confundamus.
849 1443 921 1476 Quia
933 1448 1000 1471 vero

179 1484 312 1511 nonnulli
341 1493 484 1520 pauperes
503 1486 641 1514 dicuntur
667 1487 742 1514 beati
755 1487 788 1522 ”,
805 1489 854 1523 qui
884 1488 1001 1524 pietatis

178 1536 269 1556 causa
297 1528 444 1565 aspernati
470 1533 539 1558 sunt
565 1531 674 1565 omnia,
691 1534 779 1568 atque
807 1533 1001 1569 acquirenda-

180 1581 246 1602 rum
265 1573 316 1601 Dei
343 1573 510 1603 divitiarum
536 1583 588 1611 spe
615 1577 722 1611 educti,
740 1578 903 1606 mundanas
932 1586 1001 1614 opes

180 1617 265 1646 nihili
294 1617 493 1654 aestimarunt;
517 1620 634 1656 quando
653 1621 672 1648 ii
690 1622 739 1658 qui
768 1622 844 1650 male
872 1611 1002 1659 praesunt
1017 1611 1038 1645 (ἶ

180 1662 299 1699 populo,
310 1671 376 1690 cum
389 1663 559 1698 hujusmodi
575 1673 717 1702 pauperes
731 1666 831 1695 beatos
847 1667 1004 1703 pradicare

181 1707 363 1742 debuissent,
383 1716 433 1736 eos
456 1709 684 1745 calumniantur,
701 1710 952 1748 vilipenduntque.
976 1714 1004 1740 et

181 1752 445 1781 commendabilem
471 1761 572 1781 eorum
600 1754 796 1783 humilitatem
822 1757 1003 1793 contemptui

181 1797 302 1829 habent,
317 1799 380 1825 tum
397 1798 501 1826 merito
516 1799 720 1835 objurgantur,
731 1801 856 1829 maxime
872 1801 896 1829 si
912 1801 1006 1829 senio-

183 1850 229 1870 res
245 1841 306 1870 sint
321 1844 371 1870 aut
384 1842 542 1879 principes,
550 1843 694 1879 siquidem
711 1847 878 1873 sanctorum
896 1854 1006 1882 paupe-

183 1894 250 1914 rum
266 1886 396 1914 vultibus
410 1887 558 1916 incutiunt
571 1888 722 1924 pudorem.
735 1889 862 1918 Joannes
877 1893 939 1918 erat
953 1890 1006 1918 hu-

179 1931 314 1967 jusmodi
324 1939 442 1967 pauper,
453 1932 572 1960 domum
584 1941 641 1961 non
650 1933 772 1968 habens,
783 1943 839 1962 non
849 1934 993 1962 famulum

185 1983 244 2004 non
263 1976 364 2004 bovem
389 1979 544 2011 aratorem,
560 1986 617 2005 non
643 1979 780 2015 agellum,
798 1987 856 2008 non
884 1979 1005 2016 lectum,

185 2028 243 2048 non
259 2028 376 2056 panem.
392 2021 472 2049 Talis
487 2022 565 2050 Elias
585 2024 657 2050 erat.
673 2023 823 2059 Ejusmodi
839 2027 923 2052 erant
939 2033 1007 2053 san-

185 2065 224 2092 cti
244 2073 356 2099 omnes,
374 2065 423 2101 qui
448 2066 621 2095 Circuierunt
645 2068 675 2095 in
699 2069 814 2103 metatis,
830 2070 860 2097 in
883 2069 1007 2106 pellibus

185 2111 317 2147 caprinis,
335 2113 448 2146 egmtes,
464 2112 631 2146 angustiati,
647 2112 749 2149 afﬂicti
758 2113 789 2141 ‘°.

221 2155 282 2182 123.
299 2155 386 2182 Vsus.
404 2156 447 2191 16,
464 2156 507 2184 17.
524 2157 587 2185 Haec
610 2157 678 2185 dicit
705 2158 838 2186 Dominus
862 2167 872 2187 :
896 2161 950 2187 Pro
978 2167 1008 2187 eo

186 2199 256 2235 quod
270 2199 383 2228 elevata"
396 2202 461 2232 sunt
479 2201 548 2236 ﬁlim
560 2201 636 2236 Sion,
653 2203 679 2229 et
692 2203 907 2232 ambulaverunt
922 2205 1009 2232 erecto

187 2243 266 2278 collo,
282 2246 309 2271 et
323 2243 352 2271 I‘n
367 2245 480 2272 nutibus
493 2246 647 2280 oculorum,
664 2247 690 2274 ct
703 2255 799 2282 gressu
810 2248 910 2283 pedum
925 2249 1009 2277 simul

1049 274 1094 304 διὰ
1116 280 1167 311 τῆς
1191 276 1365 315 ὑγιαινούσης
1388 275 1563 307 διδασκαλίας
1587 276 1631 303 καὶ
1656 278 1710 303 τῶν
1737 275 1806 302 κατὰ
1826 275 1869 302 τὸν

1049 320 1118 349 ἴδιον
1159 321 1217 360 βίον
1255 322 1362 359 ἀγαθῶν
1401 319 1604 359 ὑποδειγμάτων
1640 320 1687 348 τὸν
1720 318 1869 357 ἀμπελῶνα

1047 369 1240 405 γεωργοῦντες,
1264 368 1347 394 ταῦτα
1373 365 1608 404 έγκληθησόμεθα·
1639 363 1760 402 εὐλόγως
1784 363 1813 392 δὲ
1826 365 1867 392 καὶ

1048 411 1221 448 ἀκουσόμεθα
1247 412 1289 446 τὸ,
1319 410 1366 438 Καὶ
1395 411 1413 446 ἡ
1445 411 1552 448 ἁρπαγὴ
1579 412 1628 438 τοῦ
1641 411 1756 447 πτωχοῦ
1776 408 1870 439 ἐντοῖς

1049 454 1135 487 οἷ’κοις
1163 457 1249 493 ὑμῶν,
1276 455 1320 483 ἰὰν
1344 455 1378 482 τὰ
1402 455 1440 486 εἷς
1466 454 1546 492 λόγον
1562 458 1611 490 τῆς
1628 454 1802 484 ἀναπαύσεως
1818 456 1869 480 τῶν

1047 501 1171 536 πενήτων
1185 499 1323 537 διδόμενα,
1338 499 1363 527 ἐν
1377 502 1436 531 τοῖς
1452 498 1538 531 οἴκοις
1552 497 1673 537 ἔχωμεν,
1689 498 1867 537 ἀποστεροῦν-

1047 557 1091 578 τες
1106 546 1170 579 τοὺς
1184 545 1291 577 ἐνδεεῖς.

1085 593 1145 620 122.
1176 591 1210 620 Τί
1237 591 1314 627 ὑμεῖς
1342 589 1458 618 ἀδικεῖτε
1485 589 1531 616 τὸν
1561 588 1627 617 λαόν
1657 599 1728 626 μου,
1766 587 1813 616 καὶ
1840 588 1870 616 τὸ

1048 637 1193 674 πρόσωπον
1218 638 1272 663 τῶν
1303 637 1423 673 πτωχῶν
1451 633 1662 672 καταισχύνετε¹ς
1703 634 1785 665 Ἑθος
1813 635 1871 664 τοῖς

1048 680 1171 709 ἀδικοῦσι
1199 680 1244 708 καὶ
1273 681 1478 717 ἀποστεροῦσιν,
1495 678 1602 706 ἐπειδὰν
1618 678 1787 717 ἐγκαλῶνται
1805 678 1872 716 παρᾶ

1047 728 1101 753 τῶν
1117 725 1303 762 ἠδικημένων,
1333 722 1425 762 ὕϐρεσι
1453 724 1496 751 καὶ
1514 722 1667 761 λοιδορίαις
1682 723 1870 761 καταισχύνειν

1049 770 1147 803 αὐτοὺς
1167 769 1386 806 έξευτελίζοντες,
1409 770 1455 798 καὶ
1479 769 1588 807 πληγὰς
1612 768 1798 802 ἀπειλοῦντες,
1828 768 1871 796 καὶ

1050 816 1088 847 ὡς
1113 815 1339 854 φιλοπράγμονας
1370 812 1574 845 διαϐάλλοντες.
1590 813 1628 842 Ού
1659 813 1740 851 μόνον
1758 813 1804 840 οὖν
1822 823 1873 850 φης

1051 872 1103 897 σιν,
1133 860 1265 889 Ἀδικεῖτε
1291 861 1338 888 τὸν
1368 859 1480 895 πένητα,
1511 857 1704 897 εὐδιάρπαστον
1729 855 1805 894 ὄντα,
1829 868 1873 885 και

1051 902 1287 940 εὐεπιϐούλευτον,
1317 903 1362 932 διὰ
1375 905 1424 940 τήν
1445 903 1572 942 ἐρημίαν·
1598 902 1670 931 ἀλλὰ
1690 903 1746 937 καὶ,
1777 906 1873 930 Καται-

1052 951 1163 989 ο-χύνετε
1188 949 1222 978 τὰ
1233 949 1368 988 πρόσωπα
1381 951 1435 977 τῶν
1460 951 1592 987 πτωχῶν.
1609 949 1667 983 Τὴν
1699 948 1763 984 ὑμῖν
1790 957 1873 984 προσ-

1051 998 1171 1032 ήκουσαν
1201 995 1231 1023 ἐκ
1258 999 1308 1030 τῆς
1337 994 1443 1026 ἀδικίας
1460 994 1611 1032 αἰσχύνην,
1638 994 1738 1029 ταύτην
1767 993 1798 1021 ἐκ
1824 997 1873 1028 τῆς

1051 1040 1209 1080 τυραννίδος
1234 1041 1310 1077 ὑμῶν
1334 1042 1393 1072 τοῖς
1417 1042 1542 1078 πτωχοῖς
1568 1039 1753 1076 περιτρέπετε,
1772 1039 1873 1075 μάρτυ-

1053 1096 1100 1125 ρας
1144 1085 1343 1120 ἀναπείθοντες,
1379 1085 1546 1122 συνηγόρους
1585 1083 1775 1120 μισθούμενοι,
1812 1082 1875 1113 τοὺς

1054 1130 1211 1166 δικάζοντας
1238 1128 1460 1168 παραπείθοντες,
1492 1126 1544 1159 ἕως
1573 1127 1603 1155 ἃν
1631 1128 1699 1166 πρὸς
1725 1129 1760 1165 τῇ
1790 1126 1875 1163 λοιπῇ

1054 1175 1146 1212 ἀδικίᾳ
1170 1175 1215 1203 καὶ
1240 1175 1291 1209 τὴν
1315 1173 1345 1201 ἐκ
1369 1176 1419 1208 τῆς
1445 1173 1622 1210 συκοφαντίας
1655 1172 1788 1210 αἰσχύνην
1819 1174 1875 1202 τοῖς

1053 1220 1148 1256 πένησι
1177 1220 1371 1256 περιστήσητε.
1387 1217 1492 1246 Γίνεται
1512 1216 1541 1245 δὲ
1562 1217 1607 1245 καὶ
1624 1215 1718 1248 ἄλλως
1743 1216 1874 1254 ἡμέτερον

1052 1266 1084 1294 τὸ
1111 1264 1248 1304 ἔγκλημα,
1274 1263 1337 1291 ὅταν
1354 1262 1380 1290 ἐν
1395 1265 1456 1294 τοῖς
1471 1263 1580 1299 ὁμοίοις
1593 1261 1743 1298 πταίσμασι
1757 1263 1812 1288 τῶν
1832 1261 1875 1297 μέν

1053 1311 1177 1345 πενήτων
1204 1307 1328 1348 σφοδρῶς
1353 1307 1554 1344 καθαπτώμεθα
1577 1307 1642 1343 (61),
1665 1305 1876 1343 δημοσιεύοντες

1057 1355 1103 1392 μὶν
1119 1354 1206 1382 αὐτῶν
1219 1353 1254 1381 τὰ
1273 1353 1440 1389 πταίσματα,
1464 1352 1508 1379 καὶ
1535 1350 1650 1388 μηδενὸς
1674 1349 1797 1381 ὀνείδους
1822 1360 1876 1389 φει-

1055 1399 1177 1437 δόμενοι,
1195 1397 1438 1434 ένεπιδεικνύμενοι
1455 1395 1484 1424 δὲ
1497 1396 1543 1423 τὸν
1558 1398 1606 1423 τοῦ
1619 1397 1685 1423 Θεοῦ
1712 1393 1798 1430 ζῆλον
1822 1398 1877 1426 τοῖς

1054 1445 1163 1480 πένησι,
1179 1443 1224 1470 καὶ
1239 1441 1269 1470 ἔκ
1282 1441 1381 1470 τούτου
1399 1441 1433 1468 τὰ
1456 1440 1591 1479 πρόσωπα
1613 1439 1702 1467 αὑτῶν
1727 1438 1877 1477 καταισχύ-

1055 1499 1155 1520 νοντες.
1180 1487 1254 1517 Ἐπεὶ
1271 1486 1300 1515 δέ
1319 1486 1370 1514 εἲσί
1384 1496 1456 1517 τινες
1471 1484 1580 1524 πτωχοὶ
1598 1483 1823 1522 μακαριζόμενοι,
1852 1483 1876 1511 οἱ

1056 1533 1101 1563 διὰ
1129 1533 1179 1568 τὴν
1210 1529 1361 1560 θεοσέϐειαν
1399 1530 1506 1558 πάντων
1542 1530 1805 1568 καταφρονήσαντες,
1834 1528 1876 1556 καὶ

1056 1579 1097 1608 ἐπ’
1126 1576 1216 1606 ἐλπίδι
1231 1579 1279 1605 τοῦ
1304 1576 1373 1604 κατᾶ
1387 1575 1451 1603 Θεὸν
1465 1574 1598 1609 πλούτου,
1613 1577 1664 1609 τῆς
1683 1575 1819 1611 κοσμικῆς
1833 1583 1878 1601 πε-

1057 1623 1179 1662 ριουσίας
1195 1620 1378 1659 ὑπεριδόντες,
1405 1620 1431 1648 οἱ
1443 1622 1534 1651 κακῶς
1553 1621 1723 1657 προεστῶτες
1736 1621 1785 1646 τοῦ
1801 1617 1878 1662 λαοῦ,

1057 1661 1116 1696 ἀντὶ
1138 1669 1186 1695 τοῦ
1215 1665 1368 1704 μακαρίζειν
1394 1664 1457 1696 τοὺς
1491 1663 1562 1692 οὕτω
1590 1664 1794 1702 πτωχεύοντας,
1823 1661 1881 1690 δια-

1058 1711 1218 1747 ϐάλλοντες,
1256 1711 1302 1739 καὶ
1340 1709 1548 1747 έξουθενοῦντες,
1585 1708 1631 1736 καὶ
1658 1708 1707 1742 τήν
1738 1708 1879 1742 έπαινετὴν

1059 1758 1146 1785 αὐτῶν
1192 1755 1443 1795 ταπεινοφροσύνην
1491 1753 1719 1790 ἐξευτελίζοντας,
1769 1752 1880 1782 εἷκότως

1059 1800 1246 1841 ἐγκαλοῦνται·
1279 1800 1397 1838 μάλιστα
1422 1799 1467 1827 ἐὰν
1495 1797 1672 1837 πρεσϐύτεροι
1699 1798 1764 1826 ὧσιν
1792 1797 1810 1832 ἢ
1827 1797 1880 1833 (62)

1059 1847 1201 1884 ἄρχοντες,
1231 1845 1268 1876 ὡς
1294 1845 1328 1872 τὰ
1354 1844 1489 1882 πρόσωπα
1513 1846 1568 1871 τῶν
1584 1843 1668 1881 ἁγίων
1684 1844 1806 1880 πτωχῶν
1819 1852 1880 1870 κατ-

1060 1890 1244 1929 αισχύνοντες.
1258 1890 1370 1920 ’ὓποῖος
1386 1889 1419 1924 ἦν
1435 1888 1548 1926 πτωχὸς
1574 1887 1713 1924 Ἰωάννης,
1741 1887 1779 1924 μὴ
1808 1887 1877 1914 οἶκον

997 1957 1005 1971 ,
1060 1934 1143 1974 ἔχων,
1173 1935 1211 1972 μὴ
1226 1934 1349 1970 οἰκέτην,
1367 1934 1405 1970 μὴ
1424 1934 1488 1971 βοῦν
1518 1933 1648 1971 ἀροτῆρα,
1665 1932 1703 1969 μὴ
1717 1930 1825 1970 γήδιον,
1843 1931 1878 1968 μὴ

1059 1979 1166 2015 κλίνην,
1199 1980 1236 2016 μὴ
1265 1980 1410 2017 τράπεζαν,
1448 1978 1485 2015 μὴ
1514 1976 1606 2016 ἄρτον.
1636 1978 1748 2008 Ὀποῖος
1777 1975 1880 2006 Ἠλίας.

1059 2025 1172 2057 Ὁποῑος
1196 2026 1251 2051 τῶν
1282 2024 1365 2062 ἁγίων
1379 2021 1503 2057 ἕκαστος,
1529 2021 1556 2050 o'i
1570 2021 1725 2060 Περι-ἦλθον
1740 2021 1766 2049 ἂν
1784 2021 1882 2058 μηλω-

1060 2071 1130 2105 ταῖς,
1147 2068 1172 2097 έν
1188 2067 1301 2107 αίγείοις
1317 2067 1456 2107 δέρμασιν,
1483 2067 1687 2106 ὑστερούμενοι,
1712 2063 1881 2103 θλιϐόμενοι,

1060 2113 1290 2152 κακουχούμενοι.

1098 2159 1160 2187 123.
1190 2155 1261 2186 Τάδε
1291 2156 1361 2195 λέγει
1390 2156 1504 2195 Κύριος·
1531 2156 1605 2188 ’Λνθ’
1634 2156 1671 2183 ὧν
1688 2155 1835 2193 ὑψώθησαν
1857 2155 1882 2182 αὶ

1063 2203 1207 2241 θυγατέρες
1246 2202 1330 2238 Σιὼν,
1366 2201 1411 2229 καὶ
1436 2201 1620 2239 ἐπορεύθησαν
1651 2199 1752 2238 ὑψηλῷ
1779 2200 1882 2239 τραχή-

1063 2247 1116 2284 λῳ,
1145 2247 1190 2275 καὶ
1230 2246 1256 2275 έν
1292 2246 1422 2284 νεύμασιν
1454 2245 1614 2285 ὀφθαλμῶν,
1646 2245 1692 2273 καὶ
1727 2244 1762 2283 τῇ
1789 2244 1883 2283 πορείᾳ

186 2287 329 2316 trahentes
343 2289 464 2324 tunicas,
481 2294 506 2317 et
518 2290 632 2326 pedibus
645 2292 733 2319 simul
753 2291 877 2320 ludentes
892 2302 901 2321 :
915 2296 942 2322 et
956 2294 1008 2321 hu-

1062 2295 1115 2321 τῶν
1143 2290 1235 2320 ποδῶν
1265 2291 1322 2329 ἅμα
1349 2290 1477 2329 σύρουσαι
1505 2291 1567 2322 τοὺς
1597 2292 1727 2328 χιτῶνας,
1755 2288 1801 2317 καί
1828 2292 1883 2320 τοῖς

186 2333 312 2361 miliabit
326 2333 397 2361 Deus
408 2334 548 2370 principes
561 2334 639 2370 ﬁlias
647 2335 725 2364 Sion.
734 2337 794 2364 Etsi
806 2338 893 2366 verba
907 2338 1009 2366 isthmc

187 2385 234 2405 res
244 2378 400 2414 quaepiam
412 2379 532 2414 majoris
543 2380 684 2408 momenti
697 2381 882 2417 potissimum
899 2382 1010 2419 signiti-

188 2423 372 2456 cant,tamen
382 2431 445 2459 quae
455 2423 762 2458 dicuntur,continent
770 2426 857 2455 etiam
866 2427 895 2455 in
905 2427 1011 2463 seipsis

189 2466 329 2502 quiddam
346 2467 460 2503 populis
475 2468 555 2501 utile,
565 2471 594 2497 et
614 2470 746 2498 moribus
767 2471 948 2508 corrigendis
964 2479 1011 2500 ac-

189 2511 388 2540 commodum.
400 2513 556 2541 Refrenant
567 2514 645 2542 enim
663 2515 820 2544 mulierum
835 2516 1012 2545 lascivarum

187 2556 357 2592 vitamque:
367 2557 480 2592 habitu,
488 2561 620 2594 aspectu,
628 2559 744 2588 incessu
752 2561 921 2597 amictuque
928 2569 1012 2589 suam

190 2601 226 2628 ad
242 2603 379 2638 stuprum
395 2603 605 2639 proclivitatem
628 2605 766 2640 produnt.
782 2608 854 2634 Cum
880 2606 958 2634 enim
976 2606 1013 2634 ob

223 2688 247 2707 ”
262 2689 363 2718 Matth.
379 2699 408 2724 v,
423 2691 450 2718 3.
489 2691 512 2709 ‘°
526 2691 613 2720 Hebr.
628 2700 668 2727 xx,
683 2692 728 2720 37.

295 2766 414 2806 V_eteres
434 2767 546 2806 aliquot
565 2768 642 2802 libri,
659 2766 785 2806 σφοδρῶς
798 2769 1008 2806 καθαωιῦμεθα.

189 2802 300 2842 Ibidem
312 2803 379 2842 Reg.
388 2802 521 2842 quartus,
533 2802 566 2842 δη
572 2802 742 2842 μοσιιύοντες
755 2804 812 2841 μιν.
823 2806 909 2834 Deest
921 2802 967 2842 μέν
980 2806 1010 2835 in

190 2838 276 2867 editis
291 2841 321 2868 et
336 2838 367 2868 in
382 2838 448 2869 aliis
463 2848 536 2869 mss.
553 2838 683 2870 Subinde
704 2838 781 2871 idem
796 2842 896 2878 codex,
908 2838 1009 2871 ιπιδιι-

1062 2336 1142 2365 ποσὶν
1183 2336 1240 2373 ἅμα
1276 2335 1417 2371 παίζουσαι
1435 2344 1442 2352 ·
1489 2335 1534 2363 καὶ
1571 2333 1730 2362 ταπεινώσει
1769 2334 1783 2362 ὁ
1821 2334 1883 2365 Θεὸς

1064 2381 1202 2421 ἀρχούσας
1239 2380 1386 2419 θυγατέρας
1425 2380 1507 2409 Σιών.
1545 2379 1578 2408 Et
1615 2379 1660 2407 καὶ
1691 2379 1804 2417 μείζονά
1827 2388 1884 2406 τινα

1064 2425 1279 2465 προηγουμένως
1295 2425 1416 2465 ἐμφαίνει
1444 2426 1458 2452 δ
1482 2424 1575 2463 λόγος,
1593 2423 1656 2453 ἀλλ’
1681 2423 1759 2461 ὅμως
1781 2421 1839 2462 ἔχει
1859 2433 1884 2450 τι

1065 2472 1110 2500 καὶ
1140 2470 1250 2504 αὐτόθεν
1279 2473 1337 2502 τοῖς
1352 2469 1469 2506 πλήθεσι
1490 2470 1630 2508 χρήσιμον
1655 2468 1700 2496 καὶ
1716 2467 1886 2507 έπιστρεπτι-

1066 2516 1113 2544 κᾶν
1127 2515 1160 2544 τὰ
1175 2515 1318 2554 λεγόμενα.
1336 2514 1483 2543 Συστέλλιι
1498 2514 1550 2553 γὰρ
1574 2513 1733 2542 ἀκολάστων
1756 2515 1886 2552 γυναικῶν

1067 2561 1117 2596 τὴν
1143 2561 1228 2596 ζωὴν,
1256 2560 1303 2588 καὶ
1328 2561 1462 2598 σχήματι,
1491 2559 1534 2587 καὶ
1564 2558 1714 2597 βλέμματι,
1741 2558 1787 2586 καὶ
1816 2556 1888 2597 βαδί-

1069 2615 1162 2642 σματι,
1183 2605 1227 2633 καὶ
1245 2604 1331 2643 στολῇ
1350 2605 1400 2640 τήν
1427 2605 1496 2644 πρὸς
1523 2603 1650 2642 πορνείαν
1680 2602 1808 2632 εὐκολίαν
1837 2601 1890 2631 ἑπι-

1065 2770 1194 2807 χνύμενοι
1206 2768 1244 2799 δέ.
1254 2771 1329 2799 Editi
1338 2779 1407 2799 vero
1418 2772 1447 2799 et
1457 2769 1507 2799 alii
1519 2767 1886 2807 ωβεηέπιδεικνύμενοιμὲν.

1065 2803 1292 2872 ωδῗῆοἷῖθιθιιοε
1316 2807 1446 2844 quinque
1469 2805 1547 2842 libri,
1563 2803 1592 2841 ἤ.
1609 2805 1685 2834 Editi
1698 2807 1728 2834 et
1742 2803 1812 2843 Reg.
1830 2803 1887 2843 pri-

1136 2864 1144 2880 t
1159 2864 1197 2874 "-
