2009 3145
156 167 215 198 319

626 167 824 197 APPENDlX
847 167 1009 198 OPERUM
1031 167 1065 197 S.
1087 165 1230 197 BASILII
1254 166 1392 197 MAGNI.

1808 165 1866 195 320

157 237 256 269 grege:
271 232 340 260 viris
356 233 487 260 tristitia:
496 232 528 259 ⁸³.
545 234 615 260 Item
632 232 704 260 illud
717 241 724 260 :
742 233 797 267 Qui
809 232 926 260 oderunt
940 240 983 260 me

1040 231 1084 258 καὶ
1101 229 1268 262 διανεύοντες
1294 228 1456 267 ὀθθαλμοῖς.
1488 230 1588 258 Φθάνει
1615 228 1642 257 δὶ
1669 239 1736 257 ποτε
1757 229 1802 256 καὶ
1823 228 1864 257 ἐπ’

157 277 259 313 gratis,
276 281 302 304 et
317 279 445 305 annuunt
468 277 554 304 oculis
567 277 599 304 “.
617 277 693 309 Quin
717 280 746 304 et
771 277 929 313 aliquando
946 277 982 304 ad

156 323 235 349 viros
251 321 421 358 pertingunt
436 321 602 349 istiusmodi
616 321 750 356 crimina,
762 322 812 357 qui
829 321 982 349 inferiores

157 366 285 402 superbo
297 366 414 401 quidem
429 366 526 393 animo
543 368 750 402 aspernantur,
759 368 843 402 gestu
854 374 920 394 vero
936 375 982 394 su-

158 411 226 446 pino
242 410 404 446 habituque
420 413 449 438 et
465 410 688 446 superciliorum
705 411 864 439 nictatione
879 419 981 447 super-

157 455 235 483 biam
252 456 392 491 detegunt
409 464 414 483 :
432 456 482 491 qui
499 457 528 482 et
550 455 658 483 fastose
675 457 703 483 et
718 455 792 483 elato
817 456 909 491 gradu
927 464 981 483 nu-

158 508 272 528 merose
286 499 463 533 incedentes,
477 499 673 536 arrogantiam
691 508 786 535 suam,
799 500 928 528 vestibus
944 501 981 528 ad

158 544 311 572 malleolos
327 552 419 580 usque
430 544 579 577 demissis,
591 544 757 572 declarant:
772 553 846 580 quos
861 544 981 572 tandem

157 590 193 618 ad
208 589 293 617 ludos
309 589 519 616 immoderatos
535 588 665 616 animum
682 597 770 617 suum
786 589 981 626 adjungentes

157 635 255 661 manet
270 634 412 661 intentata
432 633 527 668 ruina,
543 633 623 669 ipsos
638 642 655 661 a
670 633 844 662 celsitudine
858 643 910 670 per
924 635 979 662 hu-

156 678 309 707 militatem
325 678 482 713 dejectura.

192 723 252 750 124.
270 723 301 750 Et
321 723 451 750 Dominus
467 722 601 750 revelabit
625 723 749 751 habitum
773 731 881 752 earum.
898 724 981 752 Hunc

156 768 291 796 habitum
308 767 477 803 superbum,
488 768 523 795 ad
535 768 791 804 intemperantiam
803 777 981 805 omnemque

156 811 336 847 impudicam
354 812 559 847 cogitationem
576 812 761 840 incautorum
777 813 885 841 animis
899 813 980 850 inge-

157 856 318 884 nerandam
344 857 541 892 compositum
568 857 706 884 revelabit
732 857 885 893 Dominus,
902 867 979 892 cum,

157 901 311 937 patefactis
331 901 456 937 arcanis,
473 901 569 929 carnis
585 902 704 937 quidem
725 902 893 930 auferantur
908 904 980 931 inte-
998 919 1021 952 Β

158 947 308 981 gumenta,
321 945 494 973 animavero
504 946 583 973 nuda
591 949 620 974 et
628 946 691 974 sola
700 955 758 974 una
774 955 839 975 cum
855 948 979 984 turpitu-

158 990 236 1018 dinis
245 990 382 1026 operibus
394 991 556 1026 proferetur
567 991 595 1018 in
608 991 736 1019 medium
747 992 778 1018 ".
788 994 881 1028 Atque
892 992 980 1020 etiam

158 1034 189 1062 in
205 1034 260 1062 hoc
282 1034 386 1062 saeculo
411 1035 446 1062 ad
471 1043 572 1063 eorum
587 1035 694 1071 quibus
722 1037 802 1064 istud
828 1037 980 1073 contingit,

159 1078 314 1107 utilitatem
328 1078 473 1107 reveletur
484 1080 632 1108 interdum
648 1081 778 1114 habitus,
790 1081 830 1110 ita
846 1084 878 1109 ut
893 1083 981 1111 rebus

159 1132 224 1160 quis
240 1126 326 1152 antea
341 1124 449 1152 multos
465 1124 620 1157 latuerant,
636 1125 802 1160 denudatis,
812 1128 900 1162 atque
916 1135 981 1163 pee-

160 1171 293 1198 oatorum
317 1169 500 1204 turpitudine
515 1169 551 1197 ad
567 1169 760 1205 plurimorum
786 1171 982 1207 cognitionem

160 1214 394 1251 perveniente,hi
404 1214 460 1250 ipsi
470 1213 518 1249 qui
535 1214 615 1250 prius
626 1213 774 1243 latitantes
786 1215 815 1243 in
827 1215 904 1244 malo
917 1224 982 1252 per-

160 1259 311 1292 sistebanl,
325 1259 388 1294 jam
414 1258 576 1294 pudibundi
593 1262 799 1287 convertantur
822 1269 854 1288 ac
879 1261 982 1297 resipi~

160 1305 253 1332 scant.
264 1303 457 1336 Quamobrem
470 1303 598 1331 fucatam
609 1304 837 1340 simulatumque
847 1305 982 1333 habitum

158 1348 294 1383 revelare,
308 1356 417 1376 munus
433 1348 547 1376 Domini
563 1351 616 1376 est.
631 1349 725 1382 Quare
741 1349 765 1377 si
781 1349 831 1385 qui
848 1352 981 1378 nostrum

158 1393 206 1428 qui
222 1393 251 1420 in
265 1393 406 1429 dignitate
422 1394 451 1420 et
472 1393 580 1421 honore
596 1393 813 1428 constituimur,
831 1394 920 1422 vitam
937 1395 980 1422 in-

158 1437 292 1466 decorem
306 1445 356 1473 per
366 1437 583 1465 simulationem
593 1440 761 1474 contegunt,
771 1440 904 1467 metuant
913 1447 980 1467 eum

158 1482 208 1518 qui
229 1484 361 1509 nostrum
386 1482 520 1510 habitum
545 1482 726 1510 revelaturus
740 1486 795 1517 est,
812 1486 899 1519 atque
915 1492 981 1512 cor-

157 1526 241 1554 dium
258 1528 425 1553 nostrorum
441 1526 564 1554 consilia
581 1527 789 1563 patefacturus,
803 1529 874 1556 adeo
890 1530 922 1556 ut
935 1537 978 1564 pe-

154 1571 236 1606 jores
251 1570 441 1606 cogitationes
459 1571 488 1598 in
503 1572 647 1607 cujusque
670 1572 767 1600 animo
782 1575 927 1609 concepta!
943 1573 980 1601 ob

157 1615 289 1643 omnium
315 1614 414 1642 oculos
440 1616 629 1651 ponantur“.
646 1603 882 1645 Circumdabunt
901 1618 979 1646 enim
995 1603 1017 1637 ί)

156 1667 397 1695 unumquemque
408 1662 542 1688 nostrum
554 1660 744 1696 cogitationes
756 1662 850 1697 ipsius
863 1662 894 1689 ⁸⁷.
905 1662 979 1695 Quin

156 1707 184 1732 et
199 1704 328 1732 actiones
344 1712 397 1732 nos
413 1704 640 1737 eircumsistent,
651 1713 749 1741 easque
764 1707 827 1734 suis
843 1707 919 1734 notis
934 1707 979 1734 in-

156 1748 282 1785 signita),
296 1749 437 1784 pudorem
459 1749 660 1785 probrumque
679 1752 821 1778 aeternum
838 1751 922 1779 nobis
936 1751 981 1779 in-

159 1793 297 1829 ferentes,
313 1794 550 1829 quandoquidem
576 1795 702 1822 sermoni
719 1795 918 1832 doctrinzeque
932 1796 981 1823 de-

159 1838 378 1874 prebendentur
400 1838 554 1866 contraria:
571 1847 576 1866 :
594 1839 634 1867 ita
649 1841 681 1866 ut
696 1840 746 1875 qui
765 1840 904 1876 pradicat
923 1849 981 1868 non

159 1883 329 1916 furandum,
347 1883 371 1910 is
388 1883 455 1911 furti
482 1883 646 1911 inveniatur
662 1892 728 1912 reus
745 1892 752 1911 :
769 1885 818 1920 qui
834 1884 905 1912 dicit
924 1893 982 1912 non

160 1927 380 1962 mcecbsndum,
395 1927 421 1955 is
445 1936 529 1955 suam
552 1936 620 1956 cum
650 1929 792 1957 adulteris
818 1929 982 1965 portionem

159 1971 267 2000 habere
283 1972 480 2008 oomperiatur
490 1973 511 1990 ⁸⁸
526 1981 531 2000 :
543 1973 592 2009 qui
605 1974 681 2001 466
695 1973 881 2002 abominatur
894 1974 982 2009 idola,

158 2017 236 2045 idem
262 2025 320 2044 non
350 2016 406 2045 sibi
434 2017 875 2054 temperetasacrilegio.Nibil
904 2020 982 2047 enim

161 2061 310 2090 occultum
325 2064 379 2098 est,
392 2062 469 2098 quod
485 2062 680 2098 detegendum
697 2071 754 2091 non
771 2063 826 2090 sit:
845 2063 918 2092 nihil
933 2064 983 2092 ab-

161 2106 341 2139 sconditum,
356 2107 434 2142 quod
451 2106 637 2135 revelandum
653 2115 709 2135 non
726 2107 764 2135 sit
773 2108 805 2135 ".

198 2151 261 2179 125.
277 2151 362 2179 Vsus.
381 2152 422 2178 18.
444 2152 475 2179 In
489 2151 534 2179 die
557 2152 609 2179 illa
633 2153 740 2187 auferet
767 2153 898 2181 Dominus
926 2154 984 2188 glo-

163 2196 234 2223 riam
250 2197 404 2224 vestimenti
418 2204 528 2230 earum,
544 2197 569 2223 et
583 2198 714 2224 ornatum
730 2205 836 2225 earum.
849 2198 984 2230 Quando-

162 2240 279 2276 quidem
296 2240 384 2267 rebus
400 2248 462 2276 que:
477 2240 512 2268 ad
530 2249 614 2268 usum
628 2241 741 2269 fuerant
756 2250 911 2276 concessae,
923 2244 985 2271 ute-

1037 274 1135 314 είνδρας
1157 275 1191 303 τὰ
1213 277 1325 303 τοιαῦτα
1349 274 1519 313 ἐγκλήματα,
1544 275 1609 306 τοὺς
1632 275 1791 313 φρονήματι
1818 275 1864 311 μὶν

1037 319 1191 356 ἀλαζονικῷ
1208 321 1441 358 ὑπερφρονοῦντας
1465 321 1519 347 τῶν
1536 317 1746 356 ὑποδεεστέρων,
1769 319 1866 346 ὑπτιὰ-

1039 367 1133 399 ζοντας
1149 363 1178 392 δὲ
1188 366 1228 400 τῷ
1256 365 1391 402 σχήματι,
1420 364 1464 391 καὶ
1489 366 1528 400 τῷ
1553 363 1734 400 νεόματιτῶν
1753 362 1862 401 ὀφρύων

1036 410 1086 443 τὴν
1101 408 1259 443 ἀλαζονείαν
1285 407 1517 446 ἐνδεικνυμένους.
1543 405 1652 446 σοϐαρῷ
1667 406 1696 436 δὶ
1721 407 1768 435 καὶ
1790 406 1865 445 διηρ-

1039 454 1112 491 μὲνῳ
1130 452 1275 491 βαδίσματι
1291 451 1412 492 εὔρυθμα
1443 453 1594 491 βαίνοντας,
1623 454 1653 480 τὸ
1669 451 1778 489 ἱμάτιον
1795 453 1862 479 καθ-

1039 498 1123 529 ιέντας
1152 498 1234 536 μέχρι
1257 501 1311 526 τῶν
1342 500 1461 537 σφυρῶν,
1498 497 1652 532 ἀλαζονείαν
1692 496 1863 533 ἐνδεικνυμέ-

1036 553 1109 578 νους,
1137 543 1182 570 καὶ
1211 542 1333 574 παιδιαῖς
1362 542 1473 575 ἱαυτοὺς
1507 542 1637 580 ἀμέτροις
1665 539 1863 576 ἐκδεδωκότας,

1036 586 1082 618 οὓς
1099 587 1171 624 μὲνει
1190 588 1222 615 τὸ
1249 586 1395 622 ἀπειληθὶν
1418 589 1519 624 πτῶμα
1542 587 1572 614 τὸ
1598 585 1642 614 διὰ
1664 589 1714 621 τῆς
1728 587 1864 614 ταπεινώ-

1037 642 1104 664 σεως
1119 633 1176 670 (68)
1194 636 1245 667 τῆς
1260 632 1313 660 ἀπὸ
1327 634 1376 660 τοῦ
1391 632 1485 669 ὕψους.

1073 723 1123 750 124
1167 722 1216 750 Καὶ
1240 721 1338 760 Κύριος
1372 720 1538 758 ἀνακαλύψει
1574 721 1605 748 τὸ
1643 720 1739 758 σχῆμα
1765 721 1863 750 αὐτῶν.

1035 769 1121 796 Τοῦτο
1149 766 1180 794 τὸ
1209 770 1306 804 σχῆμα
1333 767 1364 794 τὸ
1394 766 1577 805 ὗπερήφανον,
1601 766 1646 793 καῖ
1675 765 1861 802 πεποιημὲνον

1035 812 1103 849 πρὸς
1120 810 1228 839 ἔκλυσιν
1246 813 1302 848 (69)
1318 811 1363 838 καὶ
1385 813 1472 838 πᾶσαν
1500 809 1650 838 ἀκόλαστον
1674 807 1789 845 ἔννοιαν,
1806 811 1864 842 ταὶς

1035 855 1157 894 καρδίαις
1183 858 1236 882 τῶν
1263 855 1424 894 ἀφυλάκτων
1446 855 1669 892 ἐνεργαζόμενον,
1694 854 1862 892 ἀνακαλύψει

1036 901 1145 939 Κύριος,
1164 901 1226 928 ὅταν
1242 900 1268 928 ἐν
1282 902 1317 937 τῇ
1331 901 1480 940 φανερώσει
1493 902 1547 928 τῶν
1558 902 1684 938 κρυπτῶν
1701 899 1734 927 τὰ
1752 900 1801 936 μὶν
1811 903 1861 935 τῆς

1037 945 1136 983 σαρκὸς
1174 945 1405 983 παραπετάσματα
1437 947 1607 983 περιαιρεθῇ,
1637 945 1729 982 γυμνὴ
1759 944 1789 972 δὲ
1817 945 1861 972 καὶ

1034 991 1093 1022 καθ’
1110 990 1206 1024 ἑαυτὴν
1224 990 1292 1026 μετὰ
1305 992 1358 1017 τῶν
1381 990 1466 1028 ἔργων
1490 991 1539 1023 τῆς
1557 989 1755 1028 ἀσχημοσύνης
1771 1000 1858 1027 παρα-

1035 1034 1235 1073 δειγματίζεται
1259 1036 1277 1069 ἡ
1293 1036 1383 1073 ψυχή,
1413 1035 1578 1073 Ἐνεργεῖται
1608 1033 1637 1062 δὲ
1664 1045 1730 1061 ποτε
1759 1034 1806 1062 καὶ
1820 1034 1859 1061 ἐν-

1034 1080 1119 1107 ταῦθα
1137 1080 1155 1114 ἡ
1181 1078 1352 1116 ἀποκάλυψις
1380 1081 1428 1107 τοῦ
1457 1080 1602 1117 σχήματος
1631 1078 1674 1106 ἐπὶ
1703 1078 1782 1115 καλῷ
1805 1081 1858 1106 τῶν

1036 1123 1098 1162 περὶ
1121 1123 1167 1155 οὓς
1191 1125 1209 1158 ἡ
1239 1122 1370 1162 ἐνέργεια,
1403 1123 1471 1151 ὥστε
1507 1123 1712 1161 γυμνωθέντων,
1748 1123 1766 1150 ἆ
1793 1123 1860 1154 τὶως

1037 1167 1160 1200 πολλοὺς
1185 1167 1365 1203 διαλανθάνει,
1393 1168 1439 1196 καὶ
1468 1168 1505 1199 είς
1533 1170 1634 1205 γοῶσιν
1662 1171 1721 1200 τοῖς
1744 1167 1861 1199 πολλοῖς

1037 1212 1171 1248 ἆλθούο-ης
1195 1216 1245 1248 τῆς
1274 1213 1317 1240 ἰπὶ
1342 1215 1400 1244 τοῖς
1430 1212 1623 1250 ἁμαρτήμασιν
1651 1212 1860 1250 ἀσχημοσύνης,

1037 1257 1194 1295 ἐπιστρέψαι
1221 1257 1442 1289 καταιδεσθέντας
1466 1257 1530 1289 τοὺς
1553 1258 1620 1288 τὲως
1645 1256 1690 1285 διὰ
1710 1257 1742 1285 τὸ
1762 1255 1860 1289 λανθά-

1037 1313 1090 1330 νειν
1107 1302 1289 1339 ἐπιμένοντας
1312 1305 1351 1338 τῷ
1378 1305 1465 1339 κακῷ.
1488 1303 1544 1331 Τοῦ
1570 1301 1672 1340 Κυρίου
1698 1300 1744 1329 οὗν
1770 1298 1858 1339 ἔργον,

1037 1346 1207 1384 ἀνακαλύψαι
1222 1348 1253 1375 τὸ
1277 1350 1375 1385 σχῆμα
1396 1347 1428 1374 τὸ
1455 1345 1633 1381 ἐπίπλαστον,
1657 1345 1702 1374 καὶ
1726 1355 1860 1383 κατεσχη-

1038 1391 1214 1429 ματισμένον.
1230 1392 1309 1419 Ὥστε
1332 1393 1378 1419 καὶ
1394 1391 1419 1419 εἴ
1433 1402 1502 1423 τινες
1525 1393 1606 1428 ἡμῶν
1623 1393 1677 1418 τῶν
1694 1389 1857 1427 τιμωμένων

1036 1437 1214 1475 προσχήματι
1238 1436 1298 1474 βίον
1323 1435 1438 1473 ἄσεμνον
1462 1435 1676 1472 ὐποκρύπτουσι,
1700 1432 1859 1471 σοϐηθῂτω-

1036 1492 1083 1509 σαν
1098 1482 1143 1509 τὸν
1157 1481 1353 1509 ἀνακαλύπτειν
1378 1482 1457 1518 ἡμῶν
1481 1481 1513 1508 τὸ
1536 1484 1634 1518 σχῆμα
1651 1479 1800 1517 μέλλοντα,
1816 1478 1858 1506 καὶ

1035 1529 1201 1566 φανεροῦντα
1214 1527 1261 1557 τὰς
1289 1525 1396 1564 βομλὰς
1422 1528 1477 1553 τῶν
1503 1524 1622 1564 καρδιῶν
1650 1526 1744 1562 ἡμῶν,
1760 1523 1787 1551 ἰν
1803 1526 1860 1555 ταῖς

1035 1571 1142 1600 πάντων
1156 1571 1315 1609 προκεῖσθαι
1331 1568 1407 1608 ὄψεσι
1432 1569 1497 1602 τοὺς
1518 1569 1543 1597 ἐν
1569 1569 1674 1605 ἑκάστῳ
1697 1569 1859 1607 γινομένους

1035 1617 1164 1654 χείρονας
1194 1614 1356 1654 λογισμούς.
1381 1614 1521 1643 Κυκλώσει
1558 1615 1609 1653 γὰρ
1638 1613 1749 1641 ἕκαστον
1780 1615 1859 1650 ἡμῶν

1035 1661 1069 1689 τὰ
1092 1658 1238 1688 ὃιαϐούλια
1262 1660 1355 1693 αὐτοῦ,
1379 1660 1423 1687 καὶ
1449 1660 1476 1687 αἱ
1500 1659 1608 1698 πράξεις
1646 1659 1671 1687 ἑν
1697 1661 1757 1690 τοῖς
1782 1657 1861 1689 ἰδίοις

1035 1705 1206 1744 γνωρίσμασι
1230 1706 1451 1743 περιστήσονται,
1475 1704 1609 1743 αἰσχύνην
1634 1704 1679 1731 καὶ
1709 1702 1859 1740 ὀνειδισμὸν

1036 1751 1145 1778 αἱὼνιον
1170 1750 1239 1787 ἡμῖν
1264 1749 1421 1788 ἐπάγουσαι,
1444 1750 1507 1777 ὅταν
1530 1748 1698 1788 ἐλέγχωνται
1733 1747 1860 1779 ἄναντίως

1036 1792 1148 1833 ἔχουσαι
1173 1795 1240 1832 πρὸς
1264 1794 1309 1822 τὸν
1341 1793 1435 1832 λόγον·
1462 1793 1530 1821 ὥστε
1559 1793 1604 1821 τὸν
1632 1792 1802 1831 κηρύσσοντα
1822 1793 1859 1829 μὴ

1036 1838 1174 1874 κλὲπτειν,
1208 1838 1311 1867 κλοαέα
1347 1837 1558 1878 ἔφευρίσκεσθαι-
1589 1837 1635 1866 τὸν
1675 1837 1792 1875 λέγοντα
1822 1838 1858 1874 μή

1039 1883 1190 1921 μοιχεύειν,
1202 1883 1228 1911 ἐν
1241 1886 1300 1916 τοῖς
1325 1886 1438 1921 μοιχοῖς
1459 1881 1559 1921 ἔχοντα
1583 1883 1632 1918 τὴν
1660 1881 1757 1920 μερίδα
1772 1885 1860 1922 φωρᾶ-

1038 1929 1108 1956 σθαν
1120 1929 1165 1956 τὸν
1183 1927 1400 1966 βδελυσσόμενον
1415 1928 1449 1955 τὰ
1463 1926 1575 1964 εἴδωλα,
1590 1926 1748 1965 ἱεροσυλίας
1766 1929 1858 1954 τοῦτον

1040 1973 1077 2010 μή
1095 1972 1275 2011 ἀπεχόμενον.
1301 1972 1386 2002 Οὐδὲν
1412 1972 1462 2011 γὰρ
1488 1973 1618 2009 κρυπτὸν,
1645 1972 1660 2000 ’ὀ
1687 1972 1718 2000 οὐ
1741 1982 1860 2011 φανερω-

1038 2019 1157 2054 θήσεται·
1186 2016 1248 2045 ούδὶ
1273 2016 1480 2054 κεκαλυμμένον
1511 2018 1578 2054 (70),
1605 2017 1620 2045 ’ὀ
1649 2017 1698 2045 οὐκ
1726 2016 1860 2045 ἀποκαλυ-

1038 2063 1180 2101 φθήσεται.

1075 2154 1137 2181 125.
1164 2152 1208 2181 Ἑν
1237 2152 1272 2186 τῆ
1299 2151 1390 2188 ἡμέρα
1429 2150 1518 2188 ἐκείνῃ
1554 2149 1650 2191 ἀφελεῖ
1683 2150 1786 2189 Κύριος
1811 2152 1858 2186 τήν

1040 2196 1118 2233 δόξαν
1145 2198 1194 2224 τοῦ
1222 2196 1372 2233 ἱματισμοῦ
1402 2195 1500 2231 αὐτῶν,
1529 2195 1574 2223 καὶ
1611 2196 1656 2223 τὸν
1685 2195 1788 2233 κόσμον
1817 2196 1860 2224 αύ-

1039 2244 1103 2271 τῶν.
1119 2239 1229 2276 Ἐπειδὴ
1243 2240 1316 2278 παρὰ
1341 2241 1372 2268 τὸ
1398 2239 1500 2277 πρέπον
1529 2239 1681 2278 ἐχρήσαντο
1705 2242 1764 2272 τοῖς
1788 2239 1859 2268 διδο-

161 2285 269 2313 bantur
288 2286 389 2312 contra
418 2284 513 2312 decori
544 2286 698 2320 rationem,
716 2288 828 2322 Auferet
856 2287 986 2316 Dominus

1042 2287 1130 2324 μένοις
1157 2285 1194 2317 εἱς
1222 2289 1333 2323 χρῆσιν,
1364 2284 1474 2324 ’Δφελεῖ
1499 2284 1597 2323 Κύριος
1626 2285 1676 2320 τήν
1708 2284 1785 2321 δόξαν
1813 2287 1859 2314 τοῦ

161 2329 286 2364 gloriam
301 2329 458 2357 vestimenti
469 2337 575 2365 earum,
590 2338 647 2366 quo
658 2330 688 2358 in
704 2339 791 2359 suum
809 2333 837 2359 et
849 2340 985 2360 occuren-

160 2373 236 2402 tium
247 2373 357 2401 malum
366 2373 590 2402 amiciebantur.
601 2375 820 2410 Itaqueomnem
831 2375 984 2404 mulierem

161 2418 328 2446 vestimenti
341 2417 423 2445 cultu
437 2419 618 2453 abutentem,
630 2427 664 2447 eo
675 2419 832 2456 spoliatum
848 2420 882 2448 iri
899 2421 984 2448 mini-

161 2465 251 2492 tatur.
278 2463 432 2496 Quoniam,
456 2463 562 2500 inquit,
584 2464 760 2493 incedebant
783 2465 870 2493 etiam
895 2466 984 2494 simul

160 2508 278 2537 tunicas
293 2507 454 2541 trahentes,
466 2509 549 2545 quasi
566 2517 623 2536 non
635 2511 788 2537 uterentur
799 2510 983 2545 vestimento,

194 2585 218 2603 ‘3
232 2585 314 2649 Ιῖςον.
330 2593 358 2620 x,
377 2585 420 2613 10.
458 2585 481 2603 ⁸⁵
495 2585 572 2613 Psal.
587 2593 682 2619 xxxxv,
699 2585 743 2613 19.
782 2585 804 2603 ⁵⁸
819 2587 831 2613 Ι
846 2586 911 2614 Cor.
927 2595 965 2621 ιν,
981 2587 1009 2615 5-

194 2629 222 2649 n.
276 2642 282 2649 .

160 2629 222 2657 vm,
241 2629 252 2649 1
261 2629 282 2649 I.

196 2699 253 2734 (68)
269 2699 330 2727 Vox
349 2697 510 2728 ταπείνωσις
539 2699 592 2726 hoc
620 2698 682 2726 loco
711 2700 809 2726 notam
825 2703 851 2727 el
866 2699 984 2727 solitam

162 2735 407 2772 signiﬁcationem
430 2743 487 2762 non
508 2734 596 2772 babel
611 2742 618 2761 :
635 2734 687 2762 sed
699 2735 787 2772 sumi
802 2734 917 2772 videtur
933 2744 984 2772 pro

163 2770 427 2812 animadversione,
443 2779 500 2806 qua
514 2770 590 2798 Deus
606 2770 749 2806 superbos
765 2771 859 2807 punit,
876 2770 985 2807 eosque

162 2807 316 2878 ἀθῶἓῗὲἶὸ
331 2843 454 2877 uterque
468 2841 593 2870 Combef.
611 2843 640 2870 et
653 2841 704 2870 alii
723 2850 794 2871 mss.
812 2851 870 2872 non
885 2843 982 2880 pauci.

1040 2332 1190 2369 ἱματισμοῦ
1212 2329 1312 2365 αὐτῶν,
1341 2330 1370 2357 ὃν
1395 2328 1439 2357 ἐπὶ
1462 2331 1538 2366 κακῷ
1563 2329 1663 2357 ἑαυτῶν
1685 2330 1731 2358 καὶ
1752 2332 1805 2358 τῶν
1825 2329 1859 2358 ἐν·

1039 2376 1230 2414 τυγχανόντων
1260 2374 1353 2407 αὐταῖς
1381 2371 1596 2413 περιεϐάλλοντο
1613 2375 1678 2412 (71).
1695 2375 1776 2403 Ὥστε
1789 2376 1858 2402 πᾶσα

1039 2421 1108 2459 γυνὴ
1133 2421 1224 2451 κακῶς
1247 2419 1406 2458 κεχρημίνη
1435 2421 1469 2457 τῇ
1499 2416 1635 2456 περιϐολῇ
1663 2422 1714 2454 τῆς
1737 2419 1858 2455 ἐσθῆτος,

1038 2466 1087 2500 τὴν
1104 2466 1160 2503 (72)
1176 2463 1315 2504 ἀφαίρεσιν
1325 2463 1488 2492 ἀπειλεῖται.
1503 2461 1613 2498 Ἐπειδὴ
1630 2463 1675 2491 καὶ
1691 2463 1859 2502 ἐπορεύοντο,

1040 2509 1132 2550 φησὶν,
1148 2509 1204 2546 ἅμα
1229 2508 1356 2548 σύρουσαι
1380 2507 1443 2539 τοὺς
1472 2509 1592 2546 χιτῶνας
1622 2508 1661 2539 ὡς
1691 2509 1729 2545 μὴ
1751 2509 1859 2547 χρώμε-

1047 2587 1068 2605 ⁴⁶
1082 2586 1153 2614 ibid.
1191 2586 1214 2604 ⁴⁷
1229 2585 1295 2614 Ose.
1311 2593 1361 2619 vn,
1386 2586 1414 2613 2.
1452 2585 1474 2603 “
1489 2585 1566 2613 Psal.
1582 2593 1657 2618 χιιι,
1675 2585 1719 2614 18.
1757 2586 1780 2604 ⁸³
1795 2586 1861 2614 Luc.

1039 2699 1126 2731 Editi,
1139 2696 1261 2732 ἓλκυσιν,
1275 2697 1389 2726 incuria
1404 2706 1571 2734 operarum.

1085 2736 1129 2769 70)
1146 2735 1228 2770 Regii
1243 2731 1347 2762 tertius
1363 2736 1390 2762 et
1404 2731 1539 2770 quartus,
1555 2731 1838 2770 κατακεκαλυμμένον.

1039 2805 1056 2834 λ
1075 2767 1130 2807 (71)
1150 2767 1241 2806 Μεῡοι*
1270 2779 1338 2806 pars
1366 2767 1501 2799 codicum
1528 2767 1708 2805 nostrorum,
1727 2767 1860 2808 περιεϐά-

1059 2817 1132 2834 οντο.

1073 2843 1130 2880 (72)
1147 2841 1273 2879 Uterque
1297 2841 1378 2871 Golb.
1400 2843 1430 2872 et
1457 2841 1528 2878 Reg.
1552 2841 1711 2878 secundus,
1736 2840 1857 2877 ἆσθῆτος.
