2009 3145
100 150 156 180 321

514 148 717 180 COMMENT.
740 144 780 180 ΙΝ
803 149 940 180 ISAIAM
963 150 1218 181 PROPHETAM.
1242 151 1324 182 CAP.
1348 151 1398 181 ΙΙΙ.

1750 155 1810 185 322

100 225 143 242 ναι
170 216 210 250 τῷ
238 214 390 251 ἱματισμῷ,
421 213 493 242 ἀλλὰ
512 215 739 252 παραχρώμεναι,
765 213 926 249 ἰκιλεύσθη-

996 216 1034 243 ιθό
1054 224 1116 251 quae
1133 217 1332 250 abuterentur,
1348 217 1412 245 ideo
1431 217 1521 254 jussaa
1548 221 1618 247 sunt
1643 219 1810 249 vestimenti

101 270 147 287 σαν
163 259 342 296 γυμνωθῆναι
357 260 406 292 τῆς
422 257 503 294 δόξης
527 261 575 287 τοῦ
605 259 766 295 ἱματισμοῦ.
791 259 929 297 Ἀφαιρεῖ-

99 315 144 332 ται
176 303 269 341 μέντοι
283 303 327 330 καὶ
351 303 395 342 ἀφ’
423 304 499 340 ἡμῶν
522 304 572 338 τὴν
595 302 672 340 δόξαν
695 304 743 331 τοῦ
766 303 930 340 ἱματισμοῦ,

100 347 146 376 ἔιὶν
162 347 277 383 ἀναξίως
302 347 376 384 αύτῷ
398 348 569 386 κεχρημένοι
591 350 727 387 φανῶμεν,
743 350 931 375 καταπατοῦν-

100 404 145 425 τις
191 392 285 428 αὐτὸν,
323 392 368 420 καὶ
400 394 453 419 τῶν
491 392 624 430 σαρκίνων
657 392 840 429 μολυσμάτων
868 392 931 419 ἀνα-

102 437 287 474 πιμπλάντες·
314 436 361 468 Τίς
390 435 419 464 δέ
447 436 516 464 ἐστιν
547 435 624 468 οὗτος
650 437 664 464 ὁ
694 436 932 474 ίματισμὸς,ἢ“τὸ

103 481 207 519 ἔνδυμα
231 484 288 510 τῶο
318 481 411 519 ἁγίων,
428 482 442 508 ὁ
461 481 562 519 Κύριος
577 483 657 518 ἡμῶν
674 482 778 516 Ἰησοῦς
793 481 930 518 Χριστός;

102 529 181 557 “Odor
211 527 261 566 γὰρ
293 526 332 558 εἷς
365 526 482 564 Χριστὸν
517 524 706 561 ἐϐαπτίσθητι.
744 527 858 564 Χριστὸν
891 525 932 553 ἐν·

106 571 244 606 εδύσασθε,
270 571 298 598 δν
325 571 436 610 ἀφαιρεῖ
458 570 556 607 Κύριος
582 571 634 598 ἀπὸ
649 573 704 598 τῶν
721 569 765 598 διὰ
779 572 826 597 τοῦ
842 571 932 608 ἁμαρ-

104 618 192 644 τάνειν
222 616 252 643 τὸ
283 618 364 653 σῶμα
391 615 628 643 καταπατούντων.
658 616 704 642 καὶ
733 615 764 642 τὸ
791 615 859 652 αἷμα
882 618 933 650 τῆς

104 660 240 697 διαθήκης
265 661 356 688 κοινὸν
379 661 539 698 ἡγουμὲνων
569 661 636 696 (73).
665 659 771 688 Τούτου
795 662 844 687 τοῦ
867 660 932 696 ἱμα-

102 705 204 743 τισμοῦ
232 703 361 742 σύμϐολα
388 705 421 739 ἧν
444 705 477 732 τὰ
504 705 601 742 ἱμάτια
627 705 676 732 τοῦ
705 704 827 743 Ἰσραὴλ,
843 704 876 732 τὰ
893 705 932 741 μὴ

103 747 301 788 κατατριόἑντα
318 772 325 786 ,
355 749 444 781 καθὼς
473 751 622 788 γὲγραπται
652 748 678 776 ἐν
709 748 932 787 Δευτερονομίῳ,

104 794 146 824 ὅτι
177 796 219 824 Τὰ
247 794 344 832 ἱμάτια
370 794 446 831 ὑμῶν
476 794 506 822 οὐ
533 791 691 832 κατετρίϐη,
721 793 813 821 καίτᾶ
830 791 933 828 ὑποδή-

105 850 180 878 ματα
204 839 232 868 ἐν
259 841 318 871 τοῖς
356 839 436 867 ποσὶν
475 839 552 876 ὑμῶν
592 838 641 867 οὐκ
666 837 846 874 ἐπαλαιώθη·
875 837 931 866 ἐπεὶ

103 885 149 913 καὶ
175 885 210 913 τά
238 883 402 921 ὑποδήματα
431 881 559 921 σύμϐολα
584 883 616 917 ἦν
632 886 683 919 τῆς
700 882 857 920 ἐτοιμασίας
885 884 933 910 τοῦ

105 928 277 968 Εὖαγγελίου
300 932 350 964 τῆς
375 928 498 966 εἰρήνης.
524 929 576 956 "HV
599 928 649 966 γὰρ
676 926 777 955 δέδωκε
796 928 932 963 Διαθήκην

106 975 211 1009 Καινὴν
237 974 295 1010 (74)
318 973 434 1011 Χριστὸς
457 974 574 1009 Ἰησοῦς,
601 972 673 1009 μένει
689 972 781 1008 καινὴ,
798 971 934 1009 μηδέποτε

106 1018 311 1055 παλαιουμένη.
343 1018 424 1047 ’Ὀσον
453 1018 504 1055 γὰρ
530 1017 663 1055 χρώμεθα
687 1017 777 1053 τούτῳ
804 1018 849 1044 καὶ
875 1020 933 1049 τοῖς

107 1063 281 1100 ὑποδήμασι,
302 1062 423 1090 τοσούτω
450 1062 593 1099 καινότερα
617 1062 729 1099 γίνεται,
753 1062 792 1089 ἀεὶ
812 1062 934 1100 προσφά-

106 1119 155 1136 του
179 1107 225 1136 καὶ
241 1108 302 1138 νίας
318 1106 512 1144 ἐπιγινομένης
537 1107 605 1142 ἡμῖν
627 1109 676 1141 τῆς
703 1105 858 1143 ἐτοιμασίας
887 1108 936 1133 τοῦ

106 1151 277 1191 Εὖαγγελίου
292 1151 319 1179 ἐν
334 1152 370 1187 τῇ
384 1153 512 1189 προκοπῇ
535 1154 584 1186 τῆς
609 1150 647 1182 είς
671 1151 784 1188 Χριστὸν
810 1150 935 1182 πίστεως.

111 1200 164 1226 Καὶ
187 1196 252 1228 τοὺς
275 1193 433 1232 κορύμϐους
461 1197 528 1232 (75).
553 1195 728 1234 Ἀφαιρήσειν
752 1194 860 1222 ἀπειλεῖ
883 1196 936 1223 τῶν

109 1241 366 1278 καλλωπιζομὲνων
390 1242 524 1277 γυναικῶν
556 1239 600 1267 διὰ
620 1242 669 1267 τοῦ
692 1240 835 1279 προφήτου
855 1241 869 1267 ὁ
886 1239 936 1267 Κύ-

110 1297 169 1326 ριος
185 1286 233 1314 καὶ
249 1285 313 1316 τοὺς
327 1282 493 1321 κοσύμϐους.
520 1284 558 1313 Ού
573 1285 642 1312 πάνυ
658 1283 686 1312 δὶ
701 1286 719 1320 ἡ
734 1286 782 1312 τοῦ
797 1282 937 1322 κοσύμϐου

108 1331 181 1367 λέξις
205 1333 241 1368 τῇ
257 1328 410 1366 Ἐλληνικῇ
427 1329 553 1366 συνηθείᾳ
564 1329 768 1366 καθωμίληται,
794 1328 854 1361 εθιν
876 1328 939 1356 οὐδὲ

109 1377 124 1404 ὁ
138 1378 204 1406 νοῦς
219 1374 304 1410 αὐτῆς
316 1372 469 1412 πρόδηλος.
487 1373 562 1408 Πλὴν
579 1375 661 1410 ἡμεῖς
676 1373 702 1400 ἐν
726 1375 761 1411 τῇ
785 1375 936 1411 κατασκευῇ

109 1424 160 1456 τῆς
174 1420 371 1458 ἀρχιιρατικῆς
385 1418 498 1453 ἐσθῆτος
517 1417 639 1457 εὑρόντες
665 1420 768 1456 χιτῶνα
791 1415 937 1454 κοσυμϐω-

109 1466 169 1500 τὸν,
186 1464 286 1502 ἔχοντα
302 1462 427 1501 ῥοΐσκους
452 1463 497 1490 καὶ
519 1462 659 1497 κώδωνας,
676 1462 847 1500 ἀποδέσμους
864 1462 938 1494 τινὰς

109 1512 165 1538 τῶν
191 1512 334 1546 κροσσων,
360 1507 508 1544 ἐνοήσαμεν
533 1507 597 1539 τοὺς
619 1505 775 1544 κοσύμϐους
799 1518 938 1546 συναπηρ-

109 1553 249 1591 τημένους
264 1554 323 1584 τοῖς
338 1551 447 1580 κώδωσι
462 1555 521 1584 τοῖς
534 1554 660 1590 χρυσοῖς,
684 1553 729 1580 καὶ
744 1554 801 1583 τοῖς
816 1551 936 1590 ῥοΐσκοις

986 260 1079 297 gloria
1093 260 1210 297 privari.
1223 262 1323 290 Aufert
1338 261 1456 298 quidem
1471 265 1500 291 et
1514 273 1530 291 a
1545 263 1630 293 nobis
1641 265 1810 293 vestimenti

985 305 1120 342 gloriam,
1147 306 1172 335 si
1196 315 1230 334 eo
1254 307 1501 342 deprehendimur
1520 308 1640 344 indigne
1664 309 1718 344 uti,
1735 309 1808 338 illud

985 350 1201 384 conculcantes,
1209 353 1297 387 atque
1308 351 1475 380 carnalibus
1487 352 1718 388 inquinamentis
1729 362 1809 381 com-

986 395 1109 430 plentes.
1121 395 1180 423 Hoc
1191 394 1290 424 autem
1302 396 1510 424 vestimentum
1521 398 1668 433 quodnam
1684 401 1740 433 est,
1753 398 1810 426 nisi

986 442 1156 467 sanctorum
1178 439 1396 475 indumentum,
1413 441 1475 477 ipse
1489 441 1631 470 Dominus
1647 445 1745 471 noster
1759 443 1810 471 Je-

987 492 1038 512 sus
1053 484 1186 512 Christus
1198 485 1212 512 ?
1237 485 1395 521 Quicunque
1410 486 1486 514 enim
1501 487 1531 514 in
1548 486 1656 516 Christo
1679 488 1814 524 baptismi

986 529 1061 563 estis,
1081 528 1219 557 Christum
1244 529 1373 558 induistis
1384 530 1416 565 ‘°,
1433 539 1520 567 quem
1545 532 1581 559 ab
1597 532 1634 560 iis
1649 533 1744 561 aufert
1759 533 1814 561 Do-

988 573 1100 606 minus.
1116 574 1165 610 qui
1191 582 1297 610 corpus
1326 574 1497 610 proculcant
1524 584 1577 611 per
1604 580 1769 613 peccatum,
1786 580 1815 606 et

988 619 1155 646 testamenti
1173 618 1346 655 sanguinem
1360 628 1410 655 pro
1427 619 1536 654 polluto
1552 629 1584 648 ac
1600 621 1750 649 communi
1766 622 1817 649 ba-

988 662 1058 690 bent
1070 662 1103 690 ¹¹.
1116 663 1281 691 lndumenti
1297 663 1386 699 hujus
1399 664 1492 700 ﬁgura
1503 667 1588 692 erant
1602 665 1755 694 lsraelitici
1766 675 1815 702 po-

989 706 1050 742 puli
1065 709 1172 740 vestes,
1184 716 1371 744 nequaqusm
1388 708 1510 742 detritis,
1523 709 1564 737 uti
1576 710 1718 746 scriptum
1730 713 1774 738 est
1784 711 1815 739 in

989 751 1215 780 Deuteronomio
1226 752 1258 779 δ’.
1273 753 1432 781 Vestimenta
1450 757 1536 781 vestra
1556 762 1612 782 non
1626 759 1689 782 sunt
1703 755 1818 792 detrita,

989 798 1016 824 et
1030 796 1221 824 aalceamenla
1239 798 1268 824 in
1280 797 1397 833 pedibus
1416 799 1516 826 vestris
1531 806 1586 826 non
1600 803 1666 827 sunt
1686 801 1819 829 vetustate

989 845 1158 877 consumpta.
1175 841 1329 870 Enimvero
1346 842 1405 870 haec
1420 842 1508 870 etiam
1524 843 1720 872 calceamenta
1735 852 1818 881 sym-

989 884 1056 913 bola
1070 887 1154 913 erant
1176 894 1209 914 ac
1234 886 1329 922 ﬁgura
1344 887 1566 922 praeparationis
1590 887 1737 924 Evangelii
1763 897 1817 925 pa-

989 929 1031 957 cis
1044 929 1076 957 ⁸⁸.
1090 930 1163 958 Nam
1180 930 1292 958 Novum
1309 931 1532 959 Testamentum
1547 932 1625 967 quod
1640 932 1726 961 Jesus
1738 933 1817 961 Chri-

990 976 1055 1002 stus
1074 974 1205 1010 tradidit,
1222 983 1329 1011 novum
1355 979 1528 1011 perseverat,
1546 984 1599 1004 nec
1615 979 1660 1004 est
1684 985 1815 1013 unquam

991 1019 1216 1054 antiquandum.
1229 1019 1302 1047 Nam
1319 1028 1376 1056 quo
1392 1020 1485 1056 magis
1502 1020 1554 1048 hoc
1571 1021 1741 1050 vestimento
1757 1021 1816 1050 cal-

992 1063 1209 1099 ceamentisque
1225 1063 1346 1099 utimur,
1358 1072 1391 1091 eo
1408 1066 1531 1100 utraque
1553 1064 1628 1092 fiunt
1643 1066 1814 1101 recentiora,

991 1107 1230 1144 quandoquidem
1243 1108 1298 1136 {ide
1307 1117 1371 1144 quae
1381 1108 1410 1136 in
1419 1108 1570 1137 Christum
1582 1112 1626 1137 est
1635 1109 1815 1144 proﬁciente,

992 1152 1164 1188 praeparatio
1173 1153 1319 1188 Evangelii
1327 1161 1429 1181 recens
1438 1161 1554 1190 semper
1562 1162 1594 1182 ac
1607 1163 1679 1182 nova
1689 1155 1719 1182 in
1731 1154 1815 1182 nobis

992 1197 1133 1225 succedit.
1150 1198 1181 1224 El
1205 1198 1352 1233 cosymbor.
1375 1198 1398 1225 A
1414 1197 1588 1227 mulieribus
1617 1198 1709 1227 nimio
1733 1199 1816 1227 cultu

992 1242 1138 1270 exornatis
1154 1243 1308 1278 cosymbos
1332 1242 1419 1271 etiam
1443 1243 1608 1271 ablaturum
1626 1252 1656 1271 se
1672 1244 1817 1272 Dominus

992 1295 1043 1322 per
1068 1286 1241 1322 prophetam
1262 1287 1470 1316 comminatur.
1487 1287 1546 1315 Hoc
1570 1290 1667 1315 autem
1695 1289 1818 1324 cosymbi

992 1330 1168 1359 vocabulum
1184 1339 1240 1358 non
1257 1331 1340 1359 valde
1355 1332 1509 1360 admodum
1525 1332 1622 1360 Graaco
1639 1341 1691 1360 usu
1711 1334 1756 1360 est
1770 1340 1816 1360 re-

993 1378 1119 1412 ceptum,
1137 1376 1214 1403 unde
1229 1376 1350 1403 minime
1367 1377 1521 1412 perspicua
1541 1378 1585 1404 cst
1608 1376 1688 1404 illius
1704 1376 1817 1405 intelli-

992 1420 1099 1457 gentia.
1112 1420 1293 1452 Quiatamen
1305 1420 1332 1447 in
1346 1421 1433 1448 vestis
1445 1421 1599 1456 pontiﬁciaa
1611 1423 1753 1457 apparatu
1768 1424 1816 1449 tu-

994 1465 1088 1493 nicam
1101 1464 1247 1501 cosymhis
1258 1467 1391 1493 ornatam
1408 1468 1435 1493 et
1448 1465 1532 1493 malis
1544 1466 1658 1502 punicis
1670 1474 1703 1494 ac
1714 1466 1816 1494 tintin-

993 1508 1111 1538 nabulis
1140 1509 1312 1536 instructam
1338 1510 1500 1545 reperimus
1511 1511 1691 1546 “,cosymbos
1715 1511 1815 1539 existi-

993 1553 1138 1582 mavimus
1147 1554 1290 1589 quosdam
1300 1562 1364 1582 esse
1376 1555 1558 1583 fimbriarum
1571 1555 1736 1589 nodos,una
1746 1564 1814 1584 cum

111 1599 165 1627 ἀπὸ
182 1601 237 1626 τῶν
252 1597 352 1634 ἄκρων,
368 1596 414 1628 οὕς
434 1596 583 1634 ἐμιμοῦντο
607 1597 666 1629 καθ’
691 1594 847 1634 ὑπερϐολὴν
872 1607 935 1634 τρυ-

996 1598 1200 1627 tintinnabulis
1217 1598 1312 1626 aureis
1328 1601 1356 1626 et
1376 1599 1462 1627 malis
1478 1599 1593 1635 punicis
1616 1601 1652 1628 ab
1677 1601 1815 1628 extremis

112 1647 165 1683 φῆς
180 1643 226 1670 καὶ
242 1643 269 1670 αἱ
295 1642 438 1680 θυγατέρες
464 1641 534 1668 Σιὼν
563 1640 589 1669 ἐν
604 1643 638 1679 τῇ
654 1639 790 1679 περιϐολῇ
805 1645 855 1676 τῆς
871 1641 940 1672 ἰδίας

111 1688 202 1716 οὔτῶν
219 1687 344 1721 ἐσθῆτος·
362 1685 396 1714 δι’
411 1687 448 1713 ὧν
462 1683 601 1724 ινύϐριζον
623 1687 678 1723 (76)
706 1688 764 1718 τοῖς
794 1686 940 1723 ἳερατικοῖς

115 1732 288 1769 ἰδιώμασιν,
333 1730 472 1758 ὑακίνθινα
508 1730 553 1757 καὶ
591 1730 703 1758 κόκκινα
740 1728 942 1768 ἐγκομϐώματα

112 1779 237 1816 κροσσῶν
284 1775 465 1813 ἀπηρτημένα
508 1777 556 1802 τοῦ
607 1774 736 1812 λώματος
783 1775 942 1814 περιφέρου-

115 1832 170 1850 σαι.

155 1911 218 1939 126.
249 1910 299 1938 Καὶ
327 1908 390 1941 τοὺς
433 1908 594 1946 μηνίσκους,
623 1908 667 1936 καὶ
692 1909 724 1936 τὸ
753 1909 869 1946 κᾶθεμα,
898 1908 943 1936 καὶ

115 1954 162 1983 τᾶν
177 1955 281 1991 κόσμον
295 1956 344 1981 τοῦ
367 1953 520 1992 προσώπου
549 1952 647 1985 αὐτῶν,
678 1953 740 1980 Κατ’
770 1952 840 1985 εἶδος
869 1953 944 1989 ἐπεξ-

116 2000 228 2037 ἆρχιται
267 2001 306 2035 τῷ
341 1997 484 2036 γυναικείῳ
520 1997 630 2034 κόσμῳ,
662 1998 693 2025 τὸ
728 1998 869 2036 περίεργον
895 2000 944 2026 τοῦ

117 2044 322 2080 καλλωπισμοῦ
337 2041 482 2080 διασύρων.
497 2042 607 2081 ’Λφελεῖ
629 2043 679 2081 γὰρ
695 2042 794 2080 Κύριος
817 2044 874 2080 (77)
899 2042 943 2070 καὶ

115 2089 180 2120 τοὺς
206 2088 355 2125 μηνίσκους
382 2087 425 2114 καὶ
455 2087 486 2114 τὸ
510 2088 626 2123 κάοῑμα,
652 2087 819 2126 Σαφέστερον
837 2085 865 2114 δὲ
879 2087 944 2119 τοὺς

120 2133 272 2170 μηνίσκους
286 2132 377 2170 ’ἔτερος
402 2130 540 2167 ἐξέδωκεν,
567 2131 662 2168 ιίπὼν,
691 2131 736 2159 καὶ
763 2131 826 2163 τοὺς
849 2132 945 2168 μανιά-

118 2188 178 2209 κας·
204 2177 249 2204 καὶ
265 2177 324 2204 ἀντὶ
346 2178 394 2203 τοῦ
412 2175 564 2213 καθὲματος
590 2175 673 2203 εῗπὼν
696 2175 830 2213 χαλαστά.
857 2175 945 2212 Μηνί-

119 2233 184 2253 σκος
198 2222 290 2249 τοίνυν
306 2221 410 2257 κόσμος
421 2219 477 2248 ἐστὶ
488 2222 607 2259 γρυσοῦς
617 2220 947 2258 περιτραχήλιοςμυκλο-

995 1643 1160 1672 vestimenti
1180 1643 1312 1679 partibus
1334 1644 1542 1680 dependentes,
1557 1653 1632 1680 quos
1646 1646 1734 1673 etiam
1751 1645 1816 1673 (ilia

996 1687 1065 1715 Sion
1081 1695 1137 1722 prae
1154 1695 1207 1714 suo
1223 1687 1313 1714 nimio
1329 1686 1398 1714 luxu
1414 1686 1608 1715 imitabantur
1622 1688 1651 1715 in
1667 1687 1713 1716 sui
1728 1687 1817 1716 vesti-

996 1731 1087 1759 menti
1102 1730 1225 1758 ambitu.
1242 1732 1303 1764 Quo
1328 1733 1412 1767 pacto
1436 1731 1613 1767 peculiarem
1628 1732 1754 1761 vestium
1769 1740 1819 1760 sa-

996 1775 1188 1804 cerdotalium
1209 1775 1426 1811 prierogativam
1445 1776 1670 1811 dedecorabant,
1684 1785 1747 1804 cum
1762 1776 1818 1804 cir-

998 1821 1175 1849 cumferrent
1190 1821 1301 1848 nodosa
1322 1820 1505 1848 ﬁmbriarum
1523 1823 1694 1849 ornamenta
1709 1821 1745 1849 ab
1761 1821 1821 1849 ima

997 1865 1147 1902 vestiszora
1158 1865 1325 1901 pendentia,
1335 1873 1427 1901 eaque
1437 1865 1625 1901 hyacinthina
1635 1868 1664 1893 et
1674 1866 1818 1894 coccinea.

1035 1911 1095 1938 126.
1107 1912 1197 1937 Vens.
1210 1910 1293 1937 191‘!
1309 1909 1431 1944 lunulas,
1447 1912 1471 1937 ei
1486 1910 1588 1938 monile
1601 1910 1759 1944 demissum,
1775 1918 1820 1938 or-

999 1960 1094 1983 natum
1107 1955 1192 1990 faciei
1212 1962 1318 1982 earum.
1336 1954 1478 1982 Mundun‘.
1501 1954 1671 1983 muliebrem
1689 1954 1822 1991 singula-

1000 2000 1051 2027 tim
1068 1999 1222 2035 percurrit,
1238 2000 1326 2034 atque
1341 1999 1369 2026 id
1386 1999 1462 2034 quod
1478 1998 1507 2027 in
1529 1999 1582 2027 hoc
1598 2001 1702 2027 ornatu
1719 2007 1822 2035 super-

1001 2043 1092 2072 ﬂuum
1104 2046 1157 2077 est,
1169 2043 1366 2079 reprehendit.
1375 2043 1493 2071 Auferet
1503 2044 1581 2072 enim
1595 2044 1735 2072 Dominus
1746 2045 1770 2071 el
1781 2044 1821 2071 lu-

998 2089 1079 2116 nulas
1091 2090 1116 2116 el
1127 2088 1227 2116 monile
1237 2087 1395 2115 demissum.
1406 2087 1487 2115 Alius
1501 2089 1598 2116 autem
1614 2080 1823 2124 inte‘rpretatus

1000 2136 1046 2162 est
1073 2133 1192 2166 clarius,
1209 2141 1260 2168 pro
1284 2131 1395 2160 lunulis
1418 2132 1491 2160 467
1518 2132 1629 2166 dicens,
1644 2137 1669 2160 ει
1697 2134 1822 2169 torques;

1000 2178 1160 2212 dicensque
1184 2176 1247 2204 loco
1271 2175 1389 2203 monilis
1404 2176 1536 2209 demissi,
1553 2178 1578 2204 et
1599 2177 1750 2205 calcuulus.
1765 2177 1822 2204 Lu-

1003 2221 1074 2250 nula
1088 2221 1179 2257 igitur
1193 2229 1315 2248 aureum
1334 2223 1379 2248 est
1398 2224 1601 2249 ornamentum
1614 2221 1688 2249 collo
1700 2221 1823 2249 circum-

119 2266 206 2304 τέρως
229 2265 458 2303 ἆπιιργασμὲνος,
483 2265 512 2292 ὃν
536 2264 737 2303 περιτιθὲμιναι
757 2266 785 2292 αἱ
809 2268 933 2303 γυναῖκες

1002 2266 1143 2303 positum,
1158 2264 1344 2293 orbiculatim
1361 2265 1508 2299 eﬂectum,
1519 2266 1596 2301 quod
1618 2274 1686 2293 cum
1702 2265 1758 2294 sibi
1774 2265 1825 2293 ad-

119 2311 223 2350 γυμνὸν
241 2308 430 2346 ἐπιτηδεύουσι
446 2308 635 2347 προδεικνύναι
652 2310 698 2337 τὸν
720 2309 875 2347 τράχηλον,
902 2311 945 2338 καὶ

120 2354 308 2393 ἀναισχύντως
322 2352 509 2392 ἂπογυμνοῦν,
526 2352 543 2381 ἅ
557 2353 753 2392 συγκαλύπτειν
775 2354 948 2392 εὐσχημονέ-

120 2410 228 2438 στερον.
245 2399 298 2428 Καὶ
312 2399 343 2427 τὸ
358 2399 463 2436 κάθιμα
478 2398 582 2435 κόσμος
595 2398 636 2429 τίς
649 2398 716 2435 ἐστι,
732 2398 776 2426 καὶ
790 2399 870 2430 αὐτὸς
883 2405 948 2432 καθ-

1003 2312 1107 2347 aptant
1124 2309 1272 2344 mulieres,
1283 2310 1402 2337 student
1413 2309 1519 2337 collum
1537 2310 1650 2338 nudum
1667 2309 1763 2346 palam
1779 2317 1826 2338 os-

1003 2355 1133 2389 tendere,
1142 2356 1171 2382 et
1185 2362 1218 2382 ea
1229 2362 1294 2390 quis
1304 2353 1525 2382 convenientius
1535 2356 1714 2390 tegerentur,
1727 2354 1825 2390 impu-

1004 2400 1107 2427 denter
1117 2398 1275 2426 denudare.
1285 2399 1322 2426 At
1336 2399 1438 2426 monile
1448 2399 1597 2427 demissum
1606 2399 1727 2435 quidam
1741 2407 1828 2427 mun-

157 2469 180 2487 ¹⁰
195 2468 259 2497 Gal.
276 2476 319 2502 ιιι,
334 2468 380 2495 27·
419 2467 441 2487 ἰ
457 2467 544 2496 Hebr.
557 2475 586 2503 x,
601 2467 647 2496 29.
686 2467 708 2486 ⁵²
724 2468 808 2497 Deut.
824 2476 902 2503 xxix,
917 2468 936 2495 5

996 2468 1006 2485 ³
1020 2467 1127 2503 Ephes.
1143 2475 1184 2501 v1,
1200 2467 1242 2494 15.
1281 2466 1303 2484 ⁵⁸
1318 2466 1404 2494 Exod.
1422 2474 1522 2501 xxvm,
1538 2467 1584 2501 33,
1600 2467 1644 2496 34.

121 2532 303 2572 προσδοκάτω
329 2532 416 2572 ,αὐτῆς
444 2534 504 2572 τήν,
530 2536 629 2572 Itaque
652 2536 741 2572 omnis
764 2535 869 2563 mulier
890 2541 953 2570 quae

122 2570 280 2600 vestimenti
289 2571 366 2598 cultu
379 2571 515 2605 abutitur,
526 2570 584 2606 ejus
595 2570 794 2606 ademptionem
803 2573 950 2606 exspectet.

121 2608 204 2635 Haud
222 2607 438 2634 contemnenda
452 2606 547 2634 lectio.
559 2606 614 2634 Alii
627 2608 685 2634 tres
697 2615 768 2634 mss.
780 2614 848 2634 cum
864 2607 952 2634 editis

122 2644 165 2671 uti
182 2643 212 2670 in
228 2645 376 2670 contextu.

157 2679 216 2715 (73)
230 2678 278 2706 Sic
292 2677 360 2715 libri
381 2676 511 2712 quinque
530 2679 650 2705 veteres.
668 2677 745 2706 Editi
760 2680 790 2706 et
803 2678 874 2713 Reg.
891 2679 952 2705 ter-

123 2712 193 2748 tius,
208 2712 406 2749 ἡγησαμένων.

157 2747 339 2786 (74)⁷νοοθιῃ
358 2747 546 2786 Καινήνηᾳυθε
568 2747 599 2786 i_n_
614 2749 701 2786 editis
717 2748 950 2782 desiderabatur,

123 2783 351 2822 suppeditavere
365 2784 477 2822 antiqui
492 2783 648 2822 tres_libri.

157 2816 216 2861 (7'5)
232 2821 275 2851 De
301 2816 516 2858 signiﬁcatione
542 2819 605 2856 ejus
635 2819 724 2856 vocis,
752 2816 902 2857 κόσυμϐος,
918 2821 952 2848 ut

1008 2534 1082 2567 fuse,
1099 2533 1140 2560 ita
1164 2532 1320 2568 diligenter
1347 2533 1480 2569 disputat
1504 2533 1626 2561 Ducaaus
1642 2541 1648 2561 :
1665 2532 1762 2568 cujus,
1778 2530 1827 2567 qui

1008 2570 1111 2597 harum
1135 2577 1231 2596 rerum
1247 2568 1354 2596 curiosi
1378 2568 1457 2604 sunt,
1474 2570 1704 2597 eruditissimum
1730 2570 1827 2604 notem

1007 2606 1105 2648 legant
1128 2606 1246 2633 suadeo.
1265 2605 1339 2632 Illud
1361 2601 1523 2647 quodnon
1543 2605 1629 2667 Ιουῆο
1652 2604 1758 2644 legitur
1775 2601 1828 2643 ,καὶ

1007 2651 1070 2667 τους
1089 2639 1259 2667 κοσύυιυουε.
1275 2649 1310 2667 ex
1333 2643 1463 2667 anticum
1487 2641 1582 2667 tribus
1619 2640 1689 2667 ibrls
1715 2624 1828 2666 addidi-

1006 2624 1246 2671 ἒζῗέ“ιζοὲῑ““““
1265 2624 1339 2632 ““““
1362 2624 1445 2667 ἶ⁷”“’
1462 2624 1829 2669 “ἷ“”ἰ›“”“⁵ἱ⁷ι›ἑῖ⁰““Ἠᾶίᾶἷζ

1162 2650 1259 2677 μυους,
1275 2649 1310 2668 ex
1333 2649 1368 2668 an
1386 2649 1463 2676 iqms
1501 2649 1524 2668 ιιι
1548 2650 1582 2668 us
1619 2649 1626 2666 ι
1675 2647 1689 2667 s
1715 2647 1732 2666 a

1041 2686 1084 2704 US.

1115 2713 1185 2748 Reg.
1198 2713 1349 2748 quartus,
1373 2707 1522 2746 ἰνύϐριζον.
1536 2710 1627 2748 -βριῃ
1644 2709 1769 2748 primus,
1787 2707 1829 2736 ἒν-

1006 2744 1230 2785 υϐρίζουσιδᾏὶὶἷ
1243 2747 1364 2785 quidam
1380 2744 1590 2785 ms§:_et_e(i_iti,
1607 2744 1816 2785 {vdoplﬁuoutz‘

1061 2758 1156 2782 ιςουσι.
1172 2758 1227 2775 mu
1243 2758 1364 2783 qutuuiu
1380 2758 1452 2774 mss.
1469 2758 1497 2774 et
1511 2758 1590 2780 eum,
1607 2758 1803 2782 ινυυριψυσαι.

1041 2758 1098 2820 ῗΊἿ)
1113 2785 1159 2812 sic
1173 2786 1285 2812 veteres
1301 2782 1431 2818 quinque
1446 2781 1524 2810 libri.
1538 2781 1599 2810 Vox
1613 2780 1712 2820 Κύριος
1725 2782 1756 2811 in
1772 2779 1830 2809 edi-

1004 2820 1045 2850 tis
1062 2820 1173 2851 deerat.
