2009 3145
199 160 257 190 327

674 153 868 186 APPENDIX
892 151 1055 184 OPERUM
1079 154 1111 182 S.
1135 150 1276 183 BASlLll
1303 149 1436 182 MAGNI.

1846 151 1900 183 328

238 224 298 252 129.
308 223 398 251 Vens.
409 223 454 250 22.
464 223 495 250 El
510 221 674 250 indumenta
688 228 751 257 quae
765 224 829 248 sum
843 227 891 255 per
901 220 1023 251 domum,

1118 218 1179 246 429.
1197 216 1246 244 Καὶ
1272 216 1306 244 τὰ
1334 214 1510 253 ἐπιϐλήματα
1539 216 1571 243 τὰ
1585 217 1653 244 κατὰ
1665 217 1715 250 τήν
1733 215 1820 244 οἲκίαν
1837 218 1901 254 (92)⁷

199 271 225 295 et
236 268 375 304 pelluctda
386 269 527 295 Laconica.
540 266 730 294 Immodicam
741 265 829 293 luxus
839 264 1025 292 deliciarum-

201 321 258 349 que
274 312 387 348 copiam
404 311 532 340 declarat
547 311 607 339 haec
622 310 856 343 sententia,dum
874 309 914 336 ait
930 317 1027 337 recon-

200 357 263 384 dita
277 357 355 384 domi
372 356 547 384 indumenta
560 364 616 390 prae
629 355 720 382 nimia
735 354 875 382 tenuitate
887 362 951 381 esse
967 352 1024 389 pel-

199 400 455 436 lucida.Sumptus
473 400 551 427 enim
568 400 603 427 ad
620 399 846 427 ostentationem
865 398 959 425 factus
975 405 1026 433 pro

201 453 290 481 scopo
319 445 444 481 gratiam
470 444 623 472 hominum
652 452 685 472 ac
716 443 945 471 benevolenliam
972 442 1025 470 sibi

201 490 346 525 proponit.
357 490 427 517 Cum
445 491 543 517 autem
555 489 621 524 quis
633 487 719 515 etiam
733 488 849 515 nemine
864 489 1026 522 spectante,

202 534 338 570 privatim
364 533 443 561 domi
470 534 590 569 degens.
617 531 772 568 pellucidis
797 531 873 559 469
897 531 1028 558 vestibus

203 578 350 611 amicitur,
367 578 395 605 id
411 585 509 605 rerum
537 579 636 605 nostro
662 576 728 604 usui
754 584 958 604 concessarum
975 576 1027 602 ab-

203 631 289 650 usum
314 630 453 658 perquam
481 621 672 648 immodicum
693 628 757 648 esse
779 619 915 647 ostendit.
929 620 1028 655 Itaque

204 667 376 694 indumenta
387 667 574 694 Laczenarum
587 665 788 697 imitabantur,
801 673 863 700 quae
875 672 941 691 cum
953 664 1030 691 inter

204 711 372 740 saltandum
384 710 469 746 plane
480 709 583 737 nudari
594 709 697 743 nolint,
708 712 849 744 tanquam
861 709 890 736 id
900 709 939 736 sit
950 709 1030 736 inde-

205 764 318 789 corum,
330 754 439 782 lineam
449 757 559 783 vestem
573 762 659 790 quam
677 754 850 782 tenuissime
865 755 1029 781 contextam

205 800 344 833 induunt,
355 807 499 835 perquam
510 799 650 834 objicient
661 798 819 834 spectanda
828 806 892 834 quis
901 798 1028 825 virorum

206 843 298 872 oculis
315 852 371 872 non
384 843 513 880 conspici
527 843 689 879 oportebat.
703 842 793 870 Vane.
804 843 849 869 23.
863 843 895 870 Et
909 842 1029 877 byssina,

206 891 233 917 et
260 889 452 925 hyacinthiao,
471 892 497 916 et
521 889 641 924 byssum,
669 895 732 916 cum
758 895 826 915 auro
841 889 865 915 et
880 887 1030 923 hyacinlho

205 934 365 961 intertexta.
384 933 448 961 Jam
464 941 530 960 vero
545 932 750 960 immodestam
763 933 852 959 vitam
868 935 988 968 agentes
1003 934 1031 959 et

207 987 264 1014 prae
279 977 437 1005 immodico
463 977 530 1004 luxu
555 977 664 1004 sanctis
680 976 855 1004 insultantes
871 975 936 1003 tiliae
951 972 1029 1010 Sion,

206 1023 295 1050 etiam
308 1025 419 1050 vestem
432 1021 676 1049 circumferebant
688 1021 881 1049 similitudine
894 1021 928 1048 ad
945 1020 1030 1048 indu-

207 1070 339 1095 mentum
354 1066 533 1094 sacerdotale
544 1066 728 1094 acccdentem
738 1066 777 1093 ηε
791 1066 964 1093 vestimenta
974 1064 1030 1092 sci-

206 1112 274 1140 licet
291 1111 411 1147 byssina
424 1113 452 1138 et
467 1110 655 1146 hyacinthina
671 1110 817 1146 gerebant,
830 1110 966 1146 qualibus
978 1116 1029 1136 ceu

207 1156 348 1193 symbolis
373 1155 581 1183 elementorum
599 1163 633 1182 sx
648 1154 756 1190 quibus
771 1154 870 1182 omnia
885 1156 1029 1188 conslant,

207 1201 302 1228 induti
314 1200 491 1234 sacerdotes,
501 1199 662 1227 introibant
673 1199 701 1226 in
714 1202 814 1227 sancta
826 1198 1031 1232 seorsum,Deo

208 1254 260 1282 pro
277 1246 387 1272 mundo
403 1244 605 1280 supplicaturi.
620 1244 729 1279 liyssus
744 1244 860 1279 quidem
877 1252 927 1279 pro
942 1246 1030 1277 terra,

208 1290 386 1326 hyacinthus
401 1297 452 1324 pro
469 1297 544 1321 aere,
559 1297 689 1324 purpura
714 1296 764 1324 pro
781 1296 866 1324 aqua,
881 1287 1030 1315 coccinum

209 1343 261 1371 pro
277 1334 344 1370 igne
359 1333 486 1369 ponitur.
504 1333 552 1360 Has
568 1335 664 1360 autem
679 1332 817 1360 mulieres
833 1332 970 1360 harumce
985 1340 1031 1359 re-

209 1387 275 1406 rum
292 1381 394 1406 ornatu
417 1386 472 1405 non
497 1379 648 1408 contente,
665 1377 699 1404 ad
716 1377 886 1404 varietatem
903 1377 1031 1404 efﬁcien-

209 1423 276 1450 dam
293 1425 322 1451 et
337 1423 372 1450 ad
391 1423 529 1456 majorem
546 1421 756 1449 ostendendam
771 1421 1031 1456 magniﬁcentiam,

211 1476 315 1496 aurum
332 1475 398 1494 cum
425 1467 461 1494 iis
485 1468 705 1494 contexuerunt.
721 1466 753 1492 Et
768 1465 897 1493 therislra
921 1466 1032 1493 accubi-

210 1513 291 1540 taria.
308 1511 489 1538 Theristrum
505 1511 620 1538 videtur
641 1518 705 1538 esse
725 1510 930 1538 indumentum
957 1510 1031 1538 aesti-

209 1564 290 1590 vum,
307 1556 348 1583 ita
363 1558 394 1582 ut
409 1557 437 1583 et
451 1558 547 1591 tegere
563 1555 718 1587 videretur,
737 1563 786 1582 nec
801 1558 898 1582 tamen
916 1555 943 1582 in
960 1557 1030 1582 aestu

209 1602 343 1636 gravaret
359 1608 365 1627 :
381 1600 629 1635 quemadmodum
654 1601 682 1626 et
705 1599 734 1626 in
751 1599 854 1627 Genesi
876 1599 1033 1626 didicimus

211 1645 370 1672 Rebeccam
386 1644 501 1671 obviam
529 1644 610 1672 Isaac
635 1646 763 1677 euntem,
781 1644 919 1671 theristro
944 1643 1034 1672 fuisse

211 1689 344 1717 indutam
355 1689 387 1715 ⁸⁵.
405 1689 471 1721 Quae
486 1690 582 1715 autem
608 1696 687 1715 nunc
711 1688 862 1723 Scriptura
877 1688 1032 1724 vituperat,

210 1736 353 1762 vocantur
362 1732 511 1766 theristra,
523 1741 587 1767 quae
598 1732 730 1760 videlicet
741 1733 775 1760 ad
788 1733 1033 1760 discumbendum

211 1787 270 1815 prie
287 1778 376 1805 nimio
392 1776 551 1813 voluptatis
565 1776 663 1804 studio
687 1776 769 1804 lectis
785 1777 1033 1806 insternebantur.

209 1822 264 1849 Sed
281 1821 438 1849 dictionem
452 1821 536 1854 banc,
547 1819 687 1852 calaclita,
701 1829 736 1848 ne
747 1821 899 1848 reddidere
915 1822 1033 1856 quidem

209 1867 385 1902 interpretes
407 1864 468 1892 alii.
485 1865 668 1900 Quapropter
682 1867 823 1900 tanquam
841 1873 904 1901 qua:
919 1865 1033 1893 nullum

211 1918 331 1939 sensum
346 1909 504 1942 exhiberet,
522 1911 621 1936 notata
636 1908 719 1936 obelo
735 1911 788 1936 est.

249 1955 309 1982 130.
323 1954 411 1981 Vens.
426 1954 471 1981 24.
486 1955 519 1981 Et
532 1954 585 1981 erit
603 1961 652 1989 pro
676 1953 759 1981 odore
781 1954 862 1982 suavi
883 1955 975 1990 pulvis
989 1964 999 1983 :
1011 1959 1037 1983 et

211 2007 262 2036 pro
276 2007 345 2027 zona
354 1998 482 2034 funiculo
491 1998 619 2032 cingeris,
632 2000 657 2025 et
670 2006 721 2033 pro
732 2001 832 2026 ornatu
847 2000 945 2034 capitis
955 2008 1037 2027 aureo

212 2045 356 2072 calvitium
370 2043 482 2070 habebis
497 2045 610 2077 propter
623 2050 709 2078 opera
722 2045 781 2070 tua.
794 2043 865 2071 Pars
879 2043 1038 2080 voluptatis

213 2088 342 2117 suavitas
357 2090 403 2115 est
422 2088 554 2120 odorum,
569 2087 806 2123 quandoquidem
830 2088 957 2116 incensis
972 2088 1037 2124 qui-

213 2134 338 2162 busdam
353 2132 511 2168 unguentis
526 2132 778 2165 inﬁciuntaerem,
792 2140 970 2168 suavemque
981 2132 1038 2160 sibi

214 2178 338 2206 halitum
361 2177 496 2204 reddunt.
513 2176 563 2204 His
588 2176 679 2212 igitur
704 2176 877 2204 mulieribus
894 2176 1040 2213 voluptate

215 2221 342 2258 perfusis
348 2223 377 2248 et
383 2221 499 2248 odorem
506 2221 672 2256 jucundum
680 2221 796 2248 olfactui
807 2221 1039 2255 accersentibus,

1079 262 1125 289 καὶ
1167 261 1201 288 τὰ
1241 260 1355 300 διαφανῆ
1403 261 1553 288 Λακωνικά.
1584 259 1753 300 Ὑπερϐολήν
1791 261 1904 294 ἀσωτίας

1079 305 1124 333 καὶ
1145 309 1248 345 τρυφῆς
1272 304 1398 343 ἀφειὸοὒς
1425 306 1439 333 ὁ
1464 304 1545 342 λόγος
1571 305 1704 344 ἐμφαίνει,
1730 307 1764 334 τὰ
1793 303 1904 342 ἐπιϐλή-

1083 361 1153 386 ματα
1178 351 1212 377 τὰ
1240 351 1297 378 κατ’
1314 351 1386 378 οἷκον
1413 349 1529 389 διαφανῆ
1553 349 1638 387 λέγων
1666 351 1732 378 εἶναι
1762 352 1796 388 τῇ
1828 351 1904 388 ὑπερ-

1081 393 1153 432 ϐολῇ
1169 399 1218 430 τῆς
1237 394 1415 431 λεπτότητος.
1431 396 1466 422 Τὸ
1491 395 1543 432 γὰρ
1568 396 1636 433 πρὸς
1664 394 1792 431 ἐπίδειξιν
1823 394 1904 423 δάπα-

1080 440 1175 476 νηρὸν,
1193 439 1251 477 ἔχει
1272 439 1372 467 σκοπὸν
1397 440 1446 473 τήν
1472 439 1732 477 ἀνθρωπαρέσκειαν·
1748 440 1780 467 τὸ
1811 439 1840 467 ’δὲ
1863 439 1904 467 καὶ

1084 482 1200 520 μηδενὸς
1217 485 1336 521 ὁρῶντος
1352 484 1392 522 ἐφ’
1408 485 1503 512 ἑαυτοῦ
1520 483 1648 522 διάγοντα
1662 485 1729 511 κατὰ
1743 485 1794 519 τήν
1823 484 1906 512 οἰκίαν

1083 527 1196 566 διαφανῆ
1218 526 1442 566 περιϐάλλεσθαι,
1463 532 1549 556 πᾶσαν
1581 526 1736 566 ὑπερϐολὴν
1765 530 1906 567 παραχρή-

1083 583 1151 603 σεως
1179 575 1233 600 τῶν
1258 573 1327 610 πρὸς
1351 577 1451 611 χρῆσιν
1484 574 1738 611 συγκεχωρημένων
1759 574 1828 610 ἡμῖν
1855 573 1908 600 ἐπι-

1083 615 1241 644 δείκνυται·
1273 618 1341 645 ὥστε
1372 618 1512 654 μιμεῖσθαι
1541 618 1574 645 τὰ
1602 621 1654 645 τῶν
1685 621 1827 645 Λακαινῶν
1855 619 1906 653 (93)

1084 659 1271 698 έπιϐλῆματα·
1289 662 1317 688 αῖ
1347 662 1414 689 κατὰ
1441 663 1491 696 τήν
1516 660 1633 700 ὄρχησιν
1662 662 1693 689 τὸ
1718 665 1842 700 φανερῶς
1864 674 1906 699 γυ-

1086 708 1215 742 μνοῦσθαι
1245 707 1283 738 ὡς
1306 705 1421 743 ἄσεμνον
1442 706 1668 743 παραιτούμεναι,
1686 705 1906 745 ὑπερϐάλλουσαν

1086 749 1233 786 λεπτότητι
1263 750 1341 786 λινῆν
1371 751 1470 786 ἐσθῆτα
1495 748 1740 788 περιϐαλλόμεναι,
1762 750 1798 778 δι’
1828 751 1907 786 αὐτῆς

1085 796 1224 834 φαίνουσιν
1255 796 1272 823 ἃ
1300 795 1426 832 κρύπτειν
1456 794 1509 823 ἔδει
1538 796 1584 826 τὰς
1613 798 1665 823 τῶν
1689 795 1808 834 ἀῤῥένων
1824 794 1907 832 ὄψεις.

1085 840 1134 867 Καὶ
1163 840 1196 867 τὰ
1225 839 1347 876 βύσσινα,
1374 839 1419 867 καὶ
1448 840 1481 867 τὰ
1512 839 1660 874 ὑακίνθιναι,
1690 840 1736 867 καὶ
1764 841 1816 874 τήν
1846 840 1908 878 βύσ-

1085 895 1130 911 σον
1173 884 1218 911 σὺν
1262 887 1359 921 χρυσῷ
1412 885 1456 912 καὶ
1498 884 1615 921 ὑακίνθῳ
1655 885 1906 923 σὐγκαουφασμένα.

1085 928 1155 963 ’Ήδη
1171 927 1199 956 δὲ
1215 929 1257 956 καὶ
1274 933 1323 964 τῆς
1338 930 1477 967 ἱερατικῆς
1501 929 1613 964 ἐσθῆτος
1640 930 1800 965 μιμήματα,
1826 929 1852 956 ἐν

1086 974 1195 1010 ἀσέμνῳ
1209 973 1296 1000 αὐτῶν
1314 975 1370 1008 (94)
1398 976 1455 1011 ζωῇ
1485 972 1520 1001 δι’
1549 971 1705 1011 ὑπερϐολῆν
1735 977 1841 1013 τρυφῆς
1866 973 1908 1010 ἐμ.-

1085 1021 1262 1056 παροινοῦσαι
1278 1021 1336 1048 τοῖς
1353 1018 1452 1056 ἁγίοις,
1468 1019 1495 1045 αἱ
1519 1019 1662 1056 θυγατέρες
1689 1022 1738 1053 τῆς
1764 1019 1837 1046 Σιὼν
1863 1028 1908 1045 περ

1086 1064 1237 1102 ριφὲρουσι,
1256 1062 1367 1100 βύσσινα
1396 1063 1439 1089 καὶ
1470 1063 1617 1099 ὑακίνθιναι,
1635 1063 1716 1090 ὁποῖα
1747 1062 1844 1090 ἐκεῖνοι
1858 1064 1908 1099 (95)

1086 1104 1213 1143 σύμϐολα
1237 1109 1291 1134 τῶν
1323 1107 1466 1145 στοιχείων
1495 1105 1738 1144 περιϐαλλόμενοι,
1760 1107 1786 1142 ἐξ
1816 1108 1853 1134 ὧν
1880 1108 1910 1134 τὰ

1086 1151 1171 1179 πάντα
1194 1150 1362 1186 συνέστηκεν,
1378 1151 1500 1188 εἰσῄεσαν
1526 1151 1563 1183 είς
1585 1152 1619 1178 τὰ
1647 1152 1710 1189 ἅγια
1739 1150 1774 1178 δι’
1799 1152 1908 1186 ἑαυτῶν,

1088 1196 1154 1232 ὑπὲρ
1169 1198 1217 1223 τοῦ
1239 1196 1344 1232 κόσμου
1372 1196 1418 1223 τὸν
1443 1196 1509 1223 Θεὸν
1538 1195 1706 1232 ἱλεούμενοι.
1732 1195 1837 1227 Βάσσος
1868 1196 1910 1233 μὲν

1085 1240 1135 1278 γὰρ
1163 1240 1221 1267 ἀντὶ
1249 1243 1299 1274 τῆς
1322 1243 1382 1278 γῆς’
1400 1241 1416 1274 ὴ
1445 1239 1473 1267 δὲ
1506 1240 1631 1272 ὑάκινθος
1655 1241 1713 1267 ἀντὶ
1740 1240 1790 1268 τοῦ
1818 1240 1908 1278 ἀέρος·

1086 1285 1129 1312 καὶ
1146 1285 1273 1323 πορφύρα
1288 1284 1346 1312 ἀντὶ
1374 1284 1422 1312 τοῦ
1451 1283 1559 1319 ὕδατος,
1574 1285 1619 1312 καὶ
1641 1285 1672 1312 τὸ
1700 1284 1827 1312 κόκκινον
1855 1285 1909 1312 ἀντὶ

1085 1331 1134 1357 τοῦ
1149 1329 1245 1366 πυρός·
1263 1329 1290 1356 αἱ
1306 1327 1334 1356 δὲ
1354 1329 1403 1356 οὐκ
1427 1329 1617 1366 ὲξαρκούμενοι
1633 1331 1743 1366 (96)τῷ
1770 1329 1796 1366 ἕξ
1824 1330 1907 1358 αὐτῶν

1086 1373 1193 1410 κόσμῳ,
1230 1373 1276 1400 καὶ
1318 1373 1419 1411 χρυσὸν
1458 1373 1548 1404 αὐτοῖς
1587 1373 1816 1412 συγκαθύφαινον,
1848 1374 1908 1411 ὑπὶρ

1086 1417 1228 1449 ποικιλίας
1257 1418 1301 1445 καὶ
1330 1417 1507 1449 πολυτελείας
1544 1417 1683 1449 πλείονος.
1710 1419 1758 1446 Καὶ
1789 1419 1909 1456 θὲρισ-τρα

1086 1463 1235 1491 κατάκλιτα
1257 1464 1324 1499 (9³1).
1348 1465 1439 1490 ’Έοικε
1459 1464 1489 1490 τὸ
1510 1461 1647 1501 θέριστρον
1676 1461 1822 1499 ἰπίόλημα
1846 1463 1907 1490 εἶναι

1089 1508 1204 1545 θερινόν·
1220 1508 1257 1538 ὡς
1277 1508 1320 1534 καὶ
1340 1504 1517 1545 περιϐάλλειν
1537 1507 1694 1543 δοκεῖν,καί
1719 1508 1756 1543 μή
1791 1507 1908 1545 βαρύνειν

1088 1552 1113 1579 έν
1129 1554 1167 1588 τῷ
1182 1551 1311 1579 καύσωνν
1330 1552 1366 1582 ὡς
1395 1551 1439 1579 καὶ
1471 1552 1496 1579 ἒν
1521 1551 1555 1588 τῇ
1580 1551 1684 1579 Γενέσει
1717 1553 1909 1589 μεμαθήκαμεν

1088 1597 1137 1630 τὴν
1167 1594 1306 1623 Ῥεϐέκκαν
1337 1596 1362 1623 ἐν
1395 1598 1429 1633 τῇ
1458 1607 1618 1629 συναντησει
1646 1598 1694 1623 τοῦ
1724 1597 1816 1624 Ἰσαὰκ
1839 1606 1908 1633 περι-

1088 1639 1264 1678 ϐαλλομένην
1292 1641 1323 1668 τὸ
1350 1641 1502 1679 θέριιπρον.
1518 1642 1551 1668 Ἃ
1569 1639 1597 1668 δὲ
1613 1643 1658 1667 νῦν
1675 1638 1820 1668 διαϐάλλει
1837 1641 1850 1668 ὁ
1866 1639 1908 1668 λό-

1088 1696 1148 1723 γος,
1179 1686 1303 1723 (ﬁcto-rp:
1332 1686 1449 1724 Λέγεται,
1476 1685 1508 1712 τὰ
1531 1685 1556 1712 ἐν
1586 1687 1626 1722 τῷ
1649 1684 1854 1717 κατακλίνεσθαι
1878 1683 1909 1712 δι’

1089 1727 1244 1768 ὑπερϐολὴν
1269 1732 1373 1767 τρυφῆς
1395 1733 1453 1761 ταῖς
1477 1729 1586 1761 κλίναις
1612 1727 1830 1766 έπιὸαλλόμενα.
1847 1730 1907 1757 Καί-

1087 1786 1130 1802 τοι
1159 1775 1199 1810 τὸ,
1215 1773 1375 1808 κατάκλιτα,
1393 1773 1455 1802 οὐδὲ
1481 1773 1659 1802 ἐκδεδώκασιν
1688 1775 1717 1801 οἱ
1741 1774 1846 1803 λοιποί.
1867 1774 1908 1801 Διὸ

1088 1819 1133 1847 καὶ
1149 1816 1307 1852 ὠϐέλισται,
1323 1819 1360 1850 ὡς
1376 1817 1469 1846 οὐδένα
1484 1821 1546 1846 νοῦν
1564 1818 1702 1858 ἐμφαῖνον.

1128 1954 1189 1981 130.
1220 1953 1270 1981 Καὶ
1306 1951 1377 1980 ἔσται
1421 1952 1479 1979 ἀντὶ
1507 1951 1592 1989 ἐσμ-ῆς
1620 1951 1724 1986 ἡδείας,
1753 1952 1908 1990 κονιορτὸς·

1091 1997 1136 2025 καὶ
1165 1997 1222 2024 ἀντὶ
1253 1997 1350 2032 ζώνης,
1381 1996 1497 2034 σχοινίῳ
1527 1997 1609 2034 ζώσῃ,
1632 1996 1676 2023 καὶ
1707 1996 1765 2024 ἀντὶ
1794 1999 1843 2024 τοῦ
1869 1996 1910 2023 κό-

1093 2044 1163 2078 σμοῦ
1192 2045 1241 2076 τῆς
1267 2039 1389 2078 κεφαλῆς
1415 2043 1464 2068 τοῦ
1500 2040 1615 2078 χρυσίου
1646 2041 1713 2077 (98),
1743 2041 1911 2079 φαλάκρωμνα

1091 2085 1158 2122 ἕξεις
1185 2085 1229 2113 διὰ
1255 2085 1289 2112 τὰ
1316 2085 1380 2123 ἔργα
1407 2096 1466 2113 σου.
1492 2085 1581 2122 Μέρος
1611 2088 1715 2122 τρυφῆς
1739 2085 1796 2113 ἐστι
1818 2085 1862 2113 καὶ
1886 2085 1912 2111 τὸ

1093 2131 1118 2158 ἐν
1137 2133 1196 2161 ταῖς
1222 2130 1320 2167 ὀσμαῖς
1344 2128 1408 2166 ἡδὺ,
1424 2129 1577 2169 φαρμάκοις
1599 2130 1668 2157 τισὶν
1699 2129 1912 2166 ἱκθυμιωμένοις

1093 2174 1388 2214 καταφαρμακευόντων
1424 2174 1469 2201 τὸν
1505 2173 1580 2212 ἀέρα,
1605 2174 1649 2201 καὶ
1681 2173 1776 2209 ἡδεῖαν
1813 2175 1913 2203 ἑαυτοῖς

1096 2219 1301 2257 μηχανωμένων
1327 2218 1474 2253 ἀναπνοήν.
1491 2219 1557 2249 Ταῖς
1582 2217 1626 2245 οὖν
1650 2217 1862 2256 διακεχυμέναις
1876 2217 1914 2255 ὑφ’

216 2267 252 2294 ab
262 2274 295 2294 eo
306 2265 355 2302 qui
372 2265 468 2293 minas
483 2265 618 2300 intentat,
631 2264 727 2301 pulvis
743 2265 927 2294 retribuetur.
940 2266 1038 2294 Pulvis

1096 2264 1207 2300 ἡδονῆς,
1224 2263 1268 2291 καὶ
1285 2263 1372 2300 ὀσμὴν
1396 2261 1488 2297 ἡδεῖαν
1515 2261 1726 2300 μηχανωμέναις
1755 2265 1790 2299 τῇ
1821 2263 1914 2301 ὀσφρή-

252 2364 274 2381 ⁶²
289 2363 378 2392 Exod.
393 2372 492 2398 xxvm,
507 2363 535 2392 5.
572 2363 596 2382 ⁶³
611 2363 682 2394 Gen.
697 2373 815 2399 xxxvm,
831 2365 874 2394 14.

254 2462 309 2500 (92)
325 2463 372 2492 Sic
388 2463 416 2491 in
434 2463 564 2500 quinque
580 2473 652 2492 mss.
669 2467 698 2492 et
722 2464 751 2492 in
773 2465 900 2493 editione
914 2464 1043 2493 Romana

219 2499 334 2535 legitur.
351 2500 478 2537 Additur
493 2499 576 2527 αὑτοῦ
592 2501 620 2528 in
643 2502 729 2529 editis
754 2505 782 2529 et
808 2502 835 2528 in
861 2502 930 2537 Reg.
949 2501 1043 2537 primo

219 2534 399 2572 po'strvocem
417 2534 514 2564 οἰκίαν.

257 2571 312 2607 (93)
329 2571 424 2600 Nostri
441 2581 491 2600 sex
514 2581 598 2604 mss,
614 2571 667 2598 τῶν
686 2571 830 2600 Λακώνων.
847 2572 919 2600 Hinc
943 2572 1043 2608 suspi-

219 2608 279 2636 cari
295 2608 442 2644 quispiam
460 2609 562 2645 possit,
578 2608 766 2645 Tilmannum
784 2609 820 2635 de
835 2617 888 2635 suo
904 2609 1042 2642 edidisse,

220 2646 370 2671 Λακαινῶν·
389 2644 568 2679 cumtamen
581 2644 705 2671 Laca=nae
719 2644 815 2671 Graece
829 2645 926 2679 potiua
943 2645 1043 2672 dican-

219 2682 270 2707 tur
284 2678 457 2716 Aa}:wvl85<.'
468 2681 525 2708 Hoc
548 2679 612 2716 ipso
638 2680 665 2706 in
692 2679 754 2707 loco
769 2678 840 2716 editi
855 2684 883 2716 et
899 2680 968 2716 Reg.
983 2681 1043 2716 pri-

220 2723 297 2747 mus,
316 2714 420 2743 ἃκατά.
439 2716 493 2743 Alii
511 2713 739 2750 quinquermissq
756 2713 783 2740 α’ί
797 2715 874 2749 κατά,
892 2713 977 2743 recte.

254 2751 311 2787 (91:)
327 2752 445 2787 Antiqui
462 2760 512 2779 sex
521 2749 721 2787 νΙὶὺνίζᾼαρτᾦν.
740 2751 827 2785 Editi,
844 2751 953 2778 ἑαυτῶν.

257 2786 312 2821 (95)
328 2785 422 2815 Codex
437 2788 482 2815 Fr.
502 2788 513 2814 1
531 2790 561 2815 et
575 2785 656 2819 editi,
672 2785 769 2819 ἐκεῖνα,
787 2787 871 2815 male.
889 2787 943 2814 Alii
958 2786 1045 2822 quine

221 2829 278 2858 que
292 2830 365 2850 mss.
382 2826 486 2860 praeter
499 2822 707 2851 Henricianum
720 2825 748 2850 et
757 2823 922 2860 Anglicum,
935 2822 1043 2857 ἐκεῖνοι,

1099 2465 1180 2492 bene.
1198 2463 1274 2499 Lege
1289 2462 1437 2490 Ducaaum.

1134 2500 1188 2536 (96)
1206 2494 1329 2536 lta'libri
1345 2498 1457 2534 antiqui
1468 2496 1691 2536 _omnes.,Editi,
1709 2494 1883 2536 apponeret:

1134 2530 1189 2571 (97)
1205 2535 1291 2563 Notat
1313 2530 1446 2566 Duczsus,
1466 2533 1666 2571 interpretem,
1681 2530 1758 2571 (ιμρά
1775 2530 1805 2559 in
1822 2530 1916 2571 Uibliis

1098 2565 1292 2599 Plautinianis
1307 2573 1336 2598 et
1351 2565 1532 2598 Germanicis
1545 2565 1682 2604 'legisset,
1691 2565 1827 2604 ’θέριστρα
1840 2565 1915 2604 κατά-

1097 2614 1219 2640 κλειστα,
1237 2607 1367 2640 vertisse,
1392 2606 1524 2633 theristra
1546 2603 1642 2632 clausa
1658 2613 1667 2631 :
1683 2603 1735 2631 sed
1752 2603 1916 2640 optimeju-

1098 2643 1204 2671 dicavit
1215 2643 1337 2671 Duczeus
1353 2651 1368 2669 e
1383 2642 1446 2669 suis
1462 2640 1612 2668 codicibus
1628 2639 1684 2675 legi
1695 2643 1841 2676 oportere,
1853 2639 1917 2676 θὲριτ

1099 2688 1163 2713 ατρα
1178 2677 1337 2711 κατάκλιτα,
1355 2679 1485 2706 iheristra
1501 2673 1678 2713 accubitoria
1702 2673 1853 2713 Iudicium
1868 2673 1918 2701 viri

1098 2711 1291 2742 eruditissimi
1308 2715 1436 2749 adjuvat,
1449 2713 1527 2749 quod
1541 2712 1582 2740 ita
1597 2719 1712 2748 quoque
1728 2712 1758 2739 in
1774 2711 1840 2739 aliis
1855 2718 1918 2746 qua-

1100 2754 1165 2778 tuor
1181 2759 1251 2777 mss.
1270 2750 1392 2785 legatur.

1135 2787 1188 2818 (98)
1206 2786 1279 2813 Editi
1297 2781 1374 2820 libri,
1389 2786 1438 2812 τοῦ
1453 2784 1567 2821 χρυσοῖ).
1585 2784 1621 2811 At
1635 2791 1685 2811 sex
1700 2791 1773 2811 mss.
1791 2784 1820 2812 et
1834 2781 1918 2812 editio

1100 2822 1241 2858 Romana,
1257 2823 1306 2849 τοῦ
1321 2821 1449 2860 χρυσίου.
