2009 3145
75 180 133 211 329

490 180 692 211 COMMENT.
714 181 753 211 IN
777 180 910 211 lSAIAM
937 180 1191 212 PROPHETAM.
1215 183 1300 213 CAP.
1323 182 1375 213 Ill.

1724 181 1784 214 330

79 255 127 279 σει,
142 245 288 282 κονιορτὸς
305 244 505 281 ἀντιδοθήσεται
605 246 656 273 ὑπὸ
684 248 732 273 τοῦ
761 244 905 273 ἀπειλοῦν-

968 249 1061 275 Iutem
1077 249 1121 276 est
1135 248 1233 276 tenuis
1256 251 1344 283 terra,
1359 249 1418 276 aeri
1443 249 1608 283 oommista,
1625 258 1688 286 quea
1712 250 1784 278 dum

78 300 135 321 τος.
154 290 250 324 Λεπτή
268 288 297 317 δέ
323 290 380 318 im
393 294 428 327 γῆ
445 291 463 325 ἡ
477 290 564 325 κόνις,
590 290 740 326 ἀναπεποιη
749 292 814 328 μένῃ
836 291 905 328 πρὸς

78 335 122 362 τὸν
149 333 234 371 ἀάρα,
266 333 410 362 δυσκολίαν
439 334 501 363 τινὰ
527 334 590 373 περὶ
618 335 667 370 τὴν
698 335 834 369 ἀναπνοὴν
860 334 904 362 καὶ

78 377 175 414 ἀηδίαν
206 377 318 413 πολλὴν
348 379 504 415 ἰμπονοῦσα
519 377 564 406 διὰ
579 379 627 413 οήν
643 378 783 418 ἔμφραξιν.
799 379 904 416 Μύροις

79 423 127 460 μὶν
155 423 207 462 γὰρ
235 424 280 450 καὶ
310 423 476 460 θυμιάμασιν
506 424 677 462 ἐπιτέρπεται
707 425 725 459 ἡ
750 424 827 461 ψυχὴ
853 424 904 460 (1),

76 467 150 496 ἀλλὰ
175 467 274 504 μύροις
287 470 347 500 τοῖς
362 471 568 505 πνευματικοῖς·
600 469 696 500 ὁποῖος
711 469 743 503 ἦν
769 469 783 496 ὁ
806 468 904 505 λέγων·

76 513 195 543 Χριστοῦ
232 511 332 540 εὐωδία
365 512 464 548 ἰσμὲν·
492 512 557 547 καὶ,
597 512 678 550 Χάρις
715 515 755 548 τῷ
780 514 839 548 Θεῷ
867 513 906 547 τῷ

76 557 128 590 τὴν
163 557 252 593 ὀσμὴν
299 560 350 591 τῆς
390 555 513 593 γνώσεως
553 556 634 584 αὐτοῦ
679 559 838 596 φανεροῦντι
879 555 905 583 ἐν

77 601 159 628 παντὶ
186 600 274 637 τόπῳ.
304 601 439 636 Τοιαύτης
474 599 690 638 ἀντελαμϐάνετο
722 601 810 637 ὀσμῆς
838 600 907 628 ἀπο-

76 645 214 679 πνεούσης
238 647 288 672 τοῦ
318 643 416 672 Ἰακὼϐ
441 645 456 673 ὁ
485 646 575 683 πατὴρ
604 646 706 674 Ἰσαάκ·
737 644 807 672 Ἰδοὺ
833 645 905 681 ὀσμὴ

76 692 125 717 τοῦ
155 691 215 717 υἱοῦ
244 700 307 726 μου,
337 690 374 721 ὡς
402 690 475 726 ὀσμὴ
504 690 588 728 ἀγροῦ
616 689 751 727 πλήρους,
777 689 806 716 ὅν
827 688 906 717 εὐλό-

75 745 143 772 γησε
173 736 210 771 (2)
241 734 349 772 Κύριος.
376 734 425 762 Καὶ
448 735 476 761 αἱ
491 734 516 762 ἐν
543 737 582 770 τῷ
610 732 774 770 ’ᾊσματιὸὶ
788 732 906 764 νεάνιδες

75 779 237 815 αἰσθόμεναι
260 782 312 814 τῆς
336 779 465 817 οὐρανίου
490 778 607 810 εὐωδίας
621 781 669 806 τοῦ
683 779 784 816 Λόγου,
801 775 905 816 ἔλεγον·

75 823 123 854 Εἷς
141 824 233 859 ὸσμήν
264 823 356 860 μύρων
384 834 432 851 σου
462 822 631 860 δραμοῦμεν.
648 823 697 850 Καὶ
722 824 752 850 τὸ
776 822 906 861 ἀρχιερα-

74 867 150 896 τιχὸν
167 866 197 895 δὲ
210 867 316 906 χρίσμα
342 867 426 906 μύρον
450 869 483 903 ἦν
507 867 591 896 καλὸν
616 868 661 896 καὶ
676 867 800 906 τερπνὸν,
825 866 906 895 ἀδελ-

75 915 133 952 φῶν
151 912 283 950 συναφείᾳ
297 914 505 950 παρεικάζεσοαι
531 911 615 947 ἄξιον.
642 913 677 940 Τὸ
701 914 824 940 τοιοῦτον
855 911 905 948 μύ-

76 967 123 994 ρον
138 957 268 994 τεχνίτου
291 955 388 992 δεῖται,
413 957 466 984 ἀπὸ
488 959 554 986 Θεοῦ
577 954 709 988 λαϐόντος
723 957 773 992 τὴν
792 957 907 993 μυρεψι-

74 1003 126 1036 κὴν
156 1001 280 1040 τέχνην,
309 1001 347 1033 εἰς
374 1002 404 1029 τὸ
428 1005 541 1036 ποιῆσαι
569 1002 676 1040 χρίσμα
708 1003 793 1040 (Ξίγιον¹
818 1001 833 1028 ’ὀ
858 1001 908 1028 οὐκ

78 1044 244 1082 ἀναϐήσεται
271 1047 310 1078 εἷς
335 1047 421 1085 σάρκα
445 1047 600 1085 ἀνθρώπου.
619 1048 701 1075 Ὅταν
721 1047 811 1084 μέντοι
839 1046 906 1083 πρὸς

79 1091 230 1120 ἀκολασίαν
250 1092 282 1119 τὸ
307 1091 360 1126 ἡδὺ
382 1095 431 1126 τῆς
448 1092 537 1128 ὀσμῆς
553 1090 757 1126 ἐπιτηδεύηται,
787 1090 908 1129 ἐμφράσ-

79 1147 153 1164 σιται
185 1137 238 1164 ὑπὸ
263 1138 312 1164 τοῦ
339 1138 483 1174 κονιορτοῦ
520 1137 534 1163 ὁ
562 1136 647 1173 πόρος
673 1139 723 1170 τῆς
747 1135 908 1171 αἰσθήσεως,

80 1181 287 1219 εὐεργετοῦντος
300 1183 348 1208 τοῦ
363 1183 446 1208 ταῦτα
462 1180 552 1211 αὐτοῖς
569 1180 778 1216 οἱκονομοῦντος
797 1179 908 1215 Κυρίου.

80 1228 164 1264 Τάχα
179 1225 208 1253 δὶ
235 1225 293 1253 ἐπεὶ
311 1225 338 1253 ἐν
352 1227 393 1262 τῷ
407 1227 464 1261 ναῷ
478 1225 511 1259 ἦν
525 1225 559 1252 τὰ
573 1223 718 1261 ἡδύσματα
731 1228 781 1260 τῆς
807 1224 908 1260 ὀσμῆς,

77 1271 109 1298 τὸ
123 1281 154 1298 τι
183 1270 268 1308 μύρον
294 1273 344 1305 τῆς
369 1270 498 1308 χρίσεως,
521 1269 567 1297 καὶ
586 1270 617 1297 τὸ
633 1268 757 1306 θυμίαμα
770 1272 819 1303 τῆς
847 1278 906 1295 συν-

78 1316 192 1345 Θὲσεως·
222 1314 371 1353 ηνερῥίφη
388 1313 417 1342 δὶ
432 1315 446 1341 ὁ
461 1314 534 1349 ναὸς,
560 1313 604 1341 καὶ
627 1310 683 1341 ἔστι
708 1315 753 1341 νῦν
778 1313 804 1340 ἐν
821 1312 909 1348 κονίᾳ,

77 1360 245 1397 ινα-τραπεὶς
269 1359 313 1386 καὶ
337 1362 410 1386 κάτω
431 1358 566 1395 κείμενος,
592 1358 650 1385 ἀντὶ
676 1359 725 1392 τῆς
739 1368 805 1386 ποτε
821 1358 909 1394 ὀσμῆς

79 1408 130 1439 τῆς
146 1403 241 1438 ἡδείας
256 1403 324 1431 κατὰ
347 1404 397 1438 τήν
421 1403 536 1439 νομικὴν
561 1403 698 1440 λατρείαν,
716 1404 760 1430 νῦν
778 1403 816 1439 (3)
841 1412 912 1432 κονι,

78 1448 162 1486 ορτός
189 1448 246 1475 ἔστι
276 1446 320 1475 διὰ
346 1448 391 1479 τὰς
421 1447 594 1485 πορευθείσας
619 1445 719 1484 ὑψηλῷ
742 1446 786 1474 καὶ
812 1447 911 1474 ἀνυπο-

78 1494 173 1529 τάκτῳ
188 1492 325 1530 τραχήλῳ
353 1493 454 1530 ψυχάς
472 1493 512 1520 οἷς
528 1492 573 1519 καὶ
598 1490 714 1527 εἷ’ρηται.
737 1490 807 1518 Ἰδοὺ
836 1491 912 1530 ἀφίε-

81 1549 127 1566 ται
157 1537 224 1574 ὑμῖν
253 1538 268 1564 ὁ
293 1538 368 1568 οἶκος
399 1537 474 1573 ὑμῶν
501 1534 616 1575 ἕρημος.
641 1537 744 1571 Ἔξεστι
763 1535 854 1572 μέντοι
870 1535 914 1562 αὐ-

78 1586 153 1617 ταῖς,
200 1581 244 1609 ἆὰν
287 1581 453 1619 βούλωνται,
495 1579 712 1617 ἐκτιναξαμιναις
756 1580 801 1607 τὸν
833 1582 912 1617 χοῦν,

961 294 1075 320 meatus
1090 293 1390 328 obstruit,quamdam
1403 293 1566 329 respirandi
1582 294 1784 323 difﬁcultatem

960 339 987 364 et
996 337 1161 365 molestiam
1174 337 1297 365 multam
1310 340 1396 365 creat.
1407 338 1442 365 Et
1451 338 1570 374 quidem
1583 339 1741 374 unguentis
1751 347 1785 367 ac

961 381 1062 408 sumtu
1070 381 1398 415 delectaturanima,sed
1406 382 1563 418 unguentis
1569 382 1784 419 spiritualibus;

960 426 1126 460 cuiusmodi
1143 430 1205 454 erat
1221 428 1271 462 qui
1287 426 1402 454 dicebat
1416 435 1421 454 :
1443 427 1545 454 Christi
1559 427 1644 455 bonus
1659 428 1725 456 odor
1738 435 1785 455 .m-

959 478 1021 497 mus
1036 471 1067 498 ³⁵.
1086 471 1128 502 Et,
1146 470 1239 498 Gratia
1254 471 1307 499 Deo
1333 472 1381 506 qui
1395 471 1506 499 odorem
1526 472 1636 500 notitiae
1649 479 1710 500 suae
1722 479 1786 499 ma-

961 516 1074 550 nifestat
1090 516 1119 543 in
1143 517 1221 543 omni
1236 516 1292 543 loco
1316 516 1348 543 ”.
1365 515 1459 544 Odore
1474 516 1618 552 ejusmodi
1640 518 1786 553 fragrante

961 559 1042 588 Isaac
1057 559 1158 588 Jacobi
1176 564 1258 596 pater
1272 560 1476 588 recresbatur:
1487 561 1554 589 Ecce
1567 561 1634 589 odor
1647 561 1703 597 ﬁlii
1716 562 1785 596 mei,

960 604 1031 631 sicut
1044 604 1110 632 odor
1124 605 1187 638 agri
1199 605 1287 640 pleni,
1303 606 1350 633 cui
1366 604 1504 633 benedixit
1518 606 1649 633 Dominus
1662 606 1695 634 ⁵⁸.
1711 606 1786 638 Quin

962 649 990 675 et
1006 648 1035 675 in
1051 649 1168 677 Cantico
1193 649 1417 677 adolescentulo:
1439 649 1586 678 caelestem
1611 653 1788 686 gratumque

961 691 1048 719 Verbi
1064 693 1182 720 odorem
1199 693 1370 728 sentientes,
1388 693 1524 721 dicebant
1542 702 1548 721 :
1564 696 1598 722 In
1613 695 1721 722 odorem
1735 702 1787 722 un-

961 741 1124 771 guentorum
1149 739 1258 765 tuorum
1281 746 1423 766 curramus
1435 738 1467 765 δ”.
1484 739 1538 766 Sed
1555 741 1584 766 et
1603 738 1786 774 pontiﬁcium

961 781 1092 809 chrisma
1107 785 1291 818 unguentum
1303 784 1365 810 erat
1375 782 1484 810 bonum
1501 785 1529 810 et
1543 783 1692 811 obiectans
1705 782 1787 817 ⁸⁸,ᾶί-

960 834 1052 862 gnum
1081 827 1158 862 quod
1189 827 1313 854 fratrum
1335 827 1497 855 concordis
1512 830 1733 864 compararetur
1752 828 1786 854 δ’.

962 871 1113 906 Ejusmodi
1126 872 1310 907 unguentum
1327 872 1405 899 470
1420 871 1532 908 indiget
1546 871 1723 908 artiﬁce,qui
1737 880 1787 900 ac-

961 915 1051 951 cipiat
1058 916 1133 943 abeo
1140 918 1231 944 artem
1242 915 1649 951 unguentariam,utchrismu
1656 918 1787 944 sanctum

962 959 1107 993 conﬁciat,
1129 961 1206 994 quod
1236 960 1265 987 in
1295 968 1413 988 carnem
1445 960 1573 988 hominis
1601 968 1788 997 nequaquam

963 1004 1102 1032 ascendet
1115 1005 1148 1031 ⁷ο.
1166 1005 1287 1036 Quando
1302 1004 1395 1040 igitur
1409 1005 1540 1033 suavitas
1555 1005 1652 1033 odoris
1667 1005 1790 1041 instigat

963 1049 999 1077 ad
1014 1049 1179 1082 libidinem,
1197 1052 1312 1077 meatus
1336 1049 1437 1077 sensui
1461 1049 1622 1078 inserviens
1641 1049 1789 1086 oppilatur

963 1093 1091 1129 pulvere,
1103 1093 1181 1128 quod
1199 1094 1231 1120 ﬁt
1247 1093 1362 1121 Domini
1378 1093 1438 1121 hac
1453 1094 1496 1122 eis
1512 1094 1662 1130 largientis
1677 1094 1789 1122 beneﬁ-

963 1138 1018 1166 cio.
1036 1139 1169 1165 Fortasse
1184 1140 1293 1173 autem,
1311 1138 1389 1174 quod
1404 1138 1434 1165 in
1446 1138 1555 1174 templo
1569 1141 1653 1166 erant
1664 1138 1787 1166 odorum

964 1182 1312 1217 condimenta,unctionis
1325 1181 1457 1210 videlicet
1466 1185 1693 1218 unguentum,et
1707 1191 1788 1211 com-

964 1226 1120 1263 positionis
1129 1226 1293 1262 thymiama
1305 1227 1453 1261 ;dirutum
1464 1230 1561 1255 autem
1573 1229 1619 1256 est
1630 1227 1787 1264 templum,

960 1273 1184 1307 jacetquenuno
1192 1271 1221 1298 in
1230 1270 1493 1306 pulvere.eversum
1505 1274 1534 1300 et
1543 1271 1789 1307 humidejectum,

966 1323 1018 1351 pro
1030 1318 1112 1351 grato
1123 1315 1303 1350 odorejuxta
1310 1314 1435 1351 legalem
1441 1315 1554 1343 cultum
1562 1315 1632 1343 olim
1644 1316 1791 1351 fragrante

966 1367 1045 1387 nunc
1061 1360 1156 1395 pulvis
1172 1362 1226 1392 est,
1242 1360 1278 1387 ob
1294 1368 1344 1387 eas
1359 1360 1485 1394 animas,
1500 1368 1565 1395 quea
1588 1362 1684 1388 erecto
1698 1361 1728 1388 et
1743 1359 1789 1387 in-

966 1403 1112 1432 tractabili
1141 1403 1216 1431 collo
1243 1403 1440 1437 ambulavere,
1456 1404 1564 1439 quibus
1586 1404 1697 1431 dictum
1723 1406 1791 1431 est:

966 1449 1031 1476 Ecce
1052 1448 1223 1483 relinquitur
1246 1448 1319 1476 vobis
1333 1447 1428 1476 domus
1452 1449 1540 1476 vestra
1564 1448 1673 1476 deserta
1687 1447 1722 1474 '“.
1738 1449 1791 1475 At-

969 1496 1068 1520 tamen
1084 1493 1109 1520 si
1125 1492 1281 1525 voluerint,
1293 1491 1360 1520 licet
1375 1492 1428 1526 eis,
1439 1500 1562 1520 excusso
1578 1491 1792 1528 pulvere,suavi

967 1536 1076 1565 Christi
1096 1537 1184 1564 odore
1210 1536 1358 1571 compleri,
1377 1537 1538 1565 secundum
1563 1537 1794 1565 admonitionem

969 1582 1034 1616 ejus
1050 1581 1100 1617 qui
1116 1580 1186 1608 dicit
1203 1589 1209 1607 :
1228 1581 1329 1608 Excute
1347 1581 1487 1616 pulverem
1501 1583 1589 1615 tuum,
1602 1583 1629 1609 et
1640 1589 1734 1617 surge,
1748 1581 1794 1609 Je—

84 1618 301 1661 ἀναπλησῡῆναι
329 1629 378 1661 τῆς
407 1624 522 1657 εὐωδίας
537 1627 655 1663 Χριστοῦ
670 1625 738 1652 κατὰ
751 1626 800 1660 τήν
814 1624 910 1662 παραί-

971 1626 1104 1661 riualem,
1120 1627 1148 1653 et
1163 1625 1277 1653 induere
1291 1625 1409 1660 gloriam
1427 1625 1536 1654 brachii
1550 1627 1591 1654 tui
1605 1627 1638 1653 ⁷⁸.

82 1682 157 1699 νεσιν
181 1681 234 1698 του
263 1670 408 1709 λὲγοντος·
439 1670 590 1704 Ἐκτίναξαι
621 1669 668 1696 τὸν
692 1671 759 1706 χοῦν
788 1679 855 1706 σου,
885 1669 931 1697 καὶ
959 1669 1110 1704 ἀνάστηθι,
1136 1667 1328 1706 Ἰερουσαλὴμ,
1357 1669 1402 1696 καὶ
1431 1667 1537 1697 ἔνδυσαι
1559 1670 1610 1704 τήν
1640 1668 1718 1704 δόξαν
1747 1671 1796 1697 τοῦ

84 1715 241 1754 βραχίονός
256 1725 314 1742 σου.

119 1761 186 1789 131.
215 1760 268 1788 Καὶ
292 1759 351 1787 ἀντὶ
378 1759 467 1794 ζώνης
483 1758 598 1796 σχοινίῳ
615 1758 700 1796 ζώσῃ.
717 1759 851 1786 Ζώννυται
866 1758 914 1795 μὲν

79 1806 131 1839 τὴν
150 1804 238 1843 ὀσφὺν
254 1804 281 1832 ἐν
297 1803 412 1840 ἀληθείᾳ
427 1804 442 1831 ὁ
456 1803 525 1831 κατά
538 1803 602 1831 Θεὸν
618 1802 915 1839 ζωννύμενος.¹οποἶος

80 1851 116 1884 ἦν
151 1850 166 1876 ὁ
199 1849 310 1887 Πέτρος,
329 1847 453 1876 ἐκτείνων
482 1848 529 1878 τὰς
563 1850 669 1885 χεῖρας,
685 1847 730 1874 καὶ
747 1847 917 1884 ζωννύμενος

83 1894 124 1925 εἰς
141 1895 190 1921 τὸν
210 1893 277 1930 iri-rip
294 1893 410 1930 Χριστοῦ
435 1891 560 1928 πόλεμον
590 1891 643 1919 ὑπὸ
668 1894 723 1919 τῶν
752 1891 789 1922 εἰς
803 1892 834 1919 τὸ
850 1891 917 1929 ὒπὶρ

82 1940 135 1972 τῆς
160 1937 293 1972 ἀληθείας
319 1937 399 1964 αὐτὸν
427 1935 574 1974 μαρτύριον
603 1935 684 1973 μέχρι
705 1935 820 1967 θανάτου
846 1944 919 1972 προ-

83 1982 280 2018 καλουμένων.
305 1982 336 2010 Ὀ
363 1981 409 2018 μὶν
439 1979 484 2008 οὖν
513 1981 590 2018 ἇίγιος
616 1980 809 2017 περιζώννυται
839 1978 919 2007 δόνα-

87 2038 147 2063 μιν.
179 2027 212 2055 Ὁ
241 2026 304 2056 Θεὸς
327 2026 402 2064 γὰρ,
431 2025 525 2064 φησὶν,
555 2025 569 2051 ὁ
598 2023 786 2061 περιζωννύων
817 2034 850 2060 με
874 2022 920 2051 δύ-

84 2080 183 2108 ναμιν
216 2071 230 2098 ὁ
260 2069 289 2097 δὲ
316 2069 452 2101 ἀπολέσας
476 2070 527 2104 τὴν
559 2069 647 2104 ζώνην
675 2068 788 2104 ταύτην,
811 2071 852 2104 τῷ
882 2066 921 2095 δε-

88 2118 156 2152 σμῷ
183 2117 239 2142 τῶν
272 2113 349 2142 iliin
379 2115 519 2152 ἁμαρτιῶν
537 2113 682 2148 ζώννυνται-
714 2111 783 2141 διότι
813 2114 920 2150 Σειραῖς

84 2163 146 2188 τῶν
185 2158 266 2187 ΐδίων
295 2160 434 2196 ἁμαρτιῶν
459 2156 571 2189 ἕκαστος
600 2157 751 2197 σφίγγεται.
781 2159 828 2185 Ὧν
858 2157 923 2194 σόμ-

88 2203 178 2233 ϐολον
195 2205 229 2238 ἧν
257 2204 289 2231 τὸ
315 2203 345 2231 ἐκ
373 2202 501 2241 σχοινίων
525 2202 704 2240 φραγέλλιον,
721 2201 861 2238 ἑξελαῦνον
874 2203 923 2229 τοῦ

86 2251 169 2287 ἱεροῦ
183 2248 250 2280 τοὺς
267 2245 452 2285 βεϐηλοῦντας
479 2248 513 2274 τὰ
540 2248 615 2284 ἅγια,
632 2246 784 2278 δεικνύντος
807 2249 856 2274 τοῦ
872 2249 923 2274 Ku-

1008 1759 1069 1787 131.
1084 1759 1117 1786 Et
1138 1766 1188 1794 pro
1207 1766 1277 1787 zona
1300 1759 1428 1794 funiculo
1451 1759 1578 1795 cingar-is.
1596 1759 1650 1792 Qui
1673 1759 1795 1795 quidem

972 1804 1134 1832 secundum
1144 1803 1236 1831 Deum
1247 1804 1362 1831 cinctus
1373 1804 1496 1839 est,ejus
1507 1803 1627 1831 lumbus
1638 1804 1668 1830 in
1680 1803 1800 1830 veritate

972 1848 1111 1884 cingitur.
1137 1848 1289 1883 Ejusmodi
1313 1851 1378 1876 erat
1400 1848 1518 1882 Petrus,
1543 1848 1592 1884 qui
1617 1847 1800 1883 expaudebat

973 1895 1128 1927 manus,“
1139 1893 1175 1920 ad
1187 1891 1296 1920 bellum
1307 1901 1358 1928 pro
1369 1892 1485 1920 Christo
1495 1892 1703 1920 sustinendum
1711 1892 1748 1919 ab
1764 1891 1802 1919 iis

974 1937 1192 1972 accingebatur,
1203 1936 1252 1972 qui
1269 1945 1336 1964 eum
1352 1936 1389 1964 ad
1402 1938 1526 1964 mortem
1541 1944 1635 1973 usque
1650 1944 1740 1964 causa
1756 1938 1800 1964 to-

964 1981 1108 2010 .stimouii
1123 1980 1256 2008 veritatis
1273 1981 1480 2016 provocabunt.
1494 1983 1620 2009 Sanctus
1632 1981 1732 2016 itaque
1746 1979 1802 2008 cir-

975 2025 1174 2060 cumcingitur
1189 2025 1297 2052 virtute
1313 2033 1320 2052 :
1338 2025 1407 2052 Deus
1416 2025 1613 2060 enim,inquit,
1623 2026 1672 2060 qui
1682 2025 1801 2053 circum-

975 2070 1068 2106 cingit
1081 2077 1124 2097 me
1133 2070 1231 2096 virtute
1241 2069 1264 2086 ⁷³
1277 2077 1284 2103 ;
1294 2071 1324 2097 at
1332 2077 1435 2096 zonam
1448 2069 1524 2097 hanc
1534 2069 1803 2105 perdidit,cingitur

976 2113 1094 2142 vinculo
1110 2115 1296 2149 peccatorum
1313 2121 1446 2145 suorum,
1461 2113 1538 2148 quod
1556 2113 1666 2141 Caleni:
1678 2117 1801 2148 peccato-

977 2167 1042 2186 rum
1057 2165 1174 2185 suorum
1196 2158 1385 2193 unusquisque
1408 2158 1607 2193 constringitur
1622 2158 1655 2185 “¹⁴.
1672 2158 1802 2189 Quorum

977 2202 1145 2230 dilictorum
1171 2201 1337 2238 symbolum
1352 2204 1414 2230 erat
1439 2201 1587 2237 ﬂagellum
1605 2201 1678 2230 illud
1693 2210 1710 2230 ο
1724 2201 1803 2230 funi-

979 2246 1054 2274 culis
1076 2249 1256 2281 contextum,
1273 2254 1329 2281 quo
1344 2246 1459 2282 expulsi
1475 2249 1545 2274 sunt
1559 2254 1575 2274 e
1590 2246 1700 2282 templo
1714 2246 1734 2274 ii
1754 2245 1805 2282 qui

86 2295 162 2333 ρίου,
193 2292 237 2320 ὅτι
266 2292 372 2329 ἑκάστῳ
402 2293 529 2330 μάστιγες
557 2292 585 2319 αἱ
617 2292 714 2319 οἰκεῖαι
743 2291 845 2319 πλοκαὶ
870 2293 909 2318 τῶ

978 2293 1080 2319 sancta
1102 2291 1344 2326 profanabant“.
1361 2290 1540 2318 Ostendebat
1563 2290 1641 2319 enim
1662 2290 1806 2319 Dominus

87 2340 236 2376 ἁμαρτιῶν
263 2337 398 2375 γίνονται,
421 2336 467 2364 καὶ
485 2336 640 2372 μαστίζιται
670 2336 804 2373 σχοινίοις
831 2336 922 2373 ἁμαρ-

87 2386 160 2411 τιῶν
191 2385 251 2413 τοῖς
265 2381 511 2419 περιπλεκομένοις
541 2380 623 2417 αὐτῷ·
651 2381 724 2409 Ἀντὶ
755 2379 783 2408 δὶ
801 2382 850 2408 τοῦ
874 2380 923 2407 κό-

89 2437 167 2464 σμου
208 2430 259 2461 τῆς
296 2424 417 2465 κεφαλῆς
449 2427 498 2452 τοῦ
525 2424 642 2462 χρυσίου
672 2426 720 2462 (4),
751 2424 925 2464 φαλάκρωμα

128 2506 156 2523 ⁸⁵
171 2505 197 2531 ll
213 2505 277 2531 Cor.
294 2511 325 2535 ιι,
342 2503 384 2531 15.
423 2503 446 2520 ⁸⁸
461 2502 533 2530 ibid.
552 2503 594 2530 14.
633 2502 655 2520 ⁸⁸
671 2502 742 2530 Gen.
757 2510 842 2536 xxvu,
859 2501 905 2528 27.

942 2501 964 2518 °"
979 2502 1061 2528 Cant.
1079 2509 1099 2535 ι,
1115 2501 1142 2527 3.
1180 2500 1202 2517 ⁸⁸
1217 2500 1305 2528 Exod.
1323 2508 1387 2535 xxx,
1405 2501 1449 2527 25.

979 2335 1113 2372 proprios
1128 2337 1315 2371 peccatorum
1338 2343 1430 2363 nexus
1445 2343 1498 2363 ceu
1513 2334 1630 2371 ﬂagella
1645 2334 1806 2370 unicuique

978 2380 1087 2412 inesse,
1103 2381 1131 2407 et
1146 2379 1209 2407 suis
1235 2387 1379 2415 quemque
1404 2381 1588 2414 peccatorum
1612 2378 1751 2407 funiculis
1775 2387 1806 2407 se

979 2423 1289 2459 circumplectentibus
1305 2423 1457 2459 ﬂagellari.
1471 2425 1525 2452 Pro
1539 2425 1638 2452 ornatu
1651 2425 1743 2452 autem
1757 2431 1806 2453 ca-

1487 2501 1510 2518 ”
1527 2500 1600 2528 Psal.
1616 2508 1721 2535 cxxxn,
1737 2499 1763 2536 Ι,
1777 2501 1804 2527 2.

90 2543 113 2560 ⁷⁵
130 2539 229 2570 Exod.
245 2547 311 2572 xxx,
324 2539 369 2566 32.
407 2539 428 2557 '“
447 2539 514 2567 Luc.
530 2546 583 2572 xu,
596 2538 641 2566 35.
679 2538 701 2555 ⁷³
714 2540 770 2566 Isa.
788 2546 836 2565 LII.
851 2537 879 2564 2.

968 2536 1031 2564 ’sal.
1049 2544 1117 2570 xvu,
1133 2536 1178 2563 33.
1215 2536 1238 2553 ’⁸⁵
1254 2536 1336 2564 Prov.
1352 2544 1380 2570 v,
1395 2537 1439 2564 22.
1477 2536 1499 2554 ⁷⁸
1513 2535 1596 2565 Joan.
1614 2537 1701 2571 11,15.

127 2626 197 2662 (ορ),
208 2626 252 2662 ita
267 2623 360 2652 nostri
383 2631 434 2652 sex
449 2623 518 2651 libri
542 2622 669 2659 antiqui.
685 2621 761 2650 Editi
773 2630 851 2656 vero,
866 2620 929 2648 ἀντ-

93 2660 312 2695 αποδοθήσςται.

131 2698 173 2736 (1)
191 2692 446 2736 vetereaaliquot
460 2694 539 2729 libri,
555 2694 572 2729 ἡ
588 2693 676 2732 ψυχή.
695 2694 796 2722 Deerat
820 2692 928 2721 articu-

96 2731 349 2772 lueringzlalsmis

503 2767 533 2794 at
556 2749 697 2806 articulus
712 2765 742 2792 in
758 2763 931 2806 nostris_ssx

99 2798 174 2833 ωὲεῖ
192 2811 253 2832 non
274 2798 398 2838 'legitu'r.
413 2798 523 2830 Ibidem
538 2802 677 2838 quinque
691 2799 837 2838 mss.,_ml
853 2799 880 2838 aii
894 2798 930 2828 ἐν.

101 2841 179 2870 Editi
195 2843 227 2869 et
250 2835 324 2875 Reg:
351 2838 476 2874 primus,
501 2835 563 2865 xui“
577 2835 838 2867 tv.'Rursus'hoc
866 2835 931 2871 ipso

267 2903 404 2945 Penus
426 2901 482 2945 σεε
501 2901 600 2945 Χῖαι

984 2621 1014 2658 in
1030 2620 1094 2649 loco
1110 2629 1160 2650 sex
1184 2629 1256 2650 mss.
1272 2620 1388 2652 νεάνιδες
1417 2620 1586 2658 αἰσθόμεναι,
1602 2619 1690 2656 Editi,
1713 2617 1806 2646 οἶσθα-

983 2656 1214 2729 νόίίῖξῖοῧοουιαω
1230 2693 1276 2729 νῦν
1291 2700 1325 2720 ex
1341 2692 1518 2729 nostrisqsex
1539 2699 1612 2729 mes.
1628 2690 1808 2729 addidimus.

984 2725 1042 2756 Nec
1051 2725 1099 2757 'ita
1114 2729 1207 2756 multo
1230 2728 1306 2756 infra
1321 2729 1430 2765 vulgati
1454 2728 1532 2762 libri,
1548 2726 1654 2764 εἴρηται
1668 2725 1710 2754 τό.
1727 2727 1764 2754 At
1779 2726 1809 2754 in

986 2773 1058 2793 mss.
1075 2764 1212 2793 omnibus
1228 2765 1311 2792 deest
1324 2764 1366 2792 τό.

1023 2800 1062 2837 (li)
1077 2801 1164 2836 Editi,
1182 2802 1296 2838 χρυσοῦ.
1312 2801 1349 2829 At
1362 2806 1436 2828 mss.
1452 2798 1595 2834 quinque;
1611 2797 1738 2836 χρυσίου.

1613 2898 1651 2931 ιι
