2009 3145
183 176 242 208 339

661 173 861 205 APPENDIX
883 171 1046 204 OPERUM
1070 170 1103 200 S.
1127 170 1264 201 BASILII
1286 169 1422 201 MAGNI.

1831 173 1889 203 340

185 242 278 270 Deum
306 241 487 277 conspiceret
505 241 537 268 ⁸⁸.
567 240 710 273 Quoniam
741 239 830 276 igitur
857 237 1024 274 aﬂ‘ulgebit.

1074 234 1162 274 lsmplq
1203 237 1250 262 τοῦ
1293 237 1361 263 Θιοῦ
1401 237 1530 274 γενέσθαι.
1572 237 1647 264 Ἐπεὶ
1685 235 1730 264 οὗν
1770 236 1887 274 ὲοιλάμ-

185 286 264 314 Deus
278 286 308 313 in
324 285 447 314 consilio
463 293 530 313 cum
546 285 650 321 gloria,
665 285 712 312 his
736 284 851 312 duobus
873 284 931 311 duo
957 282 1009 310 ad-

183 330 293 367 junxit,
313 330 465 363 nimirum,
489 334 519 357 ut
543 330 646 357 exultet
669 331 694 357 et
717 329 851 364 gloriﬁcet
868 337 876 355 :
893 336 951 363 quo
966 327 1010 354 in-

187 374 305 410 telligus
324 383 432 402 munus
457 382 521 402 esse
545 373 661 402 consilii
683 374 807 402 exaltare
831 372 929 409 glorias
944 379 1010 399 vero

187 419 362 455 gloriﬁcare.

225 464 286 491 136.
296 463 385 491 Vsus.
397 463 423 490 3.
439 465 471 491 Et
485 463 549 495 erit,
561 463 633 498 quod
647 463 785 499 reliquum
798 463 884 498 fuerit
899 462 926 489 in
945 461 1012 489 Sion

188 513 214 536 et
229 509 300 544 quod
314 508 441 536 relictum
450 507 539 544 fuerit
555 509 584 535 in
599 508 760 541 Jerusalem,
772 508 862 535 sancti
876 506 1011 534 vocabun-

187 555 235 580 tur
249 560 341 580 omnes
366 553 464 587 scripti
478 552 512 579 ad
527 553 612 579 vitam
636 553 666 579 in
690 552 853 580 Jerusalem.
870 550 1011 586 Reliquim

188 596 304 624 Israelis
315 597 478 624 secundum
488 596 658 624 electionem
668 597 767 632 gratiis
776 596 1012 630 ’6',vocabuntur

187 640 292 674 sancti,
303 642 332 668 et
342 641 566 669 conscribentur
582 641 618 668 ad
633 640 721 668 vitam
738 641 767 668 in
783 639 959 672 Jerusalem,
976 638 1011 666 il-

188 685 306 713 lustrati
318 685 368 713 Dei
382 685 518 720 adventu,
528 688 556 712 et
568 685 661 721 gloria
671 685 765 721 ipsius
776 684 902 712 exaltati.
915 683 1012 712 Sancti

187 730 372 758 vocabuntur
386 729 426 763 hi,
443 738 517 765 quos
534 729 589 757 sibi
613 729 670 765 ipsi
695 729 815 764 reliquit
830 729 917 762 Deus,
934 728 1010 764 quod

189 774 297 802 imitati
322 774 382 802 sint
405 781 454 801 eos
470 774 519 809 qui
541 782 598 802 non
618 775 812 802 curvaverunt
840 781 915 809 genu
946 775 1012 800 ante

191 818 258 847 Busl
267 819 433 851 "Quanam
445 821 543 846 autem
560 819 672 846 ratione
682 818 755 846 alios
766 818 883 854 quidem
893 818 921 844 in
931 817 1011 851 Sion,

191 863 264 891 alios
279 871 346 890 vero
362 863 391 890 in
401 862 584 890 Jerusalem?
599 863 711 896 Quiain
727 863 764 890 iis
777 863 828 898 qui
839 863 873 890 ad
886 861 1012 890 salutem

191 907 373 944 pertingunt,
393 907 550 935 discrimen
571 909 640 935 est:
658 907 894 943 quandoquidem
919 914 1011 933 unus-

190 951 317 988 quisque
331 951 360 979 in
376 959 431 980 suo
446 951 547 979 ordine
557 952 578 969 ”
589 951 674 980 bonis
684 960 701 979 a
711 951 769 979 Deo
784 951 895 987 paratis
908 950 1012 978 {ruitu-

191 1005 242 1024 rus
257 998 312 1029 est,
327 1004 486 1031 eorumque
501 996 618 1024 futurus
639 998 684 1024 est
699 996 854 1031 particeps.
869 995 924 1023 Sed
940 1003 1012 1030 quo-

191 1041 271 1068 niam
286 1041 372 1076 pauci
387 1043 457 1068 sunt
471 1041 522 1076 qui
537 1040 663 1069 salutem
680 1040 940 1076 consequantur”,
954 1047 1012 1067 non

191 1084 366 1121 plurali,sed
378 1084 521 1121 singulari
533 1093 655 1113 numero
667 1093 786 1113 sensum
799 1084 925 1113 reddidit
935 1084 1013 1112 Scri-

191 1131 287 1166 ptura.
299 1131 361 1157 Non
377 1129 456 1156 enim
471 1129 563 1157 dixit:
576 1129 630 1162 Qui
645 1129 725 1157 luere
740 1129 846 1163 relicti;
859 1129 920 1163 sed,
932 1129 1015 1164 Quod

191 1175 319 1203 relictum
334 1177 382 1201 est.
400 1173 430 1201 Id
447 1177 543 1201 autem
558 1174 634 1209 quod
652 1173 823 1202 derelictum
835 1176 880 1202 est
894 1174 924 1201 in
934 1174 1013 1206 Sion,

192 1219 309 1247 videtur
318 1218 388 1246 ordo
399 1226 464 1246 esse
474 1218 700 1253 deterior,veluti
712 1218 853 1246 dimissus
864 1219 900 1246 ab
912 1218 948 1245 iis
964 1218 1014 1254 qui

205 1272 225 1291 ιι
239 1262 386 1291 anteriora
409 1262 550 1290 festinant
564 1270 571 1289 :
589 1263 640 1298 qui
655 1265 752 1290 autem
769 1263 839 1290 ordo
863 1262 1016 1298 perfectior

195 1309 249 1341 est,
266 1315 318 1343 pro
333 1315 454 1343 operum
477 1307 581 1334 merito
595 1307 693 1334 sedem
721 1307 750 1334 in
775 1307 839 1343 ipsa
853 1307 1016 1335 Jerusalem

195 1351 312 1380 videtur
326 1351 500 1379 obtinuisse.
516 1351 590 1382 Quin
607 1353 635 1379 et
650 1351 773 1379 historia
798 1351 864 1388 ipsa
887 1351 1018 1388 suggerit

197 1395 282 1424 nobis
294 1395 429 1423 ordinum
442 1395 684 1428 dilferentiam,ex
699 1403 732 1423 eo
743 1396 819 1431 quod
829 1395 898 1423 Sion
914 1396 1017 1423 civitas

195 1443 278 1468 vetus
294 1440 332 1468 sit
350 1442 378 1468 et
399 1439 540 1474 deterior;
555 1440 717 1468 Jerusalem
731 1448 797 1468 vero
822 1440 901 1476 regis
915 1440 1017 1468 civitas

195 1485 245 1519 sit,
260 1485 290 1512 in
305 1493 364 1520 qua
378 1484 455 1520 viget
469 1484 673 1513 sanctimonia.
688 1485 770 1512 Certe
786 1484 815 1512 hi
831 1493 933 1513 omnes
948 1485 1018 1513 scri-

195 1529 303 1557 bentur
313 1529 348 1556 ad
357 1528 446 1556 vitam
457 1529 486 1556 in
495 1528 761 1565 Jerusalem,etque
771 1529 874 1557 beatus
884 1532 928 1558 est
936 1529 1017 1565 quis-

196 1573 262 1608 quis
276 1572 431 1600 habebitur
446 1573 564 1608 dignus,
577 1573 626 1609 qui
641 1573 843 1601 conscribatur
859 1574 887 1601 in
902 1573 1018 1602 Jerusa-

196 1607 265 1645 lem.
277 1616 389 1644 Etenim
405 1607 560 1645 viventium
582 1607 690 1645 librum
705 1618 734 1645 in
751 1626 808 1653 quo
832 1618 931 1654 scripti
948 1620 1018 1646 sunt
1034 1607 1056 1640 ο

198 1661 307 1689 Christi
322 1661 471 1697 discipuli,
489 1661 517 1689 in
533 1661 583 1689 illa
600 1662 763 1690 Jerusalem
780 1663 899 1698 reperiri
915 1663 1023 1690 conde-

200 1710 255 1735 cet.
271 1707 391 1735 Gaudete
404 1708 488 1742 enim,
502 1707 608 1743 inquit,
616 1707 686 1743 quod
695 1709 808 1736 nomina
819 1712 912 1736 vestra
921 1709 1024 1743 scripta

200 1754 265 1779 sunt
277 1752 307 1779 in
317 1751 393 1780 ctelis
402 1752 421 1780 ¹.
434 1751 575 1784 Quoniam
589 1754 686 1779 autem
702 1751 797 1780 verbis
808 1752 864 1785 his,
877 1751 979 1788 δον-ἰριί
993 1753 1024 1780 in

201 1797 366 1830 Jerusalem,
379 1796 553 1832 adjungitur
566 1795 650 1830 illud,
663 1797 694 1824 In
708 1797 810 1829 vitam;
825 1797 1024 1825 necessarium

202 1841 290 1869 fuerit
304 1840 379 1868 scire
395 1843 493 1868 utrum
510 1840 570 1868 sint
584 1839 704 1875 quidam
715 1841 764 1876 qui
780 1841 948 1869 scribantur
962 1841 1025 1877 qui-

202 1885 340 1918 dem,sed
357 1893 414 1912 non
431 1885 466 1912 ad
481 1885 676 1920 vitam,juxta
687 1885 845 1913 Jeremiam
857 1885 1002 1914 dicentem
1015 1895 1022 1914 :

201 1930 257 1964 Qui
271 1931 451 1961 recusarunt,
466 1930 497 1956 in
514 1930 590 1957 terra
612 1930 773 1958 scribantur
784 1930 804 1957 ⁵⁸.
828 1930 928 1966 Itaque
941 1931 1024 1966 juxta

200 1974 278 2002 hunc
293 1981 412 2002 sensum
428 1973 494 2001 dum
508 1973 632 2009 intelligi
647 1975 773 2009 possunt
787 1974 997 2010 descriptiones
1014 1983 1020 2002 :

200 2027 260 2046 una
275 2018 396 2054 quidem
411 2025 512 2046 eorum
527 2019 572 2045 est
586 2017 638 2053 qui
652 2018 687 2045 ad
704 2017 802 2051 vitam,
818 2018 909 2046 altera
923 2021 1022 2047 autem

200 2071 301 2091 eorum
317 2062 367 2098 qui
383 2062 554 2090 scribuntur
568 2062 604 2090 ad
620 2061 823 2097 perditionem.
837 2065 932 2098 Atque
947 2072 1024 2100 saepe

199 2107 341 2142 contingit
359 2107 515 2143 Scriptura
539 2106 726 2142 permutatio,
738 2107 780 2135 uti
804 2115 870 2135 cum
887 2116 904 2135 a
917 2108 1023 2135 virtute

200 2152 236 2179 ad
253 2151 396 2179 malitiam
413 2151 582 2179 dilabimur.
594 2151 666 2179 Nam
678 2151 766 2179 verba
781 2151 859 2180 hinc:
876 2152 1023 2180 Deleanlur

199 2196 235 2223 de
251 2195 319 2222 libro
333 2195 498 2228 viventium,
515 2197 541 2222 et
561 2203 623 2222 cum
647 2195 725 2229 iustis
751 2203 806 2223 non
826 2197 1020 2232 scribantur“;

197 2239 268 2267 item
283 2238 386 2266 isthmc
399 2247 406 2266 :
423 2239 487 2267 Dele
500 2241 526 2266 el
539 2247 581 2266 me
595 2239 628 2266 de
643 2239 713 2267 libro
729 2244 775 2267 tuo
786 2241 813 2274 ‘;
831 2241 971 2269 dicuntur
986 2242 1022 2270 de

1064 281 1108 317 ψει
1139 281 1194 316 (29)
1223 280 1237 307 ὁ
1260 280 1324 311 Θεὸς
1351 280 1377 308 ἄν
1410 280 1498 319 βουλῇ
1531 281 1597 317 μετὰ
1623 280 1713 318 δόξης,
1743 282 1813 320 πρὸς
1843 281 1888 310 δύο

1064 324 1147 352 ταῦτα
1176 323 1223 352 δύο
1260 324 1389 362 ἐπήγαγε,
1425 326 1456 352 τὸ
1480 326 1596 363 ὑψωσαι,
1630 326 1673 353 καὶ
1702 325 1825 362 δοξάσαι·
1854 328 1888 358 ὡς

1065 369 1182 396 νοεῖσθαι
1200 369 1304 407 βουλῆς
1333 371 1380 406 μὲν
1409 369 1488 408 ἔργον
1513 370 1562 404 τήν
1579 370 1692 407 ὕψωσιν,
1721 369 1802 407 δόξης
1819 370 1847 398 δὲ
1861 372 1890 399 τὸ

1068 413 1188 449 δοξάσαι.

1103 460 1163 487 136.
1181 459 1229 486 Καὶ
1255 457 1328 486 ἔσται
1351 460 1381 487 τὸ
1406 461 1462 496 (30)
1490 459 1652 499 ὑπολειφθεν
1681 459 1707 487 ἐν
1737 461 1821 494 Σιὼν,
1848 461 1890 488 καὶ

1064 503 1096 530 τὸ
1138 503 1312 540 καταλειφθὲν
1355 504 1380 532 ἰν
1421 504 1613 542 Ἰερουσαλὴμ,
1669 505 1741 542 ἅγιοι
1785 504 1892 540 κληθή-

1066 559 1156 575 σονται
1186 550 1282 580 πάντες
1313 549 1339 576 οἱ
1364 550 1510 587 γραφέντες
1536 549 1574 580 εἰς
1605 549 1676 584 ζωὴν
1704 549 1730 576 ὲν
1759 550 1890 587 Ἰερουσα-

1066 592 1137 629 λήμ.
1153 593 1188 620 Τὸ
1210 594 1270 621 κατ’
1295 592 1412 630 ἐκλογήν
1438 594 1551 631 χάριτος
1580 593 1685 630 λεῖμμα
1708 596 1757 621 τοῦ
1781 593 1891 630 Ἰσραὴλ

1067 638 1139 674 ἅγιοι
1163 636 1358 673 κληθήσονται·
1389 638 1433 665 καὶ
1463 638 1677 676 ἑγγραφήσονται
1705 637 1744 669 εἷς
1774 639 1847 673 ζωήν
1867 638 1890 665 ἐν

1066 681 1248 719 Ἱιρουσαλήμ
1272 682 1297 709 οἱ
1320 681 1495 720 φωτισθίντες
1516 683 1550 718 τῇ
1571 681 1713 721 ἐπιφανείᾳ
1743 685 1792 709 τοῦ
1815 685 1891 718 Θεοῦ,

1066 726 1111 753 καὶ
1127 726 1276 763 ὐψωθὲντες
1292 728 1326 764 τῇ
1343 725 1406 763 δόξῃ
1431 727 1526 754 αὐτοῦ.
1549 727 1631 755 Οὗτοι
1649 727 1720 764 ἅγιοι
1736 725 1891 762 κληθήσον-

1066 781 1121 804 ται,
1135 771 1181 802 οὖς
1205 771 1250 798 καὶ
1274 770 1417 799 κατίλιπεν
1444 771 1530 807 ἰαυτῷ
1555 771 1569 798 ὁ
1594 771 1669 807 Θεὸς,
1691 771 1759 798 κατὰ
1776 770 1889 808 μίμησιν

1066 816 1120 842 τῶν
1147 816 1185 852 μὴ
1211 816 1376 852 καμψάντων
1399 816 1463 854 γόνυ
1488 815 1522 851 τῇ
1549 815 1635 843 Βάαλ.
1667 816 1716 843 Διὰ
1739 815 1766 843 τί
1787 814 1816 843 δὶ
1830 816 1892 847 τοὺς

1070 859 1116 896 μὶν
1133 859 1158 887 ἐν
1176 859 1259 894 Σιὼν,
1281 859 1344 891 τοὺς
1368 858 1397 887 δὶ
1421 859 1446 887 ἐν
1472 860 1675 897 ἹερουσαΛήμ;
1699 860 1763 888 ’Ότι
1778 861 1824 888 καὶ
1838 863 1889 887 τῶν

1069 904 1230 940 σωζομένων
1247 903 1302 931 terti
1322 903 1451 943 διαφοφὰ,
1476 903 1588 931 ίκάστου
1603 904 1628 931 ἐν
1643 907 1682 940 τῷ
1706 903 1771 940 ἰδίῳ
1786 906 1888 943 τάγμα-

1065 959 1092 976 τι
1105 952 1156 984 τῆς
1172 948 1349 980 ἀπολαύσεως
1369 951 1424 976 τῶν
1448 948 1521 986 παρὰ
1549 951 1616 976 Θιοῦ
1641 949 1748 986 ἀγαθῶν
1766 950 1888 986 μεθέξον-

1066 1003 1123 1024 ¹ιος.
1141 992 1251 1027 Ἐπιιδή
1264 991 1292 1020 δὶ
1307 992 1396 1031 ὀλίγοι
1412 993 1438 1020 οἱ
1454 993 1615 1029 σωζόμενοι,
1638 993 1669 1021 οὗ
1685 993 1887 1029 πληθυντικῶς,

1067 1036 1130 1066 ἀλλ’
1146 1037 1240 1069 ἑνικῶς
1264 1038 1278 1064 ό
1301 1036 1384 1075 λόγος
1404 1036 1542 1073 ἐξέδωκεν.
1559 1038 1597 1064 Οὐ
1620 1037 1671 1076 γὰρ
1696 1038 1780 1074 εἶπεν,
1796 1038 1830 1067 Οἱ
1845 1049 1889 1065 κα-

1067 1081 1264 1121 ταλειφθέντας,
1290 1081 1372 1117 ἀλλὰ,
1403 1082 1438 1109 Τὸ
1466 1081 1652 1118 καταλιιφθᾶν.
1683 1083 1777 1111 Ἔοικε
1808 1082 1836 1110 δὲ
1861 1083 1890 1110 τὸ

1070 1128 1117 1164 μὲν
1134 1126 1296 1166 ὑπολειφθὲν
1313 1127 1339 1154 ἐν
1352 1127 1436 1162 Σιὼν,
1452 1127 1482 1154 τὸ
1504 1126 1694 1164 ὑποδεέστερον
1709 1127 1778 1154 εἶναι
1792 1128 1890 1165 τάγμα,

1069 1172 1152 1200 οἱονεὶ
1181 1172 1304 1210 ἰναφιθὶν
1334 1172 1386 1200 ὑπὸ
1421 1174 1475 1199 τῶν
1502 1171 1686 1209 ἐπειγομένων
1719 1171 1757 1203 εὶς
1785 1172 1818 1200 τὸ
1846 1171 1892 1209 ἔμ-

1068 1218 1195 1254 προσθεν·
1225 1218 1256 1245 τὸ
1281 1216 1310 1244 δὲ
1337 1216 1517 1255 τελειότερον,
1548 1215 1592 1244 διὰ
1627 1217 1676 1251 τὴν
1712 1219 1768 1245 τῶν
1807 1214 1888 1255 ἔργων

1070 1262 1142 1297 ἆξίαν
1157 1263 1223 1299 (31),
1247 1265 1297 1296 τῆς
1318 1262 1344 1289 ἐν
1367 1261 1436 1299 αὐτῇ
1458 1263 1492 1299 τῇ
1514 1261 1696 1299 Ἰερουσαλὴμ
1710 1260 1889 1298 καθιδρύσεως

1069 1307 1218 1342 ὴψιῶσθαι.
1233 1303 1397 1334 ’Υποῦάλλιι
1413 1305 1442 1334 δὶ
1456 1307 1524 1343 ἡμῖν
1549 1306 1594 1333 καὶ
1619 1307 1637 1340 ἡ
1660 1305 1767 1344 ἱστορία
1780 1309 1836 1334 τῶν
1847 1317 1892 1334 τα-

1069 1350 1180 1388 γμάτων
1205 1351 1236 1378 τὸ
1262 1349 1402 1390 διάφορον,
1425 1350 1456 1378 ἐκ
1476 1351 1525 1378 τοὸ
1549 1351 1596 1384 τὴν
1620 1350 1667 1387 μιν
1693 1352 1765 1378 Σιὼν
1782 1352 1832 1385 τήν
1846 1352 1891 1389 ἀρ-

1071 1395 1152 1433 χαίαν
1170 1395 1236 1422 εἶναι
1261 1394 1354 1430 πόλιν,
1381 1395 1426 1422 καὶ
1454 1394 1656 1433 ὑποδιεστὲραν·
1684 1396 1734 1430 τήν
1751 1394 1890 1433 δὶἹερου-

1072 1438 1176 1475 σαλήμ,
1201 1439 1250 1473 τὴν
1276 1438 1483 1477 βασιλεύουσαν,
1513 1438 1538 1467 ἐν
1568 1439 1585 1474 ἧ
1601 1439 1632 1466 τὸ
1647 1439 1776 1477 ἀγίασμα.
1793 1440 1890 1471 Ηάντις

1074 1484 1164 1520 μέντοι
1180 1484 1254 1511 οὗτοι
1278 1485 1335 1521 (32)
1359 1484 1544 1522 γραφήσονται
1570 1483 1609 1515 εἷς
1627 1484 1698 1518 ζωὴν
1712 1483 1738 1511 ἐν
1762 1485 1891 1522 Ἱερουσα-

1073 1527 1144 1565 λήμ·
1170 1528 1214 1555 καὶ
1240 1528 1370 1566 μακάριος
1396 1529 1410 1555 ὁ
1436 1531 1485 1562 τῆς
1515 1528 1540 1555 ἐν
1566 1527 1747 1566 Ἰερουσαλὴμ
1762 1539 1891 1567 καταγρα-

1072 1576 1125 1610 φῆς
1150 1572 1318 1609 ἀξιούμενος.
1357 1573 1398 1600 Ἐν
1431 1572 1519 1607 ἰκείνη
1558 1572 1609 1610 γὰρ
1645 1572 1730 1600 ἔοικιν
1768 1573 1835 1601 ιῖναι
1862 1574 1892 1610 τῇ

1075 1616 1257 1654 Ἰερουσαλὴμ
1270 1618 1288 1652 ἡ
1302 1613 1397 1654 βίϐλος
1411 1618 1465 1644 τῶν
1491 1617 1610 1651 ζώντων,
1627 1616 1653 1644 ιν
1706 1617 1856 1656 γράφονται
1870 1618 1894 1645 οἱ

1079 1662 1196 1698 μαθηταὶ
1222 1663 1269 1688 τοῦ
1297 1663 1424 1699 Χριστοῦ.
1452 1660 1565 1699 Χαίρετε
1588 1662 1652 1698 γὰρ,
1681 1662 1774 1700 φησὶν,
1803 1661 1844 1689 ὅτι
1867 1663 1897 1688 τὰ

1078 1705 1200 1742 ὀνόματα
1235 1706 1310 1742 ὑμῶν
1334 1715 1511 1743 γεγραμμενα
1535 1705 1604 1733 ἐστὶν
1629 1705 1656 1733 ἐν
1680 1709 1739 1737 τοῖς
1763 1706 1896 1744 οὐρανοῖς.

1079 1749 1190 1785 Ἐπειδή
1215 1749 1244 1778 δὲ
1268 1751 1425 1788 πρόσκιιται
1452 1752 1502 1786 τῷ,
1528 1751 1562 1779 Οἱ
1583 1751 1728 1788 γραφέντες
1754 1751 1782 1778 ὲν
1805 1752 1898 1789 Ἰερου-

1079 1794 1184 1831 σαλὴμ,
1205 1795 1247 1830 τὸ,
1273 1795 1319 1826 Εἰς
1349 1795 1433 1829 ζωὴν,
1463 1795 1606 1829 ἑπιστῆσαι
1635 1796 1790 1833 ἀναγκαῖον,
1813 1797 1899 1832 μήπο-

1078 1839 1108 1867 τέ
1123 1839 1174 1867 sici
1197 1850 1265 1870 τινες
1290 1840 1316 1866 οἱ
1338 1839 1505 1878 γραφόμινοι
1534 1840 1592 1876 μὲν,
1621 1839 1671 1867 οὐκ
1699 1839 1738 1871 εἷς
1769 1841 1842 1875 ζωήν
1862 1839 1897 1875 ὂὶ,

1077 1885 1146 1912 κατὰ
1170 1884 1216 1912 τὸν
1246 1883 1376 1922 Ἱιρεμίαν
1405 1883 1526 1922 λέγοντα·
1551 1884 1745 1922 ’Δφιστηκότες
1775 1885 1820 1912 ἐπὶ
1851 1889 1898 1920 τῆς

1078 1933 1130 1967 γῆς
1150 1929 1340 1968 γραφήτωσαν·
1364 1927 1433 1956 ὥστε
1457 1929 1524 1956 κατὰ
1543 1930 1624 1956 τοῦτο
1650 1928 1698 1956 δύο
1719 1930 1795 1960 τινὰς
1821 1940 1898 1957 κατα-

1077 1974 1182 2013 γραφὰς
1195 1976 1324 2006 νοεῖσθαν
1350 1975 1404 2000 τῶν
1427 1973 1473 2009 μὶν
1499 1972 1537 2005 αἶς
1562 1973 1645 2008 ζωὴν,
1673 1975 1729 2001 τῶν
1745 1972 1775 2001 δὶ
1799 1973 1838 2005 εἷς
1853 1973 1899 2001 di:-

1078 2017 1187 2046 ώλιιαν·
1209 2018 1255 2045 καὶ
1279 2018 1345 2045 εἶναι
1368 2017 1504 2048 πολλάκις
1525 2017 1570 2044 καὶ
1593 2015 1748 2054 μεταϐολήν
1771 2022 1822 2053 τῆς
1838 2022 1900 2056 Γρα-

1077 2066 1141 2102 φῆς,
1158 2061 1220 2090 ὅταν
1236 2063 1280 2090 καὶ
1302 2063 1384 2099 ἡμεῖς
1410 2061 1449 2092 εἲς
1472 2061 1566 2089 κακίαν
1592 2062 1644 2090 ἀπὸ
1668 2062 1766 2099 ἀρετῆς
1786 2062 1898 2099 μεταπέ-

1077 2118 1179 2144 σωμεν.
1209 2108 1248 2136 Τὸ
1275 2107 1337 2144 γὰρ,
1364 2106 1618 2145 Ἐξαλειφθὴτωσαν
1646 2106 1676 2134 ἑκ
1712 2104 1811 2144 βίϐλου
1840 2107 1899 2142 ζών-

1078 2161 1141 2185 των,
1169 2151 1215 2178 καὶ
1245 2151 1312 2188 μετὰ
1349 2149 1460 2178 δικαίων
1502 2151 1539 2187 μὴ
1569 2151 1758 2188 γραφήτωσαν·
1789 2151 1896 2184 καὶτὸ,

1076 2195 1232 2232 Ἐξάκειψον
1269 2195 1340 2231 κάμὲ
1374 2195 1426 2222 ἀπὸ
1462 2195 1513 2228 τῆς
1551 2192 1648 2232 βίϐλου
1678 2204 1736 2222 σοιν
1769 2195 1808 2227 ὡς
1844 2194 1894 2230 ἤδη

1075 2243 1125 2275 τῆς
1141 2240 1168 2268 ἓν
1183 2241 1217 2276 τῇ
1236 2237 1325 2277 βίϐλῳ
1338 2241 1387 2267 τοῦ
1403 2240 1469 2267 Θεοῦ
1485 2242 1660 2277 καταγραφῆς
1680 2239 1841 2276 ἠξιωμένων
1858 2239 1896 2267 λίη

198 2283 377 2318 quibusdam
393 2286 533 2318 tanquam
553 2283 616 2318 jam
632 2283 714 2319 digni
738 2287 837 2312 essent
860 2285 951 2313 habiti
968 2288 1019 2321 qui
1033 2288 1057 2320 D
1072 2295 1158 2322 γεται.

197 2327 227 2354 in
242 2327 290 2354 Dei
305 2326 379 2354 libro
395 2326 659 2355 conscriberentur.

235 2371 294 2399 137.
307 2370 394 2398 Vsus.
411 2371 437 2398 4.
453 2371 528 2405 Quia
542 2371 634 2398 abluet
648 2373 778 2400 Dominus
792 2373 883 2401 sordes
897 2374 1019 2409 ﬁliorum

197 2417 223 2443 st
237 2415 363 2450 ﬁliarum
372 2415 449 2448 Sion,
463 2419 488 2442 et
503 2416 665 2450 sanguinem
678 2417 830 2445 Jerusalem
841 2418 972 2453 purgabit
986 2427 1021 2446 ea:

196 2460 283 2488 medio
297 2467 403 2492 eorum,
419 2460 450 2487 in
465 2460 567 2495 spiritu
584 2460 688 2495 judicii
701 2466 728 2488 et
748 2462 778 2489 in
792 2463 895 2497 spiritu
909 2463 1019 2491 combu-

193 2505 299 2532 stiom's.
316 2503 411 2531 Verbs
433 2503 493 2531 haec
518 2504 597 2532 idem
622 2505 775 2541 perspicue
790 2507 864 2534 475
883 2515 1019 2542 praenun-

1112 2375 1173 2403 137.
1198 2374 1256 2401 Ὅτι
1287 2372 1415 2401 ἓκπλυνεῖ
1439 2372 1537 2410 Κύριος
1563 2371 1609 2399 τὸν
1639 2371 1723 2409 ρόπον
1753 2374 1809 2403 τῶς
1830 2373 1890 2399 υἱῶν

1073 2418 1118 2446 καὶ
1147 2420 1200 2446 τῶν
1231 2417 1381 2456 θυγατέρων
1412 2416 1497 2452 Σιὼν,
1532 2416 1577 2444 καὶ
1601 2416 1633 2444 τὺ
1660 2417 1729 2453 αἷμα
1758 2417 1891 2454 Ἰερουσα-

1074 2462 1135 2500 λὴμ
1157 2463 1312 2500 ἑκκαθαριεῖ
1335 2462 1365 2489 ὲκ
1394 2461 1477 2498 μέσου
1505 2461 1607 2496 αὐτῶν,
1631 2461 1656 2488 ὲν
1679 2461 1813 2497 πνεύματι
1839 2460 1891 2498 κρί-

1074 2518 1153 2541 σεως,
1177 2507 1221 2535 καὶ
1251 2507 1277 2534 ἒν
1306 2507 1439 2542 πνεύματι
1468 2506 1599 2536 καύσεως.
1630 2507 1741 2542 Τρανῶς
1767 2506 1802 2533 τὰ
1830 2505 1891 2533 αὐτὰ

193 2549 279 2583 tisnt,
293 2548 370 2585 quod
394 2548 522 2576 Joannes
537 2549 572 2576 de
587 2549 711 2577 Domino
735 2549 808 2578 dixit
825 2559 830 2578 :
847 2551 906 2586 Ipse
918 2556 958 2579 est
971 2553 1021 2588 qui

1074 2555 1111 2589 τῷ
1127 2553 1236 2588 Ἰωάννῃ
1265 2552 1279 2578 ό
1308 2549 1392 2588 λόγος
1420 2550 1610 2588 προαγοριύιι,
1637 2549 1699 2587 περὶ
1726 2551 1775 2577 τοῦ
1794 2549 1890 2588 Κυρίου

193 2601 238 2622 vos
255 2593 408 2629 baptizabit
423 2593 453 2620 in
472 2593 578 2629 Spiritu
592 2598 685 2621 sancto
700 2596 725 2621 et
740 2595 804 2630 igne
814 2595 841 2628 ';
857 2595 892 2623 de
907 2604 939 2623 se
954 2596 1018 2632 ipso

1073 2596 1191 2635 λέγοντι,
1226 2595 1266 2623 ὅτι
1305 2595 1391 2626 Αὐτὸς
1432 2595 1503 2631 ὑμᾶς
1541 2595 1665 2632 βαπτίσει
1703 2595 1729 2622 ὲν
1761 2594 1891 2630 Πνεύματι

228 2657 250 2695 _'°
265 2657 472 2695 Exodlsxxui,
483 2656 526 2690 14,
542 2656 588 2684 23.
608 2657 649 2695 9':
657 2657 742 2695 Rom;
755 2665 795 2695 ιιι,
810 2657 836 2685 5.
858 2658 879 2675 ⁸⁷
896 2658 932 2686 ΙΙΙ
946 2660 1013 2695 Reg.
1025 2668 1082 2694 xxx,
1095 2661 1145 2695 18;
1162 2661 1244 2688 Rom.
1261 2668 1300 2694 x1,
1317 2660 1343 2687 4.
1382 2659 1403 2676 νε
1414 2659 1425 2686 Ι
1437 2660 1499 2695 Cor.
1515 2666 1561 2692 xv,
1576 2658 1620 2686 23.
1641 2657 1774 2686 "Matth.
1790 2665 1837 2694 xx,
1850 2657 1889 2685 16.

192 2693 201 2710 ¹
219 2693 287 2720 Luc.
305 2701 333 2725 x,
348 2692 392 2719 20.
432 2692 443 2709 ³
457 2692 516 2719 Jer.
533 2700 601 2726 xvu,
618 2692 661 2719 13.
701 2693 710 2710 ³
726 2692 802 2721 Pssl.
822 2701 920 2729 LXVIII,
935 2692 1000 2722 29f
1019 2696 1024 2712 ⁴

1074 2692 1238 2729 ιοάζχχιιι,
1253 2692 1297 2724 32.

226 2763 282 2832 E29;
298 2762 417 2803 Antiqui
433 2763 491 2791 duo
507 2762 584 2797 libri,
601 2759 732 2799 ἔλαμψεν.

237 2798 271 2825 30
297 2798 383 2832 Edltl,
398 2798 448 2825 Καὶ
476 2796 549 2826 ἔσται
574 2797 630 2826 καί.
650 2800 687 2827 At
715 2807 732 2828 n

189 2796 282 2860 ἔσὲῗς)
297 2796 385 2834 Editi,
398 2798 448 2825 Καὶ
476 2796 549 2826 ἔσται
574 2796 630 2826 καί.
650 2796 687 2827 λι
715 2807 787 2828 mss.
813 2800 936 2838 aliquot,
962 2801 1011 2829 Καὶ

1335 2696 1346 2712 ⁵
1362 2694 1467 2723 Matth.
1486 2703 1529 2728 ιιι,
1546 2695 1588 2721 11.

1102 2767 1158 2839 ἕ31)
1175 2767 1249 2808 Reg:
1262 2764 1532 2808 quartusuciﬁlwetv.
1712 2799 1717 2805 .
1865 2798 1870 2804 ι

1113 2802 1159 2838 32)
1176 2803 1263 2838 Editi,
1280 2801 1326 2838 μὲν
1342 2811 1473 2829 τοιουτοι.
1489 2802 1525 2829 At
1548 2808 1620 2829 mss.
1635 2802 1693 2829 tres
1711 2801 1762 2835 ita,
1779 2801 1814 2828 ut
1827 2798 1870 2826 edi

1113 2802 1159 2838 32)
1176 2798 1326 2838 Editifptv
1342 2798 1473 2829 τοιοῦτοι.
1489 2802 1525 2829 At
1548 2808 1620 2829 mss.
1635 2802 1693 2829 tres
1711 2799 1762 2835 ita,
1779 2801 1814 2828 ut
1827 2798 1887 2826 edi-

1067 2837 1176 2868 dimus.
