2009 3145
201 177 261 208 347

676 174 873 204 APPENDIX
893 173 1054 205 OPEBUM
1077 174 1110 204 S.
1133 173 1274 205 BASILll
1296 173 1432 205 MAGNI.

1844 169 1903 200 318

203 242 399 270 militudinem
419 249 425 268 :
445 242 499 276 Ego
515 243 607 270 autem
621 241 749 277 plantavi
763 244 789 268 te
803 241 914 268 vineam
927 241 1026 276 [raeti-

1087 237 1241 273 ὀνειδίζεται
1271 238 1285 265 ὁ
1316 236 1393 268 λαός·
1420 237 1490 275 Ἐγὼ
1515 235 1544 263 δὲ
1569 234 1699 274 ἐφύτευσά
1723 245 1752 263 σε
1778 233 1901 271 ἂμπιλον

201 290 292 322 feram
306 289 395 314 lotam
416 294 520 314 veram.
535 285 671 320 Quomodo
692 293 823 313 conversa
837 293 864 313 es
879 286 909 313 in
923 286 1027 312 amari-

202 331 338 364 tudinem,
352 332 414 358 vitis
428 331 523 358 aliena
534 331 576 358 "7
590 331 619 358 In
635 338 729 365 cornu,
748 331 776 358 in
793 330 850 358 loco
863 331 971 366 pingui.
988 329 1028 358 De

203 378 282 404 terra
306 374 438 411 loquitur
452 375 487 403 ab
504 374 664 403 Israelitico
687 375 794 410 populo
810 377 959 411 occupata,
977 383 1027 410 pa-

203 420 298 448 tribus
316 428 418 448 eorum
440 420 524 454 juxla
547 419 598 447 Dei
622 420 846 455 promissionem
872 420 981 447 data".
997 420 1028 447 In

203 473 299 499 cornu,
317 465 344 492 in
361 465 418 492 loco
429 465 538 500 pingui.
553 464 676 492 Summa
690 464 754 492 laus
769 466 814 492 est
830 464 931 500 paucis
946 472 1028 491 com-

137 513 144 519 '
204 509 360 546 prehensa.
370 510 464 537 Cornu
476 512 521 537 est
533 509 622 536 altius
633 509 806 545 ﬁrmiusque
818 509 930 544 reliquo
948 508 1028 536 omni

205 562 324 590 corpore
342 563 348 582 :
365 554 443 589 quod
459 553 545 581 simul
561 555 768 581 ornamentum
793 553 876 582 atl'ert
891 553 989 588 capiti,
1001 554 1029 581 et

205 597 294 626 simul
310 597 373 625 loco
388 599 433 625 est
448 605 598 625 armorum
619 598 655 625 ad
676 597 889 634 propulsandae
904 598 1029 633 injurias

204 642 387 670 idoneorum.
397 642 451 669 Sed
463 642 574 669 siccum
588 645 632 670 est
645 644 673 670 et
686 650 854 670 exsuccum.
867 642 949 670 Unde
964 643 1029 670 ani-

204 686 326 714 malium
343 686 562 722 cornigerorum
582 686 670 714 catuli
695 695 751 714 non
768 687 804 714 ad
821 687 923 715 matris
938 695 1028 714 cornu

203 731 350 764 feruntur,
363 731 412 758 sed
430 731 545 758 nemine
556 731 677 759 docente
692 739 851 759 mammam
864 731 1027 767 requirunt,

204 775 302 803 locum
319 774 451 802 videlicet
467 775 625 803 humidum
641 783 673 803 ac
688 776 839 812 pinguem.
851 776 923 804 Cum
939 776 1030 812 igitur

204 819 354 855 Scriptura
368 819 468 846 doceat
480 819 648 847 Judaaorum
665 820 812 856 regionem
824 821 859 848 ad
871 823 1030 857 utrumque

205 865 342 893 idoneam
359 872 423 892 esse
439 872 471 891 ac
487 863 694 898 sufﬁcientem,
710 868 772 892 tum
788 865 823 892 ad
841 865 965 892 tuendos
980 873 1030 893 eos

205 909 242 937 ab
250 908 465 942 boetibus,tum
476 908 511 936 ad
520 908 631 936 incolas
639 908 930 945 alendos,utrumque
939 909 1029 960 simul
1044 927 1068 960 Β

202 953 311 989 junxit,
326 955 359 980 In
373 961 470 987 cornu,
487 953 518 980 in
532 953 609 981 478
625 954 681 981 loco
696 954 806 989 pingui,
819 953 873 981 hoc
888 956 944 987 est,
954 956 983 982 et
998 953 1027 981 in

207 1000 282 1025 terra
298 997 403 1030 solida,
414 999 443 1025 et
457 998 485 1025 in
503 1006 560 1034 qua
574 998 735 1034 plurimum
751 1000 796 1026 est
811 997 953 1026 alimenti.
965 999 1027 1026 Jam

206 1049 273 1070 vero
286 1042 416 1078 suntqui
427 1042 497 1069 dum
509 1042 685 1070 sententiam
696 1042 772 1070 hanc
787 1042 1028 1078 interpretantur,

205 1085 352 1122 attingant
374 1086 596 1122 intelligentiam
623 1087 856 1115 reconditiorem.
882 1087 1027 1115 Nimirum

206 1130 283 1158 sicut
293 1133 482 1159 cornutorum
495 1131 668 1159 animalium
680 1134 768 1167 caput
779 1131 807 1159 in
819 1131 951 1167 ipsorum
962 1134 1027 1159 ortu

205 1175 335 1212 primum
347 1175 485 1211 erumpit,
497 1175 634 1203 ultimum
647 1178 747 1204 tamen
758 1175 929 1211 absolvitur,
940 1178 1028 1212 atque

205 1221 269 1248 tum
285 1220 405 1247 demum
421 1220 626 1248 enascentibus
642 1221 780 1248 cornibus
796 1230 860 1249 sero
876 1229 1028 1249 ornamen-

206 1265 270 1291 tum
283 1272 370 1292 suum
383 1263 495 1300 recipit,
510 1265 549 1292 ita
561 1267 590 1292 et
605 1264 692 1292 Israel
706 1265 754 1301 qui
767 1266 881 1302 primus
896 1265 1027 1301 gentium

207 1308 341 1336 omnium
357 1309 391 1336 ad
403 1308 454 1336 Dei
469 1309 580 1337 accitus
594 1311 639 1337 est
650 1309 875 1338 familiaritatem
892 1318 926 1338 ac
941 1310 1027 1337 bene-

207 1351 364 1380 volentiam
376 1352 484 1388 (Faclus
499 1357 539 1380 est
554 1353 643 1387 enim,
656 1354 762 1389 inquit,
775 1355 892 1390 populus
907 1355 1027 1389 Domini,

206 1405 271 1433 pars
285 1397 507 1433 ejus,funiculu.s
532 1397 703 1426 hereditatis
725 1399 784 1435 ejus
807 1399 892 1426 Israel
904 1399 947 1435 ιτ),
964 1401 1030 1435 post

209 1450 312 1469 omnes
340 1442 545 1477 perfectionem
575 1451 660 1470 suam
684 1443 1030 1480 consummationemque

210 1488 255 1514 est
271 1488 493 1514 consecuturus.
509 1489 582 1514 Nam
599 1487 649 1515 ubi
673 1487 824 1523 plenitudo
838 1489 970 1525 gentium
987 1488 1031 1516 in-

209 1530 332 1564 troierit,
349 1533 419 1558 tunc
434 1531 530 1560 omnis
547 1533 634 1561 Israel
649 1532 746 1561 salvus
761 1533 808 1561 ﬁet
822 1533 853 1561 η.

246 1575 307 1603 141.
329 1575 480 1610 Ejusmodi
505 1579 603 1604 autem
629 1577 708 1605 fama
734 1577 872 1613 obtinuit,
888 1586 953 1614 quas
981 1586 1033 1615 per

210 1619 398 1647 traditionem
414 1628 471 1647 non
487 1621 627 1656 scriptam
642 1621 672 1649 in
687 1622 815 1650 Ecclesia
830 1611 972 1658 servatur,
981 1611 1031 1651 -ni-
1048 1611 1070 1646 ο

211 1663 320 1692 mirum
335 1663 467 1692 Judazam
491 1665 620 1701 primum
644 1665 839 1694 habitatorem
862 1667 956 1695 Adam
982 1668 1031 1696 ha-

211 1708 321 1742 buisse,
338 1708 388 1744 qui
403 1711 559 1745 postquam
576 1718 591 1737 e
605 1710 741 1746 paradiso
758 1712 868 1747 ejectus
884 1712 989 1740 fuisset
1002 1712 1033 1740 in

211 1761 243 1780 ea
259 1753 359 1780 sedem
376 1754 473 1788 posuit
484 1754 515 1789 ",
532 1755 675 1782 bonorum
692 1763 792 1783 eorum
808 1756 914 1792 quibus
929 1758 1034 1785 exutus

212 1797 306 1825 fuerat
323 1798 470 1833 jacturam
494 1799 691 1835 mitigaturus.
704 1800 804 1836 Itaque
819 1800 931 1837 excepit
945 1801 1033 1829 etiam

210 1842 306 1878 prima
322 1845 471 1870 mortuum
495 1843 654 1879 hominem,
672 1852 738 1872 cum
754 1845 846 1873 Adam
863 1845 902 1873 ibi
919 1845 1033 1874 mulctea

213 1886 397 1914 satisfecerit.
412 1888 607 1919 Quamobrem
622 1897 655 1916 os
669 1889 774 1925 capitis
790 1890 933 1918 nudatum
949 1898 1035 1918 carne

159 1972 163 1974 η
214 1938 279 1966 qua:
294 1931 464 1966 deﬂuxerat,
480 1931 560 1960 illius
582 1933 674 1961 aetatis
693 1933 863 1962 hominibus
878 1943 986 1962 novum
1002 1943 1036 1964 ac

180 1982 184 1989 '
213 1974 344 2002 insolens
368 1976 567 2011 spectaculum
594 1985 658 2005 esse
682 1977 845 2006 videbatur.
862 1980 896 2007 Et
921 1980 990 2016 quia
1005 1980 1035 2008 in

213 2019 269 2047 hoc
283 2019 345 2047 loco
360 2019 520 2055 deposuere
539 2021 708 2057 calvariam,
721 2023 856 2051 Calvariae
871 2023 968 2052 locum
984 2033 1036 2061 ap-

214 2063 543 2100 pellarunt.Verisimile
553 2069 649 2094 autem
666 2070 710 2095 est
725 2068 783 2095 Noe
797 2068 966 2104 sepulcrum
982 2070 1035 2097 du-

214 2108 256 2136 cis
285 2109 452 2137 mortalium
470 2110 602 2138 omnium
632 2111 709 2140 haud
738 2112 899 2149 ignorasse,
917 2114 988 2142 adeo
1004 2115 1038 2142 ut

215 2155 281 2189 post
296 2153 440 2181 diluvium
468 2163 568 2182 rumor
591 2156 646 2183 iste
661 2156 697 2184 ab
713 2157 776 2192 ipso
795 2157 962 2194 divulgatus
987 2158 1035 2186 sit.

216 2197 285 2224 Eam
297 2197 334 2225 ob
346 2206 464 2226 causam
477 2199 618 2228 Dominus
629 2200 732 2228 mortis
741 2201 877 2230 humanae
891 2203 1037 2238 primitias

216 2243 428 2278 perscrutatus,
444 2243 473 2270 in
503 2246 663 2272 memorato
682 2245 817 2274 Calvariaa
846 2246 908 2275 loco
936 2255 1036 2276 necem

1082 283 1256 322 καρποφόρον
1283 285 1370 310 πᾶσαν
1399 281 1532 317 ἀληθινήν
1551 303 1558 310 .
1599 282 1662 312 Πῶς
1696 279 1831 317 ἐστράφης
1865 279 1904 307 εἱς

1082 327 1201 366 πικρίαν,
1231 329 1248 362 ἡ
1279 325 1402 364 ἂμπελος
1430 327 1448 361 ἡ
1478 325 1613 363 ἀλλοτρία
1636 335 1643 360 ;
1672 325 1716 353 ’Ev
1744 324 1849 362 κᾶρατι,
1877 323 1903 350 ἰν

1081 372 1158 409 τόπῳ
1174 372 1258 401 πίονι.
1274 370 1339 410 Περί
1362 372 1412 406 τῆς
1438 374 1490 409 γῆς
1517 369 1592 407 λέγει
1615 371 1665 402 τῆς
1690 369 1905 406 κατασχεθείσης

1084 418 1135 446 ὑπὸ
1153 420 1201 445 τοῦ
1217 417 1338 455 Ἰσραὴλ,
1362 417 1420 444 κατ’
1445 414 1608 454 ἐπαγγελίαν
1631 416 1697 442 Θεοῦ
1721 416 1782 445 τοῖς
1806 423 1906 450 πατρα-

1083 473 1124 491 σιν
1141 463 1228 490 αὐτῶν
1250 461 1398 499 δεδομένης
1422 462 1488 498 (53).
1502 461 1547 489 Ἐν
1573 460 1675 498 κὲρατι,
1701 458 1726 486 ἰν
1753 458 1830 494 τόπῳ
1845 457 1907 484 πίο-

1083 518 1118 536 νι.
1137 507 1215 545 Μέγα
1238 506 1373 546 ιγκώμιον
1399 506 1424 533 ἐν
1447 506 1555 543 βραχεῖ.
1571 505 1607 532 Τὸ
1632 505 1711 542 κέρας
1736 502 1906 540 ὁψηλότερόν

1083 552 1138 580 ἐστι
1153 554 1201 579 τοῦ
1216 552 1315 582 παντὸς
1333 551 1459 587 σώματος
1485 550 1528 577 καὶ
1558 546 1743 586 στερρότερον,
1768 548 1840 584 ὁμοῦ
1863 546 1907 583 μὶν

1082 597 1185 634 κόσμον
1207 595 1328 634 παρέχον
1351 597 1385 633 τῇ
1408 593 1515 634 κεφαλῇ
1539 594 1609 630 ὁμοῦ
1632 592 1661 620 δὲ
1687 591 1730 620 καὶ
1757 592 1846 619 ὅπλον
1862 591 1909 618 ὑπ-

1083 641 1169 679 άρχον
1194 641 1386 678 ἀμυντήριον.
1402 639 1492 667 Ἀλλά
1516 638 1596 676 ξηρόν
1625 638 1681 665 ἐστι
1707 636 1753 664 καὶ
1784 635 1907 672 ἅνικμον.

1084 687 1133 715 Διὰ
1155 688 1239 714 τοῦτο
1263 685 1307 712 καὶ
1334 685 1368 712 τὰ
1390 684 1545 722 γεννώμενα
1575 683 1626 710 ὑπὸ
1652 684 1707 709 τῶν
1733 680 1909 719 κερασφόρων

1085 732 1171 766 ζώων,
1188 730 1237 758 οὐκ
1252 729 1295 757 ἐπὶ
1310 729 1341 757 τὸ
1361 729 1440 767 κέρας
1464 729 1537 765 ὁρμᾷ
1559 730 1609 762 τῆς
1639 726 1754 763 μητρὸς,
1771 724 1847 752 ἀλλὰ
1860 725 1907 759 τήν

1084 775 1172 811 θηλήν
1188 774 1340 805 ἀδιδάκτως
1366 773 1498 808 ἐπιζητεῖ,
1523 771 1568 799 τὸν
1590 770 1670 809 ὑγρὸν
1684 769 1767 796 τόπον
1784 768 1830 795 καὶ
1846 769 1907 795 πίο-

1083 831 1123 849 να.
1140 821 1248 850 Δεικνῦς
1265 817 1309 846 οὖν
1326 818 1340 845 ὁ
1365 817 1458 856 λόγος,
1481 816 1522 844 ὅτι
1537 817 1555 851 ἡ
1581 815 1661 853 χώρα
1685 816 1738 842 τῶν
1765 811 1907 841 Ἰουδαίων

1083 865 1151 902 πρὸς
1165 864 1305 903 ἀμφότερά
1319 863 1389 890 ἐστιν
1413 862 1558 899 αὐτάρκης,
1581 859 1625 887 καὶ
1648 857 1771 897 φυλακὴν
1789 858 1840 892 τὴν
1857 857 1907 903 απὸ

1082 901 1136 937 τῖον
1152 901 1306 945 πολεμίων,
1329 907 1373 935 καὶ
1399 905 1540 944 διαθρέψαι
1563 904 1626 935 τοὺς
1650 903 1832 938 ἐνοικοῦντας,
1856 901 1906 938 ἆμ-

1083 953 1183 993 ιρότερα
1224 953 1351 989 συνῆψεν,
1394 952 1438 980 Ἐν
1481 950 1592 987 κᾶρατι,
1633 948 1660 976 ἐν
1700 947 1780 984 τόπῳ
1823 946 1906 993 πίονι-

1082 989 1228 1032 inustum,
1252 997 1278 1024 ἐν
1308 997 1364 1034 (54)
1380 994 1477 1034 στιῤῥᾷ
1491 995 1536 1022 καὶ
1562 993 1695 1032 τροφίμῃ.
1710 994 1863 1020 "Amm-rat
1879 989 1907 1018 δὶ

1082 1042 1136 1078 ἤδη
1152 1043 1223 1073 τινὶς
1247 1041 1293 1069 καῖ
1321 1040 1469 1079 βαθυτὲρου
1493 1038 1578 1077 λόγου
1601 1038 1628 1065 ἐν
1656 1039 1690 1075 τῇ
1715 1036 1845 1074 ἐξηγήσει
1858 1037 1906 1079 τοῦ

1083 1077 1167 1127 ῥητοῦ
1187 1086 1296 1115 τούτου.
1318 1077 1381 1115 ἱὈτι
1408 1077 1498 1122 ὥσπερ
1523 1085 1541 1119 ὴ
1564 1082 1670 1122 κεφαλή
1695 1084 1750 1109 τῶν
1774 1077 1906 1127 κερασφό-

1083 1125 1136 1171 ρων
1155 1132 1231 1167 ζώων
1246 1131 1342 1169 πρώτη
1367 1129 1518 1166 προκύπτει
1543 1127 1610 1155 κατὰ
1623 1127 1672 1161 τὴν
1688 1127 1814 1171 γεννησιν

1080 1170 1224 1206 τελευταία
1238 1175 1267 1204 δὲ
1281 1175 1446 1214 πληροῦται,
1457 1174 1503 1202 καὶ
1517 1173 1566 1211 ὄψι
1580 1183 1646 1200 ποτε
1658 1172 1705 1200 τὸν
1721 1170 1792 1198 ἴδιον
1801 1170 1904 1206 κόσμον

1081 1219 1271 1259 ἀπολαμϐάνει
1294 1221 1363 1248 κατὰ
1389 1221 1439 1255 τήν
1463 1217 1573 1257 ἔκφυσιν
1595 1219 1649 1246 τῶν
1672 1217 1805 1254 κεράτων·
1835 1214 1905 1242 οὕτω

1081 1267 1125 1295 καὶ
1140 1267 1154 1294 6
1170 1265 1280 1304 Ἰσραὴλ
1301 1267 1411 1304 πρῶτος
1434 1264 1541 1292 πάντων
1563 1265 1616 1290 τῶν
1639 1262 1721 1289 ἐθνῶν
1738 1260 1777 1292 εἷς
1801 1259 1905 1287 eluito-

1082 1323 1122 1340 σιν
1153 1313 1219 1339 Θεοῦ
1248 1310 1361 1346 κληθεὶς
1390 1310 1530 1348 (Ἐγενήθη
1560 1308 1622 1346 γὰρ,
1648 1306 1726 1344 φησὶ,
1756 1304 1823 1336 λαὸς
1853 1307 1905 1331 Κυ-

1084 1357 1154 1395 ρίου,
1187 1355 1262 1394 μερὶς
1300 1355 1405 1387 αὑτοῦ,
1435 1353 1584 1392 σχοίνισμα
1609 1349 1800 1388 κληρονομίας
1825 1348 1905 1395 animi:

1083 1393 1216 1439 Ἰσραὴλ),
1235 1399 1301 1437 μετὰ
1322 1399 1422 1429 πάντας
1446 1396 1543 1435 μέλλει
1566 1398 1615 1431 τῆς
1637 1395 1806 1425 τελειώσεως
1821 1393 1908 1439 ἀξιοῦ-

1085 1437 1156 1478 σθαι.
1180 1446 1262 1474 Ὅταν
1277 1443 1328 1482 γὰρ
1342 1443 1374 1471 τὸ
1389 1442 1531 1480 πλήρωμα
1545 1442 1598 1469 τῶν
1615 1440 1697 1468 ιθνῶν
1715 1438 1835 1476 εἷ’σὲλθῃ,
1848 1437 1910 1466 τότε

1084 1493 1137 1522 πᾶς
1149 1489 1261 1528 Ἰσραὴλ
1282 1489 1444 1524 σωθήσεται,

1125 1580 1187 1608 141.
1199 1577 1286 1617 Λόγος
1303 1576 1331 1605 δέ
1342 1576 1382 1608 τίς
1408 1575 1463 1604 ἐστι
1486 1575 1531 1603 καὶ
1555 1572 1662 1602 τοιόσδε
1679 1572 1748 1601 κατὰ
1761 1573 1812 1607 τὴν
1828 1571 1911 1610 ἄγρα-

1089 1635 1138 1664 φον
1154 1623 1266 1661 μνήμην
1287 1623 1344 1660 (56)
1368 1621 1393 1649 ἐν
1409 1622 1443 1658 τῇ
1468 1618 1618 1664 Exul-quiq
1640 1617 1856 1664 Staawtbpwoc:
1864 1617 1910 1664 ib:

1087 1659 1139 1708 ἀρα
1155 1659 1272 1706 πρῶτον
1296 1668 1314 1702 ἡ
1340 1664 1460 1694 Ἰουδαία
1481 1662 1558 1703 ἔσχεν
1574 1663 1714 1708 οἰκήτορα
1736 1663 1783 1708 τὸν
1810 1659 1909 1708 ’Δδᾶμ,

1089 1706 1157 1750 μετὰ
1180 1712 1210 1740 τὸ
1236 1709 1403 1746 ἐκϐληθῆναι
1424 1711 1472 1737 τοῦ
1497 1707 1659 1747 παραδείσου
1683 1707 1709 1735 ἐν
1732 1706 1818 1744 ταύτῃ
1845 1706 1911 1750 καρ-

1090 1749 1238 1796 ιδρυθὶντα,
1261 1756 1299 1787 εἰς
1319 1754 1490 1791 παραμυθίαν
1510 1754 1549 1781 ὦν
1572 1752 1715 1791 ἐστερήθη.
1729 1751 1841 1796 ῌῙΙρώτη
1864 1749 1909 1777 οῦν

1088 1794 1133 1830 καὶ
1147 1800 1239 1838 νεκρὸν
1259 1798 1364 1835 ἐδέξατο
1389 1798 1541 1836 ἄνθρωπον,
1561 1797 1616 1825 ἐκεῖ
1629 1799 1679 1825 τοῦ
1695 1794 1784 1833 ’Δδὰμ
1799 1796 1849 1831 τὴν
1863 1805 1910 1822 κα-

1088 1845 1199 1881 ταδίκην
1224 1845 1433 1883 πληρώσαντος.
1460 1841 1556 1870 Καινὸν
1579 1841 1624 1869 οὖν
1652 1840 1738 1869 ὶδόκει
1763 1840 1832 1868 εἶναι
1852 1841 1910 1871 τοῖς

1088 1891 1150 1919 τότε
1165 1889 1262 1927 θέαμα,
1290 1890 1381 1917 ὁστέον
1405 1887 1537 1927 κεφαλῆς,
1562 1890 1611 1921 τῆς
1634 1886 1732 1924 σαρκὸς
1758 1883 1911 1923 περιρρυεί-

1091 1946 1152 1971 σης,
1173 1935 1217 1962 καὶ
1241 1934 1404 1971 ἀποθέμενοι
1427 1932 1459 1960 τὸ
1474 1931 1584 1969 κρανίον
1599 1930 1625 1958 ἐν
1640 1932 1680 1967 τῷ
1695 1930 1786 1966 τόπῳ,
1803 1928 1912 1968 κρανίου

1090 1981 1174 2008 τόπον
1191 1979 1346 2016 ὠνόμασαν.
1362 1977 1442 2008 Εἰκὸς
1456 1977 1486 2004 νὶ
1503 1975 1574 2013 μηδὶ
1587 1977 1636 2003 τοῦ
1652 1977 1712 2003 Νῶε
1722 1976 1771 2002 τοῦ
1787 1974 1913 2012 ἀρχηγοῦ

1091 2025 1199 2053 πάντων
1214 2024 1362 2062 ἀνθρώπων
1388 2022 1518 2059 ἀγνοῆσαι
1542 2021 1587 2048 τὸν
1611 2020 1707 2059 τάφτν,
1722 2019 1759 2050 ὡς
1777 2019 1847 2056 μετὰ
1868 2017 1912 2062 τον

1092 2068 1283 2105 κατακλυσμὸν
1300 2068 1345 2095 ἀπ’
1367 2067 1449 2094 αὐτοῦ
1473 2064 1632 2100 διαδοθῆναι
1652 2064 1703 2098 τὴν
1728 2064 1837 2102 φήμην.
1854 2061 1914 2090 Διό-

1093 2124 1143 2152 περ
1157 2114 1171 2141 ὁ
1185 2112 1284 2151 Κύριος
1307 2112 1356 2144 τὰς
1379 2110 1465 2149 ἀρχὰς
1487 2112 1535 2138 τοῦ
1559 2108 1728 2148 ἀνθρωπείου
1752 2109 1810 2145 (57)
1835 2106 1914 2134 θανά-

1092 2169 1141 2186 του
1166 2157 1320 2195 ὲρευνήσας,
1344 2156 1382 2187 εἷς
1405 2156 1451 2183 τὸν
1476 2154 1624 2193 λεγόμενον
1649 2154 1762 2192 κρανίου
1786 2152 1870 2180 τόπον
1883 2152 1913 2179 τὸ

1092 2202 1178 2233 πάθος
1193 2200 1310 2237 ὶδὲξατο,
1323 2200 1370 2229 ’ίνα
1383 2199 1409 2228 ιν
1426 2200 1449 2236 ᾦ
1464 2199 1541 2236 τόπῳ
1556 2200 1574 2234 ἡ
1586 2198 1674 2238 φθορὰ
1684 2199 1738 2225 τῶν
1763 2197 1911 2235 ἀνθρώπων

1092 2248 1142 2282 τήν
1157 2246 1247 2284 ἀρχὴν
1262 2243 1370 2281 the“,
1386 2244 1484 2272 ἐκεῖθεν
1508 2245 1526 2279 ἡ
1544 2243 1600 2279 ζωὴ
1627 2245 1677 2277 τῆς
1702 2241 1844 2280 βασιλείας
1864 2241 1913 2278 ἄρ-

215 2285 337 2331 pertulit
349 2286 382 2322 ²⁰,
395 2289 426 2314 ut
441 2296 499 2323 quo
515 2288 543 2315 in
561 2288 622 2316 loco
643 2289 796 2318 hominum
821 2291 956 2320 interitus
979 2293 1036 2320 ini-

1093 2292 1181 2327 ξηται·
1207 2290 1252 2318 καὶ
1278 2289 1368 2327 ὥσπερ
1393 2288 1501 2327 ἴσχυσεν
1524 2288 1550 2315 ἐν
1575 2289 1615 2324 τῷ
1639 2285 1728 2323 Ἀδὰμ
1749 2287 1764 2313 ὁ
1788 2285 1911 2331 θάνατος,

216 2330 291 2358 tium
308 2331 430 2366 accepit,
447 2332 515 2360 inde
540 2333 621 2369 regni
635 2334 694 2362 vita
712 2336 854 2372 originem
879 2345 962 2365 suam
977 2338 1038 2365 tra-

215 2375 309 2408 heret,
324 2377 351 2402 et
375 2377 623 2411 quemadmodum
649 2387 730 2408 mors
753 2380 877 2409 invaluit
891 2381 921 2410 in
935 2382 1038 2416 Adam,

215 2419 258 2448 ita
274 2419 304 2447 in
319 2419 425 2449 Christi
448 2424 541 2450 morte
562 2423 761 2452 inﬂrmaretur
771 2425 804 2453 ²¹.
816 2425 998 2462 Quapropter
1011 2429 1041 2455 et

252 2482 274 2524 ξ¹
283 2482 394 2524 gerem.
411 2493 448 2524 ιιι
457 2485 502 2515 21.
541 2487 564 2505 ¹⁸
577 2486 650 2516 Gen.
664 2496 714 2522 xu,
729 2489 758 2516 7.
798 2489 819 2507 ¹⁷
834 2491 914 2518 Deut.
927 2497 1015 2524 χχιιι,
1027 2491 1054 2520 9.

214 2518 236 2537 ⁸⁸
252 2519 264 2547 Ι
279 2521 342 2548 Cor.
359 2528 403 2554 xv,
416 2521 461 2548 22.

323 2584 441 2622 Aptiqul
456 2585 514 2612 duo
530 2585 606 2619 libri,
624 2583 779 2622 διδομένης.

249 2619 307 2656 (54)
322 2619 368 2647 sic
388 2623 460 2656 AReg.
486 2622 634 2650 secundus
658 2619 725 2650 cum
746 2619 830 2651 'Colb.
850 2625 989 2653 secundo.
1006 2625 1038 2654 In

214 2655 302 2692 editis
319 2664 370 2692 pro
387 2654 413 2682 ἐν
429 2654 536 2692 legitur
551 2657 604 2685 καί.
623 2657 688 2686 Mox
702 2658 867 2688 Combeﬁeii
883 2661 972 2688 codex
987 2669 1038 2689 an-

213 2690 327 2726 tiquior
340 2690 471 2718 ἅπτονταῖ
484 2690 549 2727 ἤδη.

238 2726 367 2770 ‘(55)’Ita
390 2736 424 2755 ex
448 2729 577 2764 quinque
603 2737 675 2757 mas.
703 2731 933 2760 emendavimus.
950 2731 1037 2766 Editi,

216 2770 265 2794 την
300 2771 392 2790 ενεσιν.

251 2771 306 2843 (βό)
322 2799 440 2843 veteres
466 2800 595 2843 quinque
619 2799 696 2842 libri,
723 2801 847 2843 μνήμηνΓ
869 2802 946 2843 Editi
969 2811 1037 2843 vero

215 2836 340 2871 γνώμην.
355 2836 458 2864 Statim
485 2836 566 2873 Regii
591 2836 705 2873 primus
720 2836 748 2868 et
763 2836 885 2875 quartus
906 2841 935 2869 et
954 2839 1037 2876 editi,

1094 2336 1181 2368 οὕτως
1196 2336 1330 2373 ἀσθενήσῃ
1424 2332 1449 2362 ἐν
1465 2335 1505 2369 τῷ
1524 2332 1629 2369 θανάτῳ
1643 2332 1772 2369 Χριστοῦ.
1789 2330 1840 2358 Διὰ
1852 2329 1912 2357 τοῦ-

1093 2391 1124 2409 το
1139 2381 1185 2408 καὶ
1201 2381 1244 2409 Ἑν
1267 2380 1371 2417 κάρατι,
1399 2379 1435 2409 ὡς
1459 2379 1527 2405 κατᾶ
1549 2379 1598 2404 τοῦ
1621 2375 1721 2414 ἐχθροῦ
1747 2375 1912 2412 ἀμυντήριον

1095 2425 1186 2465 ἔχοντι
1199 2425 1243 2453 τὸν
1257 2423 1370 2462 σταυρὸν
1382 2425 1431 2451 τοῦ
1454 2423 1582 2458 Χριστοῦ·
1599 2421 1655 2457 καὶ,
1677 2419 1766 2456 Πίονι,
1782 2419 1821 2451 ὡς
1850 2418 1915 2456 μετὰ

1093 2490 1116 2510 η
1130 2490 1215 2518 Rom.
1226 2497 1265 2524 xx,
1276 2488 1321 2516 25.
1360 2488 1383 2506 ¹⁹
1397 2487 1468 2515 Gen.
1480 2494 1524 2521 ιιι,
1536 2485 1581 2514 23.
1620 2484 1643 2503 ³⁰
1656 2483 1760 2513 Matth.
1772 2491 1862 2519 mu,
1872 2483 1915 2511 33.

1094 2588 1130 2619 ὡς
1159 2585 1211 2626 ἄρα
1233 2596 1329 2626 πρῳτῃ
1358 2586 1376 2620 ἦ
1408 2583 1525 2626 Ἰουδαία
1558 2581 1812 2626 ανίξρῳπονηξσχεν
1842 2580 1916 2616 οἰκή-

1092 2619 1241 2660 τορα,’θιο.
1256 2619 1293 2651 Ἀὶ
1307 2619 1376 2658 Reg.
1391 2621 1539 2650 secundus
1553 2622 1582 2649 et
1595 2619 1675 2649 Colb.
1692 2619 1794 2647 itidem
1810 2626 1914 2647 secun-

1094 2661 1149 2688 dus
1166 2659 1206 2687 uti
1220 2660 1249 2686 in
1265 2661 1411 2694 contextu,
1425 2658 1544 2686 rectius.
1562 2655 1677 2685 Fabulae
1691 2657 1720 2683 et
1735 2663 1832 2691 nugae.
1845 2654 1915 2682 Vide

1092 2696 1321 2733 Hieronymum,
1356 2730 1364 2733 _
1649 2725 1684 2733 ..
1771 2727 1784 2733 -

1128 2731 1185 2767 (57)
1200 2724 1323 2767 Antiqui
1348 2730 1405 2758 duo
1421 2729 1488 2757 libri
1504 2726 1596 2764 διόπερ
1611 2725 1657 2754 καὶ
1673 2726 1722 2754 ὁ...
1736 2727 1786 2754 τοῦ
1811 2724 1912 2762 ἀνθρω-

1091 2766 1182 2795 πίνου.

1127 2803 1182 2840 (58)
1198 2802 1317 2831 Veteres
1331 2801 1410 2836 libri,
1426 2799 1575 2836 ἀσθενήσει.
1590 2798 1677 2835 Editi,
1692 2797 1839 2834 ἀσθενήσῃ.
