2009 3145
92 171 150 201 349

507 170 707 202 COMMENT.
732 171 772 200 IN
794 170 932 201 ISAIAM
979 171 1205 202 ROPHETAM.
1228 173 1313 203 CAP.
1338 173 1374 203 V.

1742 170 1802 201 350

92 238 139 265 τὸν
150 234 317 274 παράδεισον
336 238 390 263 τῶν
420 235 488 264 κατὰ
513 237 603 272 πάσης
631 239 681 271 τῆς
708 237 752 275 ὑφ’
768 236 842 273 ἡλίῳ
867 238 920 263 τῶν

978 238 1008 265 In
1022 246 1118 272 cornu,
1134 238 1224 266 veluti
1239 247 1322 266 arma
1339 239 1374 267 ad
1389 239 1447 267 vim
1463 238 1556 267 hostis
1570 238 1800 275 propulsandam

94 282 238 320 πρωτείων
255 281 412 318 ἧξιωμένῳ.

974 282 1080 310 idonea
1101 283 1236 317 habente,
1253 291 1368 311 crucem
1385 283 1519 312 videlicet
1540 283 1645 311 Christi
1662 292 1670 312 :
1690 285 1718 311 et
1733 285 1800 312 Pin-

93 329 154 363 gui,
170 327 261 355 veluti
275 327 387 363 primas
404 328 471 362 post
486 327 657 362 paradisum
673 327 750 354 inter
764 335 866 354 omnes
881 326 1013 361 regionee
1029 335 1092 362 qua:
1108 328 1163 355 sub
1178 327 1238 356 sole
1253 330 1333 361 sunt,
1349 328 1508 356 obtinendi.

130 381 202 409 442.
234 379 284 408 Καὶ
328 380 452 418 φραγμὸν
494 380 662 416 πιριέθηκα,
693 378 738 406 καί
782 378 923 417 ἐχαράκω-

94 436 129 453 σα
156 426 226 460 (59),
242 424 287 452 καὶ
318 424 448 463 ὶφύτιυσα
478 423 600 461 ἄμπελον
632 425 752 462 Σωρήχ·
779 425 823 451 καὶ
853 424 924 460 ᾠκο-

95 470 206 505 δόμησα
239 469 341 506 πύργον
381 468 407 495 ἐν
449 469 522 505 μέσῳ
563 468 664 504 αὐτῆς,
693 469 737 496 καί
775 468 922 506 προλήνιον

95 513 186 552 ὤρυξα
202 513 227 541 ἐν
243 513 322 550 αὐτῇ.
339 513 376 540 Οὐ
392 513 461 540 πάνυ
481 524 507 541 τι
533 515 550 548 ἡ
577 512 724 541 ἀκολουθία
751 517 800 548 τῆς
828 513 924 550 λέξεως

95 561 132 596 τῇ
149 559 223 598 φύσει
238 560 292 585 τῶν
315 559 483 596 πραγμάτων
505 557 608 586 ἕπεται.
624 558 758 595 Πρότερον
788 559 837 595 γάρ
868 558 923 585 ὶστι

96 604 129 631 τὸ
149 605 276 642 φυτεῦσαι
303 605 351 629 τοῦ
379 606 548 640 χαρακὼσαι·
566 601 641 640 εἴπερ
672 603 697 630 οἱ
726 602 843 640 χάρακές
872 602 923 629 εἶσι

98 649 213 686 βοήθεια
238 649 272 684 τῇ
302 646 420 684 ἀμπέλῳ
435 648 502 685 πρὸς
528 648 559 674 τὸ
585 647 692 684 ἀνέχειν
719 647 772 674 ἀπὸ
799 650 848 681 τῆς
874 650 924 684 γῆς

94 692 158 723 τοὺς
183 691 316 729 καρπούς.
342 692 375 719 Ἢ
411 693 518 728 μήποτε
544 692 558 718 ὁ
586 691 768 729 προνοητικὸς
806 691 925 729 γεωργὸς

95 737 170 775 παρὰ
185 737 236 771 τὴν
265 737 379 774 πρώτην
407 737 573 770 κατασκευὴν
598 737 685 764 πάντα
699 735 922 773 προευτριπίσας,

97 781 210 818 ὕστερον
226 781 339 818 ἄρχεται
354 784 404 816 τῆς
421 782 550 819 (punice;
567 781 615 808 Διὰ
633 783 712 808 τοῦτο
739 783 849 818 πρῶτον
875 790 921 807 πε-

96 826 253 865 ριφράσσει,
283 826 339 853 εἶτα
367 828 496 863 χαρακοῖ,
522 826 579 852 εἶτα
603 825 709 864 φυτεύει
740 823 874 862 ἄμπελον·
892 824 923 851 οὐ

93 871 145 905 τὴν
162 872 310 908 τυχοῦσαν,
327 870 401 898 ἀλλὰ
416 871 531 908 Σωρήχ,
548 869 613 907 ὅπερ
631 869 785 907 Σύμμαχος
797 868 922 904 ἐποίησεν

94 914 260 950 Ἐκλικτήν.
276 915 324 945 Τίς
340 914 384 942 οὖν
407 915 420 942 ὸ
445 915 582 953 φραγμὸς,
598 914 616 949 ἢ
639 913 768 950 δηλονότι
797 914 825 941 αἱ
850 913 924 941 ivro-

95 959 164 994 λαί;
180 959 212 990 ’ἂς
242 959 296 996 πρὸ
324 961 373 986 τοῦ
401 959 510 997 ἀγαγεῖν
538 959 576 990 εἷς
600 959 650 994 τὴν
665 960 714 997 γῆν
730 962 779 994 τῆς
793 959 923 996 κατασχέ-

94 1015 164 1035 σῑως
180 1005 250 1040 (60),
267 1002 351 1031 ἔδωκε
365 1006 404 1040 τῷ
420 1003 497 1039 λαῷ;
514 1004 578 1030 Εἶτα
592 1002 704 1040 δύναμις
720 1003 812 1034 αὐτοῖς
840 1001 920 1038 ἐδόθη

94 1049 170 1086 παρὰ
184 1051 263 1083 Θεοῦ,
279 1051 386 1084 κρατεῖν
402 1050 457 1075 τῶν
478 1047 654 1082 ὑπεναντίων,
671 1048 715 1075 καὶ
741 1047 921 1085 ἓξολοθρεύειν

93 1093 127 1121 τὰ
141 1094 378 1132 προενοικήσαντα
392 1092 467 1128 ἔθνη.
483 1093 569 1130 Ὅπερ
592 1094 713 1131 χάρακας
738 1093 804 1128 εἶπε,
824 1091 868 1120 διὰ
891 1093 922 1120 τὸ

96 1137 223 1175 ὑψηλοὺς
251 1140 340 1165 ποιεῖν
360 1138 405 1165 καὶ
431 1140 600 1176 περιφανεῖς,
614 1137 678 1168 τοὺς
703 1136 823 1175 καρποὺς
851 1136 920 1174 ἐγιίι

96 1193 193 1220 ρον-τας
209 1182 263 1209 ἀπὸ
278 1184 328 1209 τοῦ
352 1183 510 1219 πτώματος,
526 1183 593 1220 πρὸς
622 1183 652 1209 τὸ
682 1182 720 1218 μή
748 1182 835 1216 πάντη
866 1182 920 1218 (61)

96 1227 324 1264 ιῦεπιχειρήτους
354 1227 517 1255 simultate
545 1228 658 1261 τοῦτοὴ
675 1226 768 1265 φυτεία
795 1228 849 1253 τῶν
878 1226 921 1253 ἰκ-

95 1272 200 1299 λεκτῶν
219 1281 225 1287 ·
258 1270 304 1298 διὰ
330 1272 361 1298 τὸ
390 1272 420 1299 ἐκ
449 1272 602 1308 σπᾶρματος
631 1271 698 1298 εἶναι
725 1268 851 1307 Ἀϐραὰμ
875 1270 920 1298 καὶ

91 1316 189 1345 Ἰσαὰκ
214 1316 259 1343 καὶ
294 1313 382 1344 Ῐακὼϐ
411 1318 462 1343 τῶν
493 1315 626 1343 ἐκλεκτῶν
650 1317 698 1343 τοῦ
726 1315 802 1343 Θεοὸ.
832 1316 864 1344 Ὁ
892 1314 921 1342 δὲ

91 1361 199 1398 πύργος
215 1361 229 1387 ὁ
244 1359 437 1396 οἰκοδομηθεὶς
460 1361 486 1387 ὲν
505 1361 579 1396 μέσῳ
605 1359 653 1388 τοῦ
678 1359 853 1396 ἀμπελῶνος,
869 1358 920 1395 δη-

93 1405 187 1433 λονότι
204 1406 260 1441 (62)
277 1406 292 1432 ὁ
307 1405 369 1436 ναός
384 1406 453 1432 ἔστιν
471 1405 496 1432 ἓν
515 1406 583 1442 μέσῃ
600 1406 633 1442 τῇ
650 1403 766 1440 Ἰουδαίᾳ
791 1403 919 1442 καθιδρυ-

92 1450 186 1486 μένος·
214 1449 366 1487 προλήνιον
392 1448 430 1484 δὲ,
455 1449 522 1484 αὖτή
553 1451 570 1485 ἡ
600 1450 745 1487 συναγωγή
773 1451 825 1476 τῶν
851 1450 919 1477 Ἰου-

937 809 962 841 Β

1015 381 1076 409 142.
1094 381 1180 409 Vens.
1198 382 1224 409 2.
1252 382 1282 410 Et
1304 390 1394 418 sepem
1420 382 1613 417 cz'rcumposui,
1638 384 1664 410 et
1686 382 1800 417 voltavi,

979 430 1005 453 et
1017 427 1145 462 plantavi
1167 428 1278 455 vineam
1299 427 1397 455 Sorech
1411 435 1421 454 :
1436 430 1462 454 et
1485 427 1634 455 adivit-avi
1655 428 1755 454 turrim
1771 428 1800 455 in

978 471 1069 498 medio
1085 472 1154 506 eius,
1167 476 1194 499 et
1206 472 1381 506 pratorcular
1392 473 1454 508 fodi
1468 473 1497 499 in
1510 480 1551 500 ea.
1563 472 1625 500 Non
1639 472 1800 500 admodum

978 522 1045 543 cum
1063 518 1167 543 natura
1182 525 1278 544 rerum
1295 516 1419 544 cohaeret
1434 516 1583 544 sententiaa
1599 516 1699 544 series.
1716 516 1799 544 Prius

979 560 1058 587 enim
1083 560 1234 596 plantatur
1258 562 1350 596 vinea,
1367 569 1455 597 quam
1479 560 1603 588 valletur
1624 569 1630 588 :
1652 560 1798 596 siquidem

978 605 1153 640 pedamenta
1170 606 1219 633 viti
1234 607 1304 633 eunt
1319 605 1437 640 auxilio,
1448 605 1484 632 ad
1496 605 1608 633 fructus
1622 613 1638 632 ο
1653 607 1730 632 terra
1745 605 1800 633 eri~

978 650 1100 686 gendos.
1110 650 1267 686 Ceteroqui
1285 650 1428 685 numquid
1443 649 1570 686 agricola
1583 649 1732 685 providus,
1749 650 1798 677 ubi

978 695 1077 722 omnia
1091 695 1125 721 ad
1142 695 1270 730 primum
1287 697 1458 730 apparatum
1473 694 1625 722 attinentia
1636 694 1798 729 adornavit,

977 740 1039 766 tum
1055 739 1173 766 demum
1196 739 1328 775 plantare
1343 738 1529 775 aggreditur?
1548 738 1689 771 Quocirca
1704 738 1798 774 primo

978 783 1175 820 circumsepit,
1192 784 1297 811 deinde
1322 783 1420 818 vallat,
1436 786 1537 819 postea
1561 783 1674 819 plantat
1687 783 1799 810 vineam

979 836 1037 856 non
1053 827 1299 864 qualemcunque,
1310 828 1360 855 sed
1377 828 1486 862 Sorech,
1496 836 1584 863 quam
1599 835 1699 855 vocem
1714 827 1799 864 Sym-

979 872 1102 900 machus
1121 872 1330 908 interpretutur
1348 873 1477 900 Electam.
1494 873 1632 905 Quaenam
1646 874 1691 900 est
1709 872 1800 908 igitur

978 925 1073 953 sepes,
1086 917 1143 945 nisi
1157 917 1208 944 illa
1223 917 1324 953 utique
1340 920 1482 953 praecepta
1496 925 1559 953 quas
1575 920 1641 945 ante
1656 917 1736 945 dedit
1751 925 1799 952 po-

979 961 1048 998 pulo
1059 962 1094 995 ",
1106 970 1194 998 quam
1207 969 1275 989 eum
1290 962 1320 989 in
1335 964 1442 990 terram
1459 961 1665 998 possidendam
1681 961 1800 989 induce-

978 1006 1044 1034 ret?
1060 1006 1169 1034 Deinde
1184 1006 1227 1034 eis
1243 1015 1258 1034 ο
1278 1009 1333 1034 Deo
1349 1006 1457 1034 tradita
1472 1006 1597 1034 facultas
1611 1008 1667 1039 est,
1678 1013 1735 1041 qua
1750 1014 1799 1034 su-

978 1054 1113 1086 perarent
1128 1051 1237 1084 hostes,
1253 1059 1286 1078 ac
1305 1053 1415 1087 gentes,
1428 1059 1490 1086 quis
1506 1050 1566 1078 illic
1587 1050 1669 1086 prius
1685 1050 1799 1079 habita-

977 1098 1092 1130 verent,
1122 1095 1241 1131 penitus
1268 1095 1445 1123 tollerent”.
1471 1095 1552 1128 Quod
1580 1095 1678 1131 ipsum
1708 1094 1799 1122 vallos

978 1139 1146 1175 appellavit,
1163 1140 1239 1176 quod
1261 1140 1314 1168 hos
1336 1140 1412 1168 479
1437 1139 1579 1168 sublimes
1602 1139 1750 1168 efficerent
1764 1147 1798 1168 ac

977 1185 1160 1220 conspicuos,
1173 1185 1285 1212 fructus
1300 1184 1428 1212 levantes
1439 1193 1475 1212 ne
1485 1184 1631 1218 caderent,
1643 1186 1672 1212 et
1686 1192 1722 1212 ne
1737 1183 1797 1212 ullo

977 1229 1063 1256 modo
1078 1229 1113 1256 ad
1138 1229 1265 1264 praedam
1290 1232 1389 1257 essent
1402 1229 1534 1265 expositi.
1551 1229 1716 1256 Secundum
1743 1228 1797 1257 hoc

976 1273 1109 1309 sequitur
1125 1273 1263 1309 plantatio
1274 1273 1443 1308 electorum,
1459 1276 1559 1309 utpote
1574 1273 1623 1309 qui
1635 1273 1797 1309 prodierint

975 1325 1009 1346 ex
1024 1318 1135 1346 semine
1146 1318 1306 1353 Abraham,
1319 1318 1399 1346 Isaac
1411 1320 1440 1346 et
1452 1319 1551 1352 Jacob,
1563 1317 1719 1345 electorum
1736 1318 1794 1345 Dei.

975 1362 1076 1390 Turris
1100 1364 1198 1390 autem
1226 1363 1255 1390 in
1287 1362 1381 1390 medio
1410 1363 1499 1390 vinem
1527 1362 1678 1397 mdiﬁcata,
1696 1361 1796 1397 utique

974 1409 1019 1434 est
1036 1407 1175 1442 templum
1193 1407 1221 1434 in
1238 1407 1334 1434 media
1348 1406 1450 1434 Judaea
1465 1406 1637 1434 collocatum
1654 1413 1661 1433 :
1679 1407 1795 1441 protor-

973 1450 1054 1478 cular
1069 1459 1135 1478 vero
1151 1451 1214 1486 ipsa
1229 1455 1272 1478 est
1287 1451 1455 1478 Judaaorum
1473 1458 1623 1487 synagoga
1640 1459 1646 1477 :
1663 1450 1794 1486 quando-

90 1493 187 1529 δαίων,
203 1493 274 1521 διότι
290 1492 375 1529 ληνὸς
393 1495 439 1530 μὶν
455 1494 556 1532 κυρίως
582 1495 599 1528 ἡ
624 1496 672 1521 τοῦ
701 1495 768 1521 Θιοῦ
799 1493 915 1529 Ἐκκλη-

978 1495 1094 1530 quidem
1110 1495 1237 1522 torcular
1258 1495 1374 1531 proprie
1399 1495 1508 1523 dicitur
1531 1494 1582 1523 Dei
1607 1494 1745 1528 Ecclesia,
1761 1502 1796 1522 ex

90 1538 145 1572 σία,
163 1539 195 1566 ἐκ
222 1540 272 1571 τῇς
301 1538 470 1576 πανταχόθεν
501 1537 638 1576 συλλογῆς
661 1537 868 1575 κεκοσμημένη,
884 1537 919 1565 δι’

88 1583 122 1618 ἢν
140 1583 186 1610 καὶ
202 1584 235 1610 τὰ
250 1582 381 1618 ἑπιλήνια
395 1582 502 1620 ᾅσματα
524 1585 579 1620 (63)
595 1584 669 1620 παρὰ
700 1585 740 1619 τῷ
768 1582 920 1620 Ψαλμῳδῷ

91 1626 196 1663 ᾅδεται·
214 1627 368 1666 προλήνιον
394 1626 432 1662 δὶ,
449 1628 493 1655 καὶ
508 1629 526 1662 ὴ
543 1627 754 1666 προπαρασκευὴ
770 1628 788 1662 ἡ
805 1626 849 1654 διὰ
871 1629 920 1655 τοῦ

91 1673 192 1708 νόμου,
219 1672 263 1699 καὶ
293 1671 496 1709 προμελετησις
525 1671 564 1702 εἷς
593 1669 727 1699 εὐσέϐειαν
746 1681 752 1688 ’
782 1671 826 1699 καὶ
853 1671 920 1699 καθὸ

94 1717 142 1753 μὲν
160 1716 200 1748 εἷς
224 1717 337 1751 ἑνότητα
361 1715 429 1754 ἄγει,
446 1715 542 1752 ληνὸς,
558 1717 624 1744 καθὸ
653 1715 682 1743 δὲ
709 1716 919 1754 προπαρασκευὴ

89 1760 281 1798 τελειοτάρων,
310 1759 367 1788 ἔστι
396 1760 567 1798 προλήνιον.
590 1763 704 1797 Ἔμεινα
730 1763 779 1788 τοῦ
806 1764 920 1796 ποιῆσαι

90 1803 258 1842 σταΫυλὴν,
298 1804 410 1839 ἐποίησε
453 1804 482 1832 δὲ
523 1805 657 1837 ἀκάνθας.
688 1804 853 1837 Ἀκόλουθον
885 1805 918 1840 ἦν

84 1849 131 1877 ὶπὶ
159 1851 194 1886 τῇ
233 1848 328 1886 φυτεία
360 1851 395 1886 τῇ
425 1848 552 1886 ἐκλεκτῇ,
581 1850 626 1876 καὶ
651 1851 686 1886 τῇ
715 1848 859 1886 ἓπιμιλείᾳ
885 1851 919 1887 τῇ

83 1893 291 1930 τοσαύτῃ,τοὺς
320 1893 441 1931 καρποὺς
467 1893 577 1931 γλυκεῖς
602 1893 789 1922 ἀποδίδοσθαι.
805 1894 845 1922 Τὰ
869 1894 919 1932 γὰρ

87 1938 170 1966 τέκνα
197 1941 247 1966 τοῦ
273 1935 400 1975 Ἀϐραὰμ
424 1939 457 1965 τὰ
487 1936 550 1976 ἔργα
575 1940 623 1965 τοῦ
648 1936 774 1976 Ἀϐραὰμ
799 1939 919 1966 ἀπαιτεῖ-

87 1993 144 2011 tat.
163 1982 241 2011 Ἀλλ’
258 1983 316 2010 ἀντί
331 1984 381 2015 τῆς
405 1981 642 2019 προσδοκηθείσης
662 1982 800 2021 σταφυλῆς
826 1983 920 2017 ἐποίη-

88 2040 132 2056 σεν
163 2029 303 2061 ἀκάνθας*
333 2029 484 2062 τουτάστιν,
514 2029 574 2056 ἀντὶ
610 2031 658 2056 τοῦ
696 2028 845 2066 εὐφραίνειν
874 2028 918 2056 καὶ

90 2074 250 2110 ἀναπαύειν,
277 2072 390 2110 ῗτοιμος
429 2075 486 2110 (64)
523 2074 591 2111 πρὸς
617 2073 649 2101 τὸ
676 2076 844 2100 κατακεντεῖν
874 2074 918 2100 καὶ

88 2118 258 2153 καταξαίνειν
284 2118 329 2145 καὶ
356 2118 498 2155 αὶμάσσιιν
527 2118 592 2149 τοὺς
616 2117 828 2153 πλησιάζοντας.
851 2117 919 2147 Τίνα

89 2163 139 2201 γὰρ
154 2165 210 2190 τῶν
226 2164 376 2200 προφητῶν
402 2163 452 2190 οὐκ
467 2162 634 2197 ἀπέκτειναν,
650 2162 717 2190 κατὰ
744 2162 794 2197 τὴν
824 2163 850 2189 ἑν
878 2164 919 2199 τῷ

89 2206 255 2244 Εὐαγγελίῳ
274 2204 455 2245 παραϐολήν;
473 2207 511 2236 Οὐ
533 2206 615 2244 μόνον
632 2206 670 2242 δὲ,
689 2207 777 2244 οἶμαι,
792 2207 861 2234 κατὰ
887 2206 918 2235 τὸ

91 2250 206 2290 ᾇονικὸν
236 2251 351 2282 ἀκάνθας
380 2251 559 2289 ἑγκαλοῦνται
586 2252 774 2287 πεποιηκέναι,
789 2250 853 2279 ἀλλ’
877 2251 918 2279 δτι

87 2296 288 2327 καταλιπόντα
301 2296 332 2323 τὸ
348 2296 415 2323 εἶναι
431 2296 565 2334 φιλόθεοι,
582 2295 728 2335 φιλήδονοι
745 2295 853 2333 μᾶλλον
873 2307 920 2334 γε-

88 2341 200 2378 γόνασι,
213 2341 258 2368 καὶ
272 2343 332 2373 ταῖς
348 2340 492 2378 μερίμναις
513 2343 561 2369 τοῦ
589 2341 650 2379 βίου
681 2340 764 2369 οἱονεὶ
792 2340 919 2374 ἀκάνθαις

123 2428 148 2446 ι’
163 2428 253 2456 Exod.
269 2436 317 2463 xx,
335 2436 416 2464 seqq.
455 2428 479 2446 ²⁸
492 2429 580 2457 Num.
596 2436 654 2464 xxi,
670 2429 715 2457 23.
763 2429 787 2446 ³⁸
801 2429 876 2458 Psal.
892 2437 953 2464 vni,

86 2464 109 2482 ³⁷
127 2464 200 2492 Luc.
216 2472 278 2498 vni,
293 2464 337 2491 14.

126 2554 185 2591 (59)
194 2554 365 2592 Admonere
381 2554 435 2592 abs
449 2562 480 2582 re
500 2563 557 2582 non
583 2554 679 2592 fuerit,
695 2555 816 2592 verbum
832 2564 918 2592 χαρα-

88 2592 177 2618 ιιῶσαι
194 2590 250 2618 hoc
273 2590 336 2619 loco
360 2590 437 2618 sumi
459 2598 511 2626 pro
535 2598 569 2618 eo
593 2591 671 2626 quod
687 2593 742 2626 est,
757 2590 919 2626 paliﬁ‘seu,

87 2627 269 2690 ﬁngar-neniis
283 2627 456 2662 ﬁrmioribus
471 2627 582 2655 vineam
599 2627 728 2662 alligare.
746 2627 820 2663 Lege
835 2629 918 2655 Com-

111 2672 126 2690 e
151 2671 244 2690 slum.

92 2663 244 2691 befisium.

123 2699 180 2762 φο)
189 2698 264 2726 Jurc
272 2697 382 2733 optimo
393 2697 708 2733 reprehenditDuceue
717 2697 917 2732 Tilmannum,

123 2744 125 2761 |
154 2743 225 2762 cum
241 2736 355 2761 vertere
370 2733 528 2762 debuisset.
546 2734 576 2761 in
600 2737 702 2761 terram
729 2735 916 2762 possessionis.

89 2733 138 2770 qui
154 2733 225 2762 cum
241 2736 355 2761 vertere
370 2733 528 2768 debuisset,
546 2734 576 2761 in
600 2737 702 2761 terram
727 2735 916 2770 possessionis,

88 2772 217 2799 verterat
233 2772 344 2804 tamen,
361 2770 389 2796 in
405 2775 513 2797 terram
525 2770 722 2805 promissionis.
736 2770 769 2797 Et
783 2779 850 2798 Vero
864 2779 918 2798 vox

88 2806 257 2844 κατάσχιτις
278 2805 558 2844 ροεερξδίοηωηηιιο-ιι
581 2806 799 2844 promissionem,
814 2806 916 2844 _signi-

88 2841 242 2879 ϐοοιςῖιθο
257 2841 346 2869 aliter
359 2841 598 2878 hocvocabulum
614 2842 746 2870 redditur
757 2841 874 2870 Pssimo
885 2850 916 2878 ιι,

974 1541 1049 1568 coetu
1070 1539 1220 1567 undelibet
1244 1541 1400 1567 convocato
1424 1540 1576 1572 adornata,
1592 1539 1678 1575 cujus
1701 1539 1796 1575 gratia

975 1583 1083 1611 Psaltes
1098 1583 1223 1619 epilenia
1238 1584 1350 1611 cantica
1365 1584 1479 1612 cecinit.
1491 1584 1565 1616 Quin
1581 1584 1670 1611 etiam
1685 1586 1796 1620 protor-

975 1627 1056 1656 cular
1066 1628 1099 1663 ⁵⁸,
1115 1628 1288 1664 praeparatio
1302 1631 1345 1656 est
1367 1636 1419 1664 per
1438 1628 1532 1664 legem
1546 1628 1684 1663 exhibita,
1700 1630 1729 1656 et
1743 1637 1795 1656 an-

974 1673 1110 1701 tecedens
1130 1673 1262 1708 quaedam
1286 1673 1400 1708 pietatis
1424 1673 1601 1701 exercitatio.
1618 1674 1654 1701 Et
1679 1673 1795 1708 quidem

974 1717 1103 1745 torcular
1113 1719 1166 1752 est,
1177 1719 1321 1753 quatenus
1331 1718 1450 1745 adducit
1460 1717 1495 1745 ad
1508 1718 1650 1746 unitatem
1663 1726 1669 1745 :
1682 1720 1795 1754 protor-

975 1762 1057 1790 culer
1072 1770 1147 1796 vero,
1164 1765 1309 1797 quatenus
1331 1764 1476 1798 praeparat
1491 1762 1526 1790 ad
1542 1762 1722 1798 perfectiora.
1740 1762 1796 1790 Ex—

974 1808 1093 1841 spectant"
1107 1809 1136 1834 ut
1151 1808 1251 1842 facere!
1266 1815 1347 1834 uvam
1360 1816 1369 1835 :
1383 1807 1447 1843 [ecit
1462 1809 1552 1835 autem
1567 1807 1671 1841 spinas.
1687 1806 1796 1834 Conve-

976 1851 1075 1879 niebat
1089 1851 1263 1887 plantationi
1287 1851 1354 1879 huic
1377 1851 1483 1885 electae,
1500 1853 1640 1887 tantaque
1663 1859 1734 1878 cura
1748 1858 1795 1878 ex-

975 1895 1069 1931 cultae,
1078 1898 1110 1923 ut
1118 1895 1219 1923 dulces
1227 1896 1324 1924 ederet
1335 1896 1457 1924 fructus.
1466 1895 1615 1923 Enimvero
1629 1895 1666 1923 ab
1673 1895 1796 1923 Abrahae

975 1940 1043 1968 filiis
1059 1940 1179 1968 Abrahae
1205 1949 1294 1976 opera
1308 1942 1480 1975 repetuntur
1492 1941 1524 1966 2⁵.
1537 1941 1592 1968 Sed
1616 1948 1669 1976 pro
1693 1948 1795 1976 exspce

975 1987 1053 2013 etate
1069 1993 1124 2012 uva
1139 1985 1239 2021 spinas
1264 1985 1345 2018 fecit;
1361 1984 1416 2012 hoc
1434 1987 1489 2019 est,
1500 1993 1568 2012 cum
1592 1984 1754 2012 exhilarare
1767 1987 1797 2012 et

975 2037 1104 2057 recreare
1119 2029 1269 2057 debuisset
1283 2037 1332 2057 eos
1348 2029 1399 2065 qui
1418 2030 1569 2062 accedunt,
1586 2029 1706 2065 eosdem
1719 2037 1795 2065 pun-

973 2082 1051 2110 gere,
1066 2073 1215 2101 laneinare
1225 2081 1258 2101 ac
1271 2076 1423 2101 cruentare
1437 2075 1538 2109 parata
1551 2076 1604 2101 est.
1614 2074 1705 2105 Quem
1716 2073 1794 2100 enim

974 2118 1181 2154 prophetarum
1205 2126 1262 2145 non
1288 2117 1467 2152 occiderunt,
1489 2117 1574 2152 juxta
1599 2116 1794 2152 evangelicam

974 2163 1140 2200 parabolam
1151 2162 1190 2188 “‘2
1212 2164 1272 2190 Meo
1288 2162 1406 2197 quidem
1418 2162 1531 2198 judicio
1547 2170 1603 2190 non
1620 2164 1796 2190 accusantur

974 2207 1070 2236 solum
1081 2207 1158 2242 quod
1171 2207 1272 2242 spinas
1282 2206 1403 2234 fecerint
1413 2214 1465 2243 per
1474 2214 1558 2234 suam
1567 2206 1602 2234 ad
1614 2207 1721 2234 caedem
1733 2214 1798 2242 pro-

974 2252 1143 2285 clivitatem,
1158 2252 1207 2280 sed
1224 2251 1300 2287 quod
1326 2253 1414 2279 Deum
1439 2259 1538 2279 amare
1553 2251 1732 2286 desinentes,
1747 2259 1796 2279 νον

974 2297 1115 2330 luptatem
1132 2296 1227 2332 magis
1242 2303 1386 2329 amavere,
1403 2304 1435 2324 ac
1450 2296 1515 2323 vita:
1533 2296 1622 2330 hujus
1637 2295 1716 2323 curis
1730 2298 1795 2324 tan-

974 2350 1063 2378 quam
1073 2341 1168 2377 spinis
1179 2340 1311 2369 animum
1321 2341 1493 2369 sutIocarint
1501 2341 1532 2368 ’7.
1543 2340 1796 2374 Quemadmodum

971 2430 981 2457 1
1031 2437 1112 2463 Lxxx,
1129 2429 1153 2456 1.
1202 2427 1225 2445 ³⁸
1237 2428 1322 2456 Joan.
1338 2435 1400 2462 vni,
1416 2427 1460 2455 39.
1499 2427 1521 2445 ’⁸
1536 2427 1639 2456 Matth.
1655 2435 1736 2461 um,
1751 2427 1796 2456 37.

973 2557 990 2583 8
1007 2563 1013 2583 :
1032 2555 1104 2583 Dabo
1117 2555 1171 2582 tibi
1184 2556 1278 2589 gentes
1296 2555 1482 2583 hareditalem
1504 2558 1589 2590 tuam,
1606 2559 1631 2584 el
1645 2555 1795 2590 possessio-

972 2599 1035 2620 nem
1049 2593 1126 2618 tuam
1138 2592 1267 2618 terminos
1280 2594 1369 2618 terrae.

1009 2628 1065 2662 (61)
1081 2627 1166 2659 Editi,
1181 2626 1271 2662 παντί,
1286 2627 1385 2655 cuivis.
1402 2627 1437 2654 At
1457 2627 1549 2655 nostri
1565 2626 1695 2662 quinque
1711 2633 1795 2659 mss.,

973 2663 1070 2698 πάντη,
1087 2664 1208 2691 omnino.

1007 2695 1063 2735 (62')
1081 2699 1150 2735 Reg.
1167 2700 1301 2735 quartus,
1317 2695 1401 2732 δῆλον
1416 2696 1470 2725 δτι.

1008 2707 1063 2735 (02)
1081 2707 1150 2762 ueg.
1167 2707 1300 2734 quartus,
1317 2707 1401 2732 οηΛον
1416 2707 1470 2725 οτι.
1574 2731 1580 2738 _

1008 2736 1063 2771 (63)
1078 2735 1130 2771 Ερι
1145 2735 1212 2771 enia
1226 2734 1340 2771 cantica
1355 2741 1388 2761 ea
1403 2736 1482 2767 sunt,
1495 2740 1558 2768 qua:
1573 2733 1650 2759 inter
1664 2739 1794 2768 premen-

972 2771 1024 2798 das
1039 2770 1110 2798 uvas
1126 2770 1190 2798 cani
1206 2770 1343 2798 solerent.

1007 2807 1064 2843 (64)
1079 2807 1197 2835 Veteres
1221 2806 1351 2842 quinque
1375 2803 1452 2838 libri,
1476 2802 1597 2838 ἕτοιμος.
1623 2802 1709 2838 Editi,
1724 2800 1793 2829 ’ἑτοι-

974 2851 1034 2878 μον.
