2009 3145
99 141 157 172 357

523 137 726 171 COMMENT.
749 138 789 170 IN
812 137 946 170 ISAIAM
970 138 1223 171 PROPHETAM.
1246 142 1332 173 CAP.
1356 143 1392 174 V.

1754 145 1814 177 358

99 207 286 244 περιαιρεῖται
312 207 384 232 πᾶσα
409 203 543 242 ἀσφάλεια
566 205 610 232 καὶ
633 205 733 236 παντὸς
749 204 932 243 ὀχυρώματος

996 207 1014 232 ιι
1028 214 1084 234 non
1097 207 1250 242 putabilur,
1263 217 1349 244 neque
1365 209 1495 245 fodiatur.
1513 210 1617 246 Liquet
1630 211 1697 239 inde
1712 219 1814 241 eorum

99 247 242 289 προϐολή.
273 250 323 278 Καὶ
354 249 446 285 ἀνήσω
475 249 521 277 τὸν
548 248 698 286 ἀμπελῶνά
726 259 793 286 μου,
822 248 868 276 καὶ
897 247 927 275 οὐ

103 296 143 333 μὴ
178 295 286 332 τμηθῇ,
317 292 380 322 οὐδὲ
408 294 447 331 μή
477 295 577 333 “apii.
608 294 743 323 Ἐντεῦθεν
767 292 864 328 δῆλον,
887 292 928 320 δτι

102 341 120 375 ἡ
138 340 228 370 ἀνεσις
242 337 297 366 τῶν
320 337 492 375 ἁμαρτωλῶν
516 339 584 366 κατὰ
606 338 794 377 ἐγκατάλειψιν
816 337 928 376 γίνεται.

101 386 151 412 Ὧν
170 384 218 421 μὶν
240 383 293 421 γὰρ
315 385 482 420 προνοεῖται,
510 383 524 410 ὁ
550 383 634 420 λόγος
660 383 754 422 φησίν.
779 382 816 411 Οὐ
843 383 880 419 μή
903 391 931 408 σε

102 429 170 463 ἀνῶ,
201 426 259 456 οὐδ’
287 427 318 455 οὐ
350 428 388 464 μή
421 438 448 455 σε
475 427 666 465 ἐγκαταλείπω
692 428 758 464 (79)·
789 428 825 454 ὢν
852 425 875 453 δ’
900 426 930 453 ἃν

100 472 246 505 παντελῶς
261 472 383 508 ἀπογνῷ,
406 471 518 503 τούτους
546 471 655 503 ἀνέτους
679 472 774 511 ἀφίησι
797 473 885 498 ποιεῖν
899 469 933 497 τὰ

101 517 248 554 θελήματα
270 518 320 551 τῆς
343 516 441 553 σαρκὸς
465 516 510 543 καὶ
533 519 588 544 τῶν
616 515 744 544 διανοιῶν
770 516 869 549 αὐτῶν,
895 515 933 545 ὡς

102 566 155 597 τῆς
167 560 346 596 παιδευτικῆς
369 560 527 600 ἀνωφελοῦς
549 560 642 593 αὐτοῖς
667 560 807 598 ἐσομένης,
823 561 933 595 ’Δνήσω

104 606 163 641 οὖν,
180 606 258 644 φησὶ,
283 606 330 634 τὸν
359 605 519 643 ἀμπελῶνα.
547 605 600 635 Καὶ
620 605 646 633 τί
675 607 731 643 (80)
755 606 786 633 τὸ
812 605 931 637 ἐντεῦθεν

105 651 180 687 αὖτῷ
210 648 385 688 συμϐαῖνον;
409 650 448 679 Οὐ
480 651 517 687 μὴ
546 651 652 688 τμηθῇ,
680 651 773 688 φησὶν,
803 649 865 677 οὐδὲ
895 649 933 685 μή

107 697 198 734 σκαφῇ
227 693 276 723 ἔτι.
305 696 406 734 ’Ὠσπερ
436 695 488 733 γὰρ
515 695 540 722 οἳ
564 696 614 730 τήν
640 694 763 732 ἄμπελον
779 695 935 731 τέμνοντες,

108 740 270 778 συνέχουσιν
296 739 380 775 αὐτῆς
406 741 456 775 τὴν
479 738 604 777 δύναμιν,
631 739 700 767 ὥστε
717 739 935 776 τεταμιευμένως

107 785 153 813 καὶ
170 784 332 824 σωφρόνως,
357 784 401 812 διὰ
424 785 474 817 τῆς
495 787 549 812 τῶν
566 784 716 823 ἀναγκαίων
733 786 828 824 φορᾶς,
845 782 938 822 προϊέ-

106 840 162 857 ναι·
181 829 254 857 οὕτω
282 829 328 857 καὶ
356 829 433 867 ψυχή
459 828 684 866 ἰπίκαμπτομένη
709 831 767 860 ταῖς
800 827 936 865 θλίψεσιν,

108 874 196 902 οἱονεὶ
224 873 401 902 συστέλλεται
425 873 470 901 κάί
494 876 666 902 ταπεινοῦται
695 873 864 908 λυσιτελῶς,
890 873 935 901 καὶ

105 919 174 957 πρὸς
200 919 251 953 τὴν
279 918 382 946 οἰκείαν
406 919 503 954 ἑαυτῆς
526 918 683 956 ἐπιμέλειαν
711 918 880 957 ἐπανάγεται,
905 918 936 945 τὸ

106 963 254 1001 ἀναγκαῖον
277 963 322 991 καὶ
351 962 494 1002 ὠφέλιμον
522 963 548 990 έν
576 966 634 994 τοῖς
662 963 818 1002 πράγμασιν
846 964 937 1000 αἱρου-

108 1009 190 1046 μένη·
206 1009 225 1043 ἡ
241 1006 271 1035 δὲ
296 1008 423 1047 ἀφεθεῖσα
447 1006 552 1043 ἄνετος,
580 1007 636 1035 οἷόν
658 1018 700 1039 τις
725 1007 848 1044 ἄμπελος
869 1008 937 1043 ἀτη-

110 1052 244 1090 μέλητος,
261 1052 395 1090 ὑλομανεῖ
409 1052 454 1080 καὶ
479 1052 599 1089 ἐκχεῖται
624 1053 684 1089 περὶ
704 1047 738 1080 {ei
753 1053 879 1090 ἄχρηστα
893 1052 937 1080 καὶ

111 1097 255 1136 ἀνωφελῆ,
271 1097 340 1134 πρὸς
360 1098 410 1131 τὴν
432 1099 487 1124 τῶν
509 1096 623 1125 πολλῶν
650 1097 754 1132 ἀπάτην
779 1100 864 1124 πᾶσαν
887 1097 937 1131 τὴν

110 1144 167 1170 τῶν
191 1139 277 1180 ἔργων
301 1140 428 1177 ἐπίδειξιν
451 1142 614 1178 ποιουμένη.
633 1142 664 1170 Ὀ
692 1141 744 1179 γὰρ
769 1143 823 1169 τῶν
852 1142 939 1180 φθαρ-

111 1189 168 1214 τῶν
184 1187 233 1221 τήν
257 1185 381 1224 ἐργασίαν
407 1186 572 1223 ποιούμενος
595 1185 691 1222 ὅμοιός
717 1185 786 1213 ἐστιν
809 1185 937 1223 ἀμπέλῳ,

114 1230 183 1266 ξύλα
205 1230 251 1258 καὶ
277 1229 370 1268 φύλΛα
393 1231 449 1267 (81)
479 1230 523 1258 καὶ
549 1229 641 1262 ἕλικας
666 1229 843 1270 ἐκτρεφούσῃ,
868 1230 938 1258 οἶνον

114 1274 144 1302 ὃὶ
171 1274 340 1314 εὐφροσύνης
376 1275 533 1311 ποιητικὸν,
563 1275 600 1306 εἷς
630 1275 770 1310 ἀποθήκας
797 1274 940 1313 βασιλικὰς

113 1320 281 1355 ἆποτεθῆναι
297 1318 456 1356 δυνάμενον,
474 1320 512 1357 μὴ
600 1319 728 1357 ποιούσῃ.

150 1366 213 1394 147.
230 1365 258 1391 Ὁ
282 1363 327 1391 οὖν
358 1364 460 1396 ἀνεθεὶς
488 1364 619 1401 ἀμπελὼν
650 1363 698 1392 δύο
726 1364 826 1403 πάσχει
855 1363 937 1392 δεινὼ

113 1408 179 1437 οὔτε
202 1409 340 1446 τέμνεται,
363 1408 455 1446 φησὶν,
479 1409 540 1437 οὕτε
556 1409 712 1438 σκάπτεται.
738 1409 853 1447 Εἴρηται
868 1409 894 1436 τί
909 1410 940 1436 τὸ

114 1454 154 1490 μὴ
184 1454 340 1489 τέμνεσθαι,
363 1453 485 1481 τουτέστι
512 1454 550 1490 μή
579 1452 853 1488 κατακονδυλίζεσθαι
881 1455 941 1484 ταῖς

111 1499 315 1536 περιστάσεσιν,
332 1497 398 1535 ὅπερ
413 1497 455 1525 ἐπ’
471 1498 588 1536 ὠφελείᾳ
602 1500 655 1525 τῶν
672 1495 843 1535 θλιϐομένων
864 1497 940 1526 οἷκο-

111 1544 250 1578 νομεῖται.
269 1542 420 1570 Σκάπτεται
437 1540 466 1569 δὲ
481 1542 494 1569 ὸ
509 1544 597 1570 πᾶσαν
610 1542 660 1577 τὴν
677 1542 867 1580 περικειμένην
883 1543 940 1580 (83)

113 1586 191 1622 αὐτῷ
214 1586 283 1622 ὅλην
310 1585 504 1623 διδασκόμενος
526 1587 593 1625 πρὸς
617 1587 666 1622 τήν
692 1586 791 1614 οἰκείαν
806 1586 939 1626 ὠφέλειαν

115 1628 268 1668 λαμϐάνειν
285 1632 352 1668 (84).
379 1632 457 1665 Οἴον,
481 1631 600 1670 ἅσκαφός
623 1631 694 1659 ὶστεν
719 1631 851 1664 πλούσιος
865 1631 879 1659 ὁ
901 1633 940 1668 τῷ

118 1676 196 1714 βάρει
222 1678 277 1703 τῶν
292 1675 394 1714 γηίνων
417 1675 468 1710 τὴν
496 1676 588 1713 ψυχὴν
617 1675 788 1713 πιεζόμενος*
814 1677 882 1713 πρὸς
910 1676 939 1703 ’ὸν

116 1719 180 1748 οὔτε
207 1720 281 1751 ὑετὸς
311 1719 434 1757 οὖράνιος
461 1717 626 1748 καταϐαίνει*
657 1720 687 1748 οὐ
714 1722 765 1758 γὰρ
796 1720 941 1760 έφικνεῖταὶ

114 1769 168 1800 τῆς
185 1764 272 1803 ῥίζης,
298 1763 408 1800 πολλῆς
434 1763 476 1792 ἐπ’
498 1764 582 1800 αὐτῆς
609 1766 666 1802 (85)
690 1766 941 1804 συμπεφορημένης

115 1813 168 1845 τῆς
185 1809 378 1846 ματαιότητος.
408 1810 437 1838 Ὁ
469 1810 560 1846 μέντοι
589 1812 629 1845 τῷ
655 1813 841 1846 κατανυκτικῷ
866 1810 941 1848 Λόγῳ

117 1855 353 1886 ἀποσκευάσασθαι
382 1854 426 1881 τὸν
457 1851 543 1892 ὅχλον
569 1856 624 1881 τῶν
649 1854 750 1892 γηίνων
776 1855 943 1893 πραγμάτων

116 1899 163 1926 καὶ
179 1901 305 1938 φθαρτῶν
323 1897 475 1936 διδαχθεὶς,
498 1898 543 1926 καὶ
568 1899 728 1926 ἀναπνεῦσαι
755 1900 801 1936 μὲν
827 1900 880 1927 ἀπὸ
893 1903 943 1934 τῆς

117 1947 250 1982 συνοχῆς,
265 1942 416 1980 ἐκκαλύψαι
443 1942 471 1970 δὲ
495 1944 590 1971 ἑαυτοῦ
613 1943 646 1971 τὰ
660 1944 776 1981 κρυπτὰ,
796 1944 942 1981 ἀνατρέψαι

118 1986 148 2015 δὶ
161 1988 208 2019 τὰς
224 1989 272 2022 τῆς
287 1987 396 2024 πικρίας
423 1987 509 2026 ῥίζας,
533 1987 578 2015 καὶ
601 1986 684 2015 οῗονιὶ
708 1989 819 2025 ξηρᾶναι
835 1987 880 2016 διὰ
894 1999 942 2025 με-

117 2031 240 2068 τανοίας,
271 2032 350 2063 οὗτός
379 2031 449 2059 ἔστιν
477 2032 491 2059 ὁ
517 2032 636 2072 σκαφείς.
657 2032 755 2070 Διόπερ
781 2032 826 2059 καὶ
849 2033 867 2068 ὴ
889 2035 942 2061 τῶν

119 2077 243 2108 ἀκανθῶν
270 2076 353 2114 χύσίς
377 2075 523 2104 κωλύεται·
538 2077 686 2113 τουτέστιν,
703 2077 730 2104 αἱ
748 2077 876 2114 μέριμναι
895 2079 944 2105 τοῦ

121 2121 184 2159 βίου
199 2121 298 2149 τούτου
325 2119 453 2157 οὐδεμίαν
477 2119 565 2156 ἕξουσι
589 2121 683 2159 χώραν
707 2121 732 2149 έν
748 2123 782 2158 τῇ
805 2122 944 2159 ἀνατροπῇ

116 2169 174 2194 τῶν
187 2166 302 2204 γηίνων.
318 2166 377 2194 Ἔτι
402 2166 469 2204 πρὸς
491 2166 534 2200 τὸ,
558 2166 596 2202 μὴ
621 2169 769 2203 τμηθῆναι,
795 2167 839 2194 καί
864 2166 896 2194 τὸ
918 2167 943 2194 ἰν

117 2213 159 2247 τῷ
194 2211 263 2238 κατὰ
299 2211 423 2246 Ἰωάννην
454 2210 613 2248 ΕὖαγγεΛίῳ
642 2209 786 2247 εἴρημένον
823 2211 946 2250 παραλη-

985 249 1035 285 qui
1060 253 1183 286 peccant
1198 253 1402 281 dimissionem
1420 254 1482 282 ﬁeri
1507 263 1558 291 per
1582 255 1814 293 derelictionem_

985 295 1033 321 Ait
1047 295 1126 323 enim
1153 296 1306 332 Scriptura
1330 298 1365 326 de
1391 297 1427 326 iis
1452 298 1560 334 quibus
1584 300 1738 336 providet:
1756 302 1816 330 Non

983 340 1009 366 to
1033 339 1173 376 deseram,
1188 350 1276 377 neque
1301 344 1328 370 te
1353 342 1518 379 derelinquo
1529 344 1552 361 “
1568 352 1574 371 :
1589 352 1604 372 ο
1618 345 1764 373 contrario
1780 346 1816 374 de

985 383 1096 419 quibus
1119 393 1242 421 prorsus
1258 387 1406 423 desperat,
1422 387 1477 416 hos
1495 388 1529 416 ad
1550 388 1647 416 carnis
1662 392 1690 416 et
1704 390 1816 425 cogita-

987 427 1102 456 tionum
1120 438 1241 459 suarum
1258 432 1405 460 desideria
1427 432 1569 468 explenda
1584 433 1692 461 liberos
1714 434 1816 462 dimit-

988 471 1156 509 tit“,quod
1184 475 1227 503 eis
1255 476 1408 512 profutura
1434 485 1491 504 non
1523 478 1561 505 sit
1590 477 1814 506 animadversio.

989 517 1131 546 Dimillam
1147 519 1245 554 igitur,
1264 520 1371 556 inquit,
1389 522 1507 549 vineam.
1524 521 1634 558 Ecquid
1652 523 1676 550 ei
1694 522 1817 558 posthac

989 562 1153 598 contingit?
1181 564 1250 597 Non,
1276 565 1381 601 inquit,
1411 566 1566 601 putabitur,
1582 574 1669 603 neque
1695 567 1816 602 fodiatur

988 607 1110 642 amplius
1138 609 1392 641 Quemadmodum
1417 610 1494 638 cnim
1512 611 1562 646 qui
1587 610 1674 639 vitem
1700 614 1816 647 putant,

989 651 1157 688 astringunt
1172 653 1382 690 continentque
1401 655 1464 690 ejus
1480 655 1629 686 virtutem.
1645 655 1686 683 sic
1712 657 1745 683 ut
1768 664 1816 684 ne-

990 696 1118 724 cessaria
1140 698 1332 734 profundens,
1347 701 1424 727 certa
1437 699 1646 736 temperatione
1663 702 1691 728 et
1714 701 1814 730 mode-

990 743 1052 768 rate
1066 743 1228 777 procedat:
1244 743 1285 771 ita
1309 745 1338 771 et
1362 743 1460 771 anima
1484 743 1694 772 afﬂictionibus
1716 744 1815 773 incur-

991 788 1066 820 vata,
1084 786 1170 822 quasi
1193 787 1388 824 contrahitur,
1404 788 1636 825 humiliaturque
1652 789 1771 822 utiliter,
1787 791 1817 818 et

992 830 1027 857 ad
1044 837 1144 858 curam
1161 831 1206 859 sui
1230 831 1325 867 ipsius
1348 832 1514 861 habendam
1533 835 1692 868 revocatur,
1705 835 1738 861 ut
1753 842 1816 870 quas

992 874 1021 902 in
1037 874 1124 903 rebus
1139 877 1312 912 peragendis
1337 877 1365 905 id
1388 877 1466 913 quod
1489 877 1560 905 utile
1577 881 1621 906 est
1635 880 1663 906 et
1677 879 1819 906 conduci-

994 918 1061 953 bile,
1078 919 1175 956 eligat.
1193 921 1213 948 E
1229 921 1353 956 diverso,
1366 930 1430 957 quae
1448 922 1572 950 dimissa
1581 924 1626 951 est
1640 923 1743 958 libera,
1754 931 1818 959 per-

991 963 1060 991 inde
1086 966 1174 1000 atque
1188 965 1271 993 vinea
1295 966 1441 1002 quispiam
1466 966 1599 1003 neglecta
1623 967 1817 1003 eluxuriatur,

992 1017 1082 1045 seque
1096 1009 1126 1038 in
1138 1018 1184 1038 res
1196 1019 1286 1039 vanas
1297 1013 1325 1039 et
1341 1011 1461 1039 inutiles
1477 1011 1612 1046 effundit,
1622 1014 1708 1048 atque
1718 1012 1819 1041 omnia

993 1062 1048 1082 sua
1063 1062 1151 1090 opera
1172 1058 1309 1091 ostentat,
1325 1064 1382 1092 quo
1404 1055 1503 1092 plures
1527 1056 1557 1084 in
1582 1065 1709 1085 errorem
1734 1056 1818 1093 pelli-

993 1098 1060 1126 ciat.
1072 1099 1124 1131 Qui
1141 1100 1218 1128 enim
1233 1108 1321 1136 opera
1336 1103 1432 1136 patrat
1447 1101 1627 1136 corruptioni
1641 1102 1776 1136 obnoxia,
1792 1101 1819 1129 is

992 1143 1082 1171 vinea
1098 1144 1258 1172 consimilis
1273 1147 1328 1180 est,
1345 1145 1435 1181 ligna,
1452 1145 1523 1173 folia
1537 1147 1566 1173 et
1580 1145 1730 1181 capreolos
1744 1154 1819 1174 enu-

994 1188 1103 1223 trienti,
1120 1189 1220 1217 vinum
1236 1192 1336 1217 autem
1352 1198 1410 1218 non
1426 1190 1612 1226 producenti,
1626 1191 1703 1226 quod
1714 1191 1820 1226 jucun-

995 1233 1114 1261 ditatem
1140 1236 1227 1268 creet,
1244 1234 1381 1271 quodque
1406 1235 1500 1271 possit
1522 1234 1553 1262 in
1576 1235 1725 1271 regalibus
1747 1244 1819 1271 apo-

995 1277 1088 1305 thecis
1103 1279 1231 1307 recondi.

1031 1367 1092 1394 M‘I.
1108 1367 1199 1396 Vinea
1226 1368 1317 1404 igitur
1335 1368 1485 1403 derelicta,
1502 1368 1579 1396 mala
1603 1368 1661 1396 duo
1685 1368 1818 1404 patitur:

995 1419 1089 1447 neque
1105 1415 1233 1448 putatur,
1260 1413 1366 1448 inquit,
1391 1421 1484 1448 neque
1510 1413 1628 1440 foditur.
1646 1413 1759 1441 Dictum
1775 1415 1820 1441 est

995 1456 1065 1491 quid
1082 1456 1122 1484 sit
1137 1464 1194 1484 non
1211 1456 1316 1493 putari,
1328 1456 1383 1484 hoc
1395 1459 1450 1490 est,
1463 1456 1681 1484 calamitatibus
1697 1456 1818 1484 minime

995 1500 1101 1534 vexari,
1110 1500 1138 1527 id
1150 1500 1226 1536 quod
1239 1501 1274 1528 ad
1290 1500 1444 1528 utilitatem
1455 1508 1554 1528 eorum
1565 1500 1616 1536 qui
1627 1501 1817 1536 afﬂictantur,

996 1544 1173 1572 decernitur.
1185 1545 1238 1577 Qui
1259 1546 1356 1572 autem
1377 1545 1456 1572 omni
1472 1545 1596 1573 materia
1611 1546 1666 1574 sibi
1690 1546 1817 1574 circum-

996 1588 1091 1625 posita
1107 1589 1146 1616 uli
1164 1589 1284 1617 docetur
1304 1589 1340 1616 ad
1360 1597 1446 1617 suum
1464 1590 1557 1626 ipsius
1571 1591 1770 1624 commodum,
1787 1591 1817 1619 in

995 1633 1114 1662 foditur.
1126 1633 1257 1670 Exempli
1282 1642 1381 1668 causa,
1398 1634 1481 1662 dives
1506 1635 1592 1670 cujus
1607 1635 1705 1663 anima
1719 1643 1817 1663 rerum

995 1680 1177 1706 terrenarum
1193 1678 1321 1714 pondere
1337 1678 1490 1714 premitur,
1507 1681 1536 1706 et
1552 1679 1587 1706 ad
1603 1687 1690 1715 quem
1706 1688 1764 1707 non
1779 1679 1822 1707 di-

996 1722 1105 1750 labitur
1117 1722 1243 1750 coelestis
1259 1722 1368 1759 pluvia,
1381 1723 1478 1751 fossus
1490 1731 1547 1751 non
1564 1726 1617 1751 est.
1631 1724 1732 1760 Neque
1742 1723 1821 1752 enim

995 1766 1091 1795 imber
1101 1768 1137 1795 ob
1149 1767 1270 1795 multam
1282 1768 1440 1795 vanitatem
1454 1767 1483 1795 in
1497 1768 1593 1795 anima
1605 1771 1770 1803 congestam
1786 1768 1823 1796 ad

996 1811 1122 1839 radicem
1134 1820 1226 1847 usque
1235 1811 1528 1848 pertingit.Quisquis
1538 1814 1634 1840 autem
1645 1821 1679 1840 ex
1687 1821 1822 1841 sermone

997 1856 1163 1884 contritioni
1175 1856 1284 1883 cicada:
1300 1856 1405 1884 idoneo
1421 1856 1524 1884 didicit
1534 1857 1717 1884 terrestrium
1735 1857 1824 1884 ﬂuxa-

998 1909 1122 1936 rumque
1147 1909 1244 1928 rerum
1267 1901 1383 1928 turbam
1408 1909 1523 1933 exuere,
1539 1901 1575 1928 ab
1600 1901 1736 1936 angustia
1756 1903 1785 1929 et
1806 1909 1823 1929 a

998 1946 1194 1973 coarctatione
1209 1945 1364 1981 respirare,
1382 1945 1497 1973 occulta
1512 1953 1566 1973 sua
1581 1946 1724 1982 detegere,
1742 1954 1824 1974 ama-

999 1990 1136 2018 ritudinis
1151 1989 1263 2017 radices
1273 1991 1401 2017 evertere
1412 1998 1444 2017 ac
1454 1990 1543 2017 veluti
1558 1998 1609 2026 per
1620 1991 1822 2026 paenitentiam

999 2035 1153 2069 arefacere,
1169 2034 1194 2062 is
1215 2034 1312 2062 fossus
1329 2037 1384 2062 est.
1401 2035 1495 2067 Quare
1519 2037 1548 2062 et
1567 2034 1728 2070 impeditur
1750 2035 1825 2063 fusio

999 2079 1149 2115 spinarum
1161 2080 1189 2106 et
1204 2078 1346 2113 accretio;
1364 2079 1418 2107 hoc
1433 2080 1487 2113 est,
1500 2078 1596 2107 locum
1612 2079 1728 2106 nullum
1744 2079 1826 2107 habi-

998 2125 1070 2152 tura:
1087 2126 1158 2151 sunt
1172 2122 1263 2159 hujus
1278 2123 1342 2150 vitae
1369 2122 1584 2151 sollicitudines
1599 2123 1628 2150 in
1642 2125 1825 2152 terrenorum

999 2168 1158 2196 eversione.
1176 2168 1300 2203 Insuper
1323 2167 1358 2194 ad
1379 2166 1583 2203 explicandum
1609 2167 1679 2203 quid
1703 2167 1753 2203 sit,
1768 2175 1824 2196 non

1000 2213 1103 2249 putari,
1113 2212 1325 2240 assumendum
1339 2214 1383 2239 est
1393 2220 1510 2248 quoque
1523 2211 1550 2240 id
1566 2212 1642 2248 quod
1655 2211 1767 2240 dictum
1780 2215 1825 2240 est

117 2255 212 2282 πτέον·
240 2255 310 2292 Ἐγώ
339 2254 397 2292 εἶμι
426 2256 444 2290 ἡ
483 2254 608 2291 ἄμπελος
635 2256 653 2289 ἡ
683 2254 802 2290 ἀληθινή
819 2277 826 2291 ,
855 2256 900 2283 καὶ
929 2257 938 2284 ἐ

998 2258 1027 2285 in
1043 2257 1166 2285 Joannis
1189 2256 1344 2292 Evangelia
1362 2265 1368 2284 :
1384 2257 1439 2292 Ego
1462 2265 1522 2284 sum
1536 2258 1599 2285 vitis
1613 2265 1687 2290 vera,
1702 2258 1729 2285 el
1742 2258 1825 2286 Palu

119 2300 217 2337 Πατήρ
247 2309 299 2336 μου
328 2300 342 2326 ὁ
372 2298 493 2337 γεωργός
519 2298 594 2328 ἐστι.
625 2302 678 2326 Πᾶν
708 2299 804 2336 κλῆμα
830 2299 855 2327 ἐν
881 2300 943 2337 ἐμοὶ

122 2345 163 2381 μὴ
194 2344 274 2384 φέρον
303 2344 415 2381 καρπὸν,
445 2342 515 2381 αἴρει
544 2343 621 2378 αὐτὸ,
649 2344 693 2371 καὶ
721 2347 773 2372 πᾶν
788 2345 819 2372 τὸ
840 2346 943 2384 καρπὸν

121 2390 205 2429 ιρέρον
223 2412 230 2425 ,
259 2389 379 2426 καθαίρει
404 2388 469 2416 αὐτὸ
485 2410 492 2423 ,
519 2387 566 2415 ’ίνα
590 2388 692 2427 καρπὸν
722 2388 835 2416 πλείονα
864 2390 943 2429 φέρῃ.

159 2439 183 2456 “
197 2439 258 2467 Jos.
275 2447 297 2472 ι,
311 2438 339 2465 5.
377 2438 400 2455 ⁴¹
414 2438 494 2466 Rom.
510 2446 573 2473 mi,
590 2439 632 2466 14.
671 2439 693 2456 ⁸⁸
707 2439 789 2467 Joan.
805 2448 852 2475 xv,
870 2441 895 2474 1,
910 2442 937 2468 2.

168 2488 216 2524 79)
232 2488 346 2526 Veteres
360 2487 501 2526 quinque
519 2488 601 2526 libri,
617 2486 674 2526 ρύᾃξ
689 2487 720 2514 οὗ
737 2489 774 2524 μή
791 2498 820 2516 σε
835 2488 948 2526 ἰγκατα-

119 2522 222 2590 λείπω.
238 2524 324 2560 Editi,
340 2522 402 2550 οὐδὶ
418 2522 462 2560 μή
474 2533 502 2550 σε
517 2522 713 2561 ἐγκαταλείψω,
729 2522 815 2560 itaque
829 2522 946 2555 lc'dere-

136 2569 263 2590 mquam.

147 2569 263 2589 nouam.

320 2597 454 2636 quartus,
471 2594 520 2636 _Ka‘L
535 2593 572 2623 τί.
588 2595 672 2636 Deest
685 2594 710 2636 τί
727 2595 756 2623 in
772 2595 910 2636 vulgatis.

157 2631 216 2669 (81)
231 2631 307 2669 Editi
325 2631 447 2669 mirifice
461 2631 668 2669 depravantur,
684 2631 714 2659 in
730 2631 839 2669 quibus
854 2632 896 2660 sic
910 2631 948 2660 le-

140 2665 234 2706 iinus,
258 2665 508 2706 iplaputiapnugl
529 2665 631 2706 φύλλα.
647 2668 683 2695 At
707 2665 838 2704 quinque
863 2676 947 2702 mss.,

119 2677 234 2733 Eunus,
258 2677 426 2703 ξυΑαμπεΛῳ
454 2677 500 2694 και
529 2677 649 2706 φυΛΛα..

140 2703 255 2742 μπέλιρῐ
271 2702 338 2738 ξύλα
352 2702 396 2730 καὶ
408 2701 649 2742 ’φύλλαλρρξίωᾳ

158 2714 215 2732 ,πελ
247 2724 254 2737 ι
271 2714 338 2738 ςυΛα
352 2714 396 2730 και
412 2714 514 2741 φυΛΛα,
531 2714 649 2739 υριιωε.

158 2714 349 2777 (82)(i/cteres
365 2739 495 2777 quinque
508 2738 587 2777 libri,
604 2739 757 2777 μήχΕᾱὶῑί,
773 2737 815 2766 οὐ.

234 2774 323 2809 Editi,
337 2773 546 2812 παρακειμένην,
562 2773 747 2811 Δι’ςιιὶηιιιιθ
770 2783 854 2811 mss.,
869 2784 949 2812 περι-

156 2823 187 2841 ιιι
219 2821 267 2841 ην.

120 2821 267 2852 κειμενην.

1001 2311 1077 2331 meus
1092 2302 1214 2338 agricola
1227 2305 1274 2330 est.
1304 2303 1418 2331 Omnem
1441 2301 1584 2338 palmitem
1599 2303 1628 2330 in
1655 2311 1698 2330 me
1712 2311 1768 2331 non
1781 2304 1825 2339 fe-

1001 2349 1106 2375 rentem
1131 2348 1253 2382 fructum
1278 2346 1360 2379 tollit,
1377 2350 1402 2374 et
1416 2354 1523 2374 omnem
1546 2350 1595 2382 qui
1617 2348 1670 2383 fert
1691 2349 1823 2383 fructum,

999 2394 1102 2429 purgat
1115 2400 1191 2426 eum,
1203 2395 1234 2419 ut
1246 2392 1368 2426 fructum
1382 2392 1560 2427 copiosiorem
1575 2392 1672 2428 aﬁerat
1681 2393 1713 2420 ⁸⁸.
1729 2392 1824 2422 Malus

1038 2490 1205 2533 (ξρλῌοειιιὶ
1217 2497 1267 2533 sex
1275 2488 1474 2531 libriveteres,
1488 2487 1645 2533 λαμϐάνειν.
1659 2490 1734 2533 Editi
1745 2499 1822 2533 vero,

1002 2523 1182 2559 ἀποϐάλλειν,
1207 2525 1243 2553 ad
1265 2523 1350 2553 muni
1371 2526 1457 2560 ipsius
1481 2523 1654 2554 contmorlum
1677 2523 1824 2555 materiari

1001 2562 1128 2597 abjicere.
1146 2562 1207 2594 Quo
1219 2563 1327 2598 autem
1344 2561 1373 2598 in
1390 2561 1463 2589 libro
1481 2561 1522 2589 ita
1537 2563 1679 2598 scriptum
1704 2562 1821 2598 invene-

1002 2596 1063 2634 rint
1074 2596 1451 2634 typograpbiri’arisieuses,
1467 2598 1565 2626 nescio
1580 2596 1653 2626 :‘sed
1670 2600 1746 2625 certo
1763 2597 1824 2624 scio

1002 2634 1031 2660 in
1048 2632 1369 2670 illi‘s'ip'sis’codicibus,
1385 2633 1494 2670 quibus
1509 2634 1544 2661 ad
1566 2634 1722 2662 editionem
1738 2640 1821 2670 suam

1003 2668 1204 2704 ador-pandam
1221 2669 1266 2696 usi
1292 2671 1372 2702 sunt,
1383 2669 1542 2696 etiamnum
1567 2671 1735 2697 constanter
1755 2668 1823 2704 legi,

1002 2702 1162 2740 λαμϐάνειν,
1177 2706 1212 2733 ad
1225 2712 1306 2740 suam
1319 2705 1418 2740 ipsius
1442 2704 1612 2732 commodum
1635 2704 1755 2740 materia
1768 2702 1823 2734 uti.

1002 2738 1112 2769 ibidem
1129 2740 1239 2776 editilb
1254 2738 1396 2776 πλούσιος.
1414 2739 1559 2776 Articulus
1579 2740 1607 2767 in
1624 2739 1804 2776 msssderest.

1038 2777 1094 2819 (85)
1108 2774 1360 2819 Ειίίιὶζέπξαῦτήν.
1375 2777 1413 2802 At
1426 2775 1555 2819 quinque
1570 2783 1654 2819 nisa,
1670 2775 1712 2803 hr’
1726 2775 1823 2810 αὐτῆς.

1001 2810 1160 2851 Aliquanto
1174 2814 1242 2850 post
1255 2813 1316 2841 tres
1330 2818 1416 2848 mam,
1431 2810 1550 2844 ἀκανθῶν
1566 2810 1655 2851 eum.
