2009 3145
232 129 290 159 363

704 129 902 160 ΑΡΡΕΝΒῘΧ
923 126 1087 159 Ol‘FRUM
1109 128 1141 158 S.
1165 126 1303 158 BASILII
1325 128 1461 159 MAGNI.

1871 131 1928 160 364

232 195 309 223 Juda
325 195 480 231 oriundus,
496 196 554 224 vita
569 196 681 224 ﬂorenti
700 196 839 232 praeditus
855 203 887 223 ac
901 203 966 224 vere
981 193 1052 222 dile-

1109 192 1134 227 ἐξ
1151 191 1238 222 Ἰούδα
1267 193 1410 224 ἀνατείλας
1427 194 1575 232 ἄνθρωπος,
1605 193 1733 230 ἀκμάζων
1750 195 1784 231 τῇ
1802 196 1857 231 ζωῇ
1884 195 1926 222 καὶ

233 243 309 276 ctus,
325 241 409 269 facile
424 243 558 278 cognosci
575 244 670 277 potest
685 241 822 278 aquovis,
840 241 890 277 qui
906 240 974 268 talia
989 248 1053 267 con-

232 285 368 322 templari
388 286 501 313 noverit
517 294 523 313 ε
540 287 706 322 Ercspectavi
729 287 760 313 ut
777 286 880 321 faceret
889 284 1029 320 judicium
1044 292 1053 310 :

233 331 298 366 fecit
313 332 409 358 autem
424 330 610 366 iniquitatem,
621 333 647 358 et
661 339 718 358 non
729 331 877 366 justitiam,
894 329 944 357 sed
955 329 1054 357 clamo-

233 382 300 403 rem.
330 374 400 402 Cum
422 375 506 410 juxta
532 374 730 408 Salomonem,
756 374 937 409 Cogitationes
963 374 1053 409 justo-

233 427 296 447 rum
311 419 371 446 sint
380 418 488 454 judicia
504 419 537 454 “,
557 418 683 455 exigitur
697 427 712 446 a
733 419 828 452 nobis,
846 421 878 446 ut
892 426 957 446 cum
971 417 1052 453 judi-

234 463 279 491 cio
295 462 437 491 faciamus
453 462 562 496 omnia,
583 462 654 490 nihil
675 471 741 490 vero
762 463 832 490 citra
844 462 1002 497 judicium.
1018 462 1054 489 Et

236 507 352 544 quidem
367 507 457 535 vitam
473 506 536 535 sine
552 506 664 542 judicio
684 509 713 535 ct
728 507 942 535 inconsiderate
958 509 1052 534 actam

235 551 412 580 comitantur
434 551 614 587 iniquitates.
632 553 703 578 Nam
719 551 769 587 qui
786 551 906 578 minime
922 550 1054 585 sequitur

233 597 340 624 rectam
357 595 510 629 rationem,
524 596 697 631 necjudicat
707 595 777 631 quid
789 596 934 631 agendum
951 595 1054 630 sit,aut

234 648 290 667 non
306 640 452 676 agendum
468 648 502 667 ex
517 640 585 667 data
598 640 672 676 legis
685 640 822 676 regula,is
837 642 933 676 putrnt
947 639 1052 674 iniqui-

232 687 321 712 tatem
338 693 344 712 :
363 693 415 712 nec
429 684 496 712 facit
507 684 665 720 justitiam,
675 685 724 712 sed
736 684 881 718 clamoris,
894 683 1052 712 tumultus-

231 737 288 764 que
302 730 331 757 et
345 728 526 756 confusionis
549 730 594 756 est
616 730 725 756 auctor.
751 728 945 761 Quamobrem
969 727 1053 763 quies

231 781 334 801 eorum
350 773 400 809 qui
412 772 587 808 judicantur
608 773 718 808 judicia
731 773 814 809 justa
828 772 970 808 sequitur,
985 780 1051 800 cum

231 825 265 846 ea
280 826 343 854 qum
358 818 472 846 decreta
482 819 562 850 sunt,
573 818 718 845 constanti
730 817 943 853 tranquilloque
954 817 1052 845 animo

230 862 376 899 excipiant
392 870 398 889 :
416 864 516 890 contra.
529 861 650 897 clamor,
666 862 872 897 tumultusque
893 862 1052 890 seditiosus

230 915 342 941 eorum,
360 906 409 943 qui
426 906 462 934 ob
487 906 662 942 injustitiam
688 906 867 942 indignatur,
884 906 993 942 iudicia
1007 907 1051 934 in-

226 953 309 988 juste
317 951 484 980 comitatur.
496 951 538 979 Ad
551 951 628 979 hunc
642 953 740 979 autem
752 951 907 979 clamorem
923 951 1001 986 quod
1013 952 1053 978 at-

229 997 315 1032 tinet,
339 995 493 1032 Apostolus
513 995 601 1024 etiam
626 996 773 1029 admonet,
798 996 900 1024 dicens
924 1004 929 1023 :
959 996 1052 1024 Omnis

229 1041 304 1070 485
334 1041 442 1068 clamor
465 1045 491 1068 et
521 1040 653 1068 tumultus
681 1041 798 1068 tollatur
830 1049 850 1068 τι
878 1040 961 1076 vobis,
990 1049 1052 1068 cum

227 1087 305 1114 omni
318 1086 430 1113 malitia
449 1085 483 1112 ⁶².
509 1085 560 1112 Est
575 1086 671 1113 autem
689 1087 717 1112 et
732 1085 842 1112 clamor
856 1086 961 1120 bonus,
978 1093 1051 1121 qua-

227 1130 285 1158 lem
301 1132 383 1158 stans
399 1130 427 1157 in
440 1129 549 1165 templo
560 1129 695 1158 Christus
720 1130 819 1157 emisit
831 1130 873 1163 ⁶²;
890 1129 969 1165 quali
981 1138 1052 1158 usus

228 1177 273 1203 est
287 1177 316 1203 et
330 1174 432 1208 David,
448 1182 514 1202 cum
537 1174 647 1202 diceret
667 1183 673 1201 :
703 1175 767 1202 Voce
782 1183 841 1202 mea
857 1175 891 1201 ad
908 1175 1053 1202 Dominum

227 1218 351 1247 clamavi
365 1219 398 1246 °‘.
410 1219 468 1246 Nec
483 1219 645 1254 quidquam
660 1221 705 1246 cst
720 1219 797 1250 miri,
814 1219 837 1246 si
853 1219 929 1246 idem
947 1227 1052 1246 nomen

228 1265 264 1292 ad
280 1272 326 1292 res
342 1263 503 1292 contrarias
515 1263 711 1299 designandas
724 1263 761 1291 sit
778 1266 961 1299 usurpatum,
973 1264 997 1291 si
1013 1265 1056 1292 vi-

227 1307 332 1335 delicet
338 1307 424 1334 modo
431 1305 647 1334 tumultuosum
655 1306 805 1342 quidpiam
813 1309 841 1334 et
849 1309 876 1334 tu
883 1307 1052 1335 rbulentum

226 1351 380 1388 signiﬁcet,
393 1351 479 1379 modo
494 1359 560 1378 vero
576 1350 665 1378 altam
679 1359 873 1386 magnamque
889 1351 1050 1380 caelestium

227 1396 397 1432 dogmatum
422 1403 533 1423 vocem.
558 1395 688 1422 Profecto
712 1395 742 1422 in
770 1395 904 1431 prim-uenti
923 1396 1051 1424 dictione

226 1440 337 1468 clamor
350 1448 417 1467 cum
432 1448 465 1468 eo
481 1439 530 1476 qui
545 1447 561 1467 a
577 1439 712 1467 Sodomis
727 1442 756 1467 et
775 1440 936 1468 Gomorrha
949 1449 1049 1468 ascen-

225 1484 270 1512 dit
282 1483 315 1518 ⁶⁸,
330 1484 502 1512 afﬁnitatem
518 1484 615 1511 habet.

261 1538 323 1566 450.
344 1539 427 1565 Vsss.
442 1538 517 1566 8-10.
536 1540 593 1571 Vde,
609 1538 657 1573 qui
674 1538 846 1573 conjungunt
861 1539 971 1566 domum
985 1547 1048 1567 cum
1064 1560 1083 1573 η

226 1582 314 1618 domo,
326 1585 352 1610 et
365 1590 465 1616 agrum
476 1582 512 1609 ad
527 1590 626 1617 agrum
636 1582 821 1616 admovent,ul
830 1593 848 1610 ιι
861 1585 987 1618 proximo
998 1592 1046 1611 au-

226 1627 318 1662 ferant
328 1626 448 1662 aliquid.
460 1626 591 1662 Nunquid
602 1626 760 1654 habitabilis
767 1627 820 1654 soli
829 1635 915 1663 super
926 1632 1029 1656 terram
1038 1630 1050 1654 γ

227 1671 328 1698 Audita
343 1671 417 1698 enim
425 1675 488 1698 sunt
498 1670 554 1698 haec
565 1671 594 1698 in
606 1671 719 1698 auribus
731 1672 838 1699 Domini
847 1667 1049 1700 Sabaoth.l\lam

227 1716 254 1743 si
266 1716 371 1751 fuerint
384 1715 480 1742 domus
493 1715 586 1742 multa
596 1723 606 1746 ,'
635 1716 664 1742 in
680 1715 817 1743 desertum
835 1720 926 1748 erunt,
942 1725 1049 1752 magna:

228 1764 255 1789 σι
266 1760 400 1796 pulchra’,
412 1762 439 1787 et
453 1768 510 1787 non
526 1763 607 1786 erunt
618 1760 667 1794 qui
676 1759 797 1787 habitent
811 1761 842 1787 in
856 1761 904 1788 eis.
917 1761 965 1789 Ubi
974 1762 1048 1789 enim

228 1807 380 1840 operantur
390 1804 479 1832 decem
488 1805 554 1838 fuga
570 1804 744 1838 boum,/aciet
759 1804 937 1840 lagunculam
950 1814 1047 1834 unam.

228 1849 261 1877 Et
285 1849 333 1884 qui
355 1849 474 1876 seminat
499 1848 610 1876 artabas
633 1856 690 1881 seat,
714 1849 797 1884 faciet
820 1857 961 1877 mensuras
979 1853 1048 1879 tres.

227 1893 374 1921 Deﬂentur
389 1901 467 1920 nunc
483 1893 513 1928 ii,
530 1893 579 1929 qui
601 1893 686 1929 plura
710 1894 957 1929 concupiscentes,
983 1903 1047 1930 quae

225 1939 295 1965 sunt
311 1937 677 1973 proximorum,resecant;
688 1937 739 1973 qui
749 1946 842 1974 neque
853 1938 915 1966 suis
931 1939 1048 1975 praediis

225 1982 286 2010 ruri
302 1981 367 2010 sitis
382 1989 476 2018 neque
498 1982 560 2010 suis
584 1981 775 2010 facultatibus
797 1982 875 2010 domi
890 1983 1048 2012 reconditis

225 2026 363 2062 contenti,
374 2027 425 2054 sed
435 2027 465 2054 in
477 2026 555 2062 agris
567 2027 713 2054 metandis
724 2027 885 2055 vicinorum
906 2028 979 2055 fines
995 2028 1048 2055 im-

222 2072 372 2105 vadentes,
389 2079 515 2107 suosque
535 2071 794 2107 transgredientes,
819 2074 848 2099 et
871 2072 1046 2100 interclusas

222 2117 386 2145 vicinorum
403 2116 505 2144 domos
531 2115 585 2143 sibi
601 2116 793 2150 ascribentes,
809 2116 975 2152 inexplebili
992 2126 1046 2145 sua

222 2160 346 2188 avaritia
361 2160 391 2188 in
407 2163 566 2196 angustum
583 2160 684 2194 ceucli,
712 2161 740 2187 in
765 2161 828 2188 suis
851 2169 916 2189 sese
938 2161 1045 2190 finibus

221 2205 370 2232 continere
386 2204 507 2231 minime
529 2207 674 2240 possunt:
693 2205 763 2240 quin
788 2208 816 2233 et
838 2206 970 2241 specioso
994 2206 1044 2234 illo

1108 235 1245 272 ἀληθινῶς
1271 238 1328 274 (97)
1345 237 1474 276 ὑπάρχων
1491 238 1638 276 ἀγαπητὸς,
1664 239 1696 266 οὐ
1713 237 1836 276 χαλεπὸν
1864 238 1926 267 ἰδεῖν

1107 284 1147 317 τῷ
1179 281 1350 318 ἐπισταμένῳ
1383 282 1416 310 τὰ
1452 281 1564 310 τοιαῦτα
1596 283 1718 320 θεωρεῖν.
1755 286 1870 319 ’Ἐμιινα
1886 282 1928 310 ἵνα

1108 327 1211 363 ποιήσῃ
1249 325 1349 364 κρίσιν,
1386 325 1497 362 ἐποίησε
1535 326 1563 355 δὲ
1600 327 1724 364 ἀνομίαν,
1762 328 1808 355 καὶ
1833 327 1865 355 ού
1893 327 1927 355 δι-

1108 370 1264 406 καιοσύνην,
1304 370 1376 398 ἀλλὰ
1408 372 1549 410 κραυγήν,
1592 372 1741 410 Ἐπείπερ,
1781 374 1848 400 κατά
1885 373 1926 400 τὸν

1109 414 1297 451 Σολομῶντα,
1325 415 1460 453 Λογισμοὶ
1488 415 1599 444 δικαίων
1628 417 1766 454 κρίματασ
1804 417 1928 444 ἀπαιτούς

1109 465 1177 496 μεοα
1206 461 1262 496 (98)
1277 461 1363 488 πάντα
1386 460 1472 498 κρίσει
1498 463 1594 496 ποιεῖν,
1610 461 1655 488 καὶ
1686 459 1771 497 μηδὲν
1802 462 1927 498 ἀκρίτως,

1107 505 1218 532 "Errata:
1253 505 1343 541 μέντοι
1378 506 1412 542 τῇ
1436 505 1539 543 ἀκρίτῳ
1562 505 1606 533 καὶ
1629 505 1793 543 ἀνεξετάστῳ
1818 508 1876 543 ζωῇ
1899 507 1929 534 τὰ

1108 548 1206 585 ἄνομα.
1237 549 1266 578 Ὁ
1292 549 1344 587 γὰρ
1375 549 1412 586 μὴ
1429 550 1561 586 ἱπόμενος
1590 561 1630 586 τῳ
1658 550 1730 588 ὀρθῷ
1757 549 1846 588 λόγῳ,
1863 549 1929 588 μηεὶ

1107 593 1205 630 κρίνων
1231 594 1262 621 τὸ
1291 594 1434 631 πρακτέον,
1459 594 1503 621 καὶ
1532 595 1570 630 μὴ
1591 595 1659 622 κατὰ
1670 595 1715 622 τὸν
1732 594 1878 631 δεδομένον
1903 595 1930 623 ὲκ

1106 640 1154 665 τοῦ
1166 638 1251 674 νόμοι)
1266 639 1375 674 κανόνα,
1392 638 1506 675 ἀνομίαν
1527 640 1580 675 (99)
1605 642 1688 674 ποιεῖ,
1711 639 1755 666 καὶ
1772 639 1803 667 οὗ
1829 638 1929 667 δικαιο-

1108 682 1190 718 σύνης
1211 682 1280 710 ιστίν
1296 683 1422 721 ἐργάτης,
1445 682 1518 710 ἀλλὰ
1539 680 1658 721 κραυγῆς
1682 684 1726 711 καὶ
1742 682 1861 721 Θορύϐου
1887 685 1929 712 καὶ

1107 727 1266 765 συγχύσεως
1281 726 1377 758 αἶ’τιος.
1396 728 1469 755 Διότι
1484 731 1543 759 τοῖς
1562 729 1609 765 μὶν
1631 727 1746 760 δικαίοις
1770 728 1927 766 κρίμασινῆ

1107 771 1210 809 ἡσυχία
1225 774 1277 799 τῶν
1301 771 1468 808 κρινομένων
1484 772 1641 807 ἀκολουθεῖ,
1657 772 1792 804 εὐσταθῶς
1817 773 1928 801 καταδε-

1106 817 1233 854 χομένων
1259 816 1292 843 τὰ
1319 816 1475 853 ὀριζόμενα·
1499 819 1558 848 τοῖς
1583 815 1611 844 Si
1623 816 1728 849 ἀδίκοις
1753 818 1861 855 κραυγὴ
1884 818 1926 845 καῖ

1107 858 1223 897 θόρυϐος
1261 861 1468 898 στασιαστικὸς,
1494 860 1712 899 ἀγανακτούντων
1750 863 1788 899 (1)
1823 861 1866 889 ἰπὶ
1892 864 1926 898 τῇ

1106 904 1207 941 ἀδικίᾳ.
1226 907 1290 942 Περί
1307 904 1335 932 δὲ
1350 909 1401 940 τῆς
1422 907 1541 943 κραυγῆς
1560 906 1661 941 ταύτης
1672 905 1717 933 καί
1732 906 1746 933 ὁ
1761 905 1926 936 Ἀπόιπολος

1106 952 1240 987 παραινεῖ,
1275 949 1382 987 λέγων·
1422 952 1497 977 Πᾶσα
1531 951 1634 988 κραυγὴ
1664 951 1709 977 καὶ
1738 948 1856 987 θόρυϐος
1882 951 1926 988 ἀρ-

1107 995 1181 1029 Οήτω
1211 994 1256 1031 ἀφ’
1285 995 1374 1031 ὑμῶν,
1400 994 1446 1022 σὺν
1471 996 1543 1029 πάση
1572 995 1660 1030 κακίᾳ.
1676 995 1751 1022 Ἔστι
1769 994 1797 1022 δὲ
1821 1006 1863 1027 τις
1884 995 1926 1023 καὶ

1106 1040 1211 1076 κραυγὴ
1234 1038 1333 1076 ἀστεία,
1364 1039 1394 1074 ἣν
1427 1040 1441 1066 ὁ
1470 1039 1567 1077 Κύριος
1602 1040 1684 1070 ἑστὼς
1715 1039 1741 1068 ἐν
1757 1041 1798 1077 (2)
1811 1042 1850 1076 τῷ
1865 1041 1927 1078 ἱερῷ

1106 1081 1223 1120 ἔκραξεν·
1258 1083 1335 1120 ﬁmi
1357 1081 1440 1111 Δαϐὶδ
1461 1083 1605 1122 ἐκέχρητο,
1631 1083 1731 1122 λύγων·
1762 1087 1847 1122 Φωνῃ
1877 1096 1927 1121 μου

1107 1129 1174 1166 πρὸς
1208 1129 1308 1166 Κύριον
1346 1128 1493 1166 ἐκέκραξα.
1524 1128 1573 1156 Καὶ
1604 1127 1679 1156 οὐδὲν
1711 1129 1874 1165 θαυμαστὸν,
1899 1130 1927 1157 τὸ

1107 1173 1171 1200 αύτὸ
1187 1172 1275 1210 ὄνομα
1304 1173 1348 1200 ἰπὶ
1375 1176 1429 1200 τῶν
1459 1173 1584 1200 ἐναντίων
1599 1173 1738 1212 τετάχθαι,
1769 1174 1927 1211 καίσημαι-

1106 1228 1159 1245 νειν
1176 1220 1221 1245 νῦν
1238 1218 1285 1254 μὲν
1301 1219 1331 1245 τὸ
1354 1217 1513 1256 ταραχῶδες
1537 1218 1582 1245 καὶ
1608 1215 1802 1254 σεσοϐημένον,
1829 1219 1872 1246 νῦν
1901 1218 1928 1246 δὲ

1106 1263 1136 1289 τὸ
1154 1262 1349 1301 μεγαλόφωνον
1365 1263 1410 1289 καὶ
1437 1261 1604 1301 μεγαλοφυὲς
1631 1264 1684 1290 τῶν
1719 1263 1854 1301 οὐρανίων
1882 1261 1927 1290 δο-

1106 1306 1226 1345 γμάτων.
1255 1307 1315 1335 Ἐπὶ
1335 1308 1424 1344 μέντοι
1437 1311 1487 1342 τῆς
1507 1306 1647 1344 παρούσης
1661 1306 1770 1343 λέξεως,
1787 1309 1804 1342 ἡ
1828 1308 1926 1345 κραυγή

1106 1353 1237 1388 συγγενής
1263 1351 1318 1379 ἔστι
1344 1353 1378 1388 τῇ
1404 1352 1456 1379 ἀπὸ
1482 1350 1613 1388 Σοδόμων
1639 1352 1683 1379 καὶ
1711 1352 1854 1390 Γομόρρας
1870 1352 1928 1379 ἀνα-

1106 1394 1244 1433 ϐαινούσῃ.

1140 1540 1200 1567 150.
1228 1537 1295 1567 Ούαὶ
1326 1538 1351 1565 οἱ
1379 1538 1557 1569 συνάπτοντες
1592 1538 1679 1566 οἰκίον
1718 1538 1787 1576 πρὸς
1818 1538 1923 1573 οἷκίαν,

1103 1584 1146 1610 καὶ
1185 1583 1267 1620 ἀγρὸν
1303 1582 1371 1620 πρὸς
1409 1582 1488 1620 ἀγρὸν
1517 1582 1677 1621 ἐγγίζοντες,
1703 1582 1749 1610 ’ίνα
1776 1583 1823 1610 τὸν
1850 1583 1923 1618 πλη-

1104 1627 1159 1654 σίον
1188 1626 1342 1666 ἀφέλωνταί
1355 1637 1392 1655 τι.
1423 1627 1467 1662 Μὴ
1498 1627 1637 1662 οἲκήσεται
1656 1627 1735 1664 μόνοι
1751 1627 1795 1654 ἐπὶ
1810 1631 1859 1662 τῆς
1873 1629 1922 1665 γῆς

1101 1671 1238 1706 Ἠκούσθη
1272 1671 1322 1710 γάρ
1352 1671 1388 1701 εἰς
1411 1671 1445 1698 τὰ
1473 1672 1529 1698 ὦτα
1558 1672 1658 1709 Κυρίου
1688 1669 1806 1704 Σαϐαὼθ
1831 1674 1921 1700 ταῦτα.

1103 1716 1163 1743 Ἐὰν
1205 1716 1255 1753 γὰρ
1296 1716 1426 1752 γένωνται
1469 1715 1552 1743 οἷ’κίαι
1595 1715 1707 1751 πολλοὶ,
1743 1715 1782 1748 είς
1822 1714 1922 1753 ἔρημον

1104 1759 1231 1795 ἔσονται,
1264 1759 1378 1797 μεγάλαι
1408 1761 1446 1796 (3)
1475 1759 1519 1787 καί
1547 1759 1640 1794 καλαὶ,
1668 1761 1712 1787 καὶ
1744 1760 1796 1787 οὐκ
1819 1759 1920 1788 ἔσονται

1103 1805 1130 1832 oi.
1157 1804 1324 1835 ἐνοικοῦντες
1353 1803 1379 1831 ἰν
1409 1803 1502 1836 αὐταῖς
1519 1826 1525 1832 .
1555 1803 1595 1832 Ού
1622 1804 1672 1842 γὰρ
1699 1804 1832 1842 ὶργῶνται
1863 1803 1922 1832 δέκα

1104 1849 1183 1887 ζεύγη
1217 1849 1299 1886 βοῶν,
1329 1849 1438 1883 ποιήσει
1467 1848 1597 1885 κεράμιον
1626 1847 1663 1877 ἵν.
1690 1849 1741 1877 Καὶ
1777 1848 1920 1885 ὁσπείρων

1103 1891 1221 1931 ἀρτάϐας
1249 1891 1287 1928 ἓξ,
1315 1893 1424 1928 ποιήσει
1457 1892 1540 1930 μέτρα
1567 1893 1639 1931 τρία.
1668 1892 1920 1927 Ταλανίζονταινῦν

1103 1938 1128 1965 οἱ
1159 1937 1203 1965 διά
1228 1938 1278 1972 τὴν
1305 1938 1353 1965 τοῦ
1368 1936 1495 1968 πλείονος
1520 1936 1664 1974 ἐπιθυμίαν
1688 1938 1723 1964 τὰ
1735 1939 1789 1964 τῶν
1805 1937 1919 1972 πλησίον

1101 1982 1336 2021 παρατεμνόμενοι
1366 1983 1413 2017 (ﬂ),
1437 1981 1482 2009 καὶ
1500 1983 1568 2018 μήτε
1597 1981 1622 2009 ἐν
1640 1982 1733 2019 ἀγροῖς
1757 1984 1818 2014 ταῖς
1840 1981 1918 2009 οἶκεί-

1101 2037 1143 2058 αις
1171 2026 1334 2064 ἀρκούμενοι
1371 2027 1492 2061 κτήσεσι,
1530 2025 1600 2063 μήδε
1636 2026 1663 2053 ἐν
1695 2028 1755 2057 ταῖς
1785 2027 1917 2064 οἰκήσεσιν

1102 2062 1265 2110 ἀρκούμενοι
1293 2073 1350 2101 τοῖς
1365 2071 1403 2107 (5)
1426 2070 1537 2106 ἑαυτῶν,
1567 2069 1639 2098 ἀλλὰ
1664 2070 1859 2108 παρορίζοντες
1876 2062 1918 2107 μέν

1099 2116 1162 2148 τοὺς
1188 2115 1272 2147 πέλας
1285 2114 1312 2142 ἐν
1326 2117 1360 2152 τῇ
1386 2115 1592 2152 γεωργουμινῃ,
1616 2112 1918 2153 προσπεριϐαλλὸμενοι

1101 2159 1129 2187 δὲ
1143 2161 1177 2187 τὰ
1191 2162 1245 2186 τῶν
1260 2158 1388 2196 γειτόνων
1406 2159 1468 2194 οίκῆ
1475 2169 1555 2195 ματα,
1573 2159 1623 2186 ὑπὸ
1638 2162 1688 2194 τῆς
1702 2159 1803 2190 οἰκείας
1819 2158 1916 2186 πλεον-

1100 2205 1169 2240 εξίας
1199 2202 1461 2240 στενοχωρούμενοι,
1491 2204 1535 2230 καὶ
1565 2203 1650 2240 μένειν
1679 2203 1705 2231 ιν
1721 2206 1782 2234 τοῖς
1809 2204 1917 2234 οἰκείοις

223 2251 363 2285 praetextu
371 2249 407 2277 ad
414 2248 614 2276 exsatiandam
621 2257 702 2276 suam
709 2249 858 2278 avaritiam
865 2251 1038 2286 abutuntur,
1054 2245 1057 2278 ξ

1105 2248 1168 2288 ῐροις
1185 2248 1234 2276 οὐκ
1250 2247 1421 2285 ἀνεχόμενοι,
1453 2247 1515 2275 ἀλλ’
1539 2246 1644 2285 εὐλόγῳ
1659 2246 1693 2282 δὴ
1709 2248 1794 2285 ταύτῃ
1809 2258 1915 2276 κατακε-

255 2339 277 2357 ⁶¹
293 2340 375 2366 Prov.
391 2346 442 2374 xu,
458 2338 484 2366 5.
523 2337 547 2354 "
562 2337 665 2374 Ephes.
683 2347 719 2374 ιν,
735 2339 780 2367 31.
817 2340 840 2357 6³
854 2340 938 2369 Joan.
954 2350 1003 2376 vu,
1018 2342 1064 2370 37.
1101 2342 1124 2358 “
1139 2339 1216 2368 Psal.
1232 2347 1305 2374 CXLI,
1320 2338 1348 2366 2.
1386 2338 1408 2355 “
1422 2340 1492 2366 Gen.
1509 2346 1566 2372 XIX,
1584 2339 1627 2365 13.

254 2430 310 2473 (97)
324 2430 444 2467 Antiqui
469 2439 518 2458 sex
545 2430 624 2463 libri,
644 2430 688 2457 καὶ
717 2429 865 2466 ἀληθινῶς.
894 2432 980 2468 Editi,
995 2431 1041 2459 καὶ

219 2465 340 2501 ἀληθῶς.
404 2465 411 2467 ’

254 2503 309 2537 (98)
324 2502 443 2530 Veteres
457 2504 516 2530 tres
530 2502 609 2534 libri,
626 2501 812 2537 ἀπαιτοιόμεῢα
827 2500 866 2529 δὲ.

254 2503 309 2574 (98)
324 2503 443 2530 Veteres
457 2504 516 2530 tres
530 2503 609 2534 libri,
626 2503 812 2537 ἀπαιτοιόμεῢα
827 2503 866 2529 δὲ.

253 2538 299 2574 (99
314 2538 400 2574 _Editi
422 2546 489 2566 eum
518 2538 613 2566 tribus
642 2546 702 2566 mss
718 2559 725 2572 ,
755 2537 879 2574 ἀνομίαν.
895 2539 951 2566 Alii
981 2541 1039 2566 tres

218 2572 360 2610 ἁμαρτίαν.
807 2572 812 2574 ⁷

305 2609 402 2646 Nostri
429 2618 500 2637 mss.
515 2617 628 2646 omnes,
642 2606 759 2646 iiop‘usot;
784 2614 1039 2646 ctamac'ttxoﬁrluv

215 2642 320 2682 multus
344 2645 496 2673 seditiosus.
512 2645 599 2678 Editi,
617 2642 742 2682 Οόρυῦος,
759 2647 953 2682 στασιαστικῶς
973 2642 1038 2682 ἀγα-

215 2681 400 2714 νακτούντων,
436 2683 538 2717 quippe
575 2681 655 2716 quia
685 2681 847 2710 tumultuose
886 2681 1037 2716 indignan-

302 2752 420 2793 Vetsres
435 2759 485 2780 sex
498 2751 684 2793 libij‘nos'tri,
700 2750 783 2783 ἑστὼς
800 2752 837 2780 ἰν.
859 2753 946 2789 Editi,
962 2751 1036 2784 στάς.

214 2784 318 2816 statim
332 2791 392 2816 tres
408 2796 491 2822 mss.,
508 2784 591 2814 Δαϐὶδ
607 2785 751 2825 κέχρηται.

1132 2431 1170 2467 (3)
1186 2430 1369 2458 Colbertinus
1395 2429 1520 2467 primus,
1544 2427 1649 2467 ἔσονται
1678 2427 1763 2467 οῐκ-ίαι
1792 2427 1913 2467 μεγάλαι.

1096 2463 1182 2503 Illud,
1199 2467 1368 2503 quodkmox
1382 2463 1525 2503 sequitur,
1539 2465 1647 2503 ποιήσει
1662 2463 1797 2503 κερᾷμιον
1818 2463 1856 2498 ἓν,
1871 2465 1911 2503 i_n-

1095 2501 1260 2539 terpretans
1276 2501 1479 2539 Hieronymus,
1492 2501 1532 2528 ita
1547 2501 1669 2529 scribit:
1684 2502 1742 2539 Pro,
1754 2501 1912 2539 laguncula,

1095 2537 1177 2573 quam
1192 2539 1243 2566 soli
1260 2538 1322 2565 LXX
1336 2537 1535 2564 transtulerunt
1549 2545 1560 2564 :
1575 2544 1667 2564 omnes
1686 2537 1743 2565 alii
1765 2537 1857 2565 butum
1870 2538 1911 2563 in-

1095 2575 1239 2610 terpretati
1262 2578 1360 2602 sunt...
1377 2574 1408 2600 In
1429 2573 1578 2610 sterilitate
1602 2581 1664 2608 ergo
1678 2573 1776 2610 nimia
1792 2579 1912 2610 quase-

1094 2608 1192 2646 quétur
1212 2610 1408 2646 captivitatem,
1423 2609 1514 2646 decem
1537 2609 1631 2644 iugera
1655 2609 1801 2637 vinearum
1814 2608 1910 2644 facient

1094 2644 1199 2679 bolum,
1217 2645 1245 2673 id
1259 2649 1308 2678 est,
1324 2649 1378 2672 tres
1393 2644 1550 2680 amphoras.

1183 2681 1262 2722 δαδὶ]
1279 2681 1348 2722 dug,
1364 2679 1601 2722 περιτεμνόμενοι,

1129 2713 1168 2751 (5)
1183 2713 1270 2750 Editi,
1296 2716 1364 2747 ταῖς.
1387 2713 1423 2744 At
1447 2713 1519 2745 mss;
1535 2715 1627 2744 nostri
1651 2723 1765 2751 omnes,
1780 2717 1847 2745 τοῖς”
1861 2713 1909 2742 ubi

1092 2750 1272 2780 arbitramur
1293 2751 1424 2789 suppleri
1444 2753 1549 2781 debere
1570 2751 1653 2788 illud,
1680 2750 1908 2789 ὗπάρχουσι,ςιιίε

1090 2787 1282 2825 facultatibus.

1104 2797 1154 2817 acu
1158 2793 1282 2817 ιιαιιοιιι.
