2009 3145
219 136 278 167 367

691 133 887 165 APPENDIX
907 132 1070 165 OPERUM
1089 133 1121 163 S.
1146 131 1284 163 BASILIl
1308 132 1444 164 MAGNI.

1863 134 1918 165 368

220 211 280 231 una
294 201 532 234 vindemiabitur,
549 204 577 229 et
592 201 641 229 ubi
657 209 707 229 seu
722 201 830 229 artaba:
851 201 967 229 fuerant
982 199 1143 233 seminatis,
1160 199 1207 227 vix
1221 201 1281 228 tres
1296 200 1445 228 fructuum
1466 207 1614 228 mensura:
1634 198 1830 236 colligantur:
1858 209 1918 237 quis

218 247 367 276 seminum
384 255 452 283 pars
468 248 511 274 est
526 246 660 274 minima.

254 293 315 320 152.
331 292 367 319 Et
382 291 501 327 quidem
517 291 662 319 sententia
678 291 779 319 isti-.th
794 298 829 318 ex
856 298 887 318 se
912 289 1040 318 multum

1133 289 1193 317 452.
1211 289 1291 326 Ἔχει
1307 289 1353 325 μὶν
1370 288 1415 316 οὖν
1431 288 1503 317 πολὺ
1518 288 1563 316 καὶ
1587 288 1695 316 αὐτόθεν
1720 289 1752 316 τὸ
1781 288 1920 328 ὠφέλιμον

217 337 306 365 habet
321 335 467 364 utilitatis.
479 335 534 363 Sed
550 335 656 370 quivis,
672 335 696 362 si
706 335 858 363 studiosus
868 336 913 362 est
923 337 951 362 et
963 334 1039 362 labo-

218 390 283 410 rum
301 381 426 418 patiens,
441 388 475 408 ex
490 380 544 407 hae
557 380 712 415 prophetia
735 380 820 415 juxta
841 379 996 415 mysticum
1013 381 1042 407 et

218 426 402 454 reconditum
412 433 530 453 sensum
543 424 726 452 considerata
736 424 970 452 emolumentum
983 432 1042 452 ma-

213 472 265 507 jus
276 471 425 507 percipere
435 472 540 506 potest.
558 469 671 497 Etenim
683 478 734 505 per
746 469 980 505 uniuscujusque
989 469 1038 497 do-

218 524 300 544 mum
309 516 446 552 dogmata
456 514 644 550 actionesque
655 517 779 550 possunt
787 514 910 550 intelligi
923 514 959 542 ob
970 515 1040 541 den-

215 569 283 589 sum
297 560 521 594 adunatumque
536 558 704 592 artiﬁcium,
721 559 797 594 quod
809 559 837 586 in
851 558 1039 594 opinionibus

214 605 250 633 de
265 612 439 640 unoquoque
452 604 587 639 dogmate
601 602 710 631 habitis
726 603 880 639 reperitur.
907 605 975 631 Eam
1001 603 1038 631 ob

213 657 344 682 causam,
361 647 609 684 quemadmodum
619 647 648 674 in
660 647 747 675 domo
757 647 980 676 fundamentum
991 655 1037 675 re-

213 694 301 730 liqum
317 694 469 721 structurae
485 691 678 727 supponitur:
697 691 738 719 ita
758 694 787 719 et
802 692 832 719 in
849 692 1038 728 dogmatibus

214 738 350 774 quaedam
365 738 451 765 bases
467 738 538 764 sunt
551 744 584 764 ac
600 736 745 772 principia
760 737 867 772 prima,
880 737 1039 772 quibusin-

215 783 276 811 nixi
291 783 427 818 dogmata
441 789 496 809 sua
511 780 724 815 disseminant;
740 783 768 808 et
782 789 846 816 quze
861 783 1036 817 sequuntur,

215 827 318 856 ordine
330 828 358 854 et
373 826 552 862 conjunctim
563 825 716 861 principiis
731 825 835 862 primis
849 828 1036 854 connectunt.

214 872 386 907 Quicunque
394 870 484 906 igitur
494 870 562 897 ﬁdei
572 869 689 906 dogma,
698 870 773 905 quod
783 878 835 906 pro
848 870 1036 899 fundamento

214 925 248 945 ac
262 915 406 953 principio
423 915 510 942 habet
525 914 680 942 Dominum
697 916 830 942 uestrum
845 915 946 943 Jesum
958 915 1037 943 Chri-

213 964 302 995 stum,
318 969 386 988 cum
400 959 587 995 dogmatibus
603 958 706 987 alienis
721 961 750 986 et
763 968 778 986 a
794 959 900 995 pietate
916 960 1036 988 remotis

213 1005 394 1038 consociant,
406 1003 427 1031 ii
442 1005 511 1031 sunt
537 1003 586 1039 qui
611 1011 663 1039 per
687 1003 868 1039 Scripturam
893 1004 1038 1032 deﬂentur

212 1059 264 1078 ceu
281 1057 342 1078 rem
356 1049 523 1076 indecorem
540 1050 722 1084 peragentes,
734 1049 842 1084 quippe
853 1049 903 1084 qui
915 1049 1034 1076 domum

212 1095 312 1124 domui
329 1094 518 1129 conjungant.
530 1092 610 1124 Quod
621 1092 698 1120 enim
712 1092 829 1128 pietatis
840 1093 978 1129 dogmata
988 1094 1037 1122 do-

213 1148 280 1168 mus
295 1137 442 1174 appellata
457 1136 527 1172 sint,
545 1136 684 1164 Dominus
699 1137 762 1173 ipse
792 1146 842 1173 per
866 1137 1036 1173 purubolam

212 1193 266 1213 nos
280 1182 406 1215 edocuit,
423 1182 542 1210 dicens:
556 1181 649 1208 Omnis
659 1182 706 1216 qui
715 1182 796 1209 audit
806 1183 887 1210 verba
899 1183 1035 1216 meahaac,

212 1233 240 1257 et
252 1229 319 1264 facit
333 1235 380 1261 ea,
392 1226 592 1254 assimilabitur
602 1227 662 1253 viro
675 1227 809 1261 sapienti,
824 1227 871 1262 qui
884 1227 1036 1262 wdiﬁcavit

204 1274 325 1303 :domum
336 1280 416 1300 suam
430 1279 517 1306 supra
531 1274 637 1306 petram
651 1270 683 1298 ⁸⁸.
699 1271 754 1298 Sed
770 1273 798 1298 et
815 1271 921 1299 Paulus
937 1280 990 1300 nos
1005 1272 1035 1300 in

213 1318 308 1354 priore
319 1317 354 1345 ad
362 1315 527 1344 Corinthios
538 1314 668 1350 Epistola
677 1315 780 1342 docere
796 1315 919 1348 videtur,
936 1324 1036 1352 quem-

211 1363 282 1391 libet
296 1369 397 1389 eorum
413 1360 462 1396 qui
488 1359 637 1387 Christum
653 1359 726 1387 487
755 1359 951 1396 crediderunt,
979 1361 1035 1389 sibi

211 1407 269 1444 ipsi
283 1406 427 1434 aediﬁcare
442 1405 577 1432 domum.
602 1404 822 1432 Fundamentum
846 1406 921 1432 enim
945 1406 1034 1441 aliud,

211 1452 318 1487 inquit,
329 1457 410 1478 nemo
424 1450 512 1485 potest
524 1456 635 1484 ponere,
650 1450 755 1484 praeter
775 1449 803 1476 id
823 1449 893 1484 quod
914 1451 1034 1486 positum

210 1500 261 1532 est,
273 1495 346 1531 quod
359 1495 399 1522 est
412 1496 492 1522 Jesus
508 1493 638 1520 Christus.
655 1492 685 1520 Si
699 1494 760 1528 quis
779 1498 872 1521 autem
885 1495 1035 1530 supersedi-

209 1540 281 1576 βοαί
293 1547 377 1574 super
385 1538 601 1573 fundamentum
616 1537 676 1571 hoc,
691 1546 800 1572 aurum,
825 1543 979 1573 argentum,
995 1541 1034 1567 la-

211 1585 287 1622 pides
301 1583 444 1620 pretiows,
462 1582 546 1617 ligna,
562 1583 668 1617 fenum,
693 1582 827 1617 stipulam
842 1583 874 1610 ⁸⁷.
890 1584 1031 1615 Quoniam

209 1631 307 1658 autem
322 1636 357 1656 ex
371 1627 418 1661 iis,
434 1626 484 1662 qui
499 1626 636 1662 dogmata
651 1627 837 1661 concinnant,
853 1627 902 1654 alii
913 1628 1032 1663 quidem

211 1674 273 1702 risu
287 1675 316 1701 et
330 1671 457 1700 ludibrio
469 1670 558 1706 digna
572 1670 731 1698 sentientes
747 1679 807 1700 rem
824 1672 1033 1700 mdiﬁcantvel-

211 1719 255 1748 uti
270 1718 414 1746 ludicram
430 1718 459 1744 et
474 1715 674 1749 deridiculum,
689 1716 738 1744 alii
754 1724 821 1744 vero
839 1716 1032 1752 honestiores,

211 1772 259 1792 res
274 1763 366 1792 serias
381 1770 414 1789 ac
429 1759 591 1788 laudabiles
606 1762 741 1788 struunt:
771 1761 906 1790 Michaaas
929 1762 1032 1791 domos

206 1816 309 1838 eorum
326 1806 376 1842 qui
385 1804 526 1833 ridiculos
539 1813 570 1832 se
578 1804 717 1840 praebent,
730 1805 964 1840 demoliens,ait:
978 1807 1032 1841 Qui

204 1855 236 1882 in
250 1852 326 1885 Geth,
337 1859 373 1879 ne
383 1849 617 1886 magniﬁcemini:
634 1850 661 1876 et
672 1850 721 1885 qui
747 1850 777 1877 in
800 1850 920 1884 Acarim,
945 1851 1031 1880 nolite

204 1897 372 1932 remdiﬁcare
381 1902 416 1922 ex
430 1894 507 1921 domo
523 1894 551 1920 in
563 1893 684 1920 derisum
704 1894 865 1921 vestrum“.
882 1895 917 1922 Et
927 1903 1030 1924 rursus

205 1941 256 1969 ille
271 1941 334 1976 ipse
350 1946 454 1975 pravos
471 1938 603 1965 doctores
619 1937 785 1973 increpans,
816 1938 907 1967 dicit:
931 1939 1030 1967 Audite

203 1993 278 2014 nunc
292 1987 358 2018 haec,
367 1983 449 2011 duces
463 1982 558 2010 domus
568 1982 694 2015 Jarob,et
705 1983 809 2018 reliqui
820 1983 914 2011 domus
926 1985 1027 2012 Israel:

201 2031 251 2067 qui
264 2028 467 2058 abominamini
476 2026 627 2062 judicium,
653 2031 678 2054 et
701 2028 796 2054 omnia
819 2031 894 2055 recta
917 2037 1028 2063 perver-

203 2076 280 2104 titis:
297 2074 345 2110 qui
358 2072 503 2108 adiﬁcatas
528 2071 592 2098 Sion
608 2071 636 2098 in
661 2071 855 2107 sanguinibus,
870 2076 896 2100 et
919 2073 1028 2101 Jerusa-

202 2120 255 2148 lem
270 2121 301 2148 in
330 2116 525 2153 iniquitatibus
552 2115 584 2142 5°.
615 2115 755 2150 Quisquis
785 2116 864 2144 enim
889 2117 1028 2153 dogmata

201 2165 296 2193 aliena
312 2160 555 2195 comminiscitur,
572 2160 695 2187 aediﬁcat
708 2160 786 2194 Sion,
813 2161 868 2188 hoc
879 2164 932 2196 est,
942 2170 1026 2190 suam

201 2208 296 2245 ipsius
312 2205 472 2243 speculam,
488 2205 518 2232 in
532 2204 714 2239 sanguinibus
727 2213 736 2232 :
751 2206 779 2232 et
795 2205 846 2241 qui
875 2206 1028 2235 constituit

235 2309 258 2326 “
272 2307 373 2335 Matth.
389 2313 440 2341 Vll,
454 2305 500 2332 24.
537 2304 560 2322 ⁸⁷
574 2306 586 2331 Ῑ
601 2304 664 2331 Cor.
682 2312 723 2339 xu,
741 2305 784 2338 11,
801 2305 844 2333 12.
882 2306 904 2323 ⁸⁸
918 2306 1004 2335 Mich.
1020 2315 1029 2334 ι

237 2402 461 2446 (Ᾰ13)Δῌάἱῐὶ.,ηΚαὶ
475 2401 553 2446 διότι.
569 2401 713 2446 Deest'xai
730 2403 759 2430 in
788 2407 914 2446 utroque
941 2408 1024 2446 Corn-

202 2439 259 2471 bei‘.
277 2439 305 2470 et
318 2442 349 2469 in
365 2441 430 2468 aliis
450 2441 575 2475 quatuor
599 2439 760 2475 codicibus.
787 2442 843 2468 Nec
865 2439 908 2468 ita
933 2442 1025 2470 multo

204 2481 270 2516 post
285 2478 367 2510 editi,
384 2475 411 2516 αἱ
426 2473 523 2516 ἀρχαί..
539 2474 625 2508 lllud,
642 2473 680 2516 αἱ,
693 2476 830 2516 neque‘in
841 2477 1026 2516 Qombelisia-

203 2510 262 2548 bis,
278 2521 372 2550 neque
388 2513 417 2550 in
434 2510 541 2550 nostris
557 2519 629 2550 mss2
643 2510 765 2550 _legitur._
778 2513 837 2539 Hoc
848 2512 912 2548 ipso
923 2513 952 2541 in
963 2514 1025 2550 loco

203 2546 313 2586 excusi,
326 2546 599 2586 αῐςνὲπερειδόμενοι.
615 2547 651 2573 At
673 2547 766 2574 nostri
790 2555 841 2575 sex
860 2546 948 2584 inss.,
975 2549 1025 2586 οῖς,

196 2585 330 2624 ’δόγμκσξ
337 2585 479 2624 Melite?-

238 2616 295 2658 (14)
310 2621 396 2656 Editi,
411 2619 508 2646 οἱκίοιψ
526 2616 578 2644 δτι.
595 2619 632 2644 At
648 2617 715 2644 libri
730 2619 840 2647 veteres
857 2620 900 2647 uti
911 2620 941 2648 in
957 2629 1026 2649 con-

203 2661 281 2686 textu
287 2680 293 2686 .

239 2694 295 2729 (15)
324 2692 471 2729 Antiquus
509 2687 805 2729 Combeﬁ‘siivcodea,
835 2688 933 2728 λόγους
970 2691 1024 2719 καί.

203 2723 343 2763 Ejusdem
359 2723 449 2763 codex
459 2724 603 2755 recentior
617 2725 646 2751 et
660 2723 710 2751 alii
725 2724 843 2760 quidam
858 2723 924 2756 cum
941 2729 1027 2756 editis

203 2762 344 2792 omittunt
355 2762 411 2791 καί.

240 2800 297 2839 (16)
311 2801 429 2828 Veteres
444 2797 556 2835 aliquot
570 2794 649 2832 libri,
664 2794 788 2834 χρυσίον,
802 2797 941 2838 ἀργύριον.

1052 980 1074 1012 Β

1049 1666 1070 1699 C

1096 334 1112 367 ἡ
1129 332 1210 368 λέξις·
1229 331 1338 361 δυνατὸν
1352 332 1381 361 δὲ
1394 335 1435 370 τῷ
1450 333 1593 372 φιλοπόνῳ
1608 334 1676 361 κατὰ
1702 334 1847 371 ἀναγωγὴν
1878 335 1919 362 tu).

1095 376 1189 405 πλεῖον
1216 377 1286 416 ἄγειν
1309 378 1339 405 va
1368 378 1421 406 ἀπὸ
1444 382 1495 413 τῆς
1516 378 1682 417 προφητείας
1703 379 1856 416 χρήσιμον.
1872 379 1920 406 Δύ-

1095 433 1172 450 ναται
1202 422 1253 461 γὰρ
1279 422 1353 450 οἰκία
1381 422 1494 451 ἑκάστου
1522 426 1640 455 νοεῖσθαι
1668 423 1702 451 τὰ
1725 421 1849 460 δόγματα
1876 425 1920 451 καὶ

1094 467 1121 494 αἱ
1147 467 1269 505 πράξεις,
1299 466 1343 495 διὰ
1370 468 1401 495 τὸ
1429 467 1527 496 πυκνὸν
1564 468 1608 495 καὶ
1643 467 1786 504 ἡνωμένον
1814 472 1866 503 τῆς
1894 468 1919 497 ἐν

1093 514 1151 544 τοῖς
1179 513 1298 549 νοήμασι
1335 516 1512 548 κατασκευῆς,
1539 513 1602 550 περὶ
1631 512 1743 540 ἑκάστου
1773 511 1920 550 δόγματος.

1094 557 1168 585 Διότι
1194 558 1261 593 (13),
1287 556 1376 595 ὥσπερ
1407 557 1432 585 ἐν
1463 557 1536 593 οἰκίᾳ
1559 556 1687 594 θεμέλιος
1719 558 1861 585 ὑπόκειται
1886 560 1921 595 τῇ

1094 600 1178 639 λοιπῇ
1194 604 1354 640 κατασκευῇ·
1373 601 1444 629 οὕτω
1459 602 1504 630 καὶ
1526 601 1570 630 ἐπὶ
1599 604 1652 629 τῶν
1684 601 1830 640 δογμάτων
1858 603 1921 630 ὑπο-

1093 646 1178 678 θέσεις
1193 648 1264 678 τινες
1289 647 1340 675 εἶσι
1363 647 1407 675 καὶ
1429 648 1536 684 πρῶται
1561 647 1656 685 ἀρχαὶ,
1675 647 1718 678 οἷς
1746 646 1920 686 ἐπερειδόμ-

1093 701 1133 718 νοι
1150 690 1354 729 δογματίζουσι,
1369 692 1403 719 τὰ
1420 691 1515 730 ἑφεξῆς
1532 691 1691 723 ἀκολούθως
1718 691 1764 719 καὶ
1794 694 1919 731 συναφῶς

1091 738 1150 767 ταῖς
1165 737 1285 774 πρώταις
1302 736 1403 774 ἀρχαῖς
1418 736 1632 774 συνυφαίνοντες.
1649 737 1726 763 Ὅσοι
1744 735 1789 762 οὖν
1815 736 1847 764 τὸ
1872 740 1919 771 τῆς

1091 780 1206 812 πίστεως
1232 779 1333 818 δόγμα,
1349 781 1415 819 ὅπερ
1440 779 1498 818 ἔχει
1525 780 1652 818 θεμέλιον
1682 791 1728 808 και
1758 781 1849 818 ἀρχὴν
1873 782 1916 808 τὸν

1092 824 1191 862 Κύριον
1219 826 1299 862 ἡμῶν
1317 826 1421 860 Ἰησοῦν
1446 825 1573 863 Χριστὸν,
1590 823 1724 862 δόγμασιν
1755 824 1916 863 ἀλλοτρίοις

1090 869 1135 896 καὶ
1152 869 1236 904 ξένοις
1251 873 1301 905 τῆς
1315 867 1468 901 Θεοσεϐείας
1485 869 1722 905 ἐπισυνάπτουσιν,
1745 870 1824 897 οὗτοί
1854 870 1916 897 εἰσιν

1091 913 1137 946 οὓς
1152 914 1166 941 ὁ
1180 913 1264 952 λόγος
1279 913 1402 953 ὀδύρεται
1418 914 1492 952 παρὰ
1513 915 1545 942 τὸ
1569 915 1686 949 καθῆκον
1716 916 1875 951 ποιοῦντας,
1891 914 1916 943 ἦν

1090 961 1130 995 τῷ
1141 959 1280 997 συνάπτειν
1297 959 1382 987 οἷκίαν
1399 960 1456 996 (44)
1470 960 1538 997 πρὸς
1558 958 1656 987 οἰκίαν.
1672 959 1734 988 ’Ότι
1764 959 1818 997 γὰρ
1849 959 1918 987 οῗκία

1090 1003 1124 1031 τὰ
1137 1007 1187 1038 τῆς
1204 1002 1356 1035 θεοσεϐείας
1373 1003 1528 1040 ὠνόμασται
1558 1002 1691 1040 δόγματα,
1708 1003 1790 1035 αὐτὸς
1819 1004 1833 1031 ὁ
1865 1004 1917 1033 Κύ-

1092 1058 1150 1086 ριος
1165 1047 1209 1076 διὰ
1223 1051 1274 1083 τῆς
1289 1045 1450 1086 παραϐολῆς
1464 1050 1538 1085 ἡμᾶς
1554 1047 1667 1084 ἐδίδαξε,
1685 1047 1775 1086 λέγων
1793 1047 1846 1083 ὅτι,
1862 1051 1916 1081 Πᾶς

1091 1094 1164 1124 ὅστις
1202 1093 1295 1121 ἀκούει
1327 1103 1379 1130 μου
1407 1092 1472 1124 τοὺς
1498 1092 1597 1130 λόγους
1631 1093 1686 1129 (45)
1713 1092 1839 1127 τούτους,
1871 1093 1914 1120 καὶ

1090 1140 1164 1165 ποιεῖ
1192 1137 1302 1173 αὐτοὺς,
1329 1138 1531 1175 ὁμοιωθήσεται
1569 1136 1644 1174 ἀνδρὶ
1674 1137 1814 1176 φρονίμῳ,
1845 1137 1916 1169 ὅστις

1090 1181 1255 1219 ᾠκοδόμησε
1296 1182 1345 1216 τήν
1386 1181 1473 1210 οἲκίαν
1514 1182 1597 1210 αὐτοῦ
1638 1182 1680 1209 ἰπὶ
1718 1182 1770 1216 τήν
1806 1182 1915 1220 πέτραν.

1090 1229 1185 1256 ’Ἐοικε
1200 1226 1229 1254 δὲ
1243 1227 1286 1254 καὶ
1304 1228 1318 1254 ὁ
1334 1226 1443 1258 Παῦλος
1459 1226 1484 1253 ἐν
1500 1229 1535 1264 τῇ
1551 1227 1619 1264 πρὸς
1633 1226 1793 1263 Κορινθίους
1819 1227 1912 1264 πρώτῃ

1090 1270 1224 1300 διδάσκειν
1248 1272 1332 1308 ἡμᾶς,
1349 1271 1389 1299 ὅτι
1416 1269 1528 1302 ἕκαστος
1559 1271 1645 1306 ἑαυτῷ
1669 1269 1756 1298 οἷ’κίαν
1772 1269 1914 1304 οἰκοδομεῖ

1088 1317 1142 1344 τῶν
1165 1317 1203 1348 εἷς
1231 1317 1345 1354 Χριστὸν
1371 1315 1599 1344 πεπιστευκότων.
1625 1314 1755 1352 Θεμέλιον
1783 1316 1846 1354 γὰρ,
1861 1326 1913 1352 φη-

1089 1361 1141 1396 σὶν,
1169 1361 1255 1388 ἄλλον
1297 1359 1385 1392 οὐδεὶς
1422 1359 1530 1388 δυναται
1558 1362 1654 1395 θεῖναι,
1683 1359 1758 1397 παρὰ
1785 1361 1831 1387 τὸν
1857 1360 1912 1387 κεί-

1091 1416 1181 1442 μενον,
1199 1403 1228 1436 ὅς
1256 1406 1327 1434 ἐστιν
1357 1406 1462 1440 Ἰησοῦς
1490 1404 1615 1442 Χριστός.
1646 1404 1680 1433 Εἴ
1708 1403 1737 1431 δέ
1764 1415 1808 1436 τις
1837 1405 1909 1432 brot-

1087 1449 1203 1486 κοδομεῖ
1228 1450 1270 1478 ἐπὶ
1306 1451 1351 1477 τὸν
1393 1449 1519 1486 θεμέλιον
1548 1451 1655 1485 τοῦτον,
1685 1449 1801 1487 χρυσὸν,
1831 1449 1911 1487 ἄργυ-

1089 1505 1134 1532 ρον
1160 1496 1227 1532 (16),
1255 1494 1348 1526 λίθους
1376 1494 1495 1532 τιμίους,
1525 1493 1602 1531 ξύλα,
1632 1493 1745 1532 χόρτον,
1769 1493 1910 1530 καλάμην.

1088 1538 1198 1575 Ἐπειδὴ
1213 1538 1242 1567 δὲ
1255 1542 1308 1567 τῶν
1331 1538 1583 1573 κατασκευαζόντων
1599 1539 1632 1566 τὰ
1658 1537 1784 1576 δόγματα
1811 1538 1837 1566 οἱ
1864 1539 1910 1574 μὲν

1087 1583 1208 1621 γέλωτος
1234 1585 1278 1612 καὶ
1308 1583 1413 1622 χλεύης
1440 1582 1500 1620 ἄξια
1520 1585 1687 1622 φρονοῦντες,
1704 1582 1789 1610 οἷονεὶ
1804 1582 1911 1621 γέλωτα

1088 1627 1280 1664 οἰκοδομοῦσιν
1300 1639 1306 1646 ·
1337 1629 1364 1656 οἱ
1393 1627 1421 1656 δὶ
1449 1628 1634 1666 ἀστειότεροι,
1661 1626 1796 1655 σπουδαῖα
1832 1637 1911 1655 κατα-

1089 1674 1273 1707 σκευάζουσιν·
1290 1674 1303 1701 ὁ
1319 1673 1440 1711 Μιχαίας
1469 1675 1605 1711 καθαιρῶν
1628 1673 1664 1700 τὰ.
1690 1672 1832 1709 οῗκήματα
1854 1673 1910 1708 (47)

1087 1719 1141 1744 τῶν
1171 1716 1391 1755 καταγελάστων,
1407 1718 1441 1746 Οἱ
1469 1718 1495 1745 ὲν
1525 1717 1584 1752 Γὲθ,
1598 1717 1676 1756 φησὶ,
1694 1717 1732 1754 μή
1765 1716 1910 1754 μεγαλύνε-

1088 1767 1155 1794 σθε*
1180 1762 1224 1790 καὶ
1265 1763 1290 1789 οἱ
1329 1762 1355 1790 δν
1393 1765 1537 1800 ⁷Ακαρεὶμ,
1569 1762 1606 1799 μὴ
1649 1759 1856 1798 ἀνοικοδομεῖτε
1882 1761 1909 1796 ἒξ

1087 1804 1163 1834 oi'xou
1186 1806 1254 1834 κατὰ
1273 1806 1381 1844 γέλωτα
1406 1807 1493 1843 ὑμῶν.
1518 1807 1570 1834 Καὶ
1596 1805 1679 1834 πάλιν
1696 1807 1709 1834 ὁ
1739 1806 1820 1837 αὐτὸς
1849 1806 1909 1832 ἑπι-

1085 1849 1214 1886 πλήττων
1244 1852 1399 1889 μοχθηροῖς
1429 1850 1616 1886 διδασκάλοις,
1642 1851 1723 1890 φησίν
1738 1860 1744 1867 ·
1762 1850 1909 1878 Ἀκούσατι

1085 1894 1119 1930 δὴ
1149 1898 1242 1932 ταῦτα,
1267 1897 1293 1923 οἱ
1320 1896 1470 1934 ἡγούμενοι
1499 1895 1578 1924 οἷὸιου
1606 1892 1714 1930 Ἰακὼϐ,
1729 1895 1773 1923 καὶ
1805 1895 1831 1922 οἱ
1857 1905 1908 1921 κα·

1083 1940 1212 1968 τάλοιποι
1241 1940 1319 1969 o’t'xou
1348 1941 1470 1978 Ἰσραὴλ,
1501 1940 1530 1969 οἷ’
1556 1939 1769 1978 βδελυσσόμενοι
1811 1942 1906 1977 κρῖμα,

1083 1985 1128 2012 καὶ
1149 1985 1236 2012 πάντα
1268 1986 1302 2013 τὰ
1330 1986 1397 2024 ὀρθὰ
1426 1984 1647 2024 διαστρέφοντες,
1676 1985 1702 2012 o't
1728 1983 1907 2021 οἰκοδομοῦν-

1082 2039 1125 2060 τες
1154 2030 1226 2057 Σιὼν
1251 2030 1277 2057 ἓν
1305 2029 1412 2067 αἶ’μασι,
1440 2031 1484 2058 καὶ
1515 2029 1695 2068 Ἰερουσαλὴμ
1724 2029 1750 2057 ὲν
1776 2028 1905 2060 ἀδικίαις.

1084 2076 1139 2105 Πᾶς
1155 2075 1211 2111 (18)
1227 2074 1279 2113 γὰρ
1293 2075 1306 2102 ὁ
1319 2075 1352 2102 τὰ
1377 2074 1512 2112 ἀλλότρια
1539 2075 1744 2108 κατασκευάζων
1771 2072 1905 2111 δόγματα,

1083 2117 1226 2155 οἰκοδομεῖ
1253 2119 1302 2153 τὴν
1330 2120 1414 2155 Σιὼν,
1427 2119 1548 2147 τουτέστι
1573 2119 1605 2146 τὸ
1633 2119 1728 2146 ἑαυτοῦ
1755 2119 1905 2154 σκοπευτήη

1083 2173 1154 2201 ριον,
1171 2163 1197 2190 ἑν
1218 2162 1323 2200 αἶ’μασι·
1340 2164 1386 2191 καὶ
1401 2164 1415 2191 ὁ
1431 2163 1555 2194 συνιστὰς
1582 2162 1729 2198 ὲκκλησίαν
1760 2172 1906 2201 πονηρευο-

1083 2209 1181 2245 μὲνων,
1199 2207 1343 2245 οἰκοδομεῖ
1356 2209 1407 2244 τὴν
1422 2207 1604 2246 Ἰερουσαλὴμ
1623 2208 1649 2236 ἒν
1665 2206 1795 2240 ἀδικίαις.
1813 2207 1844 2237 Εἰ
1859 2206 1903 2235 οὖν

1032 2329 1040 2342 ,
1059 2308 1102 2335 10.
1140 2308 1163 2326 σθ
1177 2308 1265 2336 Mich.
1281 2316 1325 2344 In,
1338 2309 1366 2344 9,
1383 2309 1426 2336 10.

1116 2407 1172 2442 (17)
1188 2407 1263 2435 Editi
1279 2409 1306 2435 et
1321 2408 1378 2435 duo
1394 2416 1476 2441 mss.,
1504 2407 1583 2434 καθαι
1603 2409 1640 2434 ῶν
1655 2406 1688 2434 τὰ
1713 2406 1835 2443 obium-ta
1860 2408 1901 2442 fa-

1116 2451 1152 2470 tm
1165 2445 1192 2470 et
1206 2445 1395 2471 arroaanliam
1409 2443 1547 2471 cohibens.
1564 2416 1619 2471 Aiii
1635 2446 1695 2471 tres
1706 2451 1792 2471 mss..
1813 2441 1901 2471 mezl-

1079 2446 1152 2470 stum
1163 2441 1192 2470 et
1206 2445 1395 2479 arrogantiam
1409 2443 1547 2472 cohibens.
1564 2441 1619 2471 Alii
1635 2446 1695 2471 tres
1706 2441 1792 2477 mss.,
1813 2441 1902 2474 καθαί-

1081 2487 1134 2514 ρων
1150 2478 1183 2505 τὰ
1203 2478 1333 2514 cinnata,
1362 2481 1464 2515 fastum
1490 2484 1515 2507 et
1542 2481 1733 2514 arrogantiam
1755 2479 1900 2506 mundam.

1081 2514 1168 2548 Alter,
1198 2517 1320 2551 καθορῶν
1336 2515 1370 2541 τὰ
1384 2515 1514 2551 οῗήματα,
1529 2517 1635 2551 [astam
1661 2518 1688 2544 et
1709 2516 1900 2551 arrogantiam

1081 2524 1168 2548 mter,
1198 2524 1320 2552 καθορων
1336 2525 1370 2541 τα
1384 2524 1514 2551 οιηματα,
1529 2524 1635 2551 Iasium
1661 2524 1688 2544 et
1709 2524 1900 2552 arrogantiam

1080 2551 1202 2578 intuens.
1234 2552 1302 2583 Qum
1324 2552 1424 2579 omnia
1448 2552 1518 2579 ouin
1543 2551 1648 2579 vitiosa
1675 2551 1747 2585 sint,
1775 2549 1900 2579 dubitari

1079 2586 1127 2613 vix
1143 2589 1246 2621 potest.
1263 2587 1409 2615 Malumus
1424 2587 1515 2622 igitur
1529 2588 1613 2624 sequi
1627 2587 1826 2615 Colbertinum
1837 2585 1899 2649 ἐπὶ·

1081 2630 1172 2649 mum.
1190 2623 1250 2649 aui.
1266 2626 1298 2649 ut
1312 2631 1412 2649 verum
1429 2623 1584 2649 fateamur.
1601 2632 1659 2649 non
1675 2623 1770 2649 nrima
1784 2621 1834 2649 oui
1856 2628 1899 2649 em

1081 2630 1172 2655 mum,
1190 2623 1250 2660 qui,
1266 2626 1298 2651 ut
1312 2631 1412 2660 verum
1429 2623 1584 2660 fateamur,
1601 2632 1659 2651 non
1675 2623 1770 2660 prima
1784 2623 1899 2660 quidem

1081 2665 1183 2692 manu,
1198 2656 1250 2696 sed
1267 2659 1388 2696 antiqua
1404 2662 1501 2687 tamen
1513 2656 1765 2696 habetque-atpfw
1779 2656 1900 2696 tacturi-

1083 2703 1165 2736 ματα,
1194 2694 1352 2736 ᾴεγηοιίρηέ.
1371 2695 1474 2736 domos.
1489 2694 1716 2736 ‘Combeﬁsius,
1756 2695 1899 2736 conjectu-

1082 2730 1272 2792 pgtduntaxat
1287 2731 1405 2765 ductus,
1420 2731 1461 2759 ila
1489 2730 1647 2767 legendum
1668 2731 1732 2767 jam
1751 2730 1900 2767 judicave-

1082 2773 1140 2837 "Et
1147 2800 1175 2839 8)
1190 2802 1267 2831 Libri
1280 2804 1402 2839 veteres,
1418 2803 1485 2834 Πᾶς.
1500 2802 1606 2833 Nostra
1619 2802 1720 2839 editio,
1735 2801 1768 2832 Ὁ
1782 2802 1852 2839 πῶς,
