2009 3145
85 212 140 241 369

508 208 708 239 COMMENT.
732 208 772 238 IN
794 208 928 239 ISAIAM
951 208 1202 239 PROPHETAM.
1226 208 1311 238 CAP.
1334 208 1371 239 V.

1725 206 1786 237 370

89 275 133 304 δύο
152 275 225 303 ἔστιν
243 273 300 310 εἴδη
317 273 471 311 οἰκοδομῶν
486 275 553 310 (19)’
577 274 609 302 τὸ
627 274 673 311 μὶν
689 273 800 312 ἀγαθὸν,
815 274 847 302 τὸ
863 273 903 302 ἐπὶ

964 275 1118 303 ecclesiam
1135 275 1261 311 maligne
1268 273 1483 310 agentium,ille
1488 272 1610 301 exstruit
1619 273 1783 301 Jerusalem

85 321 132 356 τὴν
157 320 269 357 πέτραν,
298 320 342 346 καὶ
367 318 411 347 ἐπὶ
430 319 476 346 τὸν
502 317 628 355 θεμέλιον
652 321 701 346 τοῦ
721 321 847 355 Χριστοῦ·
875 319 905 346 τὸ

87 364 113 393 δὶ
127 363 217 402 ἓτερον
244 363 355 403 φαῦλον,
383 364 397 391 ὃ
420 364 466 391 καὶ
478 363 679 402 καταγέλαστόν
709 364 763 391 ἔστι
792 364 837 391 καὶ
851 363 906 391 ἀπ-

88 408 180 440 ωλείας
197 408 284 436 αἶ’τιον
300 408 483 445 (20),ιίκότως
499 408 512 435 ὁ
528 407 610 446 λόγος
625 407 762 443 ταλανίζει
776 408 839 439 τοὺς
854 408 904 442 τήν

88 455 184 493 ἀγαθὴν
202 453 292 481 οἰκίαν
320 454 354 490 τῇ
379 453 531 492 φαυλοτέρα
556 454 748 486 συνάπτοντας,
763 453 807 480 καὶ
822 453 904 480 οἱονεὶ

89 499 227 537 μιγνύντας
256 498 290 526 τὰ
313 497 426 535 ἄμικτα,
450 498 621 533 Ἐπιστήσεις
636 496 675 534 δὲ,
707 498 813 534 μήποτε
841 499 903 525 πάν-

86 555 125 575 τες
141 545 289 581 ἅνθρωποι,
315 542 330 570 6'
351 553 377 570 τι
403 543 463 570 ποτ’
488 542 533 570 οὖν
549 543 610 580 περὶ
628 542 755 578 ἀληθείας
772 542 904 580 δογματί-

88 592 179 624 ζοντες,
195 587 281 626 ὑγιὲσι
304 587 360 615 τισὶ
383 587 428 615 καὶ
455 586 569 622 ἀληθεσι
589 589 648 618 τοῖς
663 586 904 625 προκατειλημμέ-

87 643 139 664 νοις
156 633 222 660 κατὰ
244 633 294 663 τὰς
320 631 413 663 κοινὰς
437 632 541 663 ἑννοίας
556 631 601 659 καὶ
617 631 823 669 ἕνεσπαρμὲνοις
852 631 904 659 ὑπὸ

85 679 129 705 τοῦ
149 678 336 714 Δημιουργοῦ,
360 675 448 711 καλὴν
465 674 575 714 ἔχοντες
590 675 687 710 οἰκίαν,
705 677 766 703 ὅταν
783 676 904 716 σφαλλό-

88 731 156 758 μενοι
170 724 220 755 τῆς
236 720 381 755 ἀληθείας,
409 720 543 759 ἀλλότρια
565 724 617 755 τῆς
636 720 707 752 θείας
731 720 904 752 διδασκαλίας

86 766 112 793 ὲκ
125 769 172 801 τῆς
195 764 294 801 ἔξωθεν
323 765 427 800 ἀπάτης
456 764 647 803 ἐπεισάγωσιν,
674 766 731 792 οἷον
746 765 818 801 οἰκίᾳ
831 764 904 802 καλῇ

87 810 255 838 συνάπτουσιν
273 809 361 837 οῗκίαν
377 810 427 845 τὴν
442 810 566 848 χείρονα.
577 810 627 837 Καὶ
641 812 724 837 ταῦτα
742 810 789 846 μὶν
805 809 844 841 εἷς
859 810 904 837 τὸν

87 853 143 892 περὶ
158 857 207 889 τῆς
223 854 314 886 οἰκίας
329 854 422 892 λόγον.

960 319 990 347 in
1005 319 1253 355 injustiis.ltaque
1267 319 1357 347 siduo
1373 320 1441 346 sunt
1456 317 1644 345 aediﬁciorum
1656 324 1781 353 genera:

960 363 1084 391 alterum
1101 364 1220 399 quidem
1234 364 1355 398 bonum,
1372 362 1400 390 in
1410 364 1493 398 petra
1507 362 1535 389 et
1550 362 1579 389 in
1595 361 1702 389 Christi
1713 361 1784 390 fun-

959 409 1095 437 damento
1107 409 1283 442 stabilitum,
1298 409 1421 437 alterum
1439 416 1505 436 vero
1525 407 1647 442 malum,
1663 409 1692 436 et
1719 407 1783 435 irri-

960 454 1071 482 sionem
1089 454 1190 482 all‘erat
1206 456 1234 481 et
1245 453 1415 490 perniciem,
1432 454 1496 489 iure
1512 452 1621 488 optimo
1637 459 1685 480 eos
1700 451 1783 488 luget

959 499 1170 534 Scriptura,qui
1181 499 1301 526 domum
1309 498 1416 525 bonam
1428 505 1494 526 cum
1506 496 1649 525 deteriore
1660 497 1723 533 conj
1729 505 1782 524 un-

959 546 1042 580 gunt,
1059 546 1086 571 et
1102 543 1318 579 quodammodo
1330 551 1392 578 quae
1399 550 1456 570 non
1464 544 1589 578 possunt
1601 541 1781 578 permisceri,

960 587 1241 624 permiscent.Velim
1253 589 1351 615 autem
1366 586 1667 621 animadvertas,num
1680 593 1784 614 omnes

960 633 1093 661 homines
1102 632 1319 668 qualiacunque
1327 632 1361 659 de
1372 631 1493 659 veritate
1503 631 1641 667 dogmata
1656 631 1784 659 tradide-

960 678 1029 710 rint,
1045 679 1089 705 ex’
1101 677 1329 713 cogitationibus
1354 676 1532 712 quibusdam
1553 675 1633 704 sanis
1652 677 1681 704 et
1696 675 1782 709 veris,

959 722 1146 757 iisquejuxta
1161 729 1331 749 communes
1344 721 1477 749 notiones
1491 719 1784 756 praeconceptisﬁibi-

959 775 1015 802 que
1033 766 1068 794 ab
1084 765 1188 802 opiﬁce
1205 774 1301 793 rerum
1317 765 1471 801 inspersis,
1488 765 1608 792 domum
1629 764 1782 801 pulchram

960 811 1112 845 habentes,
1128 819 1196 838 cum
1217 819 1233 838 a
1247 810 1367 838 veritate
1382 810 1550 838 aberrantes
1565 818 1599 837 ex
1614 817 1711 837 errore
1734 817 1782 837 ex-

959 857 1043 883 terno
1056 855 1168 891 aliquid
1185 863 1201 882 a
1217 855 1316 882 divina
1329 854 1461 882 doctrina
1476 854 1606 882 alienum
1623 856 1651 882 et
1674 854 1781 882 abhor-

87 908 148 928 rens
162 902 313 936 promunt,
330 900 559 934 animadvertas,
576 900 797 935 inquam,.num
811 900 899 929 veluti
912 900 1011 928 domui
1028 899 1155 936 pulchrae
1178 900 1349 928 deteriorem
1366 899 1540 936 adiungant.
1568 899 1603 926 Et
1630 899 1692 926 haec
1716 899 1781 935 qui-

89 945 147 973 dem
161 944 240 972 dicta
254 948 342 973 sunto
357 945 393 973 de
403 945 509 973 domus
522 944 674 973 vocabulo.

121 990 177 1017 153.
194 987 308 1023 Ἐπειδὴ
325 987 354 1016 δὲ
370 989 383 1016 ὁ
397 989 472 1027 ἅγιος
488 988 519 1016 οὗ
536 989 619 1025 μόνον
646 991 712 1016 Θεοῦ
735 988 806 1016 ἐστιν
831 988 903 1016 οἶκο-

997 990 1057 1017 153.
1074 990 1216 1022 Quoniam
1233 991 1332 1017 autem
1348 990 1469 1017 sanctus
1483 997 1540 1017 non
1551 988 1600 1016 Dei
1611 988 1707 1016 solum
1716 988 1782 1016 indi-

93 1031 169 1069 δομή,
186 1031 260 1060 ἀλλὰ
275 1032 320 1060 καὶ
336 1034 402 1060 Θεοῦ
414 1033 559 1070 γεώργιον,
575 1033 612 1064 ὠς
638 1033 652 1060 ὁ
677 1033 809 1069 μακάριος
835 1035 906 1060 Παῦ-

92 1076 135 1108 λός
156 1086 230 1116 φησι·
256 1078 305 1105 χαὶ
329 1078 347 1112 ἡ
371 1076 439 1112 αὐτὴ
464 1077 541 1115 ψυχὴ
571 1078 628 1114 (21)
650 1076 845 1113 τεθεμελίωται
870 1077 907 1108 ὠς

93 1121 168 1159 olida,
198 1123 243 1151 καὶ
277 1122 423 1162 ἐῤῥίζωται
459 1123 496 1154 ὡς
530 1122 612 1162 φυτόν
641 1123 697 1159 ('Ev
722 1122 812 1161 ἀγάπῃ
839 1122 906 1161 γὰρ,

92 1168 184 1206 φησὶν,
213 1167 395 1206 ὲῤῥιζωμινοι
421 1167 466 1195 καὶ
495 1166 743 1205 τιθεμιλιωμένοι)·
773 1168 837 1206 φέρι
862 1167 907 1195 καὶ

92 1211 206 1247 περὶτοῦ
230 1213 302 1240 κατὰ
321 1212 367 1240 τὸν
394 1213 473 1250 ἀγρὸν
499 1214 705 1250 προσεγγισμοῦ
721 1210 906 1249 διαλάϐωμεν,

91 1257 116 1284 εν
131 1258 154 1284 οἱ
168 1257 283 1296 φαύλως
308 1259 453 1289 ποιοῦντες
480 1257 525 1285 καὶ
551 1256 739 1296 ίσφαλμὲνως,
758 1259 792 1294 τῇ
817 1256 907 1295 ἐγκει-

93 1302 151 1339 μίνῃ
168 1302 326 1341 κατακρίσει
355 1301 481 1330 ὑπόδικοι
509 1301 639 1340 γίνονται.
669 1303 737 1332 Ὅσα
767 1302 812 1330 οὗν
843 1303 904 1341 περὶ

91 1346 211 1384 γεωργίας
250 1346 385 1385 εἴρηται,
423 1347 461 1379 ὡς
487 1350 597 1385 συγγενῆ
626 1349 684 1379 τοῖς
713 1347 906 1385 προκειμένοις

92 1391 312 1429 συνιξετάσωμιιν.
342 1392 418 1420 Ἐστι
435 1392 482 1428 μὲν
497 1391 542 1419 οὖν
561 1391 653 1419 ἀστεία
677 1391 812 1431 φυτεία,ὴ
838 1391 905 1419 κατὰ

90 1434 128 1462 τὸν
144 1436 314 1473 Σολομῶντα
335 1436 461 1474 λεγοντα.
495 1436 641 1475 Έφύτευσά
668 1447 714 1473 μοι
743 1436 903 1473 ἀμπελῶνα,

92 1479 194 1515 ἐποίησά
229 1492 280 1518 μοι
313 1482 418 1517 κήπους
449 1481 498 1509 κπὶ
532 1480 729 1519 παραδείσους,
759 1481 803 1508 καὶ
842 1481 904 1520 ἐφύ-

90 1533 161 1552 τευσα
183 1525 209 1553 ὲν
233 1526 332 1557 αὐτοῖς
371 1525 451 1561 ξύλον
482 1528 535 1553 πᾶν
563 1526 678 1563 καρποῦ.
704 1526 780 1554 ’Ἐστι
811 1524 840 1553 δέ
862 1536 903 1557 τις

90 1569 184 1606 φυτεία,
199 1571 230 1605 ἢν
246 1570 300 1598 οὐκ
323 1569 464 1610 ἐφύτευσεν
490 1571 504 1598 ὁ
520 1570 644 1609 οὐράνιος
659 1571 763 1609 Πατὴρ,
779 1570 840 1605 ἥτις
860 1570 904 1598 καὶ

91 1612 230 1651 ὴριζοῦται
256 1614 328 1643 κατὰ
341 1616 390 1650 τὴν
412 1615 528 1650 ἀπειλὴν
550 1617 598 1643 τοῦ
613 1615 725 1650 Κυρίου.
751 1615 825 1651 Αὕτη
842 1614 870 1643 δὲ
884 1618 902 1650 ὴ

91 1659 172 1696 φυτιία
187 1659 215 1687 ix
230 1661 291 1696 (22)
307 1662 390 1699 φειτοῦ
417 1659 549 1697 Σοδόμων
564 1661 614 1694 τὴν
629 1658 752 1697 ἄμπελον
772 1658 842 1697 ἔχει,
856 1660 901 1688 καὶ

90 1703 132 1737 τὴν
145 1702 303 1741 κληματίδα
329 1704 358 1732 ἐκ
378 1704 531 1743 Γομόῤῥας,
557 1705 602 1732 καί
619 1704 794 1744 πφραφυλήν
811 1704 902 1743 χολῆς

91 1751 202 1786 γεωργεῖ,
226 1759 274 1776 και
301 1749 398 1787 βότρυν
423 1749 534 1787 πικρίας
555 1749 628 1788 φέρει
642 1752 699 1780 τοῖς
714 1750 901 1786 κεκτημένοις.

91 1792 170 1827 Θυμὸς
193 1791 347 1831 δρακόντων
372 1794 386 1821 δ
410 1794 484 1825 οἶνος
507 1793 606 1828 αὐτῶν,
635 1795 678 1822 καὶ
710 1795 795 1831 θυμὸς
823 1795 902 1822 ἀσπί-

90 1845 137 1872 γων
163 1836 273 1869 ἀνίατος
398 1838 429 1866 Ὀ
458 1838 504 1865 οὖν
531 1839 730 1877 καταφυτεύσας
753 1839 784 1867 τὸ
808 1839 902 1866 ἑαυτοῦ

91 1880 241 1918 ἡγεμονικὸν
271 1883 344 1920 πάσῃ
369 1883 542 1922 καρποφορίᾳ
565 1885 746 1921 πνευματικῇ,
775 1884 819 1911 καὶ
844 1886 902 1914 τοῖς

91 1923 116 1951 ix
140 1925 241 1964 φύσεως
256 1926 441 1965 ἒρῥιζωθεῖσιν
467 1927 540 1964 αὒτῷ
555 1928 623 1965 πρὸς
642 1926 768 1964 ἐπίδειξιν
791 1930 901 1965 καρπῶν

92 1966 255 2006 δικαιοσύνης
277 1972 350 2009 παρὰ
374 1974 422 1999 τυῦ
445 1971 586 2003 κτίσαντος
610 1970 748 2000 ἐπιϐαλὼν
763 1972 796 1999 τὰ
811 1972 840 1999 ἐκ
853 1974 902 2000 τοῦ

90 2017 200 2053 πονηροῦ
215 2018 351 2054 γεωργοῦ,
377 2015 454 2048 οὗτός
476 2015 547 2044 ἐστιν
562 2017 576 2044 ὁ
592 2015 636 2044 διὰ
649 2018 694 2044 τὸν
712 2017 901 2055 ἀπηγορευμὲ-

89 2069 128 2085 νον
150 2061 352 2099 προσιγγισμὸν
382 2061 466 2099 ἀγροῦ
494 2062 562 2100 πρὸς
588 2061 669 2099 ἀγρὸν
687 2061 739 2089 ὑπὸ
754 2063 803 2089 τοῦ
818 2060 902 2100 λόγου

89 2102 302 2142 τιλανιζόμενος.
319 2105 367 2133 Διὰ
387 2108 468 2133 τοῦτο
493 2106 538 2134 καὶ
559 2106 667 2134 ἀπειλεῖ
681 2107 756 2142 αὐτῷ
770 2107 819 2141 τὴν
836 2107 901 2146 ἀφο-

92 2147 152 2185 ρίαν,
176 2150 211 2181 ὡς
239 2151 278 2187 μή
303 2150 453 2186 ὶξοίσοντος
480 2150 664 2189 ἀναλογοῦντα
690 2153 725 2188 τῇ
741 2149 903 2187 διδασκαλίᾳ

90 2194 120 2229 τῇ
134 2194 190 2229 περὶ
205 2195 287 2223 αὐτὸν
311 2195 345 2223 τὸ.
367 2197 420 2223 τῶν
445 2197 556 2233 καρπῶν
576 2194 762 2234 ἐπιδείγματα.
786 2197 824 2225 Οὗ
850 2196 901 2234 γὰρ

91 2235 211 2274 ἱργῶνται
236 2239 301 2268 δέκα
326 2240 407 2278 ζεύγη
434 2240 518 2277 βοῶν,
541 2241 650 2276 ποιήσει
665 2241 796 2279 κεράμιον
809 2240 848 2269 ἵν.
869 2241 901 2269 Ἡ

93 2282 133 2317 μὶν
146 2282 214 2319 λᾶξις
228 2285 280 2319 τήν
296 2284 431 2322 ἐγχώριον
448 2286 589 2320 συνήθειαν
606 2285 678 2323 λέγει
693 2287 746 2313 τῶν
761 2285 829 2313 κατὰ
851 2287 900 2321 τὴν

91 2327 213 2364 Φοινίκην
234 2327 279 2356 διὰ
307 2329 378 2367 βοῶν
403 2329 592 2367 ἀροτριώντων
619 2330 668 2364 τήν
694 2329 826 2367 ἄμπελον
844 2331 857 2358 ὁ
873 2329 901 2358 δὲ

963 1033 1059 1062 licatio
1075 1035 1184 1068 est,sed
1194 1035 1241 1061 Dei
1252 1034 1339 1062 etiam
1347 1033 1583 1070 agricultura,uti
1593 1033 1697 1062 beatus
1709 1036 1783 1062 Pau-

963 1078 1010 1106 lus
1026 1079 1066 1106 ait
1076 1079 1115 1112 7°;
1137 1081 1166 1106 et
1176 1078 1314 1114 quoniam
1324 1078 1425 1106 eadem
1442 1078 1669 1106 animafundata
1679 1080 1782 1107 estceu

963 1124 1080 1156 domus,
1096 1132 1129 1152 ac
1148 1124 1278 1151 radicata
1297 1125 1439 1159 tanquam
1465 1123 1564 1159 planta
1583 1124 1626 1159 (1η
1648 1123 1784 1152 charilate

962 1168 1052 1202 enim,
1064 1168 1167 1204 inquit,
1184 1168 1303 1196 radicati
1316 1172 1341 1196 et
1354 1167 1469 1203 fundati
1483 1167 1536 1202 7‘):
1553 1168 1677 1203 agedum
1694 1168 1781 1196 etiam

962 1213 997 1241 de
1012 1213 1072 1249 agri
1085 1214 1120 1241 ad
1130 1221 1234 1249 agrum
1246 1213 1280 1241 ad
1286 1212 1410 1241 motione
1421 1212 1604 1240 disseramus
1616 1222 1622 1246 ;
1633 1221 1721 1248 quam
1732 1213 1782 1249 qui

961 1257 1107 1286 malitiose
1123 1260 1151 1286 et
1166 1265 1232 1285 cum
1247 1265 1344 1285 errore
1359 1259 1508 1293 praeterit,
1525 1257 1663 1292 subjecta;
1683 1257 1782 1285 multis

960 1304 1036 1331 ﬁunt
1046 1303 1173 1332 obnoxii.
1190 1304 1376 1338 Quaecunque
1396 1303 1487 1339 igitur
1506 1303 1542 1329 de
1574 1302 1781 1338 agricolatione

960 1351 1030 1377 sunt
1043 1349 1130 1381 dicta,
1148 1351 1247 1385 utpote
1262 1349 1298 1376 iis
1310 1357 1372 1384 quis
1385 1348 1420 1376 ad
1431 1355 1550 1375 manum
1564 1349 1633 1375 sunt
1643 1347 1780 1382 confinia,

960 1394 1048 1422 simul
1069 1394 1260 1422 excutiamus.
1278 1396 1352 1421 Sane
1367 1393 1485 1428 elegans
1500 1393 1546 1420 est
1559 1393 1588 1420 et
1596 1392 1686 1427 proba
1701 1391 1781 1428 plan-

960 1439 1043 1472 tatio,
1061 1438 1110 1466 illa
1121 1438 1233 1466 scilicet
1248 1437 1425 1469 Salomonis,
1441 1436 1490 1472 qui
1502 1437 1556 1464 ait:
1575 1437 1703 1464 Plantan
1712 1437 1782 1464 mihi

959 1485 1068 1512 vineam
1079 1493 1088 1511 :
1103 1485 1156 1519 feci
1171 1483 1240 1510 mihi
1255 1484 1345 1510 hortos
1359 1485 1386 1509 et
1406 1482 1542 1518 pomaria,
1565 1485 1590 1509 ει
1603 1482 1729 1517 plantavi
1751 1482 1781 1509 in

959 1529 997 1557 eis
1010 1529 1116 1564 lignum
1128 1536 1207 1556 omne
1215 1527 1360 1563 fructus".
1375 1525 1636 1562 Contra,plantatio
1648 1527 1782 1562 quaedam

958 1576 1012 1608 est,
1030 1581 1118 1609 quam
1134 1581 1192 1600 non
1204 1572 1346 1609 plantavit
1359 1571 1441 1599 Pater
1456 1570 1594 1606 caelestis,
1606 1579 1670 1606 quae
1686 1573 1783 1599 stera-

958 1618 1083 1652 dicatur,
1100 1618 1186 1653 juxta
1202 1615 1316 1644 Domini
1332 1615 1589 1644 comminationem
1605 1615 1637 1642 ⁷³.
1649 1615 1714 1643 Haec
1729 1624 1781 1643 au-

958 1665 1016 1691 tem
1033 1662 1173 1699 plantatio
1184 1662 1272 1690 habet
1282 1662 1371 1690 vitem
1386 1669 1419 1689 ex
1427 1661 1619 1689 Sodomorum
1636 1660 1781 1697 plantario

958 1707 1112 1741 consitam,
1129 1709 1157 1735 et
1172 1707 1321 1743 palmitem
1341 1715 1374 1734 ex
1388 1705 1550 1733 Gomorrha
1571 1707 1754 1741 exportatum
1770 1716 1778 1741 ;

957 1752 1066 1788 profeit
1080 1752 1179 1779 itidem
1195 1760 1278 1779 uvam
1297 1750 1473 1786 fellie,atque
1484 1750 1546 1778 suis
1560 1750 1780 1786 possessoribus

957 1805 1105 1824 racemum
1124 1797 1184 1824 edit
1203 1794 1419 1823 amaritudinis.
1444 1796 1532 1823 Furor
1559 1795 1713 1822 draconum
1735 1795 1776 1822 υἰ-

956 1849 1023 1869 num
1038 1850 1144 1875 eorum,
1161 1841 1236 1869 488
1252 1842 1277 1868 ct
1291 1841 1372 1876 furor
1392 1839 1519 1876 aspidum
1546 1839 1714 1867 insanabili:
1741 1840 1775 1868 ’¹⁴.

957 1886 1011 1918 Qui
1028 1886 1117 1922 igitur
1127 1888 1254 1913 montem
1264 1892 1347 1912 suam
1365 1884 1444 1912 omni
1460 1884 1640 1920 plantatione
1664 1884 1777 1913 fructus

957 1930 1052 1958 omnis
1066 1929 1182 1966 generis
1193 1929 1307 1963 ferenti,
1323 1937 1416 1964 eaque
1425 1928 1549 1964 spiritali
1578 1929 1716 1963 consevit,
1733 1931 1779 1957 at-

958 1975 1050 2011 quein
1063 1974 1217 2002 facultates
1226 1973 1386 2006 naturales,
1399 1981 1462 2009 quis
1478 1972 1578 2008 inipso
1594 1982 1610 2000 a
1624 1974 1779 2002 Conditore

957 2020 992 2047 ad
1009 2019 1122 2047 fructus
1138 2018 1257 2053 iustitia:
1273 2018 1461 2053 proferendos
1477 2018 1612 2046 radicatm
1638 2022 1715 2054 sunt,
1736 2018 1778 2046 in-

952 2063 1024 2099 jecit
1044 2063 1215 2099 nequissimi
1232 2062 1364 2097 agricolis
1380 2061 1504 2097 semina,
1521 2062 1567 2090 hic
1581 2063 1644 2099 ipse
1657 2065 1711 2098 est,
1728 2063 1778 2097 qui

957 2110 993 2137 ob
1008 2108 1192 2136 interdictam
1210 2108 1269 2142 agri
1286 2108 1320 2135 ad
1342 2116 1446 2144 agrum
1467 2108 1666 2136 admotionem
1689 2109 1779 2137 miser

956 2162 973 2182 a
987 2154 1136 2189 Scriptura
1146 2153 1328 2189 praedicatur.
1345 2154 1526 2189 Quapropter
1538 2153 1564 2181 ei
1579 2153 1667 2182 etiam
1689 2154 1778 2183 inter-

957 2198 1087 2226 minatur
1103 2197 1297 2231 sterilitatem,
1321 2199 1353 2225 ut
1374 2197 1424 2232 qui
1447 2198 1594 2226 fructuum
1615 2199 1779 2235 specimina

956 2242 1093 2270 doctrinas
1103 2242 1159 2270 sibi
1170 2242 1282 2270 traditae
1296 2241 1497 2270 convenientia
1514 2243 1646 2271 editurus
1657 2252 1715 2272 non
1728 2244 1777 2272 sit.

958 2287 1008 2316 Ubi
1021 2288 1096 2314 enim
1112 2288 1193 2314 arant
1207 2286 1298 2314 decem
1318 2286 1388 2322 juga
1408 2278 1506 2322 boum;
1527 2288 1613 2325 faciet
1642 2288 1777 2325 laguncu-

958 2331 1015 2359 lam
1025 2340 1119 2359 unam.
1135 2332 1241 2359 Littera
1256 2331 1375 2367 quidem
1386 2332 1509 2367 patriam
1527 2332 1694 2361 Phcenicum
1710 2342 1778 2362 con-

92 2368 164 2408 λόγος
180 2364 341 2400 ἰνδείκνυται
357 2364 486 2410 περὶτῶν
510 2364 759 2413 ἒπαμφοτίριστίῦν,
784 2375 829 2402 καὶ
850 2377 903 2402 τῶν

960 2376 1142 2404 suetudinem
1154 2376 1248 2409 docet,
1266 2375 1316 2412 qui
1332 2383 1398 2403 cum
1414 2376 1507 2404 bobus
1535 2379 1619 2405 arant
1644 2377 1777 2413 vineam;

92 2413 206 2443 ἐναντίων
223 2415 366 2455 δογμάτων
387 2416 592 2456 ἐφαπτομίνων,
612 2418 656 2446 καὶ
668 2419 904 2447 συναπτόντοντων

90 2460 151 2496 πρὸς
166 2459 288 2497 ἄλληλα,
303 2461 340 2490 ὦν
356 2461 473 2500 ἅκαρποί
488 2461 555 2490 εἰσιν
571 2463 598 2490 αἱ
614 2463 709 2501 ψυχαί.

958 2429 1064 2449 sensus
1080 2427 1146 2448 vero
1161 2428 1211 2448 eos
1227 2420 1346 2454 indicat,
1363 2421 1413 2455 qui
1428 2421 1457 2448 in
1474 2422 1628 2457 utramque
1653 2430 1779 2459 propen-

958 2466 1028 2494 dent
1039 2467 1198 2502 patrem,nc
1208 2465 1353 2493 contraria
1368 2466 1589 2502 amplectuntur
1601 2467 1781 2504 dogmata,et

89 2503 203 2534 alterum
219 2506 300 2535 alteri
317 2510 511 2536 connectunt:
529 2516 655 2544 quorum
676 2509 781 2537 animis
796 2509 986 2539 infructuosa;
999 2513 1068 2539 sunt
1079 2519 1111 2538 ao
1127 2510 1253 2538 steriles.

120 2549 177 2579 454.
193 2551 263 2579 Οὐαὶ
292 2552 317 2579 οἱ
346 2551 514 2590 ἐγειρόμενοι
542 2552 574 2579 τὸ
601 2553 659 2589 (24)
686 2552 769 2591 πρωὶ,
799 2553 845 2581 καὶ
871 2554 903 2581 τὸ

995 2555 1055 2583 154.
1071 2557 1160 2583 Vens.
1178 2554 1221 2590 H,
1233 2554 1278 2582 42.
1289 2555 1332 2583 Vis
1346 2555 1383 2583 iis
1392 2556 1442 2592 qui
1450 2563 1530 2584 mane
1544 2557 1779 2593 surgunt,euico-

119 2631 140 2649 '°
152 2631 235 2662 ICor.
252 2635 332 2668 111,9.
370 2635 391 2653 ⁷¹
407 2634 509 2672 Ephes.
526 2644 569 2670 iii,
587 2635 631 2664 17.
670 2636 692 2653 ⁷²
703 2635 796 2665 Eccle.
813 2644 844 2673 ll,
861 2637 887 2664 li.

970 2637 991 2655 ⁷³
1007 2637 1111 2666 Matth.
1127 2645 1174 2671 xv,
1191 2637 1233 2665 13.
1272 2638 1295 2655 ⁷⁸
1311 2637 1395 2666 Deut.
1411 2645 1499 2673 xxxii,
1515 2638 1559 2666 33.

118 2721 171 2758 (19)
186 2723 304 2761 codices
325 2724 467 2761 quinque.
489 2723 654 2761 οἰκοδομῶν.
682 2726 760 2754 Editi
781 2735 849 2755 vero
873 2729 902 2756 et

90 2755 150 2820 Reg.
163 2755 291 2801 primus,
308 2755 481 2802 οίκοδομιῷν.
586 2755 591 2761 ’

118 2795 125 2820 ί
144 2794 172 2820 Ol
183 2795 261 2820 Editi
277 2798 304 2820 et
319 2796 387 2820 Rea,
406 2805 528 2820 nrimnn,
546 2795 628 2820 ἐίῖιον.
645 2797 754 2820 mmidi'n
773 2798 804 2820 (Η

118 2794 172 2835 (ξο)
183 2795 261 2836 Editi
277 2798 304 2824 et
319 2796 388 2833 Reg.
404 2794 628 2836 primus,_6£§iov,
645 2797 754 2836 excidio
773 2798 899 2833 dignum.

92 2828 282 2873 Masinissae
297 2828 380 2873 snas:-
397 2828 494 2873 άξτιεν,
510 2828 627 2873 irim
644 2835 804 2873 ηεηιεοίετη.

123 2865 176 2902 (21)
188 2865 275 2902 Editi,
291 2868 366 2905 ψυχὴ
382 2869 436 2899 καί.
452 2865 597 2899 Particulo.
615 2865 660 2897 κοίί
686 2869 716 2898 in
740 2877 813 2899 mss.
841 2877 899 2898 non

956 2727 1113 2755 invenitur.

993 2764 1047 2795 (22)
1059 2762 1145 2795 Editi,
1162 2760 1191 2788 ἐκ
1205 2763 1265 2790 τοῦ.
1281 2763 1316 2790 At
1331 2771 1381 2790 sex
1396 2770 1480 2795 mss.,
1497 2760 1536 2789 ἐκ.

991 2796 1048 2834 (23)
1071 2799 1189 2827 Veteres
1218 2807 1268 2826 sex
1294 2798 1370 2832 libri,
1395 2798 1512 2827 ἀνίατος.
1543 2796 1629 2833 Editi,
1661 2798 1780 2833 ἀνίατον,

956 2842 998 2861 res
1013 2839 1051 2862 est
1065 2834 1237 2862 insanabilis.

991 2870 1048 2906 (24)
1062 2870 1181 2905 Antiqui
1196 2870 1253 2898 duo
1268 2867 1347 2904 libri,
1364 2870 1412 2904 τῷ.
