2009 3145
185 151 243 181 3'75

664 147 859 178 APPENDIX
882 147 1045 178 OPERUM
1067 147 1099 177 S.
1123 146 1262 177 BASILll
1284 145 1410 177 MAGNI

1829 145 1886 176 376

158 227 163 233 ‘
185 220 254 251 tate,
267 217 315 245 sed
331 225 382 252 pro
394 216 506 252 reliqua
516 215 604 243 etiam
621 215 750 252 corporis
766 215 1009 243 inﬂammatione.

1076 213 1116 248 τὴν
1131 213 1170 244 είς
1184 213 1215 240 τὸ
1230 212 1315 240 πίνειν
1341 211 1486 250 ἐπιθυμίαν
1503 211 1598 248 μόονο.
1625 211 1697 240 ἀλλὰ
1715 212 1760 239 καὶ
1777 211 1819 238 ἐπὶ
1838 212 1887 246 τὴν

185 261 313 290 Subinde
328 261 478 297 Scriptura
491 259 632 296 ineptiam
649 259 901 295 stoliditatemque
916 259 1009 295 majo-

186 315 247 335 rem
270 306 422 340 exhibens,
440 304 626 341 progreditur
643 314 649 332 :
666 305 735 332 Nam
748 313 810 332 cum
826 305 945 337 cithara,
967 304 1011 330 in-

188 352 263 388 quit,
274 353 299 379 et
314 350 453 386 psalterio,
465 352 490 377 et
504 349 656 385 tympanis,
667 350 691 377 et
707 349 783 376 tibiis
798 350 892 376 vinum
908 349 1011 376 bibunt.

186 397 340 424 Enimvero
358 395 483 430 juvenes
508 393 625 430 quidem
649 393 806 421 citharistze
822 393 920 420 animo
937 392 1013 420 malo

188 449 255 469 cum
275 440 368 467 oculis
383 439 552 467 ebrietatem
577 438 784 466 anhelantibus
804 438 1012 474 irrumpentes,

186 485 371 520 tibicinasque
387 487 415 512 et
432 483 554 511 fidicina;
574 483 718 519 ﬂagitiose
735 483 858 510 formam
875 482 1012 516 colentes,

187 529 268 557 chori
283 529 404 564 insuper
418 537 451 556 ac
475 530 633 555 concentus
648 527 849 563 improborum
871 535 1013 562 quorum-

186 575 252 602 dam
264 582 389 610 quorum
402 581 523 608 corpora
534 573 569 600 ob
579 572 837 608 intemperantinm
848 572 1016 599 fractasunt

186 621 215 648 et
230 621 376 650 enervata,
392 617 541 645 communi
558 617 608 644 illa
622 616 819 644 modulatione
834 616 1014 644 emollientes

187 664 310 697 animos,
328 662 363 690 ad
392 670 508 689 omnem
535 661 750 696 turpitudinem
776 660 1014 696 voluptatemque

187 709 318 745 iniquam
335 707 422 735 hosce
438 707 614 734 temulentos
630 708 798 742 provocant.
825 705 899 739 Quid
917 708 1013 734 autem

189 753 258 781 inde
273 752 394 780 evenit?
419 752 455 779 Ut
469 760 557 787 opera
585 751 697 778 Domini
723 759 780 778 non
806 750 972 787 respiciant,
988 753 1016 778 et

189 806 278 834 opera
289 805 431 824 manuum
443 797 508 831 ejus
523 805 579 823 non
592 796 788 823 considerent.
799 795 865 823 Jam
879 804 945 824 vero
956 803 1016 823 ver-

190 842 261 870 bum
276 841 360 876 illud,
373 842 515 876 respicere,
529 849 625 868 rerum
642 840 760 876 quidem
778 840 936 868 visibilium
955 848 1015 876 per-

190 886 354 923 ceptidnem
378 894 430 921 per
450 885 550 913 oculos
580 884 785 912 transmissam
811 885 943 913 indicat:
962 885 1016 912 hoc

188 939 268 965 vero,
284 930 467 964 considerare,
480 938 543 957 eam
561 937 649 966 quam
666 937 750 957 mens
767 929 933 965 assequitur
949 938 1016 957 con-

188 975 409 1011 templationem
437 974 562 1002 exhibet.
588 974 731 1006 Quoniam
755 974 845 1010 igitur
859 973 1018 1002 invisibilia

191 1021 254 1052 Dei,
270 1028 287 1047 ιι
300 1021 427 1048 creatura
442 1018 547 1052 mundi,
560 1027 611 1054 per
625 1026 667 1052 ea,
685 1025 747 1053 quae
761 1019 838 1053 facta
851 1023 916 1046 sunt
932 1018 1016 1046 intel-

190 1064 271 1096 lecta,
287 1062 497 1098 conspiciuntur
511 1062 552 1095 7';
569 1062 594 1089 is
610 1062 660 1097 qui
672 1070 728 1089 non
742 1061 861 1097 respicit
871 1062 906 1089 ad
919 1070 1016 1098 opera,

191 1115 227 1135 ne
243 1108 279 1135 ad
295 1115 360 1135 eam
376 1107 494 1142 quidem
520 1115 583 1142 quas
609 1108 707 1134 mente
732 1106 895 1142 comparari
921 1109 1018 1142 potest

193 1151 417 1188 intelligentiam
435 1151 600 1179 deducitur.

230 1206 291 1233 157.
308 1205 381 1237 Quid
399 1205 487 1241 igitur
503 1204 558 1232 sibi
584 1205 645 1232 vult
669 1204 698 1231 id
727 1206 802 1240 quod
820 1205 931 1232 dictum
948 1205 1018 1233 est?

194 1250 337 1278 Videlicet
353 1249 521 1277 ebrietatem
540 1249 700 1285 impietatis
716 1257 834 1277 causam
846 1258 910 1277 esse
927 1252 954 1277 et
965 1249 1018 1277 ori-

195 1295 292 1331 ginem
307 1304 313 1329 ;
335 1303 403 1322 cum
419 1294 508 1321 menti
524 1303 580 1329 qua
596 1293 723 1321 maxime
738 1294 814 1321 Deus
831 1293 950 1329 agnosci
968 1302 1018 1329 po-

193 1339 410 1373 test,tenebras
431 1339 571 1366 oll‘undat.
598 1338 737 1365 Mannum
763 1340 860 1366 autem
877 1347 974 1374 opera,
991 1340 1020 1365 et

195 1393 257 1420 quae
273 1384 302 1411 in
320 1384 452 1411 futurum
469 1383 666 1418 rependentur
681 1382 768 1414 vices.
781 1385 851 1409 sunt
865 1382 942 1418 ignis
957 1383 1018 1416 ille,

193 1430 221 1457 et
237 1428 386 1456 cruciatus
402 1427 431 1455 in
447 1427 560 1455 inferno
576 1429 694 1463 paratus
716 1427 748 1461 ⁸ο,
769 1427 870 1463 lingua
886 1427 1021 1462 perarida

194 1473 303 1509 exiguae
319 1475 406 1509 guttae
421 1472 553 1500 levamen
569 1473 717 1508 expetens,
734 1472 852 1499 ﬂamma
871 1471 1021 1500 undelibet

194 1517 392 1552 circumdans,
407 1525 470 1552 quae
496 1525 531 1544 ne
551 1519 654 1544 testam
680 1517 799 1552 quidem
813 1516 841 1544 in
859 1516 1020 1544 visceribus

195 1570 350 1590 accensum
380 1569 430 1598 per
454 1562 529 1589 aeris
556 1561 776 1597 respirationem
802 1561 872 1588 sinit
902 1561 1019 1596 refrige-

196 1606 255 1634 rari
269 1606 301 1633 ⁸².
318 1605 372 1634 Pro
386 1605 556 1634 tibicinibus
572 1606 622 1642 qui
639 1606 768 1640 aderant,
780 1606 863 1633 adest
877 1606 1018 1642 gemitus;

197 1659 249 1688 pro
271 1651 411 1679 ebrietate
435 1651 603 1686 immodica,
619 1650 802 1678 desineratur
816 1659 897 1686 aqua
913 1653 997 1687 gutta
1013 1659 1021 1678 :

198 1696 306 1732 quippe
322 1695 461 1731 quoniam
489 1704 555 1723 caro
581 1695 761 1723 ebriosorum
779 1695 846 1732 igne
861 1695 890 1722 in
907 1695 1021 1724 camino

199 1740 359 1774 cruciatur;
373 1748 423 1776 pro
437 1740 597 1774 impudicio
608 1739 784 1776 spectaculis
801 1740 949 1768 intersunt
960 1749 1023 1776 pro-

200 1785 297 1813 fundae
308 1785 434 1813 tenebras
447 1793 453 1818 ;
467 1793 517 1820 pro
529 1784 689 1819 cupiditate
699 1784 867 1820 irrequieta,
880 1784 1023 1820 irrequie—

199 1832 247 1858 tus
262 1830 370 1857 vermis
385 1829 495 1856 accedit
503 1828 535 1856 ⁸².
548 1829 648 1863 Itaque
663 1828 712 1864 qui
724 1829 752 1856 in
764 1828 935 1856 temulentia
945 1837 1024 1856 men-

198 1875 258 1901 tem
274 1882 358 1902 suam
371 1874 577 1909 submergunt,
590 1873 689 1900 istbzec
701 1881 842 1900 manuum
859 1881 947 1909 opera
959 1881 1024 1901 con-

198 1919 327 1959 siderare
346 1927 403 1946 non
425 1919 564 1953 possunt;
586 1919 614 1945 et
628 1918 697 1953 quia
713 1926 769 1946 non
786 1917 944 1954 prmvident
960 1926 1023 1946 cru-

198 1962 304 1996 ciatus,
320 1963 368 1999 qui
385 1962 465 1998 ipsos
480 1965 659 1998 exspectant,
672 1963 740 1998 jure
763 1971 795 1990 ac
820 1962 923 1990 merito
946 1963 1026 1997 luget

199 2007 266 2035 illos
282 2007 443 2043 Scriptura,
458 2006 614 2043 quasijam
629 2007 657 2034 in
673 2007 734 2035 haec
750 2007 826 2035 mala
841 2007 1025 2036 incidissent.

198 2051 328 2079 Audiant
341 2052 402 2080 haec
414 2052 463 2088 qui
478 2051 540 2080 loco
553 2051 775 2088 Evangeliorum
790 2051 820 2079 in
837 2052 948 2080 aedibus
964 2052 1026 2080 suis

199 2096 330 2124 citharas
345 2097 471 2124 retinent
482 2104 515 2124 ac
529 2096 616 2133 lyrae.
629 2096 774 2124 Nimirum
790 2097 1025 2132 ipsos,tanquam

1067 257 1166 292 λοιπὴν
1180 259 1228 285 τοῦ
1252 258 1380 293 σώματος
1403 256 1523 292 πόρωσιν
1542 255 1720 294 ἐκδεχόμεθα.
1738 257 1805 283 Εἶτα
1819 266 1886 294 παρ-

1066 302 1151 337 αύξων
1179 303 1228 336 τήν
1258 301 1370 329 ἀτοπίαν
1387 302 1400 328 ὁ
1423 299 1508 339 λόγος
1533 301 1649 338 πρόεισι·
1680 301 1754 328 Μετὰ
1773 300 1822 338 γὰρ
1843 311 1886 328 κι-

1066 347 1160 384 θάρας,
1191 347 1269 384 φησὶ,
1299 347 1343 374 καὶ
1381 345 1546 383 ψαλτηρίου,
1579 345 1624 373 καὶ
1657 351 1816 382 τυμπάνων,
1841 346 1886 373 καὶ

1068 391 1170 428 αὐλῶν,
1198 391 1244 418 τὸν
1284 392 1356 418 οἶνον
1394 390 1513 419 πίνουσι,
1550 390 1709 427 Κιθαρισταὶ
1740 390 1791 428 γὰρ
1818 401 1889 420 τινες

1067 435 1134 471 νὲοι,
1159 436 1185 463 οἳ
1212 438 1301 467 κακῶς
1328 435 1528 473 παραπεσόντες
1559 434 1699 471 μεθύουσιν
1723 434 1888 473 ὀφθαλμοῖς·

1067 480 1112 508 καὶ
1128 479 1291 518 αὐλητρίδες
1305 480 1349 507 καὶ
1366 479 1507 517 ψάλτριαι,
1531 482 1621 510 κακῶς
1642 480 1691 514 τήν
1718 479 1791 517 ὥραν
1808 478 1890 506 διατι-

1069 526 1188 561 θὲμεναι·
1214 524 1258 552 καὶ
1284 525 1366 563 χοροὶ
1391 524 1436 552 καὶ
1460 523 1576 561 συνῳδία
1600 525 1656 561 (36)
1671 524 1761 552 κακῶν
1782 524 1849 562 πρὸς
1863 524 1892 551 τὸ

1069 568 1181 597 ἔκλυτον
1198 568 1423 607 διατεθρυμμένοι
1447 568 1483 596 τὰ
1504 569 1626 605 σώματα,
1642 569 1687 596 καὶ
1709 568 1753 595 ἐπὶ
1776 570 1812 605 τῇ
1828 579 1892 595 παν-

1070 613 1152 650 δήμῳ
1169 615 1286 650 μουσικῆ
1309 614 1356 645 τὰς
1381 613 1473 651 ψυχὰς
1498 613 1698 647 κατακλῶντες,
1722 613 1791 651 πρὸς
1807 616 1890 640 πᾶσαν

1069 659 1184 696 αἰσχρὰν
1200 658 1245 686 καὶ
1271 659 1427 695 παράνομον
1454 656 1555 693 ἡδονὴν
1580 657 1694 690 τοὺς·ἐν
1718 660 1753 694 τῇ
1770 658 1839 695 μέθῃ
1857 657 1896 684 δι-

1070 704 1246 741 ερεθίζουσιν.
1278 703 1324 730 Ἐκ
1352 701 1381 730 δὲ
1404 702 1501 730 τούτου
1524 702 1551 730 τί
1575 700 1738 739 συμϐαίνει,
1763 702 1804 731 Τὰ
1833 700 1896 740 ἔργα

1071 748 1169 785 Κυρίου
1186 748 1224 784 μὴ
1241 744 1399 783 ἐμϐλέπειν,
1421 747 1465 774 καὶ
1489 747 1522 774 τὰ
1537 745 1600 785 ἔργα
1622 749 1675 775 τῶν
1692 748 1796 785 χειρῶν
1816 747 1895 775 αὐτοῦ

1072 793 1110 829 μὴ
1127 794 1275 820 κατανοεῖν.
1293 791 1381 820 Ἀλλὰ
1395 792 1425 819 τὸ
1451 792 1498 828 μὶν
1516 789 1662 828 ἐμϐλέπειν
1677 792 1727 826 τὴν
1742 790 1778 818 δι’
1793 791 1894 829 ὀφθαλ-

1072 838 1132 873 μῶν
1157 836 1311 873 κατάληψιν
1335 838 1390 863 τῶν
1416 836 1519 874 ὁρατῶν
1544 835 1696 875 ὑποφαίνει,
1711 835 1744 863 τὸ
1769 834 1799 864 δὶ
1819 847 1895 864 κατα-

1070 884 1141 908 νοεῖν
1163 882 1212 916 τὴν
1244 879 1288 907 διὰ
1311 882 1359 907 τοῦ
1388 882 1436 907 νοῦ
1460 881 1574 917 θεωρίαν
1598 883 1652 908 τῶν
1678 881 1803 918 ἀοράτων
1830 891 1895 918 παρ-

1074 926 1189 961 ίστησιν.
1218 924 1294 953 Ἐπεὶ
1323 923 1368 952 οὗν
1393 925 1430 951 Ta
1459 924 1560 962 ἀόρατα
1585 927 1633 952 τοῖ’)
1662 926 1742 960 Θεοῦ,
1766 925 1821 953 ἀπὸ
1844 924 1897 953 κτί-

1073 981 1140 1002 σεως
1179 970 1297 1006 κόσμου,
1335 971 1393 1000 τοῖς
1426 970 1561 1006 ποιήμασι
1600 969 1745 1006 νοοῦμενα,
1784 972 1896 1008 καθορί-

1072 1025 1126 1043 ται·
1143 1015 1156 1042 ὁ
1173 1015 1210 1051 μή
1236 1011 1381 1050 ἰμϐλὲπων
1405 1016 1463 1045 τοῖς
1492 1012 1593 1053 ἔργοις,
1620 1012 1683 1041 οὐδὲ
1707 1015 1776 1052 πρὸς
1791 1015 1842 1049 τὴν
1857 1013 1897 1041 διὰ

1072 1060 1119 1088 τοῦ
1134 1061 1182 1087 νοῦ
1198 1059 1293 1094 νόησιν
1308 1057 1460 1095 ὁδηγεῖται.

1109 1206 1170 1234 157.
1186 1205 1216 1232 Τί
1233 1203 1278 1232 οὗν
1296 1204 1350 1232 ἐστι
1371 1205 1403 1232 τὸ
1432 1203 1598 1241 λιγόμενονς
1615 1203 1676 1231 ’Ότι
1701 1202 1770 1238 μέθη
1787 1203 1899 1237 ἀθεότη-

1072 1249 1117 1282 τός
1133 1249 1202 1277 ἐστιν
1228 1249 1314 1286 ἀρχὴ,
1344 1246 1475 1279 σκότωσις
1497 1245 1562 1276 οὗίτα
1586 1249 1634 1274 ἰοὖ
1659 1246 1850 1284 διανοητικοῦ,
1866 1245 1897 1274 δι’

1073 1295 1104 1322 οὗ
1122 1293 1241 1330 μάλιστα
1256 1294 1269 1321 ὁ
1295 1294 1360 1324 Θεὸς
1384 1293 1609 1331 ἐπιγινώσκεσθαι
1633 1291 1760 1331 πέφυκεν·
1784 1291 1852 1330 ἔργα
1870 1290 1896 1319 δὲ

1073 1341 1186 1377 χειρῶν,
1203 1339 1248 1366 καὶ
1263 1340 1280 1372 ἡ
1303 1337 1519 1375 προσδοκωμένη
1545 1335 1692 1371 ἀντίδοσις,
1708 1336 1740 1364 τὸ
1763 1338 1816 1374 πῦρ
1834 1336 1900 1364 ἇκεῖο

1073 1394 1113 1418 νο,
1128 1383 1172 1411 καὶ
1187 1384 1204 1417 ἡ
1222 1382 1247 1410 ἰν
1269 1381 1333 1418 ᾅδου
1358 1382 1483 1417 κόλασις,
1499 1380 1610 1418 γλῶσσα
1634 1381 1787 1419 κατάξηρος
1805 1384 1901 1418 μικρᾶς

1074 1425 1183 1465 ῥανίδος
1207 1427 1378 1464 παραμυθίαν
1410 1426 1591 1462 ἐπιθυμοῦσα,
1623 1425 1690 1464 φλὸξ
1721 1425 1901 1463 πανταχόθεν,

1074 1470 1137 1499 οὐδὲ
1159 1471 1237 1510 ἀέρος
1263 1472 1398 1506 ἀναπνοὴν
1427 1470 1577 1508 ἀναψύχειν
1604 1471 1650 1498 τὸν
1672 1470 1800 1498 καύσωνα
1816 1471 1865 1498 τὸν
1878 1470 1902 1498 ἐν

1076 1519 1134 1548 τοῖς
1149 1515 1319 1554 σπλάγχνοις
1345 1515 1425 1543 ἐῶσα.
1441 1516 1513 1544 Ἀνθ’
1540 1515 1577 1542 ὧν
1601 1513 1718 1550 αὐληταὶ
1734 1516 1802 1552 (37),
1818 1515 1834 1542 ὁ
1850 1526 1903 1543 cn-

1073 1561 1189 1598 ναγμός·
1207 1561 1265 1588 ἀντὶ
1281 1565 1330 1596 τῆς
1357 1561 1478 1598 ἀμέτρου
1505 1560 1599 1596 μέθης,
1617 1559 1748 1596 ἐπιθυμία
1765 1560 1902 1596 σταγόνος,

1075 1608 1122 1638 τῦς
1137 1605 1234 1644 σαρκὸς
1258 1608 1312 1633 τῶν
1338 1604 1491 1642 μεθυόντων
1516 1604 1792 1642 ἀποτηγανιζομὲνης
1818 1604 1847 1632 ἐν
1869 1607 1901 1642 τῇ

1076 1651 1194 1687 καμίνῳ·
1212 1650 1269 1677 ἀντὶ
1294 1652 1348 1677 τῶν
1377 1648 1497 1687 ὀισελγῶν
1523 1649 1675 1686 θεαμάτων,
1705 1649 1736 1676 τὸ
1764 1649 1862 1681 σκότος
1874 1650 1902 1676 τὸ

1079 1694 1157 1732 βαθύ·
1176 1694 1233 1722 ἀντὶ
1247 1698 1298 1730 τῆς
1314 1692 1467 1731 ἀκοιμήτου
1483 1693 1638 1730 ἐπιθυμίας,
1650 1694 1665 1721 ὁ
1680 1693 1834 1730 ἀκοίμητος
1851 1695 1902 1732 (28)

1078 1739 1199 1774 σκώληξ.
1216 1740 1250 1767 Οἱ
1266 1738 1311 1766 οὗν
1329 1739 1355 1766 ἐν
1370 1741 1405 1776 τῇ
1423 1739 1492 1776 μέθῃ
1514 1739 1560 1766 τὸν
1585 1740 1646 1766 νοῦν
1672 1738 1772 1766 ἑαυτῶν
1788 1736 1901 1766 καταϐυ-

1079 1783 1207 1818 θίσαντες,
1233 1786 1372 1811 κατανοεῖν
1398 1785 1481 1811 ταῦτα
1505 1783 1538 1810 τὰ
1559 1782 1623 1821 ἔργα
1640 1785 1694 1810 τῶν
1719 1785 1822 1822 χειρῶν
1841 1782 1900 1811 ἀδυ-

1078 1830 1200 1855 νατοῦσι·
1227 1829 1270 1855 καὶ
1299 1827 1342 1856 διὰ
1369 1829 1400 1856 τὸ
1419 1828 1456 1865 μὴ
1486 1825 1650 1865 προϐλέπιιν
1675 1827 1710 1856 τὰ
1738 1827 1902 1865 άναμένοντα

1080 1872 1188 1908 αὐτοὺς,
1204 1872 1316 1904 εἰκότως
1332 1873 1368 1904 ὡς
1382 1871 1437 1908 ἤδη
1462 1871 1488 1900 ἐν
1514 1872 1605 1904 αὐτοῖς
1631 1870 1710 1904 ὄντας
1729 1875 1791 1904 τοῖς
1808 1871 1902 1904 δεινοῖς

1080 1917 1187 1955 ὁλόγος
1210 1917 1344 1956 ὀδύρεται.
1374 1918 1559 1946 Ἀκουὲτωσαν
1589 1917 1691 1946 τούτων
1717 1918 1743 1945 οἱ
1768 1918 1828 1946 ἀντὶ
1852 1921 1901 1946 τῶν

1080 1961 1253 2001 Εὐαγγελίων
1269 1963 1315 1994 τὰς
1331 1963 1442 1999 κιθάρας
1467 1962 1512 1990 καὶ
1536 1963 1583 1994 τὰς
1608 1961 1691 2000 λὺρας
1716 1963 1762 1990 ἐπὶ
1785 1963 1840 1990 τῶν
1865 1961 1902 1990 οἴ-

1080 2017 1134 2034 κων
1220 2006 1411 2046 φυλάσσοντες,
1427 2006 1468 2034 δτι
1485 2007 1523 2038 ὡς
1538 2005 1592 2043 ἤδη
1609 2005 1791 2038 ἀπολωλότας
1808 2008 1821 2034 ὁ
1838 2017 1901 2045 προ-

1080 2053 1170 2090 φήτης
1194 2050 1378 2086 ἀνακαλεῖται,
1402 2051 1431 2079 ἐκ
1451 2055 1502 2087 τῆς
1523 2052 1582 2079 κατ’
1605 2051 1708 2090 ἀγάπην
1735 2051 1902 2089 συμπαθείας

1082 2097 1188 2135 θρηνῶν
1204 2096 1292 2124 αὐτῶν
1307 2097 1357 2131 τήν
1373 2095 1522 2124 ἀπώλειαν.

199 2141 225 2169 si
235 2142 298 2177 jam
315 2141 479 2177 periissent,
497 2143 611 2169 revocat
625 2141 780 2177 propheta,
803 2143 891 2177 atque
907 2149 959 2177 per
982 2141 1268 2170 commiserationem
1293 2150 1326 2170 ex
1342 2141 1484 2170 charitate
1509 2144 1601 2170 ortam
1619 2142 1741 2170 exitium
1757 2150 1859 2171 eorum
1875 2149 1903 2170 ac

199 2190 317 2218 ruinam
331 2190 426 2218 deﬂet.

236 2244 298 2271 153.
326 2244 376 2278 Vae,
402 2243 508 2279 inquit,
535 2245 572 2271 iis
597 2244 646 2279 qui
669 2251 732 2272 cum
756 2243 880 2280 cithara,
897 2246 921 2272 et
937 2244 1019 2280 tibiis,

1117 2245 1177 2272 158.
1203 2244 1282 2278 Οὐαὶ,
1313 2243 1407 2281 φησὶν,
1438 2244 1463 2271 οἱ
1495 2244 1562 2279 μετὰ
1587 2244 1708 2280 κιθάρας,
1729 2243 1776 2271 καὶ
1801 2243 1900 2276 αὐλῶν,

199 2290 226 2316 et
241 2288 391 2324 tympanis,
407 2290 432 2315 et
446 2289 574 2321 psalmis,
591 2289 687 2316 vinum
702 2289 808 2316 bibunt.
827 2289 900 2325 Lyra
929 2292 1027 2317 autem

201 2341 272 2363 auro
288 2334 317 2360 et
331 2332 416 2360 ebore
432 2332 609 2360 exornatain
625 2332 684 2360 alta
699 2332 837 2368 quapiam
847 2341 898 2360 ara
913 2333 954 2360 uti
971 2335 1028 2361 sta-

202 2379 253 2406 tua
267 2379 398 2413 quaedam
414 2386 447 2405 ac
464 2378 631 2405 daemonum
655 2378 765 2405 idolum
783 2386 799 2405 a
819 2381 848 2405 te
864 2379 1025 2414 reponitur.

201 2423 294 2458 Atque
309 2422 417 2450 misera
433 2421 532 2458 aliqua
546 2421 652 2449 mulier
666 2430 732 2450 cum
749 2422 862 2450 discere
878 2422 1028 2450 debuisset

202 2475 308 2495 manus
323 2467 359 2495 ad
375 2467 473 2494 fusum
495 2467 659 2497 admovere;
674 2475 722 2494 eas
737 2475 793 2502 pra:
809 2467 960 2495 servitutis
975 2475 1026 2495 ne-

236 2566 259 2583 “¹⁹
273 2565 358 2593 Rom.
371 2574 391 2601 ι,
406 2565 451 2592 20.
490 2565 512 2582 ⁸ο
527 2564 630 2592 Matth.
646 2573 710 2598 xxv,
728 2565 771 2592 41.
810 2566 831 2583 ⁹¹
848 2565 916 2593 Luo.
934 2574 990 2602 XVI,
1005 2566 1051 2594 21.

237 2666 290 2702 (36)
307 2666 382 2694 Editi
407 2668 435 2694 et
459 2669 518 2694 tres
540 2674 611 2702 mss.
639 2664 763 2698 συνῳδία.
795 2667 831 2694 At
859 2666 1025 2694 Combeﬁsii

203 2699 291 2729 eculei
308 2703 460 2735 recentior,
475 2699 615 2736 συνῳδίαι.

238 2739 293 2772 (37)
310 2741 340 2765 In
356 2738 424 2772 illis,
450 2738 504 2764 ἀνθ’
532 2735 568 2764 ὧν
595 2735 721 2772 αὐληταί,
738 2740 805 2770 eto.,
822 2740 872 2765 aut
888 2737 951 2765 vitii
972 2737 1024 2764 ali-

224 2773 273 2814 uid
289 2773 375 2814 inest,
391 2777 450 2814 aut,
467 2774 517 2809 qui
534 2782 598 2814 mos
613 2772 1025 2814 est_scrip_toris._énmmxibc

224 2809 282 2836 icta
297 2811 376 2837 aunt.
392 2810 521 2838 Aliorum
537 2810 591 2838 erit
605 2818 639 2838 ea
653 2811 688 2838 de
703 2809 902 2845 re’judicium.

1082 2288 1127 2316 καὶ
1155 2289 1314 2325 τυμπάνων,
1351 2289 1395 2316 καὶ
1431 2287 1560 2325 ψαλμῶν,
1589 2289 1634 2315 τὸν
1664 2289 1738 2316 οἶνον
1774 2288 1902 2318 πίνοντες.

1083 2333 1132 2360 Σοὶ
1146 2333 1174 2360 δὲ
1190 2332 1285 2371 χρυσῷ
1301 2333 1344 2360 καὶ
1370 2333 1496 2372 ἐλέφαντι
1515 2331 1717 2369 πεποικιλμένη
1732 2333 1750 2367 ἡ
1772 2331 1852 2369 λύρα,
1868 2331 1903 2370 ἐφ’

1084 2376 1191 2414 ὑψηλοῦ
1219 2388 1292 2409 τινος
1319 2377 1415 2415 βωμοῦ
1444 2376 1534 2415 ὥσπερ
1557 2387 1583 2404 τι
1614 2375 1725 2414 ἄγαλμα
1752 2377 1798 2404 καὶ
1827 2376 1903 2404 εἰδω-

1083 2421 1130 2450 λον
1146 2421 1282 2459 δαιμόνων
1308 2422 1455 2450 ἀνάκτησιν
1471 2422 1515 2450 καὶ
1531 2422 1598 2460 γυνή
1621 2432 1662 2452 τις
1676 2421 1768 2457 ἀθλία,
1785 2421 1844 2449 ἀῠτί
1859 2422 1903 2448 τοῦ

1080 2466 1128 2499 τὰς
1150 2469 1247 2505 χεῖρας
1276 2465 1385 2505 ἐρείδειν
1418 2466 1485 2504 πρὸς
1512 2465 1642 2504 ἄτρακτον
1671 2465 1847 2504 διδαχθῆναι,
1864 2464 1904 2493 διὰ

1090 2566 1113 2584 ⁸³
1129 2566 1217 2594 Maro.
1234 2575 1274 2601 Ix,
1289 2566 1333 2593 43.

1117 2667 1173 2702 (38)
1188 2667 1284 2695 Nostri
1300 2675 1349 2695 sex
1370 2675 1453 2701 mss.,
1470 2667 1483 2693 ri
1518 2665 1678 2702 ἀκοίμητος.
1707 2666 1796 2699 Editi.
1811 2666 1825 2693 ὁ
1839 2665 1900 2696 ἀθά-

1079 2712 1171 2772 ⁸αἷὲὃ5
1187 2738 1274 2770 Editi,
1292 2737 1397 2766 οΐκιῶν.
1422 2739 1458 2766 At
1483 2737 1614 2774 quinque
1639 2746 1724 2774 mss,
1744 2737 1826 2764 οἴκων
1840 2739 1899 2774 sta-

1079 2773 1138 2810 tim
1148 2774 1237 2810 iidem
1256 2773 1298 2800 illi
1323 2775 1454 2810 quinque
1479 2772 1573 2810 mss,
1585 2774 1642 2801 κατ’
1671 2773 1790 2810 ἀγάπην.
1817 2772 1898 2805 Editi,

1079 2808 1145 2836 κατὰ
1156 2809 1206 2844 τὴν
1226 2808 1344 2847 ἀγάπην]
