2009 3145
188 185 246 216 3¹19

653 186 849 217 APPENDIX
870 187 1030 218 OPERUM
1056 188 1088 218 S.
1111 187 1250 217 BASlLll
1274 186 1411 218 MAGNI.

1825 186 1878 217 380

189 251 260 279 artis
275 251 412 286 ferrariae,
438 252 566 288 gladius.
596 253 651 280 Sed
669 253 744 289 quod
761 254 796 281 ad
827 255 903 282 artes
919 262 1007 281 vanas

1063 253 1131 280 κατὰ
1142 253 1192 287 τήν
1215 251 1400 286 ἀποπολικήν
1426 252 1529 290 φωνὴν,
1551 253 1582 280 τὸ
1605 251 1683 283 τέλος
1707 252 1809 280 τούτων
1834 252 1877 279 ἀπ-

188 295 323 331 pertinet,
339 304 390 323 ceu
408 299 477 324 sunt
492 299 568 325 artes
584 297 726 325 citharam
744 298 938 334 pulsandi,vel
954 298 1009 326 sal-

186 340 279 374 tandi,
295 340 340 368 vel
356 341 427 368 tibia
442 342 576 374 canendi,
593 342 635 369 vel
652 343 776 370 altarum
790 343 818 370 id
835 351 946 378 genus:
964 343 1010 370 de-

187 384 302 412 sinente
325 385 389 421 ipsa
417 385 540 421 actione,
566 386 654 414 simul
680 395 793 422 quoque
822 396 895 423 opus
910 387 1008 422 ipsum

187 429 280 465 perit:
297 433 324 457 et
346 439 422 463 vero,
442 432 525 465 juxta
555 431 744 467 apostolicam
775 440 884 465 vocem,
903 432 1007 459 horum

186 473 253 502 ﬁnis
268 477 311 502 est
328 474 463 503 interitus
474 475 504 502 ⁸³.
523 475 587 503 Haec
601 485 618 503 a
635 475 718 503 nobis
734 476 897 503 necessario
913 475 1008 510 inqui-

185 519 241 546 sita
252 521 321 546 sunt
332 520 471 547 adversus
481 528 540 553 eos,
551 520 643 556 quiob
654 520 811 556 plurimam
823 521 851 547 in
864 520 1009 556 voluptate

185 564 326 599 capienda
341 564 491 592 mollitiem
520 573 570 601 per
585 573 708 600 coenam,
738 565 797 592 sive
813 565 1005 600 temporibus,

185 609 217 635 ut
232 611 345 643 putant,
361 608 516 636 hilaritatis
533 611 561 637 et
575 609 689 642 laititiaa,
713 610 880 646 nuptiarum
898 609 1010 638 scilicet

184 653 260 680 492
277 655 327 680 aut
349 654 513 689 epularum,
544 654 631 682 tibias
646 654 834 690 citharaeque
861 656 889 682 et
904 654 1008 682 choros

183 697 389 726 adhibenttut
403 707 470 726 cum
495 708 511 726 ιι
536 699 636 726 divina
659 699 810 735 Scriptura
835 698 1007 734 reprehendi

181 741 399 777 vituperarique
428 743 573 778 ejusmodi
604 743 702 771 studia
732 743 879 777 noveritis,
904 742 1008 770 timore

1063 297 1158 325 ώΑεια.
1175 298 1266 325 Ταῦτα
1280 299 1337 327 τοῖς
1354 295 1399 324 διὰ
1413 295 1521 331 πολλὴν
1549 295 1636 324 ἄνεσιν
1651 299 1755 335 τρυφῆς
1769 297 1876 334 χρωμὲ-

1064 351 1120 372 νοις
1142 341 1214 378 παρὰ
1237 340 1356 375 δεῖπνον,
1375 340 1437 375 ἤτοι
1460 343 1593 378 συνεχῶς,
1609 341 1626 376 ἢ
1643 340 1669 368 ἐν
1691 342 1732 372 οἷς
1759 339 1876 378 ὑπολαμ-

1064 383 1174 413 ϐάνουσι
1202 389 1307 423 καιροῖς
1333 385 1499 424 εὐφροσύνης
1528 387 1640 423 γάμων,
1670 385 1687 420 ἢ
1717 385 1878 419 ἑστιάσεων,

1063 430 1159 462 αὐλοῖς
1173 430 1217 457 καὶ
1232 430 1368 467 κιθάραις,
1382 431 1425 457 καὶ
1452 433 1560 467 χοροῖς,
1582 430 1734 467 ἀναγκαίως
1758 431 1824 466 ἡμῖν
1846 430 1881 466 ἐξ.

1063 477 1175 510 ἡτασται
1193 476 1259 511 (49),
1268 474 1314 502 θίνα
1323 475 1372 509 τήν
1385 474 1414 502 ἐκ
1424 476 1472 502 τοῦ
1488 474 1561 502 Θείου
1573 474 1658 512 λόγου
1669 473 1804 508 διαϐολὴν
1817 475 1880 512 πρὸς

1063 520 1110 550 τὰς
1134 520 1260 550 τοιαύτας
1281 518 1466 555 ἐπιτηδεύσεις
1491 519 1707 556 καταμαθόντες,
1731 516 1807 558 φόϐῳ
1830 521 1879 546 τῶν

1063 563 1255 601 ἐπηρτημένων
1286 562 1390 598 δεινῶν,
1419 563 1488 601 πρὸς
1517 564 1581 600 γοῦν
1605 563 1636 591 τὸ
1659 562 1755 600 ἑφεξῆς
1769 564 1818 597 τήν
1835 573 1880 590 πο-

1062 609 1147 645 νηρὰν
1162 610 1210 635 τοῦ
1227 608 1288 646 βίου
1304 607 1379 644 ὑμῶν
1407 609 1548 643 συνήθειαν
1569 607 1606 638 είς
1625 609 1655 635 τὸ
1681 607 1789 646 βελτιον
1809 618 1883 643 μετα-

1063 649 1167 687 ϐάλητῐ
1264 653 1338 680 Ἐστι
1363 651 1391 679 δὲ
1415 652 1460 679 καὶ
1486 652 1536 686 τήν
1563 651 1682 680 διάνοιαν
1709 654 1764 679 τῶν
1790 651 1876 689 ῥητῶν

1062 700 1120 728 καθ’
1135 697 1225 733 ἒτὲραν
1250 695 1368 734 ἐκδοχὴν
1396 696 1599 734 βασανίσαντας,
1615 697 1701 734 εὑρεῖν
1723 707 1750 724 τι
1767 696 1810 724 καὶ
1825 695 1876 724 ἔτι.

1063 751 1109 778 ρον
1124 740 1248 780 ὠφελοῦν
1264 742 1344 777 ἡμῶν
1359 741 1406 772 τὰς
1422 741 1523 778 ψυχάς.

182 786 418 822 impendentium
435 787 591 823 malorum,
609 790 684 816 certe
699 787 727 815 in
745 790 894 824 posterum
909 787 1085 823 ﬂagitiosam
1101 786 1165 814 vitae
1194 793 1297 814 vestrm
1325 786 1566 814 consuetudinem
1597 786 1626 814 in
1643 786 1750 814 melius
1766 794 1880 822 permu-

183 831 261 859 tetis.
279 831 331 859 Sed
348 831 373 858 si
387 840 490 859 rursus
505 833 658 860 verborum
677 832 781 860 horum
806 831 1031 868 intelligentiam
1054 832 1140 867 juxta
1154 831 1242 859 aliam
1257 831 1457 867 acceptionem
1487 831 1641 867 diligenter
1655 833 1880 867 perscrutemur,

182 876 271 904 etiam
287 876 365 904 aliud
383 877 532 912 quidpiam
549 877 829 912 animabusznostris
844 879 1043 913 opportunum
1061 878 1089 904 et
1104 875 1175 904 utile
1192 876 1322 903 invenire
1338 884 1511 912 possumus.

221 920 280 948 159.
298 921 352 954 Vae,
368 921 476 956 inquit,
501 922 537 949 iis
552 922 600 957 qui
614 930 694 950 mane
707 927 835 957 surgunt,
850 926 877 949 et
891 922 1006 949 siceram

1099 921 1158 948 159.
1174 919 1249 953 Οὐαὶ,
1280 919 1361 958 φησὶν
1380 941 1387 953 ,
1416 920 1442 946 οἱ
1468 919 1636 957 ἇγιιρόμενοι
1666 920 1698 947 τὸ
1725 919 1810 956 πρωὶ,
1838 920 1880 946 καὶ

181 969 390 1001 persequuntur.
406 965 464 993 Hoc
480 968 534 1001 est,
549 975 588 993 ws
599 966 645 999 iis,
658 966 707 1002 qui
725 966 813 994 simul
824 968 911 1002 atque
923 966 1004 1002 igno-

1062 965 1091 992 τὸ
1121 964 1213 1002 σίκερα
1243 963 1397 995 διώκοντες.
1428 963 1582 998 Τουτὲστιν,
1596 965 1622 991 οἱ
1638 963 1694 1001 ἅμα
1709 966 1750 1000 τῷ
1770 964 1881 998 λυθῆναι

182 1009 282 1037 τιιιιιίω
298 1010 422 1037 tenebrae
438 1009 653 1038 introductione
681 1011 857 1047 cognitionis
882 1010 929 1038 Dei
945 1010 1005 1037 dis-

127 1085 132 1090 _
183 1062 275 1082 cassae
291 1057 370 1088 sunt,
396 1057 494 1082 exorto
521 1055 593 1090 ipsis
615 1055 681 1084 Sole
703 1056 825 1091 justitiae
840 1064 908 1084 cum
924 1055 1006 1091 prius

182 1098 317 1127 scelerati
334 1101 362 1126 et
377 1099 459 1135 impii
473 1102 581 1134 essent,
605 1100 665 1136 jam
690 1101 729 1137 pii
759 1109 791 1128 ac
807 1100 933 1136 religiosi
952 1109 1005 1128 au-

183 1143 280 1176 diunt,
296 1145 383 1179 atque
396 1144 425 1171 in
441 1144 491 1171 Dei
507 1144 665 1172 Ecclesiam
689 1145 894 1179 admittuntur,
917 1147 946 1172 et
961 1147 1005 1172 ta-

183 1196 251 1216 men
269 1188 311 1216 sic
325 1188 421 1216 carnis
438 1188 515 1216 vitiis
531 1189 699 1224 vincuntur,
715 1193 747 1218 ut
772 1191 808 1218 de
823 1192 920 1218 mente
934 1190 1005 1225 deji-

185 1232 302 1260 oiantur
316 1241 349 1261 ac
365 1233 573 1268 deturbentur;
591 1234 710 1270 perinde
725 1238 811 1270 atque
826 1234 866 1262 illi
882 1235 932 1270 qui
949 1244 1006 1271 praa

185 1277 324 1305 ebrietate
336 1280 406 1305 sunt
420 1278 567 1306 obcaecati.
583 1278 666 1306 Tales
682 1279 772 1315 igitur
782 1280 904 1307 miseros
920 1279 1007 1307 deﬂet

185 1322 344 1358 Scriptura,
361 1323 410 1358 qui
436 1326 502 1359 post
525 1326 673 1359 acceptam
702 1324 749 1351 Dei
765 1324 927 1352 doctrinam
942 1332 1006 1352 sese

184 1365 341 1394 libidinum
357 1375 390 1394 ac
409 1367 604 1403 cupiditatum
630 1368 763 1396 ebrietati
784 1368 905 1396 dedunt.
921 1369 1007 1396 Novit

185 1410 333 1446 siquidem
345 1419 409 1439 esse
433 1411 484 1447 qui
507 1420 538 1440 se
553 1412 665 1448 absque
687 1412 752 1440 vino
775 1413 946 1449 plerumque
961 1413 1004 1441 in-

185 1454 379 1489 ebrient,cum
389 1456 485 1484 dicat:
506 1456 549 1485 Vae
563 1458 611 1492 qui
624 1457 698 1485 ebrii
711 1458 775 1486 estis
784 1458 884 1494 absque
898 1459 962 1486 vino
972 1459 1004 1487 ³⁸.

184 1499 437 1531 Quemadmodum
451 1501 528 1528 enim
542 1501 641 1529 vinum
655 1501 730 1530 ultra
740 1502 944 1530 necessitatem
956 1505 1007 1531 aut

185 1543 314 1572 bibentis
329 1545 495 1573 facultatem
511 1546 651 1574 haustum
667 1547 773 1575 rationi
798 1548 949 1576 consuevit
964 1550 1004 1576 te-

183 1588 289 1616 nebras
304 1589 466 1617 obducere:
483 1590 526 1618 sic
539 1591 626 1619 etiam
643 1592 810 1620 affectiones
824 1593 1005 1628 cupiditatis,

182 1635 233 1661 aut
247 1633 374 1661 tristitiae
389 1636 440 1662 aut
453 1634 512 1668 irae.
535 1643 602 1663 cum
623 1635 650 1662 in
676 1639 803 1664 mentem
820 1637 1003 1665 dominatum

182 1677 350 1712 habuerint,
367 1686 416 1706 eos
445 1679 493 1714 qui
523 1678 596 1715 ipsis
625 1683 695 1708 sunt
723 1680 850 1716 obnoxii,
875 1681 1007 1710 efficiunt

183 1724 325 1750 amentes.
342 1722 438 1750 Miseri
452 1722 552 1759 igitur,
569 1724 627 1752 imo
643 1726 687 1752 ter
703 1725 812 1760 miseri,
837 1726 884 1762 qui
902 1734 932 1754 se
948 1735 1007 1754 non

183 1765 281 1794 solum
292 1766 411 1795 ineunte
426 1767 483 1795 vita
494 1767 524 1795 in
535 1768 734 1796 temulentiam
749 1770 939 1807 immergunt,
955 1771 1006 1799 sed

183 1811 272 1839 etiam
287 1814 458 1848 exspectant
477 1821 648 1849 vesperam;
672 1813 699 1841 id
717 1816 770 1849 est,
788 1815 836 1850 qui
862 1816 898 1843 ad
915 1825 1007 1852 usque

183 1855 248 1883 vitm
263 1864 399 1884 occasum
416 1857 627 1893 cupiditatibus
652 1866 683 1886 ac
699 1858 777 1887 vitiis
802 1868 833 1887 se
852 1860 909 1896 ipsi
924 1861 1006 1888 addi-

183 1903 264 1928 eunt.
281 1902 316 1928 Et
330 1901 447 1936 quidem
465 1910 523 1929 uno
535 1903 620 1930 modo
631 1902 786 1931 illustratio
801 1912 836 1931 ex
846 1904 896 1932 Dei
907 1905 1004 1941 cogni-

183 1944 261 1972 tione
277 1944 305 1971 in
322 1945 460 1973 cordibus
473 1954 626 1981 enascens,
642 1955 722 1975 mane
736 1950 873 1976 vocatur:
885 1949 936 1977 sed
953 1949 1007 1977 hoc

183 1989 261 2024 idem
277 1989 310 2017 ﬁt
326 1989 383 2018 alio
400 1991 496 2024 modo,
509 1991 592 2026 juxta
615 2000 715 2027 quem,
729 1993 889 2021 constituta
901 1994 963 2029 jam
980 1996 1009 2022 et

185 2034 311 2070 perfecta
320 2034 441 2069 ratione,
452 2035 541 2063 vitam
551 2036 721 2064 rationalem
731 2038 1006 2074 auspicamur.Num

184 2080 292 2107 utrovis
303 2080 389 2107 modo
414 2079 472 2115 vita
493 2081 572 2115 prior
594 2080 685 2117 caligo
704 2084 791 2117 atque
803 2091 858 2111 nox
873 2086 934 2118 est;
947 2084 1007 2111 sive

183 2125 314 2152 nondum
331 2123 466 2151 absoluta
488 2125 671 2161 perfectaque
698 2127 770 2154 ratio
786 2127 834 2163 sit,
864 2130 892 2155 et
907 2128 1008 2156 anima

183 2167 323 2196 immersa
338 2169 376 2196 sit
392 2169 420 2196 in
435 2170 593 2204 dementia,
605 2170 664 2198 sive
674 2178 758 2199 mens
772 2171 809 2198 ob
826 2180 908 2200 suam
920 2181 937 2200 a
950 2175 1007 2201 Deo

183 2211 425 2240 abalienationem
457 2214 609 2249 profundis
638 2215 767 2243 tenebris
793 2217 888 2245 velata
912 2217 951 2245 sit
979 2220 1007 2246 et

182 2256 307 2284 obtecta.

219 2300 278 2328 160,
296 2300 397 2336 Itaque
414 2302 457 2329 Vae
472 2303 516 2335 iis,
533 2303 583 2337 qui
596 2307 716 2339 surgunt
738 2313 828 2340 mane,
845 2305 873 2333 id
896 2309 940 2334 est
954 2307 1005 2343 qui

1060 1009 1153 1040 αὐτοῖς
1167 1008 1213 1036 τὸν
1228 1007 1257 1036 ἐκ
1272 1012 1321 1044 τῆς
1346 1008 1457 1046 ἀγνοίας
1472 1009 1566 1036 σκότον
1584 1008 1628 1036 διὰ
1648 1012 1697 1044 τῆς
1712 1008 1750 1040 εἷς
1765 1009 1880 1046 θεογνω-

1060 1054 1118 1080 σίαν
1145 1052 1308 1090 εἰσαγωγῆς,
1333 1052 1520 1085 ἀνατείλαντος
1546 1052 1637 1084 αὐτοῖς
1660 1055 1708 1080 τοῦ
1733 1052 1817 1087 ἡλίου
1831 1057 1878 1088 τῆς

1061 1096 1245 1133 δικαιοσύνης,
1275 1097 1332 1125 ἀντὶ
1360 1100 1415 1124 τῶν
1443 1097 1581 1136 προτέρων
1611 1095 1720 1134 ἀνὸμων
1747 1098 1793 1125 καὶ
1822 1097 1878 1125 ἀσι-

1060 1139 1114 1169 ϐὦν
1132 1143 1187 1178 (51)
1216 1139 1349 1174 θεοσεϐεῖς
1377 1141 1602 1179 χρηματίσαντες,
1618 1141 1663 1169 καὶ
1687 1141 1879 1179 ἐγκαταλεγὲν-

1059 1197 1102 1217 τες
1117 1185 1266 1222 Ἐκκλησία
1282 1188 1358 1213 Θεοῦθ
1375 1186 1461 1217 οὕτως
1487 1186 1539 1214 ὑπὸ
1563 1189 1615 1214 τῶν
1640 1189 1732 1218 παθῶν
1749 1190 1800 1222 τῆς
1817 1197 1878 1223 σαρ-

1060 1230 1107 1262 κὸς
1135 1231 1393 1268 κατακρατούμινοι,
1410 1230 1479 1258 ὥστε
1494 1231 1643 1266 ὲξίστασθιι
1659 1233 1711 1258 τῶν
1738 1234 1878 1268 λογισμῶν

1060 1275 1105 1303 καὶ
1129 1275 1322 1313 ἀνατρέπεσθαι
1341 1275 1427 1311 ὲξίσου
1455 1278 1513 1306 τοῖς
1545 1275 1596 1303 ὑπὸ
1617 1276 1703 1312 μέθης
1724 1276 1879 1313 ὲσκοτισμὲ-

1060 1331 1128 1351 νοις.
1144 1320 1209 1351 Τοὺς
1226 1321 1271 1348 οὖν
1286 1320 1428 1351 τοιούτους
1443 1321 1458 1347 ὁ
1473 1319 1556 1358 λόγος
1570 1319 1717 1355 ταλανίζει,
1734 1320 1799 1352 τοὺς
1817 1320 1878 1357 μετὰ

1059 1366 1108 1400 τὴν
1125 1367 1173 1392 τοῦ
1199 1366 1265 1392 Θεοῦ
1290 1363 1466 1392 διδασκαλίαν
1493 1363 1662 1396 ἐπιδιδόντας
1687 1365 1798 1396 ἑαυτοὺς
1815 1366 1878 1402 μέθῃ

1059 1411 1163 1438 παθῶν.
1181 1408 1245 1438 Οἵδε
1267 1409 1317 1448 γὰρ
1344 1409 1492 1446 μεθύοντας
1513 1409 1557 1437 καὶ
1573 1409 1661 1448 χωρὶς
1686 1408 1762 1437 οἷ’νου
1778 1409 1878 1437 πολλά-

1060 1466 1112 1489 κις,
1128 1455 1142 1482 ὁ
1168 1453 1266 1492 λέγων’
1291 1454 1359 1482 Οὐαὶ
1388 1455 1414 1481 οἱ
1445 1454 1586 1491 μεθύοντες
1616 1453 1676 1482 ἄνευ
1706 1452 1794 1483 οἷ’νου.
1819 1456 1879 1482 Ὠσ-

1060 1510 1109 1538 περ
1126 1509 1177 1537 γαρ
1193 1500 1206 1527 ὁ
1223 1498 1293 1531 οἶνος
1315 1497 1417 1526 πλείων
1440 1502 1489 1533 τῆς
1514 1498 1610 1536 χρείας
1626 1498 1643 1533 ἢ
1665 1502 1715 1534 τῆς
1740 1497 1878 1536 δονάμιως

1059 1547 1108 1572 τοῦ
1120 1544 1246 1575 πίνοντος
1271 1543 1395 1581 εἰσρυεὶς,
1420 1542 1551 1571 σκὸτωσιν
1572 1543 1678 1581 ἐπάγειν
1700 1545 1739 1579 τῷ
1755 1542 1879 1581 λογισμῷ

1059 1589 1186 1628 πέφυκεν·
1204 1587 1275 1616 οὕτω
1299 1587 1344 1615 καὶ
1367 1587 1439 1622 πάθη
1465 1587 1619 1625 ὲπιϐυμίας,
1670 1587 1771 1623 λύπης,
1798 1588 1815 1622 ἢ
1833 1589 1878 1615 Du-

1062 1636 1124 1670 μοῡ,
1146 1633 1386 1670 κατακρατήσαντα
1409 1634 1457 1660 τοῦ
1481 1632 1628 1670 λογισμοῦ,
1651 1630 1783 1672 ἔκφρονας
1797 1636 1879 1667 ποιεῖ,

1058 1677 1122 1709 τοὺς
1139 1678 1181 1705 ὑπ’
1204 1676 1292 1704 αὐτῶν
1310 1677 1521 1715 κατεχομένους.
1546 1676 1655 1709 ’Ἃολιοι
1681 1676 1726 1704 οὖν
1749 1676 1795 1704 καί
1809 1687 1881 1715 τρισ-

1061 1721 1152 1754 άθλιοι
1167 1722 1192 1748 οἱ
1210 1722 1247 1758 μὴ
1266 1721 1346 1758 μόνον
1372 1721 1529 1758 ἀρχομένου
1553 1723 1601 1749 τοῦ
1630 1721 1689 1759 βίου
1703 1723 1738 1759 τῇ
1755 1722 1823 1759 μέθῃ
1840 1723 1881 1760 βε-

1061 1764 1251 1802 ϐαπτισμένοι,
1269 1765 1342 1793 ἀλλὰ
1356 1766 1400 1793 καὶ
1418 1767 1543 1802 μένοντες
1565 1766 1596 1793 τὸ
1612 1765 1671 1803 ὀψι-
1693 1766 1843 1803 τουτέστιν,
1858 1767 1883 1794 οἱ

1063 1810 1145 1848 μέχρι
1160 1812 1215 1838 τῶν
1239 1809 1347 1847 δυσμῶν
1371 1814 1420 1845 τῆς
1447 1813 1519 1846 ζωῆς
1534 1810 1644 1842 πάθεσιν
1671 1810 1784 1843 ἑαυτοὺς
1799 1821 1882 1848 παρα-

1061 1854 1223 1891 πέμποντες,
1249 1855 1314 1887 Καθ’
1339 1853 1386 1882 ἕνα
1412 1855 1459 1892 μὲν
1484 1854 1530 1882 οὗν
1553 1855 1653 1893 τρόπον
1677 1856 1692 1883 ὁ
1719 1856 1749 1883 ὲκ
1767 1857 1815 1892 τῆς
1830 1856 1884 1883 ἔπι-

1060 1899 1184 1938 γνώσεως
1207 1901 1255 1927 τοῦ
1279 1901 1345 1926 Θεοῦ
1368 1901 1509 1938 φωτισμὸς
1531 1899 1706 1938 ἐγγινόμενος
1733 1903 1792 1931 ταῖς
1819 1911 1881 1937 καρ-

1061 1943 1130 1975 δίαις
1147 1943 1237 1982 πρωία
1251 1943 1367 1981 λέγεται·
1386 1945 1444 1972 καθ’
1458 1943 1550 1982 ἕτερον
1568 1943 1605 1981 δὲ,
1621 1945 1680 1977 καθ’
1704 1945 1732 1972 ὃν
1759 1946 1815 1982 (52)
1837 1946 1883 1983 ἆρ-

1061 1989 1168 2026 χόμεοα
1189 1992 1239 2024 τῆς
1261 1988 1374 2026 λογικῆς
1402 1992 1483 2024 ζωῆς,
1509 1989 1757 2027 ωμπληρωθέντος
1770 1992 1818 2017 τοῦ
1834 1989 1881 2016 λό-

1060 2043 1119 2070 γου.
1139 2035 1199 2066 Καθ’
1216 2034 1340 2071 ἑκάτερον
1365 2034 1416 2071 γὰρ
1441 2034 1535 2061 σκοτία
1555 2035 1601 2070 νὺξ
1617 2035 1631 2062 ὁ
1655 2035 1787 2072 πρότερον
1812 2035 1879 2072 βίος,

1060 2077 1122 2112 ἤτοι
1133 2080 1182 2105 τοῦ
1203 2077 1289 2116 λόγου
1306 2079 1391 2115 μήπω
1414 2078 1638 2115 τετελειωμένου,
1653 2079 1697 2107 καὶ
1717 2083 1768 2114 τῆς
1791 2081 1880 2117 ψυχῆς

1061 2123 1088 2150 ὲν
1106 2121 1202 2161 ἀλογίᾳ
1219 2120 1446 2160 βεϐαπτισμένης,
1462 2124 1479 2158 ἢ
1498 2122 1542 2151 διὰ
1565 2124 1614 2159 τήν
1641 2123 1694 2151 ἀπὸ
1721 2126 1788 2152 Θεοῦ
1802 2123 1880 2152 ἀλλο-

1059 2166 1184 2204 τρίωσιν,
1200 2167 1288 2204 σκότῳ
1307 2168 1384 2206 βαθεῖ
1397 2172 1447 2203 τῆς
1463 2167 1580 2200 διανοίας
1596 2167 1815 2206 κεκαλυμμένης.

1097 2311 1156 2338 160.
1178 2309 1242 2337 Οὐαὶ
1268 2309 1313 2338 οὖν
1338 2311 1363 2338 οἱ
1393 2311 1561 2348 ἐγειρόμενοι
1586 2311 1616 2338 τὸ
1639 2311 1724 2349 πρωὶ,
1749 2311 1880 2339 τουτέστιν

177 2345 342 2380 jnventutis
355 2345 526 2381 insipientia
538 2355 639 2376 recens
647 2350 732 2376 exuta
743 2357 809 2377 cum
821 2350 1005 2380 turbulentos

1062 2355 1087 2381 οἱ
1103 2353 1162 2392 ἄρτι
1176 2355 1226 2389 τήν
1243 2355 1273 2382 ὲκ
1295 2358 1345 2390 τῆς
1370 2345 1498 2390 νεότητος
1522 2354 1612 2383 ἄνοιαν
1637 2345 1692 2393 (53)
1707 2345 1877 2392 ἀποθέμενοι,

180 2389 271 2417 animi
287 2392 384 2418 motus
401 2391 524 2419 rationis
540 2392 566 2420 vi
588 2395 706 2421 strenue
729 2402 900 2431 oppugnare
916 2397 1003 2425 debe-

180 2436 255 2469 rent,
267 2434 304 2462 ab
315 2434 351 2463 iis
361 2438 462 2464 contra
472 2437 825 2475 subvertuntur,vitiaque
836 2449 888 2468 ceu
902 2450 1003 2476 quam-

180 2478 248 2506 dam
262 2478 431 2508 ebrietatem
447 2483 661 2511 sectantuszti
677 2483 763 2519 plane
778 2485 936 2513 miserrimi
952 2487 1002 2523 qui

213 2568 237 2587 ⁸³
251 2569 377 2606 Philipp.
394 2578 436 2606 ιιι,
453 2571 496 2599 19.
533 2571 556 2589 ⁸⁸
573 2574 630 2601 Isa.
647 2581 746 2600 xxvm.

212 2657 269 2695 (49)
284 2658 373 2695 Editi,
390 2658 525 2694 ἱξετάσθη.
543 2661 579 2686 At
594 2667 643 2687 sex
660 2668 742 2693 mss.,
759 2660 909 2695 ἒξήτασται.

212 2693 251 2731 (5)
276 2694 385 2731 Editi0_
397 2696 506 2731 nostra,
539 2695 599 2731 βίου
629 2696 708 2731 ἡμῶν
734 2693 873 2731 συνήθειαν
904 2699 942 2730 είς
970 2701 1000 2727 τὸ

179 2727 286 2769 βίλτιον
304 2727 513 2765 μεταϐάλλεται,
529 2727 673 2769 corrupte.
687 2735 723 2759 At
738 2727 858 2769 uterque
872 2727 998 2764 Conibet'.

177 2763 205 2791 et
216 2763 268 2803 alii
281 2763 412 2803 quatuor
427 2763 556 2794 mssﬁuti
574 2767 604 2794 in
618 2763 765 2803 contextu,
783 2763 869 2798 recte.

220 2773 267 2791 am
281 2773 412 2826 quatuor
427 2775 499 2794 mss.
516 2773 556 2794 uti
574 2776 604 2794 In
619 2773 765 2803 contextu,
783 2773 869 2798 recte.

212 2799 267 2834 (51)
305 2802 397 2842 stores
413 2805 542 2842 quatuor
555 2802 624 2842 libri
638 2803 689 2842 ita,
701 2807 752 2842 Aut
766 2806 924 2834 edidimus.
942 2807 997 2835 Alii

176 2835 234 2864 duo
246 2843 312 2864 cum
329 2835 428 2872 editis;
442 2837 562 2874 ἀνομιῶν
583 2839 626 2866 καὶ
651 2835 789 2877 ἀσεϐειῶν,
805 2842 862 2871 loco
875 2844 999 2879 priorum

1058 2399 1104 2426 καὶ
1119 2398 1178 2426 ἀντὶ
1198 2401 1246 2426 τοῦ
1272 2398 1316 2426 διὰ
1339 2403 1388 2434 τῆς
1412 2402 1461 2427 τοῦ
1486 2399 1571 2437 λόγου
1595 2399 1737 2437 δυνάμεως
1763 2400 1879 2432 εὐτόνως

1058 2443 1249 2471 καταπαλαίιιν
1274 2444 1308 2471 τὰ
1335 2445 1421 2480 πάθη,
1450 2444 1661 2482 ἀνατρεπόμενοι
1691 2445 1755 2484 παρ’
1781 2445 1877 2478 αὐτῶν,

1057 2487 1103 2515 καὶ
1126 2487 1182 2516 οἷόν
1206 2498 1265 2516 τινα
1292 2488 1376 2526 μέθην
1401 2488 1434 2517 τὰ
1457 2488 1528 2525 πάθη
1554 2488 1777 2527 μεταδιώκοντες.
1793 2488 1878 2517 Ταλα-
1901 2524 1905 2527 _

1054 2666 1189 2704 scelerum
1199 2672 1281 2703 atque
1291 2667 1472 2704 tmpietatum.
1485 2667 1587 2696 Statim
1600 2677 1670 2697 mss.
1683 2669 1828 2703 nonnulli,
1839 2668 1876 2700 είς

1056 2701 1212 2737 ἐκκλησίαν.
1233 2701 1241 2703 ”
1328 2701 1336 2704 ”
1821 2701 1825 2703 Ἴ

1091 2738 1146 2774 (52)
1165 2738 1281 2773 Antiqui
1298 2747 1347 2766 sex
1376 2738 1453 2773 libri,
1482 2739 1539 2766 καθ’
1554 2739 1595 2767 δν.
1612 2740 1697 2774 Editi,
1725 2740 1801 2772 καθό.
1818 2740 1873 2768 Ali-

1055 2776 1245 2812 quanto_piost
1258 2777 1382 2812 quatuor
1396 2783 1479 2810 mss,
1498 2775 1592 2812 μήπω.
1609 2776 1691 2812 Ειᾘιὶ,
1711 2777 1825 2812 μήποτε.

1090 2810 1146 2847 (53)
1162 2809 1250 2847 Editi,
1275 2809 1393 2847 ἄγνοιαν.
1422 2813 1456 2840 At
1472 2809 1543 2847 invasi.
1568 2819 1628 2847 Sex,
1645 2809 1748 2841 ἅνόιάνξ
1762 2812 1818 2841 Nec
1833 2812 1872 2841 ita

1054 2846 1147 2874 multo
1162 2846 1238 2876 intra
1252 2845 1321 2884 Reg.
1339 2849 1473 2884 quartus,
1488 2845 1689 2877 ταλανὲστατοι.
