2009 3145
109 137 162 168 389

537 134 740 168 COMMENT.
763 136 802 168 IN
824 137 959 168 ISAIAM
980 137 1231 168 PROPHETAM.
1255 139 1339 168 CAP.
1364 138 1401 170 V.

1743 141 1802 172 390

111 203 260 234 ὑποστάσεις
284 201 328 229 καὶ
355 202 458 234 οὐσίας.
483 203 525 232 Τὰ
542 203 590 240 μὶν
611 204 663 241 γὰρ
693 204 777 241 ὁρατὰ
804 203 918 232 {vacavi-

977 213 1009 233 ac
1024 213 1124 233 earum
1137 211 1232 232 rerum
1244 213 1308 240 qua:
1320 205 1382 232 sola
1392 206 1504 234 ratione
1518 206 1579 243 capi
1593 209 1798 243 possunt,sub—

110 259 171 279 σιως
193 246 286 275 δεῖταιο
316 246 361 275 διὰ
389 250 469 275 τοῦτο
504 245 700 284 Ἐμϐλὲπουσι“
725 248 757 275 τὰ
786 247 814 275 δὲ
836 249 921 284 νοητὰ

111 292 200 330 χρῄζει
226 291 309 329 λόγου
334 291 494 328 διεξοδικοῦ·
530 290 571 320 διὸ
596 292 713 329 στ’ρηται,
741 293 919 322 Κατανοοῦσι.

112 336 180 371 Πλὴν
196 336 236 364 ὅτι
259 338 367 374 πρῶτον
393 335 434 364 δεῖ
456 334 591 374 ἐμϐλέψαι
620 339 679 368 τοῖς
699 336 789 374 ἔργοις
812 337 920 375 Κυρίου·

111 381 151 408 καὶ
164 380 222 409 τότε
244 381 282 412 εἰς
304 381 336 408 τὸ
358 384 522 415 κατανοῆσαι
547 381 614 408 αὐτὰ
638 381 792 418 προελθεῖν.
809 382 922 413 Ὀποῖος

112 425 141 460 ἦν
156 425 168 453 ὁ
182 425 242 463 περὶ
264 427 320 462 (71)
346 426 441 453 ἑαυτοῦ
464 424 564 463 λέγων’
591 426 677 457 Αὐτὸς
702 426 753 463 γὰρ
778 437 825 463 μοι
839 425 924 454 ἔδωκε

111 473 158 498 τῶν
207 469 289 497 ὄντων
335 472 430 508 γνῶσιν
483 469 598 507 ἀψευδῆ,
650 469 747 498 εἰδέναι
799 470 922 499 σύστασιν

111 515 216 551 κόσμου,
238 514 283 542 καὶ
313 514 447 552 ἒνέργειαν
478 514 632 552 στοιχείων,
656 514 744 552 ἀρχὴν
773 514 819 541 καὶ
844 513 923 546 τέλος

112 559 150 586 καὶ
178 558 312 595 μεσότητα
341 558 459 596 χρόνων,
487 561 595 595 τροπῶν
626 558 757 597 ἀλλαγὰς,
797 559 842 586 καὶ
880 569 924 595 με-

110 601 218 635 ταϐολὰς
246 605 360 641 καιρῶν,
392 603 519 630 ἐνιαυτῶν
554 603 683 640 κύκλους,
721 603 765 630 καί
804 603 923 641 ἀστέρων

109 649 195 683 θέσεις,
221 647 313 686 φόσιις
343 647 431 683 ζώων,
462 647 507 674 καὶ
532 647 634 684 Θυμοὺς
659 648 772 685 θηρίων,
803 649 924 684 πνευμά-

107 703 155 720 των
178 692 245 730 βίας,
275 693 320 719 καὶ
351 691 550 730 διαλογισμοὺς
593 692 755 730 ἀνθρώπων,
793 690 923 731 διαφορὰς

109 739 202 775 φυτῶν,
216 736 261 764 καὶ
277 735 407 773 δυνάμεις
423 736 516 775 ῥιζῶν.

976 250 1099 278 stantias
1115 249 1303 277 considerant
1314 252 1342 278 et
1357 250 1510 278 essentias.
1522 251 1656 279 Visihilia
1671 261 1798 290 namque

976 295 1106 330 indigent
1121 297 1259 321 contenta
1271 294 1421 322 oculorum
1437 295 1511 329 acie;
1525 296 1560 323 ob
1584 296 1610 323 id
1623 298 1796 333 Respiciunt:

978 347 1042 375 quae
1057 347 1124 366 vero
1150 338 1261 366 ratione
1277 339 1339 366 sola
1355 341 1466 374 queunt
1479 339 1612 376 intelligi,
1629 350 1756 378 expansa
1770 345 1799 371 et

979 383 1043 411 fusa
1059 383 1279 411 ratiocinatione
1295 385 1380 419 egent
1394 392 1400 410 :
1415 386 1592 420 quapropter
1607 385 1717 414 dictum
1735 390 1797 415 est:

979 427 1168 455 Considerant.
1187 428 1262 455 Sunt
1278 429 1375 455 tamen
1398 428 1526 463 primum
1547 429 1729 466 respicienda
1743 431 1799 459 Do-

979 472 1051 499 mini
1068 480 1164 507 opera,
1176 474 1264 506 atque
1278 474 1349 500 tunc
1361 473 1395 500 ad
1412 480 1444 500 ea
1457 473 1670 502 consideranda
1684 484 1799 513 progre-

978 516 1118 544 diendum
1133 518 1186 544 est.
1204 517 1354 552 Ejusmodi
1369 519 1440 550 erat,
1458 517 1507 553 qui
1523 518 1558 546 de
1573 527 1604 546 se
1623 519 1687 555 ipso
1703 520 1776 549 dixit
1792 530 1798 550 :

978 563 1038 596 Ipse
1060 561 1135 588 enim
1156 561 1229 588 dedit
1257 561 1330 588 mihi
1355 561 1453 588 horum
1479 570 1540 598 qua:
1566 567 1630 590 sunt
1656 566 1800 593 scientiam

977 613 1082 641 veram,
1103 606 1132 633 ut
1156 606 1242 633 sciam
1266 606 1362 633 mundi
1385 606 1599 642 dispositionem,
1623 610 1649 636 et
1674 610 1802 638 virtutem

978 650 1189 681 elementorum;
1205 650 1315 677 initium
1332 651 1355 678 et
1378 650 1460 685 ﬁnem
1475 654 1499 678 et
1514 651 1686 681 medietatem
1700 656 1801 690 tempo-

978 702 1055 728 rum,
1085 695 1294 722 ronversionum
1322 696 1552 730 permutationes,
1579 698 1604 724 ct
1637 700 1803 726 mutationes

980 742 1146 772 temporum,
1162 746 1302 766 annorum
1326 747 1431 773 cursus,
1447 742 1474 767 et
1497 740 1639 768 stellarum
1653 742 1735 776 situs,
1751 752 1801 771 na-

109 786 178 811 tura:
203 783 382 816 animalium,
405 786 431 810 et
458 783 516 811 ira:
542 782 701 818 bestiarum,
726 783 781 810 vim
805 783 958 818 ventorum,
977 787 1003 811 et
1024 783 1203 818 cogitationes
1227 783 1377 817 hominum,
1395 784 1565 820 diﬂerentias
1589 786 1762 823 plantarum,
1777 790 1803 816 et

108 828 210 856 virtute:
224 827 354 856 radicum
365 828 398 854 ¹¹.

140 873 197 900 165.
214 872 314 900 Τοίνυν
343 870 522 908 αἰχμάλωτος
537 871 552 898 ὁ
577 870 643 902 λαός
661 881 713 907 μου
733 871 863 909 ἐγενήηη,
881 869 921 898 διὰ

1015 872 1075 899 165.
1088 874 1176 900 Vnus.
1195 873 1236 900 13.
1253 873 1343 908 Igitur
1355 874 1481 909 captivus
1493 875 1612 910 populus
1625 883 1700 904 meus
1713 878 1804 913 [actus

109 917 136 944 τὸ
160 917 195 953 μή
222 914 323 943 εἰδέναι
349 914 445 946 αὐτοὺς
472 916 528 952 (72)
552 915 598 942 τὸν
619 915 726 952 Κύριον·
749 916 792 942 καὶ
818 915 924 950 πλῆθος

110 961 215 998 ἐγενήθη
251 962 355 998 νεκρῶν
379 958 423 987 διὰ
450 959 530 987 λιπὸν
567 960 659 997 ἄρτου,
696 959 740 987 καὶ
764 958 842 997 δίψος
867 961 924 997 (73)

110 1004 208 1036 ὕδατος.
236 1007 327 1032 Ταῦτα
355 1005 416 1032 καθ’
453 1004 572 1043 ἱστορίαν
607 1003 717 1032 δυνατὸν
751 1007 844 1042 τυχεῖν
872 1008 922 1039 τῆς

110 1050 252 1087 ἐξηγήσεως
279 1049 326 1077 ἐπὶ
349 1051 402 1076 τῶν
431 1051 532 1086 καιρῶν
550 1052 599 1083 τῆς
623 1048 741 1087 ἐσχάτης
762 1049 922 1085 πολιορκίας

109 1095 155 1122 τῶν
169 1094 320 1123 Ἰουδαίων·
336 1096 388 1121 τῶν
405 1094 452 1130 μὲν
467 1093 505 1124 εἷς
529 1093 721 1131 αἰχμαλωσίαν
738 1094 922 1131 ἂπαχθέντων,

108 1142 155 1166 τῶν
169 1138 195 1166 δὲ
210 1138 235 1167 ιν
258 1139 337 1175 λιμῷ
351 1138 396 1166 καὶ
422 1137 494 1175 δίψει
517 1137 727 1176 διαφθαρέντων.
744 1138 795 1166 Καὶ
818 1139 835 1172 ἡ
852 1137 924 1165 αἰτία

109 1184 196 1222 σαφὴς,
217 1182 252 1210 δι’
280 1184 314 1217 ἣν
343 1185 425 1210 ταῦτα
453 1182 627 1210 πεπόνθασιψ
652 1182 692 1210 ὅτι
717 1181 925 1218 ἐπιδημήσαντα

109 1229 190 1259 αὐτοῖς
201 1228 247 1256 τὸν
263 1227 367 1265 Κύριον
395 1227 445 1254 οὐκ
470 1226 619 1265 ἐπέγνωσαν
643 1228 710 1263 (74).
727 1227 807 1254 Ὥστε
833 1225 861 1254 δὲ
879 1226 924 1254 καὶ

109 1274 172 1309 ἡμῖν
199 1272 377 1307 οἰκειωθῆναι
403 1273 452 1307 τὴν
484 1271 514 1299 ἐκ
547 1274 596 1306 τῆς
631 1270 728 1306 λέξεως
760 1270 923 1309 παραίνεσιν.

114 1318 210 1345 Ἐκεῖνα
231 1316 362 1355 λέγομεν,
378 1316 419 1343 ὅτι
445 1315 470 1343 οἰ
495 1314 640 1348 διώκοντες
666 1316 697 1343 τὸ
723 1315 858 1353 μέθυσμα,
879 1316 924 1343 καὶ

113 1362 171 1398 μετὰ
192 1365 240 1396 τῆς
266 1360 497 1399 ἀπηγορευμένης
524 1364 656 1397 μουσικῆς
678 1360 724 1388 τὸν
745 1362 818 1388 οἶνον
834 1360 925 1388 πίνον-

110 1417 157 1443 τες,
170 1407 212 1434 καὶ
227 1406 345 1444 θεάμασι
363 1407 409 1443 μὶν
434 1406 548 1438 ἀτόποις
567 1406 614 1436 τὰς
642 1403 716 1442 ὄψεις
741 1405 924 1443 ἐνασχολοῦν-

111 1462 158 1485 τες,
173 1454 227 1483 τοῖς
244 1450 273 1478 δὲ
291 1449 380 1488 ἔργοις
408 1449 506 1488 Κυρίου
531 1448 678 1486 ἐμόλέπιιν
696 1450 733 1486 μὴ
750 1449 923 1487 ἀνεχόμενοι,

109 1493 146 1522 διὰ
160 1496 187 1524 τὺ
203 1494 352 1535 φιλήδονοι
368 1497 436 1522 εἴναι
452 1493 558 1531 μᾶλλον
571 1495 589 1529 ἢ
601 1493 735 1533 φιλόθεοι,
747 1493 923 1532 αἰχμάλωτοι

105 1539 215 1577 γίνονται
230 1540 275 1567 καὶ
308 1539 465 1577 ὑποχείριοι
487 1541 549 1570 τοῖς
573 1537 751 1569 ὑπεναντίοις.
778 1538 865 1566 Ἀλλὰ
879 1538 924 1566 καί

106 1584 200 1619 πλῆθος
230 1584 255 1612 ὲν
284 1583 378 1615 αὐτοῖς
408 1585 508 1621 νεκρῶν
540 1583 652 1621 ἐγενήθη
681 1581 726 1609 διὰ
755 1581 849 1619 λιμὸν,
879 1582 924 1609 καὶ

106 1627 191 1660 ὕδατος
206 1628 331 1667 ἀπορίαν.
356 1628 390 1657 οἱ
414 1629 466 1666 γὰρ
492 1628 541 1661 τὴν
568 1624 770 1654 ἐπιϐάλλουσαν
793 1629 852 1657 ταῖς
875 1628 926 1664 ψυ-

103 1676 159 1711 χαῖς
182 1674 282 1711 τροθήν
317 1673 354 1709 μή
390 1672 577 1710 προσιέμενοι,
605 1672 695 1710 νεκροὶ
720 1671 839 1709 γίνονται
867 1674 926 1711 θεοῖ,ς

101 1718 306 1755 παραπτώμασι,
336 1717 379 1744 καὶ
411 1717 437 1744 οἱ
465 1716 509 1743 ἐπὶ
547 1714 643 1747 ὕδατος
677 1715 852 1747 ἀναπαύσεως
885 1717 922 1752 μὴ

101 1760 296 1801 ὶκτρςφόμενοι,
324 1760 397 1798 μηδὲ
427 1763 569 1796 ζητοῦντες
597 1763 669 1788 πιεῖν
696 1760 721 1796 ἐξ
750 1760 854 1788 ἐκείνου
877 1763 925 1788 τοῦ

101 1804 259 1844 ὕδατοςπερὶ
275 1804 309 1833 οὔ
337 1816 402 1843 φησι
430 1805 499 1843 πρὸς
520 1806 570 1840 τὴν
594 1807 757 1843 Σαμαρεῖτιν
780 1806 793 1832 ὁ
813 1805 922 1842 Κύριος,

102 1850 196 1882 ὅτιὊς
225 1851 254 1878 ἂν
278 1850 329 1887 πίῃ
358 1849 388 1877 ἐκ
412 1851 461 1877 τοῦ
490 1848 586 1880 ὕδατος
617 1849 647 1876 οὗ
663 1849 718 1887 ἐγὼ
738 1848 818 1876 δώσω
835 1848 920 1885 αὐτῷ,

102 1894 128 1922 οὗ
152 1896 187 1931 μὴ
212 1893 319 1932 ὃιψήσᾳ
348 1895 404 1931 (75)
434 1894 471 1925 ε’ίς
501 1894 546 1921 τὸν
576 1894 668 1920 αἰῶνα·
698 1893 773 1921 οὗτοι
800 1893 920 1930 γίνονται

102 1939 192 1976 νικροί.
207 1940 308 1968 Ἄκουε
322 1939 383 1976 γὰρ,
410 1937 451 1965 ὅτι
480 1941 589 1972 πλῆθος
614 1939 713 1975 νεκρῶν
744 1937 871 1975 ἐγενήθη,
889 1938 919 1965 οὐ

101 1981 140 2010 διὰ
153 1982 232 2020 λιμὸν
251 1981 346 2020 μόνον,
373 1981 446 2010 ἀλλᾶ
460 1982 506 2009 καὶ
534 1981 578 2009 διὰ
605 1980 683 2018 δίψαν
700 1980 806 2012 ὕδατος⁸
824 1980 917 2017 ἐπειδὴ

102 2027 141 2054 ἀπ’
154 2027 255 2055 ὲκιίνου
271 2026 365 2055 ἔπινον
381 2029 431 2054 τοῦ
461 2025 566 2059 ὕδατος,
581 2026 612 2053 οὗ
637 2026 681 2053 καὶ
697 2027 714 2061 ἡ
741 2028 915 2063 Σαμαρεῖτις·

101 2072 143 2102 ’Ὁς
155 2072 202 2110 γὰρ
218 2072 247 2100 ἃν
261 2072 324 2108 πίῃ,
338 2071 429 2110 φησὶν,
447 2070 475 2098 ἐκ
493 2073 541 2099 τοῦ
556 2069 652 2102 ὕδατος
677 2070 790 2104 ἐκείνου,
807 2069 915 2107 διψήσει

101 2115 183 2143 πάλιν·
201 2116 250 2144 οὐκ
264 2114 341 2144 ἔπιον
358 2115 387 2143 δὲ
402 2115 432 2143 ἐκ
451 2118 500 2143 τοῦ
525 2114 622 2146 ὕδατος
635 2113 683 2142 τοῦ
707 2114 863 2150 ἁλλομένου
878 2115 916 2146 εἰς

102 2162 164 2195 ζωὴν
181 2161 301 2188 αἰώνιον.
316 2160 514 2198 Προτρεπτικὸν
532 2158 560 2186 δὲ
575 2161 654 2187 τοῦτο
680 2159 723 2186 ἐπὶ
738 2161 786 2194 τὴν
803 2161 914 2198 γνῶσιν,

101 2204 187 2243 Είγὲιρ
212 2204 256 2232 διὰ
279 2205 311 2232 τὸ
342 2205 379 2241 μή
403 2203 501 2231 εἰδέναι
530 2204 576 2231 τὸν
607 2204 705 2241 Κύριον
735 2203 912 2241 αἰχμάλωτοι

101 2248 220 2286 γενονται,
243 2249 382 2284 ζηλωτέον
409 2249 476 2285 ἡμῖν
505 2249 536 2276 τὸ
565 2251 616 2283 τῆς
638 2248 763 2286 γνώσεως
777 2248 912 2287 χάρισμα,
931 2242 953 2274 D

102 2294 174 2331 Τάχα
188 2293 216 2321 δὶ
230 2295 288 2329 (76)
304 2294 321 2328 ἡ
344 2293 450 2328 ἀληθὴς
473 2293 602 2330 νέκρωσις
618 2292 648 2320 οὐ
663 2291 708 2320 διὰ
722 2292 805 2330 λιμὸν
821 2292 914 2332 ἄρτου,

103 2336 157 2365 οὐδὲ
170 2337 212 2365 διὰ
227 2337 309 2375 δίψαν
329 2337 426 2370 ὕδατος
449 2337 547 2365 τούτου
565 2339 613 2365 τοῦ
629 2338 770 2373 αἰσθητοῦ,
785 2338 857 2366 ἀλλὰ
873 2337 918 2366 διὰ

102 2380 176 2418 λιμὸν
200 2381 249 2410 τοῦ
278 2382 390 2410 ἀκοῦσαι
419 2381 500 2419 λόγον
532 2381 630 2419 Κυρίου
658 2385 717 2413 ταῖς
739 2384 842 2420 ψυχαῖς
864 2385 917 2410 τῶν

978 920 1027 950 est,
1043 925 1074 944 eo
1089 917 1158 952 quod
1172 918 1225 953 ipsi
1240 926 1294 946 non
1309 919 1487 954 cognoverint
1504 919 1649 947 Dominum
1665 929 1674 948 :
1689 925 1714 949 et
1730 922 1802 950 mul-

978 962 1065 989 titudo
1079 961 1254 989 mortuorum
1268 963 1323 998 fuit
1335 967 1446 998 propter
1466 964 1568 999 famem
1580 965 1672 1000 panis,
1687 969 1714 994 εἰ
1726 967 1803 994 sitim

978 1013 1066 1042 aquae.
1075 1008 1140 1034 Haec
1148 1007 1310 1034 secundum
1323 1007 1474 1035 historiam
1482 1009 1517 1036 de
1528 1010 1658 1045 tempore
1667 1013 1803 1040 extrema

978 1052 1145 1080 Judaeorum
1154 1051 1316 1080 obsidionis
1323 1054 1447 1087 possunt
1454 1052 1590 1088 explicari
1600 1062 1605 1087 ;
1613 1055 1729 1090 quando
1737 1055 1803 1084 aliis

977 1095 1008 1124 in
1017 1095 1215 1131 captivitatem
1225 1096 1370 1130 abductis,
1379 1096 1426 1124 alii
1440 1097 1515 1125 fame
1524 1099 1552 1126 et
1560 1097 1608 1125 siti
1617 1098 1802 1129 interierunt.

979 1140 1012 1168 Et
1028 1149 1117 1168 causa
1133 1148 1185 1168 cur
1200 1140 1261 1168 haec
1278 1141 1384 1168 fuerint
1399 1142 1541 1177 perpessi.
1555 1143 1633 1170 clara
1645 1146 1688 1171 est
1701 1146 1729 1172 et
1745 1153 1804 1173 ma-

980 1185 1096 1220 nifesta,
1108 1185 1184 1220 quod
1197 1185 1354 1213 Dominum
1370 1193 1438 1213 cum
1453 1185 1526 1222 ipsis
1537 1186 1731 1216 diversantem
1744 1197 1801 1217 non

979 1237 1148 1265 cognovere.
1167 1230 1260 1262 Quare
1283 1229 1498 1258 animadversio
1514 1230 1543 1258 in
1560 1231 1604 1259 his
1619 1233 1716 1261 verbis
1731 1242 1803 1261 cen-

979 1275 1059 1301 tcnta
1075 1274 1159 1301 nobis
1176 1275 1263 1302 etiam
1286 1276 1381 1310 potest
1396 1275 1620 1304 accommodari.
1639 1277 1741 1305 Istbaec
1756 1278 1803 1305 di-

980 1318 1168 1354 cimus,quod
1181 1318 1230 1354 qui
1240 1321 1446 1346 consectantur
1456 1320 1803 1357 obrietatcm,vinumque

980 1363 1015 1390 ad
1029 1363 1158 1390 musicos
1171 1365 1331 1391 concentus
1345 1363 1517 1391 interdictos
1534 1364 1646 1397 bibunt,
1659 1367 1687 1392 et
1701 1366 1802 1394 oculos

979 1415 1050 1434 suos
1066 1410 1210 1442 occupant
1231 1407 1259 1434 in
1281 1407 1448 1442 spectandis
1463 1407 1600 1443 turpibus
1614 1410 1801 1445 spectaculis,

981 1450 1141 1486 noluntque
1152 1459 1240 1486 opera
1250 1451 1365 1478 Domini
1377 1451 1532 1487 respicere,
1540 1460 1572 1479 eo
1584 1453 1661 1488 quod
1672 1453 1802 1490 volupta-

979 1497 1042 1522 tum
1059 1497 1087 1522 et
1102 1494 1271 1522 deliciarum
1289 1495 1382 1531 magis
1398 1503 1486 1531 quam
1503 1496 1551 1523 Dei
1568 1496 1627 1524 sint
1643 1500 1799 1535 amatores,

979 1539 1083 1575 captivi
1097 1539 1214 1572 fiunt,et
1225 1539 1253 1566 in
1266 1539 1433 1567 servitutem
1445 1540 1659 1575 redigunturab
1671 1542 1800 1572 inimicis

981 1583 1053 1611 suis.
1071 1584 1145 1617 Quin
1161 1583 1248 1611 etiam
1266 1583 1340 1611 inter
1362 1584 1439 1619 ipsos
1454 1587 1637 1614 mortuorum
1654 1587 1708 1624 fuit
1724 1588 1799 1616 mul-

979 1628 1083 1662 titudo,
1101 1629 1218 1664 propter
1232 1628 1337 1655 famem
1360 1630 1388 1655 et
1404 1636 1486 1664 aqua;
1502 1630 1666 1664 penuriam.
1682 1632 1799 1661 Etenim

980 1681 1076 1700 cscam
1093 1672 1248 1700 animabus
1263 1672 1481 1700 convenientem
1498 1674 1547 1709 qui
1567 1683 1625 1702 non
1641 1676 1800 1715 accipiunt,

981 1717 1147 1745 moriuntur
1163 1725 1213 1752 per
1229 1719 1345 1753 peccata
1363 1725 1369 1743 :
1387 1719 1415 1745 et
1431 1717 1480 1753 qui
1497 1726 1530 1745 ex
1545 1727 1621 1755 aqua
1636 1721 1801 1752 refectionis

981 1763 1002 1780 ¹²
1015 1770 1073 1790 non
1089 1762 1287 1795 enutriuntur,
1301 1770 1394 1797 neque
1406 1762 1440 1790 de
1454 1762 1501 1789 illa
1512 1771 1589 1798 aqua
1603 1764 1702 1794 bibere
1713 1769 1800 1796 stata-

977 1807 1104 1842 gunt,de
1115 1815 1171 1841 qua
1182 1805 1297 1834 loeutus
1308 1809 1353 1833 est
1364 1806 1507 1834 Dominus
1518 1807 1552 1834 ad
1566 1808 1798 1840 Samaritanam:

977 1851 1030 1885 Qui
1045 1851 1146 1878 biberit
1161 1859 1196 1878 ea:
1210 1859 1282 1886 aqua
1297 1859 1380 1886 quam
1396 1859 1444 1886 ego
1457 1851 1527 1879 dabo
1551 1853 1586 1886 ei,
1603 1861 1658 1881 non
1680 1855 1754 1883 sitiet
1769 1857 1800 1884 in

974 1895 1158 1929 aeternum”;
1176 1895 1205 1923 hi
1222 1895 1278 1931 ipsi
1295 1896 1403 1923 mortui
1429 1896 1511 1923 fiunt.
1530 1897 1603 1924 Audi
1630 1898 1706 1926 enim
1723 1900 1799 1929 hanc

975 1942 1156 1968 mortuorum
1170 1940 1389 1968 multitudinem
1402 1940 1561 1976 contigisse
1572 1949 1628 1970 non
1641 1943 1677 1971 ob
1691 1944 1798 1973 famem

973 1984 1079 2017 solum,
1097 1984 1148 2011 sed
1167 1984 1255 2012 etiam
1280 1986 1399 2019 propter
1415 1993 1496 2020 aquas
1513 1985 1647 2019 sitim,eo
1668 1989 1745 2024 quod
1762 1989 1798 2017 ab

971 2028 1021 2056 illa
1042 2029 1177 2056 biberent
1202 2037 1289 2061 aqua,
1306 2029 1383 2056 unde
1406 2031 1434 2056 et
1458 2029 1532 2057 497
1551 2030 1658 2058 mulier
1680 2032 1728 2060 illa
1746 2034 1798 2061 Sa-

971 2073 1117 2101 maritana
1141 2073 1276 2100 biberat:
1299 2073 1438 2109 Quisquis
1462 2073 1551 2107 enim,
1567 2074 1673 2111 inquit,
1691 2076 1799 2112 biberit

969 2125 1002 2146 ex
1029 2118 1080 2145 illa
1105 2125 1191 2153 aqua,
1209 2117 1288 2145 sitiet
1312 2117 1416 2145 iterum
1431 2118 1471 2151 1‘;
1487 2118 1522 2146 de
1543 2127 1619 2154 aqua
1644 2122 1741 2149 autem
1766 2121 1797 2150 in

968 2163 1056 2189 vitam
1080 2164 1217 2189 aeternam
1235 2161 1358 2189 saliente
1370 2162 1392 2180 "
1416 2171 1472 2190 non
1492 2163 1636 2191 biberant.
1653 2165 1796 2194 Caeterum

968 2207 996 2241 id
1024 2215 1076 2233 nos
1102 2206 1205 2233 invitat
1236 2206 1270 2233 ad
1302 2206 1524 2242 intelligentiam
1553 2210 1794 2244 comparandam.

971 2250 1083 2278 Etenim
1100 2251 1136 2283 si,
1148 2253 1302 2286 propterea
1315 2251 1394 2286 quod
1413 2259 1470 2279 non
1487 2256 1686 2288 cognoverunt
1699 2254 1799 2283 Domi-

971 2303 1053 2328 num,
1070 2295 1258 2322 abducuntur
1272 2295 1392 2330 captivi,
1410 2295 1494 2324 nobis
1510 2297 1607 2325 studio
1622 2299 1701 2326 omni
1718 2300 1800 2328 adni-

972 2340 1093 2367 tendum
1111 2342 1155 2367 est
1171 2341 1202 2366 ut
1217 2339 1416 2375 intelligentiae
1435 2340 1671 2378 cognitionisque
1687 2343 1798 2372 denum

973 2391 1201 2419 consequamur.
1219 2384 1365 2413 Fortassis
1390 2386 1486 2412 autem
1504 2393 1582 2413 mors
1597 2395 1664 2415 vera
1688 2396 1745 2416 non
1761 2389 1797 2417 ob

134 2468 153 2485 ”
167 2468 232 2504 Sap.
248 2476 301 2501 vn,
318 2467 412 2494 17-20.
451 2467 473 2484 ¹²
487 2466 565 2495 Psal.
581 2475 650 2501 xxii,
666 2467 693 2494 2.
733 2468 755 2485 ¹³
770 2467 855 2496 Joan.
873 2477 911 2502 1v,

1009 2469 1032 2486 ”
1045 2468 1117 2496 ibid.
1156 2469 1178 2487 ¹⁵
1193 2468 1263 2496 ibid.
1282 2469 1325 2497 14.

133 2552 460 2594 (7‘1)Yete_res‘aliquot
483 2553 562 2588 libri,
589 2553 603 2580 ὁ
627 2552 698 2590 περί.
715 2553 826 2582 Vocula
849 2553 863 2580 ὁ
887 2554 917 2582 in

101 2588 180 2617 editis
195 2589 389 2617 desideratur.

143 2625 187 2659 ‘12)
201 2625 288 2658 Editi,
305 2623 397 2651 αὐτοῦ.
414 2625 450 2660 At
465 2632 536 2652 mss.
553 2624 691 2660 quinque,
706 2624 814 2660 αιξτούς.

146 2661 190 2696 73)
205 2661 328 2697 Antiqui
351 2663 416 2697 tres
431 2659 516 2697 libri,
548 2659 643 2697 ἄρτου
658 2660 702 2687 καὶ
727 2659 814 2696 δίψος,
844 2661 919 2697 Editi

105 2691 187 2729 ἅρὲοιί
204 2696 248 2734 καὶ
263 2691 363 2734 β’ίψαν-
389 2695 439 2734 ubi
465 2691 570 2734 notari
585 2699 691 2732 potest,
708 2691 820 2734 vocem,
836 2695 919 2734 ἂίρτου

105 2738 194 2768 neque
209 2732 240 2769 in
255 2732 370 2769 duobus
386 2731 450 2769 aliis
465 2731 625 2769 codicibus,
638 2741 732 2768 neque
746 2733 823 2769 apud
839 2731 918 2768 LXX,

106 2771 152 2794 aut
166 2768 245 2803 apud
260 2767 417 2796 Eusebium
432 2767 565 2803 inveniri.

137 2800 194 2841 (⁸74)
218 2803 337 2833 Codices
365 2805 436 2840 tres,
463 2800 591 2843 ἔγνωσαν.
620 2804 680 2833 Ηοο
707 2803 772 2841 ipse
797 2803 827 2832 in
855 2802 919 2832 loco

972 2555 1100 2590 quinque
1117 2563 1202 2589 mss,
1217 2555 1296 2581 Ὥστε
1312 2553 1340 2582 δὲ
1356 2555 1410 2584 καί.
1427 2557 1516 2585 Abest
1531 2555 1559 2584 δὲ
1574 2558 1610 2586 ab
1626 2559 1750 2586 excusis.

1009 2591 1066 2629 (is)
1082 2591 1155 2618 aditi
1184 2592 1212 2618 et
1239 2592 1309 2629 Reg.
1339 2592 1456 2629 tertius,
1476 2592 1507 2620 οὐ
1538 2593 1574 2629 μὴ
1603 2591 1721 2629 διψήσει.
1739 2593 1796 2620 Alii

974 2624 1095 2664 quidam
1122 2635 1206 2664 mss,
1237 2624 1364 2664 διψήσῃη
1380 2624 1795 2664 ΑΙὶίιιιοοιοίροσίὰιιιὶιιμυε

974 2662 1139 2699 Cembefisii
1154 2662 1244 2699 codex
1263 2665 1291 2690 et
1316 2661 1365 2690 alii
1390 2661 1525 2699 quatuor,
1542 2661 1588 2690 ἀτῖτθ
1611 2663 1713 2690 ἐκείνου
1726 2661 1796 2699 ’ἔπι-

974 2707 1029 2733 νον,
1048 2707 1099 2726 nec
1116 2698 1200 2726 aliter
1218 2697 1328 2734 legerat
1349 2697 1502 2735 interpres.
1519 2697 1555 2726 At
1577 2699 1659 2734 editi,
1677 2699 1726 2726 οὐκ
1740 2697 1797 2726 ἔπι-

973 2743 1066 2833 riis)
1082 2769 1168 2802 Editi,
1185 2767 1213 2796 δὲ
1236 2769 1292 2796 καί.
1310 2768 1415 2798 Vocula
1438 2768 1482 2795 καί
1509 2769 1538 2796 in
1566 2769 1696 2806 quinque
1721 2778 1793 2798 mss.

994 2813 1042 2833 eos
1058 2825 1064 2833 .

994 2813 1064 2834 θθὸῑ.
