1995 3142
191 171 251 203 395

672 166 870 198 ΑΡΡΕΝΠΙΧ
892 166 1054 197 OPEltUM
1078 166 1110 195 S.
1133 165 1275 196 BASlLll
1299 167 1435 197 MAGNI.

1836 168 1896 198 396

195 237 262 266 dem
278 234 453 264 humiliatur
465 242 471 261 :
486 234 563 262 Oculi
576 233 650 261 enim
664 233 773 260 Domini
786 232 928 264 sublimes,
940 231 1020 259 homo

1079 231 1181 266 μιώθη.
1207 231 1238 260 Ὁ
1264 231 1311 266 μὲν
1336 232 1386 269 γὰρ
1411 230 1552 268 ἅνθρωπος
1573 234 1759 260 ταπεινοῦται·
1785 233 1820 260 Οἱ
1848 233 1897 270 γὰρ

195 285 290 310 autem
313 279 460 308 humilis”
476 287 482 306 :
500 278 542 305 vir
566 286 632 305 vero
656 278 860 310 dedecorator,
879 279 1021 312 tanquam

197 328 248 363 qui
261 326 363 358 Deum,
375 323 489 352 violatis
505 323 568 358 ejus
583 322 746 358 praeceptis,
757 322 846 349 ducat
857 329 908 357 pro
921 320 1021 348 nihilo.

197 371 273 400 Nam
289 370 338 406 qui
354 377 419 397 eum
434 367 520 396 nihili
534 367 657 400 faciunt,
669 367 835 394 allicientur
850 365 1024 401 ignominia,

200 417 244 443 uti
260 414 418 442 didicimus
440 413 470 440 in
494 412 588 448 primo
604 411 770 447 Regnorum
798 410 883 444 libro,
900 410 1022 437 Domino

199 460 314 488 dicente
327 466 333 486 :
347 457 536 492 Glori/icanlcs
551 464 594 484 me
607 455 775 490 glori/icabo,
786 460 813 482 ει
828 455 876 490 qui
889 455 1023 489 spernunt

198 513 252 538 me,
263 503 417 538 ignominia
428 502 494 537 ipsis
505 505 634 528 inuratur
643 499 729 527 ".Vir
742 499 831 534 igitur
841 497 1025 526 dedecorabi-

199 548 333 578 tur499
341 542 744 583 persuumipsiuspeccatum
756 553 762 571 :
773 542 899 570 dedecus
910 543 988 569 enim
998 543 1026 568 et

199 593 353 621 infamiam
363 591 450 618 infert
462 592 623 626 peccatum.
632 589 781 623 Resurgont
790 588 874 622 enim,
883 585 1025 621 inquit,hi

199 639 232 666 in
250 638 336 664 vitam
352 638 494 668 a'ternnm,
509 638 534 661 ει
549 634 597 661 isti
611 635 641 660 in
666 633 845 668 opprobrium
858 633 885 659 et
908 631 1024 659 dedecus

200 686 333 712 azlemum
345 681 376 707 ⁷⁵.
395 680 466 708 Cum
483 677 561 706 enim
587 677 679 705 honor
704 676 857 712 dignitatis
872 676 911 702 sit
926 683 1025 702 remu-

201 726 330 757 neratio;
347 724 477 761 dignitas
499 732 575 756 vero,
592 721 710 750 virtutis
732 722 901 756 praemium;
917 719 1026 747 sanctis

203 771 323 807 quidem
344 772 406 797 tum
430 768 533 801 honor,
549 769 611 795 tum
627 766 755 801 dignitas
779 765 928 798 tribuitur,
945 763 1027 799 impii

200 823 268 844 vero
295 813 443 842 contraria
473 811 629 848 recipiunt.
659 811 788 838 Honorat
816 809 894 837 enim
923 809 1027 844 dignos

201 860 288 888 Deus.
305 859 378 886 Nam
395 858 458 893 ipse
473 859 518 884 est
534 856 559 883 id
578 855 654 890 quod
672 863 738 882 vere
753 854 956 882 honorandum
972 856 1026 887 est,

204 904 403 938 honoremque
417 901 538 929 tribuit:
552 908 641 936 quare
656 898 705 935 qui
721 897 883 935 ignominia
897 900 1028 932 notatur,

204 949 344 976 honorem
361 946 464 981 nequit
475 944 603 980 assequi.
616 943 861 979 Unumquomque
871 945 968 970 autem
982 942 1029 969 de-

206 993 346 1020 decorant
356 989 548 1026 turpitudinis
561 997 593 1016 ac
610 987 736 1015 infamiae
749 987 828 1019 vitia,
839 995 937 1014 coram
949 986 1029 1014 omni

204 1039 339 1064 creatura
361 1034 502 1070 exposita.
518 1034 550 1061 Et
564 1033 647 1065 oculi,
666 1032 771 1068 inquit,
791 1032 920 1060 sublimes
935 1032 1028 1059 humi-

203 1082 356 1109 lialnmtur.
373 1079 543 1114 Quicunque
558 1078 656 1105 animo
673 1085 792 1105 sursum
808 1079 915 1111 erecto,
932 1078 1029 1103 aucto-

203 1134 264 1153 rem
280 1125 420 1152 horumce
445 1123 578 1151 omnium
600 1123 668 1149 sunt
692 1121 802 1153 intuiti,
818 1120 838 1148 ii
853 1121 953 1149 oculos
976 1123 1027 1148 ha-

201 1170 272 1198 bent
296 1168 448 1203 sublimes,
466 1169 566 1203 utpote
589 1166 638 1201 qui
663 1173 751 1201 super
779 1165 878 1192 omnia
907 1173 1029 1200 corpora

204 1216 334 1242 mentem
350 1221 435 1240 suam
451 1210 597 1239 attollant.
609 1210 665 1238 Sed
676 1210 701 1237 si
710 1212 812 1245 postea
822 1209 858 1236 ob
871 1209 958 1237 falsas
969 1209 1029 1244 opi-

201 1258 304 1286 niones
319 1259 348 1286 et
363 1257 466 1292 ingens
482 1258 665 1283 terrenarum
680 1262 777 1281 rerum
794 1253 938 1288 studium,
955 1253 1026 1280 nihil

200 1311 302 1330 eorum
319 1310 383 1337 quas
401 1309 506 1336 magna
528 1302 609 1332 sunt,
626 1298 739 1334 possint
755 1297 882 1333 amplius
897 1300 1027 1325 contem-

201 1347 286 1384 plari,
303 1346 362 1374 imo
377 1344 468 1373 dediti
494 1344 555 1372 sint
578 1343 629 1371 toti
656 1343 802 1378 corporeis
818 1342 929 1370 deliciis
944 1342 1027 1370 volu-

201 1391 403 1428 ptatibusque,
420 1391 482 1424 iure
502 1388 612 1424 optimo
628 1387 767 1414 dicuntur
781 1386 941 1415 humiliari.

236 1436 281 1462 68.
298 1435 385 1462 Vens.
404 1434 447 1461 16.
464 1434 497 1461 Et
511 1433 681 1460 exaltabitur
704 1431 835 1458 Dominus
860 1431 980 1459 Sabaoth
995 1432 1026 1459 in

196 1479 315 1515 judicio.
337 1480 397 1506 Hoc
425 1480 479 1511 est,
506 1486 558 1513 per
586 1484 699 1512 mquam
729 1476 949 1503 retributionem
978 1484 1025 1503 co-

202 1532 268 1551 rum
299 1531 361 1559 qua
394 1525 464 1550 sunt
493 1521 574 1558 prius
605 1524 852 1554 commemorata,
882 1520 1027 1548 exaltatur

202 1568 343 1596 Dominus
361 1570 435 1594 Deus
451 1566 479 1593 in
500 1565 632 1601 judicio;
650 1566 721 1593 adeo
748 1568 780 1592 ut
804 1573 838 1592 ex
863 1564 893 1598 ii,
909 1573 973 1599 quas
989 1565 1024 1592 ad

1078 273 1215 313 ὀφθαλμοὶ
1253 275 1354 313 Κυρίου
1392 275 1507 312 ὕψηλοὶ,
1536 277 1550 303 ὁ
1575 275 1603 303 Si
1631 275 1774 312 ἄνθρωπος
1808 287 1899 304 ταπει-

1077 318 1130 350 νός·
1153 320 1166 345 ὁ
1187 318 1216 346 δὲ
1240 320 1305 357 ἀνὴρ
1336 320 1506 356 ἀτιμάζεται,
1523 321 1558 351 ὡς
1585 320 1730 355 ἔξουθενῶν
1756 322 1801 348 τὸν
1833 323 1896 349 Θεὸν

1079 361 1123 390 διὰ
1147 367 1198 397 τῆς
1227 367 1280 391 τῶν
1309 364 1427 392 ἐντολῶν
1450 362 1638 402 παραϐάσεως.
1654 366 1687 393 υἱ
1714 366 1766 403 γὰρ
1795 366 1898 401 ἐξουθε-

1077 410 1180 439 νοῦντες
1195 408 1274 436 αὐτὸν
1305 409 1545 445 ἀτιμασθήσονται,
1563 409 1599 440 ὡς
1625 409 1650 437 ιν
1670 412 1704 447 τῇ
1723 411 1821 447 πρώτῃ
1845 414 1897 438 τῶν

1079 452 1228 480 Βασιλειῶν
1259 453 1413 489 ήκοόσαμεν
1438 456 1487 480 τοῦ
1525 454 1625 489 Κυρίου
1654 454 1782 492 λέγοντος
1799 465 1806 471 ⁸
1833 455 1900 487 Τοὺς

1079 495 1238 531 δοξάζοντας
1283 509 1316 534 με
1355 496 1469 534 δοξάσω,
1500 499 1544 526 καὶ
1581 499 1606 526 οἱ
1641 499 1838 534 ἐξουθενοῦντὲς
1868 511 1900 536 με

1078 541 1321 577 ἀτιμασθήσονται.
1350 543 1577 579 Ἀτιμασθήσεται
1602 543 1647 570 οὖν
1673 544 1742 582 ἀνὴρ
1773 545 1825 572 ὑπὸ
1852 548 1901 579 τῆς

1079 583 1149 617 ῑδίας
1165 586 1307 624 ἁμαρτίας·
1324 587 1487 623 ἀτιμοποιὸς
1513 589 1564 625 γὰρ
1580 589 1597 623 ἡ
1615 589 1743 626 ἁμαρτία.
1769 589 1898 624 Ἀναστή-

1080 639 1172 657 σονται
1187 631 1248 668 γὰρ,
1266 631 1358 669 φησὶν,
1376 632 1450 659 οὗτοι
1469 631 1506 663 εἰς
1523 633 1595 667 ζωὴν
1621 633 1740 667 αῗώνιον,
1757 634 1803 660 καὶ
1826 634 1898 661 οὗτοι

1080 674 1118 705 εἷς
1148 673 1301 710 ὀνειδισμὸν
1331 675 1375 703 καὶ
1400 677 1455 713 (94)
1485 677 1617 714 αἰσχύνην
1645 677 1768 706 αἰώνιον.
1790 678 1900 713 Ἐπειδὴ

1080 720 1132 756 γαρ
1149 720 1217 755 τιμή
1234 720 1289 747 ἐστι
1304 721 1390 757 γέρως
1404 719 1545 755 ἀπόδοσις,
1560 722 1640 759 γέρας
1663 720 1692 749 δέ
1717 722 1788 750 ἐστιν
1820 723 1901 755 ἆθλον

1081 763 1188 800 ἀρετῆς·
1201 767 1260 794 τοῖς
1290 765 1337 800 μὶν
1361 765 1451 802 ἁγίοις
1477 766 1520 792 καὶ
1545 766 1614 802 τιμή
1636 766 1680 793 καὶ
1703 766 1783 804 γέρας
1806 767 1900 794 ἀπονι-

1084 818 1172 843 μεται,
1188 811 1246 840 τοῖς
1271 807 1298 836 δὲ
1322 806 1427 836 ἀσεϐέσι
1447 809 1480 836 τὰ
1507 809 1622 838 ἐναντία,
1638 813 1708 847 Τιμᾷ
1733 811 1779 847 μὲν
1808 811 1861 848 γὰρ
1889 812 1903 839 ὸ

1083 852 1148 883 Θεὸς
1161 852 1225 883 τοὺς
1242 853 1342 889 ἀξίους.
1360 854 1445 885 Αὐτὸς
1467 855 1517 892 γάρ
1547 853 1602 882 ἐστι
1629 855 1660 882 τὸ
1689 854 1773 886 ὅντως
1801 856 1902 892 τίμιον,

1044 915 1068 948 Β
1084 897 1129 924 καὶ
1157 900 1242 934 τιμῆς
1266 898 1438 934 παρικτικόν·
1463 897 1533 925 διότι
1561 899 1593 926 οὐ
1619 897 1729 926 δύναται
1743 900 1793 934 τὴν
1821 901 1903 937 τιμὴν

1083 945 1260 979 περιποιῆσαι
1288 943 1302 969 ὸ
1331 943 1520 979 ἠτιμωμένος.
1551 943 1693 979 Ἀτιμάζει
1728 942 1758 971 δὲ
1792 943 1902 972 ἕκαστον

1082 988 1116 1015 τὰ
1130 986 1202 1022 πάθη
1215 990 1265 1022 τῆς
1282 987 1426 1025 αίσχύνης,
1444 987 1487 1015 ἐπὶ
1512 991 1561 1022 τῆς
1587 989 1700 1020 κτίσεως
1728 989 1819 1024 πάσης
1847 991 1904 1017 ἂνα-

1083 1031 1285 1068 καλυτιτόμενα,
1301 1032 1354 1059 Καὶ
1379 1032 1405 1059 οἱ
1430 1031 1580 1070 ὀφθαλμοὶ,
1605 1033 1694 1069 φησὶν,
1715 1034 1741 1060 οἱ
1773 1034 1903 1072 μετέωροι

1082 1077 1341 1111 ταπεινωθήσονται,
1362 1077 1440 1105 ’Όσοι
1471 1077 1615 1115 ἐπάραντες
1643 1078 1681 1109 είς
1708 1077 1776 1115 ὕψος
1803 1079 1902 1106 ἑαυτῶν

1082 1121 1132 1154 τήν
1161 1119 1290 1156 διάνοιαν,
1311 1119 1381 1148 εἶδον
1408 1121 1453 1148 τὸν
1483 1120 1671 1156 καταδείξαντα
1698 1124 1782 1149 ταῦτα
1810 1124 1902 1157 πάντα,

1083 1165 1158 1193 οὗτοι
1174 1163 1285 1203 ἔχοντες
1303 1166 1456 1203 μιτεώρους
1477 1165 1540 1197 τοὺς
1568 1166 1739 1203 ὀφθαλμοὺς,
1754 1169 1796 1203 τῷ
1826 1168 1904 1205 ὑπερ-

1083 1208 1138 1236 άνω
1167 1209 1274 1236 πάντων
1305 1211 1362 1246 (92)
1387 1209 1521 1246 σωμάτων
1550 1211 1657 1248 ἀγαγεῖν
1686 1212 1736 1246 τὴν
1768 1210 1902 1239 διάγωσιν

1083 1254 1138 1281 εἶτα
1152 1253 1196 1281 διὰ
1210 1253 1395 1290 ψευδοδοξίας,
1411 1255 1456 1281 καὶ
1475 1256 1524 1287 τῆς
1548 1255 1658 1290 πολλῆς
1681 1256 1743 1292 περὶ
1767 1257 1802 1283 τὰ
1825 1256 1903 1284 ὑλικὲ

1082 1297 1274 1335 προσπαθείας,
1292 1297 1370 1325 δύδὶιι
1385 1297 1422 1325 ἔτι
1437 1300 1491 1326 τῶν
1511 1298 1637 1336 μεγάλων
1650 1301 1759 1337 θεωρεῖς
1774 1300 1903 1337 ἠνέσχον-

1081 1353 1123 1377 το,
1137 1341 1200 1370 ἀλλ’
1215 1342 1276 1369 ὅλοι
1291 1343 1428 1380 γινόμενοι
1448 1347 1498 1378 τῆς
1528 1347 1686 1380 σωματικῆς
1712 1344 1901 1381 ἀπολαύσεως,

1081 1389 1269 1419 ταπεινοῦσθαι
1287 1386 1398 1418 δικαίως
1415 1387 1539 1424 λέγοντα.

1117 1432 1179 1459 468.
1207 1431 1256 1458 Καὶ
1300 1432 1470 1468 ὑψωθήσεται
1506 1431 1608 1468 Κύριος
1646 1430 1761 1465 Σαϐαὼθ
1791 1433 1818 1460 ἐν
1847 1434 1902 1470 κρί-

1083 1487 1157 1514 ματι.
1174 1476 1315 1513 Τουτέστι,
1330 1477 1398 1504 κατά
1420 1478 1469 1511 τὴν
1498 1476 1601 1504 δικαίαν
1633 1477 1675 1505 ἰπὶ
1697 1480 1751 1505 τῶν
1774 1488 1902 1516 προειρη-

1083 1520 1169 1557 μένων
1184 1520 1372 1555 ἀνταπόδοσιν,
1391 1520 1503 1557 ὑψοῦται
1526 1521 1626 1558 Κύριος
1651 1523 1664 1549 ὁ
1694 1522 1760 1553 Θεὸς
1790 1522 1817 1550 ἦν
1846 1523 1901 1558 κρί-

1084 1576 1157 1602 ματι·
1176 1565 1213 1596 ὠς
1237 1565 1264 1592 ἓν
1288 1567 1341 1592 τῶν
1367 1565 1404 1595 εἷς
1430 1564 1506 1601 δόξαν
1532 1568 1597 1593 Θεοῦ
1621 1566 1812 1594 συντεινόντων
1837 1568 1900 1594 εἶναι

200 1612 252 1641 Dei
276 1611 400 1648 gloriam
429 1613 457 1638 et
486 1610 626 1638 honorem
654 1609 772 1644 faciunt,
789 1609 843 1637 hoc
868 1598 960 1636 unum
976 1609 1025 1643 sit,

1081 1611 1124 1637 καὶ
1147 1610 1179 1637 τὸ
1198 1610 1242 1637 ἐπὶ
1266 1612 1324 1640 τοῖς
1348 1607 1453 1637 ἀσεϐέσι
1477 1613 1563 1647 κρῖμα
1582 1611 1650 1638 κατᾶ
1669 1611 1718 1644 τὴν
1745 1611 1821 1646 ἀξίαν
1849 1614 1901 1638 τῶν

196 1656 344 1692 judicium
360 1655 502 1689 videlicet,
520 1654 598 1690 quod
624 1654 659 1681 de
682 1653 781 1689 impiis
806 1662 857 1689 pro
874 1653 985 1680 ratione
999 1655 1027 1680 et

200 1701 306 1729 merito
330 1707 452 1736 operum
478 1707 495 1726 a
518 1698 619 1734 judico
646 1700 801 1733 profertur.
822 1698 916 1730 Quare
941 1699 970 1725 et
996 1697 1025 1725 in

199 1745 264 1781 ipso
276 1743 388 1780 judicio
415 1743 540 1771 altitudo
566 1742 716 1777 sapientia:
742 1741 954 1777 potestatisque
968 1741 1024 1769 Do-

200 1789 275 1817 mini
304 1788 494 1824 oonspicitur.
515 1787 766 1819 Quemadmodum
792 1786 870 1813 enim
900 1786 950 1821 qui
978 1795 1024 1814 sa-

200 1834 342 1870 pientiam
362 1832 475 1860 ordinis
504 1840 601 1859 rerum
631 1831 793 1858 caelestium
823 1830 1023 1866 speculantur,

200 1879 230 1906 in
246 1877 397 1906 stellarum
421 1877 490 1911 situ,
508 1878 598 1910 motu,
615 1878 702 1911 atque
718 1876 746 1902 in
764 1877 866 1902 mutua
892 1875 1022 1910 ipsarum

199 1921 373 1950 habitudine
396 1919 668 1956 ell‘ulgentem,jam
691 1918 859 1955 intelligunt
874 1919 1022 1954 sapientiae

199 1968 264 2002 ejus
289 1965 546 2001 magniﬁcentiam,
571 1964 613 1992 sic
637 1967 670 1992 ut
695 1964 790 1992 dicere
814 1964 929 1992 valeant
946 1972 953 1991 :
968 1966 1021 1992 Sa-

195 2012 306 2048 pientia
329 2011 388 2046 ejus
413 2018 468 2037 non
497 2013 536 2037 est
562 2017 696 2037 numerus
707 2009 744 2043 ²⁶;
767 2009 830 2044 pari
857 2009 941 2036 modo
970 2009 1022 2044 qui

192 2055 299 2092 judicii
324 2054 484 2090 respiciunt
506 2054 642 2088 rationes,
660 2053 696 2081 iis
714 2062 769 2081 non
794 2053 900 2080 minori
924 2054 1021 2080 futura

195 2103 240 2129 est
255 2099 442 2128 admirationi
459 2098 519 2125 haec
530 2097 636 2133 judicii
649 2098 793 2133 sapientia
807 2100 835 2124 et
849 2097 1020 2132 prudentia;

195 2153 248 2172 nec
263 2153 320 2172 non
336 2143 460 2178 aequitas
476 2142 535 2175 illa,
552 2151 611 2177 qua
630 2142 674 2170 vel
698 2150 749 2177 pro
775 2141 906 2168 minimis
921 2145 950 2168 et
965 2142 1019 2168 mi-

194 2187 359 2216 nutissimis
384 2186 541 2221 unicuique
566 2187 698 2214 meritam
727 2186 887 2213 mercedem
914 2194 1020 2221 repen-

194 2233 281 2260 dit“.
300 2233 436 2259 Fortasse
465 2238 533 2266 ergo
562 2230 687 2266 singulis
713 2231 801 2258 rebus
829 2230 902 2258 bene
929 2230 1018 2266 gestis

1081 1652 1165 1691 ἔργων
1189 1654 1360 1691 ἐγγινόμενον
1386 1655 1442 1690 (93)
1465 1655 1538 1692 παρὰ
1564 1655 1611 1681 τοῦ
1633 1657 1742 1691 κριτοῖν
1760 1655 1831 1684 ὥστε
1859 1657 1899 1683 καὶ

1080 1697 1106 1725 ἐν
1135 1701 1169 1735 τῇ
1194 1698 1278 1735 κρίσει
1309 1698 1466 1735 θεωρεῖσθαι
1493 1699 1524 1725 τὸ
1554 1698 1622 1735 ὕψος
1635 1702 1684 1733 τῆς
1699 1699 1831 1731 συνέσεως
1858 1701 1901 1727 καί

1078 1746 1128 1776 τῆς
1145 1741 1283 1779 δυνάμεως
1299 1744 1347 1770 τοῦ
1363 1743 1475 1778 Κυρίου.
1492 1744 1595 1781 Ὥσπερ
1617 1743 1666 1780 γὰρ
1689 1744 1716 1770 οἱ
1740 1747 1902 1781 θεωροῦντις

1078 1787 1127 1820 τήν
1156 1786 1250 1825 σοφίαν
1278 1790 1328 1821 τῆς
1357 1785 1502 1822 διατάξεως
1526 1789 1580 1814 τῶν
1598 1787 1739 1824 οὐρανίων,
1756 1789 1826 1815 κατά
1852 1789 1899 1823 τήν

1077 1833 1130 1858 τῶν
1147 1830 1265 1867 ἀστέρων
1280 1831 1352 1858 Θᾶσιν
1373 1831 1419 1858 καὶ
1443 1832 1527 1869 φορὰν
1555 1831 1599 1859 καὶ
1623 1832 1715 1869 σχέσιν
1745 1833 1776 1866 ἢν
1807 1831 1898 1870 ἔχουσι

1077 1876 1145 1912 πρὸς
1170 1874 1323 1910 ἀλλήλους,
1349 1877 1399 1907 τῆς
1428 1876 1559 1907 συνέσεως
1592 1876 1675 1904 αὐτοῦ
1698 1877 1730 1904 τὸ
1755 1877 1898 1913 μεγαλεῖον

1076 1921 1195 1953 νοοῦσιν,
1211 1919 1280 1947 ὥστε
1295 1918 1324 1946 ἂν
1347 1919 1475 1951 δύιασθαι
1500 1920 1594 1954 εἰπεῖν,
1613 1919 1653 1947 ὅτι
1681 1921 1738 1955 Τῆς
1767 1922 1898 1951 συνέσεως

1076 1963 1157 1991 αὐτοῦ
1186 1963 1236 1991 οὐκ
1263 1963 1333 1990 ἔστιν
1361 1963 1487 2001 ἀριθμός’
1503 1963 1588 1995 οὕτως
1613 1965 1639 1992 ol
1665 1964 1814 2001 βλέποντες
1836 1965 1898 1996 τοὺς

1074 2010 1124 2040 τῆς
1140 2008 1254 2046 κρίσεως
1268 2007 1380 2045 λόγους,
1395 2008 1450 2045 οὐχ
1464 2009 1545 2042 ἧττον
1572 2009 1751 2044 θαυμάσονται
1763 2009 1796 2036 τὸ
1823 2009 1849 2036 ἐν
1863 2012 1894 2046 τῇ

1075 2052 1159 2090 κρίσει
1175 2053 1258 2090 σοφὸν
1274 2052 1319 2080 καὶ
1335 2053 1452 2086 συνετὸν,
1465 2052 1510 2080 καὶ
1536 2053 1619 2089 μᾶχρι
1643 2055 1697 2080 τῶν
1719 2053 1893 2081 λεπτοτάτων

1075 2095 1285 2124 ἀνταποδοτικὸν
1316 2097 1420 2132 ἑκάστῳ
1446 2098 1493 2124 τοῦ
1527 2097 1595 2134 πρὸς
1625 2097 1710 2133 ἀξίαν.
1741 2097 1823 2135 Τάχα
1849 2097 1893 2125 οὖν

1073 2142 1133 2168 καθ’
1157 2140 1269 2168 ἕκαστον
1293 2141 1458 2177 κατόρθωμα
1488 2141 1607 2177 ὑψοῦμεν
1635 2142 1681 2168 τὸν
1712 2141 1776 2168 Θιόν
1793 2151 1800 2160 ·
1829 2142 1895 2169 ὥστε

1075 2185 1205 2222 ὑψοῦσθαι
1231 2185 1312 2212 αὐτὸν
1339 2184 1364 2212 ἐν
1384 2187 1418 2220 τῇ
1443 2185 1604 2223 σωφροσύνῃ
1629 2187 1722 2221 ἡμῶν,
1740 2185 1785 2213 καὶ
1813 2186 1895 2223 ὑψοῦ-

1074 2231 1134 2257 σθαι
1149 2229 1228 2257 αὐτὸν
1255 2229 1279 2257 ἐν
1302 2231 1336 2265 τῇ
1359 2228 1515 2266 δικαιοσύνῃ
1537 2231 1628 2266 ἡμῶν.
1645 2232 1733 2257 Ταῦτα
1754 2229 1783 2257 δὲ
1803 2228 1894 2263 ἒπιιδή

193 2279 286 2305 Deum
311 2275 493 2307 exaltemus;
511 2275 583 2302 adeo
609 2277 640 2301 ut
663 2274 807 2302 exaltetur
834 2282 883 2309 per
908 2280 1017 2310 tempe-

1079 2273 1117 2302 Ξιᾶ
1137 2278 1186 2309 τῆς
1212 2274 1353 2311 συνεργίας
1376 2274 1431 2309 (94)
1455 2276 1502 2301 τοῦ
1528 2276 1595 2302 Θεοῦ
1617 2276 1814 2309 κατορθοῦται,
1835 2276 1894 2302 ὅταν

193 2320 319 2349 rnntiam
340 2322 482 2351 nostram,
499 2318 642 2346 exaltetur
657 2327 773 2354 quoque
798 2327 848 2354 per
870 2319 1016 2354 justitiam

193 2368 335 2394 nostram.
347 2366 418 2391 Cum
436 2365 533 2390 autem
555 2362 614 2390 hinc
631 2363 818 2398 perﬁciantur
834 2362 882 2389 Dei
898 2362 1016 2396 auxilio,

191 2410 242 2438 ubi
260 2417 313 2436 nos
328 2410 481 2443 susceptos
495 2407 624 2439 erexerit,
637 2415 691 2434 sua
706 2415 760 2434 nos
774 2416 828 2442 ops
845 2406 1016 2435 sulfulciens

191 2462 224 2482 ac
254 2453 385 2485 firmans,
406 2454 468 2478 tum
499 2451 626 2478 dicimus
643 2459 649 2478 :
666 2451 799 2478 Exaltubo
828 2453 865 2483 to,
889 2451 1014 2485 Domine,

188 2498 323 2535 quoniam
348 2496 493 2531 suscepisti
517 2502 559 2522 me
570 2495 601 2523 ’⁸.
618 2497 692 2523 Sunt
717 2497 816 2522 autem
840 2494 938 2522 multis
965 2495 1014 2523 Dei

221 2569 244 2587 ²³
260 2569 316 2597 Isa.
342 2576 374 2602 ιι,
401 2567 444 2595 11.
497 2565 520 2583 ³⁸
543 2566 555 2593 Ι
579 2568 648 2602 Reg.
672 2574 703 2601 ιι,
728 2566 773 2593 30.

183 2613 260 2640 xxrx,
276 2606 303 2632 2.

220 2677 277 2711 (91)
293 2675 379 2709 Editi,
395 2674 439 2700 καὶ
456 2672 505 2711 εἰς.
520 2673 557 2700 At
571 2674 702 2711 quinque
720 2681 790 2700 mss.
806 2671 861 2711 καί.

222 2707 278 2748 (92)
294 2712 337 2739 ita
354 2707 426 2738 mss.
443 2707 588 2745 quinque:
602 2707 675 2736 Editi
697 2717 774 2742 vero,
789 2711 828 2744 τῷ
845 2708 912 2745 ὑπὶρ
932 2707 1014 2735 ἁπάν-

187 2758 280 2818 τωῶἓι)
296 2781 415 2818 Codices
445 2779 584 2815 quinque,
613 2778 912 2818 é~{‘{z‘idnsvov.__lﬂditi,
931 2778 1013 2818 ws-

190 2813 281 2855 psiov'.
316 2813 473 2852 Aliquanto
502 2813 569 2852 post
598 2813 668 2844 mss.
698 2813 842 2850 nonnulli,
872 2813 1013 2851 δυνάμεως

825 2566 847 2583 ³⁸
861 2565 936 2594 Dan.
960 2575 1014 2602 xu,
1036 2567 1064 2595 2.

1073 2316 1219 2346 ὑπολαϐὼν
1241 2320 1313 2354 ἡμᾶς
1340 2318 1492 2354 ἀνορθώσῃ,
1509 2317 1655 2355 ὑπερείδων
1675 2319 1749 2354 ἡμᾶς
1774 2321 1810 2356 τῇ
1835 2329 1895 2345 συν-

1072 2363 1146 2401 εργίᾳ
1169 2365 1203 2399 τῇ
1225 2365 1289 2399 παρ’
1314 2363 1420 2397 ἑαυτοῦ,
1443 2363 1487 2389 καὶ
1513 2362 1659 2398 στηρίζων,
1675 2363 1737 2389 τότε
1768 2362 1893 2401 λέγομεν·

1071 2407 1184 2444 ’Υψώσω
1211 2417 1249 2439 σε,
1266 2406 1412 2443 Κύριι,ὅτι
1444 2405 1579 2438 ὑπέλαϐές
1610 2418 1653 2443 με.
1675 2405 1782 2434 Πολλαὶ
1812 2406 1840 2434 δὲ
1868 2407 1895 2433 αἱ

1071 2452 1188 2489 ὑψώσιις
1216 2453 1264 2478 τοῦ
1293 2450 1398 2485 Θεοὺ,ἥ
1428 2461 1458 2478 τε
1480 2453 1547 2478 κατα
1571 2453 1670 2488 γνῶσιν
1695 2451 1740 2478 καὶ
1767 2451 1870 2478 σύνεσιν
1888 2460 1894 2466 '

1070 2496 1115 2523 καὶ
1133 2496 1150 2530 ἡ
1174 2495 1242 2523 κατὰ
1265 2495 1315 2529 τὴν
1341 2493 1459 2531 διέξοδον
1483 2498 1536 2522 τῶν
1569 2494 1720 2533 μεγαλείων
1737 2495 1831 2530 αὐτοῦ,
1847 2495 1892 2522 καὶ

1116 2569 1138 2586 ¹⁶
1153 2567 1230 2596 Psal.
1247 2575 1339 2603 CXLVI,
1354 2567 1382 2594 5.
1434 2567 1457 2585 ³⁷
1473 2567 1577 2596 Matth.
1597 2575 1658 2602 xvr,
1681 2567 1727 2596 27.
1780 2567 1804 2585 ”
1819 2566 1893 2596 Psal.

1066 2677 1292 2744 τοῗ9ἳῖοὲιιιίαυὶ
1311 2710 1368 2737 duo
1384 2709 1461 2743 libri,
1479 2707 1523 2735 διὰ
1544 2712 1593 2743 τῆς
1616 2709 1759 2745 ἐνεργείας,
1774 2717 1824 2745 per
1838 2709 1892 2736 νίν-

1070 2749 1155 2783 t_ulem
1166 2746 1215 2783 Dei
1227 2745 1374 2783 e/ﬁcaccm.
1386 2746 1490 2773 Statim
1503 2753 1575 2773 mss.
1586 2744 1726 2781 quinque,
1738 2744 1890 2783 ἐπορθώσῃ.

1068 2781 1156 2815 Editi,
1172 2780 1325 2817 ἀνορθώτῃ.
