1995 3142
205 179 264 210 399

671 177 870 208 APPENDlX
891 176 1054 207 OPEHUM
1077 177 1110 206 S.
1133 177 1277 207 BASlLlI
1301 177 1440 208 MAGNI.

1849 181 1908 212 400

203 244 308 272 bantur
323 243 353 278 ii,
370 243 420 280 qui
439 245 475 272 ob
486 244 699 280 expeditionem
715 243 1026 271 aNabuchodonosore

1082 243 1130 268 τοῦ
1145 239 1390 280 Ναϐουχοδονόσορ
1406 241 1593 280 ἐπιστρατείαν
1606 245 1760 282 γενόμενοι.
1776 246 1831 280 Τὴν
1861 245 1904 274 οὖν

203 289 356 317 adversum
376 297 407 317 se
424 292 589 324 susceptam
601 297 618 316 a
632 288 734 316 Judaaa
762 288 878 315 fuerant
903 286 1027 322 expulsi.

202 334 321 362 Terram
338 334 428 369 igilur
443 333 478 361 ad
496 341 545 360 eos
561 333 611 369 qui
628 333 705 368 capti
722 334 750 360 et
766 341 823 368 prae
841 331 909 359 belli
931 339 1028 358 neces-

203 379 289 406 sitate
304 378 413 406 detenti
432 378 557 411 fuerant,
574 377 776 413 pertinentem,
791 377 852 412 jam
874 376 902 403 in
929 375 1027 403 ovium

203 422 343 460 pabulum
359 423 517 456 redactam,
532 421 732 458 agni,1inquit,
749 422 919 457 depascent,
949 419 1027 456 quod

203 467 300 496 nullas
311 469 404 496 servet
426 467 552 502 antiquae
577 466 768 494 habitationis
798 465 944 500 reliquias,
976 467 1026 494 sed

203 512 382 549 profundum
398 514 591 547 tenerumque
607 519 727 546 gramen
743 518 778 538 ex
800 511 949 538 hominum
979 519 1027 546 pe-

204 557 290 585 nuria
304 556 441 585 cnutriat.
460 556 593 583 Fortasse
617 558 714 583 autem
743 555 789 582 hic
818 563 914 582 sermo
937 556 1026 582 etiam

203 610 291 630 sensu
308 600 476 637 prophetico
493 600 616 634 indicat,
633 600 709 635 quod
727 607 793 627 cum
819 600 1027 627 mandatorum

203 646 368 673 divinorum
382 644 535 672 violatores
550 652 583 672 ex
599 644 721 679 antiqua
737 652 792 671 sua
811 643 840 671 in
862 643 933 671 locis
957 652 1027 671 san-

203 690 258 718 ctis
278 689 459 718 habitatione
474 689 557 724 ejecti
571 689 631 716 sint
646 691 675 716 et
689 687 824 724 expulsi;
842 696 905 723 nos,
923 689 972 724 qui
991 689 1027 716 ob

203 737 355 771 peccatum
372 742 472 761 eorum
488 734 524 761 ad
541 733 665 761 salutem
689 741 739 768 per
762 733 892 760 divinam
913 733 1028 768 dispen-

204 779 347 807 sationem
357 778 449 806 vocati
466 786 581 812 sumus,
603 777 670 813 agni
687 777 807 812 quidam
825 777 861 804 ob
881 780 1026 805 recentem

203 826 338 852 nostrum
354 823 384 850 in
400 822 456 850 ﬁde
471 824 568 850 ortum
584 821 734 858 appellati,
744 821 772 849 in
789 829 889 849 eorum
907 821 956 857 qui
978 830 1025 849 ca-

203 868 246 904 pti
260 870 330 896 sunt
345 866 415 894 locis
423 875 590 903 pascamur,
603 865 728 902 spiritali
744 865 938 901 rationalique
965 865 1026 893 elo-

203 913 338 948 quiorum
355 911 406 939 Dei
432 910 571 938 alimento
599 912 742 946 tanquam
765 911 868 957 tenero
898 910 1025 946 quodam
1041 924 1066 957 Β

202 957 334 993 gramine
350 956 542 992 perfruentes.
555 955 629 988 Quin
644 956 672 982 et
690 954 830 982 Dominus
854 963 947 990 nuper
975 962 1027 990 per

203 1001 290 1029 ﬁdem
302 1003 396 1035 natos,
426 1007 516 1036 agnos
542 999 710 1036 appellavit,
730 1007 797 1026 cum
822 999 904 1027 Petro
934 999 1024 1028 dixit:

201 1046 298 1073 Simon
314 1048 369 1073 Bur
382 1047 466 1078 Jona,
483 1043 582 1079 diligis
599 1052 642 1072 me
656 1046 668 1071 ?
687 1045 771 1071 Pasce
794 1051 877 1080 agnos
904 1051 977 1071 meos
991 1044 1023 1072 ⁸⁸.

240 1091 302 1118 170.
318 1089 456 1123 VansJS,
471 1089 514 1116 19.
525 1090 569 1117 ναξ
579 1089 631 1124 his,
642 1090 690 1125 qui
705 1088 938 1124 trahuntpeccata
948 1089 1026 1124 quasi

201 1135 327 1171 funiculo
343 1135 432 1169 longe,
445 1135 469 1162 et
481 1134 561 1169 quasi
570 1134 636 1169 jugi
650 1134 768 1169 corrigit:
785 1132 896 1168 vitam,
918 1133 1023 1168 iniqui-

203 1182 281 1214 tates,
293 1179 342 1215 qui
359 1179 472 1206 dicunt:
489 1178 546 1206 Cito
561 1180 781 1214 appropinquant
792 1185 855 1214 quz
874 1178 966 1213 faciet,
993 1179 1023 1205 ut

196 1224 337 1252 videamus
347 1231 359 1254 ;
373 1227 399 1251 et
409 1223 500 1250 veniat
528 1223 676 1250 consilium
703 1223 793 1249 saneli
821 1222 904 1250 Israel
920 1226 950 1249 ut
977 1230 1022 1249 ro-

196 1276 365 1304 gnoscamus.
408 1267 498 1294 Nobis
529 1266 602 1302 ipsis
640 1269 703 1294 tum
746 1274 813 1294 cum
856 1274 1022 1302 peccamus,

197 1313 270 1341 501
290 1312 406 1339 vincula
417 1311 590 1339 conﬁcimus
606 1310 803 1343 ctiuniculos,
821 1311 929 1346 quibus
957 1310 1021 1337 vin-

198 1357 326 1385 ciamur:
340 1356 450 1392 quippe
461 1356 548 1391 juxta
563 1355 784 1383 multitudinem
799 1355 842 1382 vel
872 1355 1020 1391 magnitu-

197 1403 294 1430 dinem
308 1401 559 1438 peccatorum,vel
577 1400 688 1436 majora
703 1400 746 1428 vol
767 1400 879 1428 minora
910 1400 1020 1428 anima-

196 1447 252 1475 bus
268 1447 377 1474 nostris
391 1446 454 1474 lora
469 1445 625 1478 nectimus,
642 1444 932 1481 quibus,secundum
943 1444 1021 1472 Jers-

196 1492 287 1520 miam
302 1491 335 1524 3‘,
365 1490 454 1518 vincti
484 1498 588 1518 sumus
619 1497 651 1517 ac
680 1488 820 1525 colligati.
846 1489 1020 1524 Quicunque

196 1535 286 1571 igitur
301 1535 458 1562 vincuntur
473 1534 569 1562 carnis
586 1541 685 1567 sensu,
711 1533 730 1560 ii
747 1533 871 1561 terrenis
895 1532 1019 1561 vinculis

195 1579 448 1615 constringuntur;
460 1579 569 1614 quibus
576 1586 683 1606 manus
695 1586 795 1606 eorum
807 1586 839 1605 ac
853 1578 941 1614 pedes
951 1586 1018 1605 cum

195 1623 276 1660 ligali
292 1623 419 1656 fuerunt,
430 1624 496 1658 post
508 1622 739 1658 justamjudieis
755 1622 944 1656 sententiam,
962 1622 1018 1657 ipsi

194 1667 297 1704 utpote
305 1667 434 1695 damnati
445 1667 604 1702 ejiciuntur
617 1666 645 1694 in
662 1667 798 1706 tenebras
814 1665 973 1694 exteriores
985 1666 1017 1694 ³⁸⁷.

194 1712 336 1748 Ligantur
352 1711 470 1747 quidem
484 1719 589 1738 manus
606 1710 642 1738 ob
658 1710 744 1744 facta,
761 1710 850 1746 pedes
873 1718 951 1745 vero,
982 1710 1017 1738 ob

194 1758 354 1785 incessum.
371 1755 444 1783 Nam
457 1755 552 1790 reipsa
566 1754 773 1790 unusquisque
785 1754 941 1790 stringitur
958 1763 1019 1790 pec-

198 1805 331 1830 catorum
342 1807 462 1828 suorum
480 1799 600 1831 catenis.
617 1799 657 1826 ita
686 1801 718 1826 ut
746 1799 878 1826 membra
903 1799 1021 1835 singula

197 1855 260 1882 quas
274 1847 426 1881 peccatum
442 1843 626 1876 admiserint,
643 1843 759 1879 proprio
775 1843 902 1878 quodam
919 1845 947 1870 et
970 1851 1020 1880 pe-

196 1889 298 1918 culiari
314 1888 429 1916 vinCUlo
441 1888 593 1916 frenentur
608 1890 636 1915 et
651 1887 861 1923 astringantur.
894 1888 938 1916 Vae
963 1887 1017 1923 igi—

195 1937 253 1968 tur,
270 1933 376 1969 inquit,
394 1933 439 1966 iis,
456 1933 505 1967 qui
521 1932 639 1960 trahunt
658 1937 770 1967 peccata
796 1932 876 1967 quasi
894 1933 1019 1966 funiculo

196 1979 285 2013 longo,
303 1978 357 2006 hoc
372 1979 428 2009 est,
441 1977 492 2013 qui
504 1976 610 2004 delicto
625 1976 714 2012 priori
727 1977 884 2010 secundas,
906 1977 1018 2010 tertias,

194 2025 222 2051 et
235 2022 308 2051 alias
322 2021 467 2058 gradatim
483 2021 660 2057 impietates,
686 2021 857 2056 injustitias,
884 2021 1020 2050 lascivias

197 2069 382 2097 connectunt.
400 2067 472 2094 Nam
489 2066 639 2102 oportebat
655 2073 704 2093 eos
720 2066 770 2101 qui
786 2065 868 2102 prius
897 2066 925 2093 in
953 2074 1019 2102 pec-

196 2113 269 2141 catis
285 2112 401 2139 t'uerant
415 2110 600 2147 deprehensi,
615 2110 715 2138 statim
737 2114 802 2146 post
828 2110 953 2145 primam
976 2111 1018 2138 vi-

191 2158 301 2185 tiorum
320 2155 549 2191 implieationem
567 2163 621 2182 sua
636 2154 768 2190 ipsorum
783 2157 904 2190 peccata
914 2155 1019 2191 delere,

193 2201 302 2229 nedum
323 2200 410 2227 malis
439 2199 496 2227 alia
522 2199 716 2234 adiungerent
744 2201 1017 2235 connecterentque.

192 2245 266 2272 Fieri
283 2244 403 2280 quidem
425 2251 482 2270 non
508 2245 603 2278 potest
632 2244 664 2269 ut
687 2251 744 2270 non
765 2245 865 2277 peccet
889 2242 1019 2271 humana

1084 286 1177 324 χώραν
1190 287 1240 321 τὴν
1257 285 1435 325 διαφέρουσαν
1451 290 1509 319 τοῖς
1525 287 1744 325 ἀπειλημμένοις
1771 289 1817 318 καὶ
1844 301 1905 319 κατ-

1084 331 1227 368 εχομένοις
1243 331 1294 358 ὑπὸ
1309 335 1358 366 τῆς
1377 333 1425 359 τοῦ
1446 331 1572 369 πολέμου
1600 333 1720 371 ἀνάγκης
1749 332 1904 371 μηλόϐοτον

1085 375 1136 402 ὑπὸ
1159 374 1268 410 πολλῆς
1292 376 1408 413 ἐρημίας
1431 376 1581 414 γενομένην
1605 376 1692 415 ἄρνες,
1713 379 1806 417 φησὶν,
1823 379 1905 407 ἐπινι-

1085 420 1226 455 μήσονται,
1244 419 1288 447 διὰ
1312 420 1342 447 τὸ
1373 419 1457 456 μηδὲν
1480 420 1606 458 λείψανον
1631 421 1748 454 παλαιᾶς
1773 423 1905 459 οίκήσεως

1083 463 1183 502 φέρειν,
1209 463 1281 492 ἀλλὰ
1307 465 1414 502 βαθεῖαν
1440 465 1485 493 καὶ
1510 465 1618 500 ἁπαλὴν
1644 467 1674 494 ἐκ
1701 470 1750 502 τῆς
1779 470 1835 495 τῶν
1864 468 1905 496 av.

1084 509 1199 546 θρώπων
1225 508 1340 546 ἐρημίας
1368 510 1417 544 τήν
1443 510 1512 537 πόαν
1533 510 1679 550 ἐκτρέφειν.
1696 511 1776 549 Τάχα
1805 511 1835 540 δε
1862 515 1903 541 καὶ

1082 555 1259 592 προφητικῶς
1276 554 1290 580 ὁ
1307 553 1388 592 λόγος
1404 553 1561 591 αἰνίσσεται,
1578 555 1620 582 ὅτι
1634 558 1687 583 τῶν
1712 554 1904 593 παραϐεϐηκό-

1081 607 1136 624 των
1164 597 1197 624 τὰ
1226 597 1285 624 Θεῖα
1321 598 1517 636 προστάγματα
1553 596 1739 634 ἐκϐληθέντων
1775 604 1827 636 τῆς
1855 612 1904 629 πα-

1082 641 1161 674 λαιᾶς
1185 641 1272 669 αὐτῶν
1297 641 1322 670 έν
1348 645 1407 674 τοῖς
1431 643 1518 680 ἁγίοις
1540 641 1688 682 διαγωγῆς,
1704 645 1787 681 ἡμεῖς
1817 646 1843 673 οἳ
1868 649 1904 682 τῷ

1082 687 1282 723 παραπτώματι
1303 686 1390 714 αὐτῶν
1415 687 1483 725 πρὸς
1509 687 1540 715 τὸ
1566 689 1686 723 σωθῆναι
1709 689 1903 726 οἲκονομηθέν-

1081 741 1135 764 τες,
1152 729 1227 768 ἄρνες
1242 731 1313 762 τινες
1330 729 1374 758 διὰ
1401 731 1432 759 τὸ
1452 732 1490 768 (2)
1507 731 1544 763 είς
1567 733 1617 767 τήν
1646 732 1736 761 πίστιν
1767 734 1899 772 ἀρτιγενὲς

1084 774 1283 812 ὀνομαζόμενοι
1297 778 1356 807 τοῖς
1371 778 1425 803 τῶν
1450 776 1664 814 ἀπειλημμένων
1694 777 1791 810 τόποις
1819 779 1900 807 ἐπινι-

1083 819 1200 856 μόμεθα,
1215 823 1266 854 τῆς
1291 823 1475 857 πνευματικῆς
1501 821 1547 848 καὶ
1577 821 1690 859 λογικῆς
1717 826 1824 862 τροφῆς
1852 827 1900 851 τῶν

1082 863 1184 902 λογίων
1199 866 1247 892 τοῦ
1263 864 1342 901 Θεοῦ,
1358 864 1414 892 οἷόν
1434 876 1510 897 τινος
1524 865 1592 898 πόας
1617 865 1725 902 ἁπαλῆς
1746 867 1900 896 ἀπολαύον-

1079 919 1132 940 τες.
1150 909 1199 938 Καὶ
1215 910 1229 936 ὁ
1245 909 1347 948 Κύριος
1363 908 1391 937 δὲ
1405 912 1468 941 τοὺς
1484 911 1631 948 ἀρτιγενεῖς
1645 911 1713 939 κατὰ
1733 913 1783 947 τὴν
1816 913 1898 941 πίστιν

1080 954 1160 991 ἄρνας
1182 955 1412 991 προσηγόρευσεν,
1437 955 1463 982 ἐν
1488 957 1527 991 τῷ
1553 954 1642 993 λέγειν
1670 955 1783 993 Πέτρῳυ
1811 958 1899 995 Σίμων

1080 997 1136 1036 Bap
1151 1000 1239 1032 Ἰωνᾶ,
1257 998 1346 1037 φιλεῖς
1362 1008 1411 1036 με,
1426 998 1508 1027 Βόσκε
1521 999 1554 1027 τὰ
1567 1000 1644 1038 ἀρνία
1662 1011 1724 1038 μοτ.

1117 1088 1177 1117 170.
1195 1086 1263 1116 Οὐαὶ
1279 1087 1305 1114 οἱ
1321 1087 1508 1125 ἐπισπώμενοι
1537 1088 1584 1120 τὰς
1612 1088 1746 1127 ἁμαρτίας
1772 1090 1810 1122 ὡς
1825 1101 1896 1129 σχοι-

1078 1132 1129 1168 νίῳ
1161 1134 1266 1169 μακρῷ,
1295 1131 1341 1159 καὶ
1370 1132 1407 1164 ὡς
1450 1132 1530 1171 ξιιγοῦ
1558 1134 1651 1170 ἱμάντι
1680 1132 1828 1171 δαμάλεως
1855 1135 1896 1167 τὰς

1078 1176 1193 1213 ἀνομίας
1317 1177 1342 1204 οἱ
1373 1176 1520 1214 λέγοντες·
1551 1178 1586 1205 Τὸ
1611 1177 1695 1216 τάχος
1726 1179 1858 1217 ἐγγισάτω
1883 1179 1896 1207 ἃ

1077 1222 1198 1256 ποιήσει,
1225 1220 1270 1248 ’ίνα
1307 1219 1433 1258 ἴδωμεν*
1462 1221 1507 1248 καὶ
1547 1221 1648 1254 ἐλθέτω
1677 1224 1694 1258 ἡ
1726 1223 1815 1261 βουλή
1853 1227 1895 1252 τοῦ

1078 1265 1153 1303 ἁγίου
1183 1264 1304 1303 Ἰσραὴλ,
1331 1264 1377 1293 ἵνα
1414 1268 1530 1303 γνῶμεν.
1560 1267 1593 1295 Ol
1632 1267 1829 1305 ἁμαρτάνοντες
1861 1268 1895 1296 δε-

1077 1309 1162 1345 σμοὺς
1179 1310 1283 1340 ἑαυτοῖς
1296 1310 1341 1337 καὶ
1371 1310 1481 1348 σχοινία
1509 1312 1550 1342 οἷς
1579 1310 1708 1348 δεδέμεθα
1737 1314 1894 1341 κατασκευά-

1077 1357 1169 1390 ζομεν,
1185 1354 1253 1381 κατὰ
1265 1355 1314 1389 τὴν
1332 1353 1479 1392 ἀναλογίαν
1493 1357 1541 1382 τοῦ
1570 1355 1693 1391 πλήθους
1722 1357 1739 1392 ἢ
1769 1359 1894 1395 μεγέθους

1074 1400 1127 1426 τῶν
1153 1399 1191 1434 (4)
1215 1399 1431 1436 ἁμαρτημάτων,
1448 1399 1465 1433 ἢ
1490 1399 1602 1435 μείζονα
1626 1400 1644 1435 ἦ
1671 1401 1820 1440 μικρότερα
1843 1403 1895 1430 ἔαυ-

1074 1445 1133 1474 τοῖς
1155 1444 1209 1470 τῶν
1231 1444 1328 1480 ψυχῶν
1351 1444 1384 1470 τὰ
1413 1442 1499 1480 δεσμὰ
1524 1443 1682 1478 πλέκοντες,
1700 1445 1744 1484 ὑφ’
1769 1447 1806 1473 ὢν
1835 1446 1896 1474 κατᾶ

1073 1487 1120 1514 τὸν
1136 1487 1268 1524 Ἱερεμίαν
1283 1486 1390 1524 δέσμιοι
1421 1487 1577 1526 ἐγινόμεθα.
1594 1489 1627 1517 Ol
1654 1488 1699 1516 οὖν
1728 1492 1896 1527 κεκρατημέ-

1073 1541 1115 1559 νοι
1133 1531 1184 1558 ὑπὸ
1209 1533 1257 1558 τοῦ
1283 1533 1458 1570 φρονήματος
1485 1536 1536 1567 τῆς
1563 1533 1672 1569 σαρκὸς,
1690 1533 1766 1560 οὗτοι
1794 1534 1897 1572 γηΐνοις

1075 1574 1185 1612 δεσμοῖς
1211 1575 1261 1603 sim.
1280 1575 1510 1613 κατειλημμένοι,
1536 1577 1578 1616 ὑφ’
1606 1578 1655 1613 ὧν,
1683 1578 1750 1613 μετᾶ
1775 1579 1825 1613 τήν
1855 1578 1895 1606 δι-

1074 1619 1150 1647 καίαν
1166 1622 1215 1648 τοῦ
1229 1622 1323 1658 κριτοῦ
1339 1618 1484 1658 ἀπόφασιν,
1503 1620 1621 1653 δεθέντες
1648 1624 1750 1659 χειρῶν
1773 1624 1819 1650 καὶ
1847 1633 1895 1650 πο-

1075 1663 1141 1699 δῶν,
1161 1664 1187 1691 οί
1203 1663 1440 1696 καταδικασθέντες
1470 1663 1652 1693 ἐκϐάλλονται
1681 1666 1718 1698 εἷς
1743 1667 1776 1694 τὸ
1805 1668 1896 1698 σκότος

1073 1709 1104 1736 τὸ
1133 1708 1278 1746 ἐξώτερον·
1296 1712 1397 1747 χειρῶν
1424 1710 1482 1746 μὶν,
1499 1708 1543 1738 διὰ
1563 1711 1595 1738 τὸ
1619 1711 1778 1749 πρακτικὸν,
1806 1710 1894 1739 ποδῶν

1075 1751 1175 1788 δὶ,δια
1201 1753 1233 1780 τὸ
1261 1754 1430 1790 πορευτικόν.
1449 1757 1557 1792 Σιιραῖς
1585 1754 1645 1794 γὰρ,
1674 1757 1714 1791 τῷ
1745 1753 1815 1791 ὄντι,
1844 1759 1893 1783 τῶν

1075 1796 1150 1825 ἰδίων
1180 1799 1319 1836 ἁμαρτιῶν
1357 1796 1470 1830 ἕκαστος
1502 1799 1654 1838 σφίγγεται,
1684 1799 1753 1828 ὥστε
1785 1798 1894 1828 ἕκαστον

1074 1844 1127 1869 τῶν
1143 1841 1344 1879 ἐνεργησάντων
1356 1842 1406 1876 τὴν
1422 1843 1555 1880 ἁμαρτίαν
1573 1841 1664 1880 μελῶν
1686 1842 1750 1880 ἰδίῳ
1774 1844 1829 1871 τινὶ
1858 1843 1894 1872 δε-

1075 1886 1136 1922 σμῷ
1159 1885 1346 1922 κολαζόμενον
1374 1888 1614 1924 κατασφίγγεσθαι.
1631 1887 1701 1916 Οὐαὶ
1726 1887 1785 1923 οὗν,
1803 1889 1892 1926 φησὶν,

1075 1931 1100 1957 οἱ
1129 1930 1314 1967 ἐπισπώμενοι
1340 1931 1387 1962 τὰς
1412 1931 1546 1969 ἁμαρτίας
1573 1932 1610 1963 ὡς
1638 1932 1754 1971 σχοινίῳ
1783 1936 1892 1970 μακρῷ“

1072 1975 1218 2012 τουτέστιν,
1235 1976 1261 2002 ot
1283 1976 1449 2013 συνείροντες
1471 1978 1511 2012 τῷ
1526 1978 1652 2014 προτέρῳ
1668 1977 1820 2013 πταίσματι
1837 1977 1893 2006 διό-

1072 2030 1136 2057 τερα
1151 2020 1194 2047 καὶ
1210 2020 1288 2054 τρίτα
1303 2021 1350 2057 (5),
1368 2020 1412 2047 καὶ
1438 2021 1559 2057 καθεξῆς,
1576 2019 1746 2058 ἀσεϐήματα,
1763 2022 1810 2049 καὶ
1839 2021 1892 2050 ἄδι-

1073 2065 1193 2101 κήματα,
1209 2065 1254 2092 καὶ
1274 2064 1496 2101 ἀκολαστήματα.
1513 2065 1586 2094 Ἔδει
1616 2067 1666 2104 γὰρ
1696 2066 1759 2098 τοὺς
1788 2067 1891 2105 προλη-

1074 2109 1185 2148 φθέντας
1211 2109 1236 2136 ἐν
1265 2111 1324 2140 ταῖς
1353 2110 1511 2147 ἁμαρτίαις,
1535 2110 1592 2138 ἀντὶ
1617 2113 1664 2138 τοῦ
1693 2111 1823 2148 σωρεύειν
1852 2111 1890 2139 καὶ

1073 2152 1259 2180 ἐπισυνάπτειν
1273 2156 1330 2184 τοῖς
1345 2157 1439 2185 κακοῖς
1462 2153 1549 2192 ἕτερα,
1567 2154 1643 2187 εὐθὺς
1665 2155 1717 2182 ἀπὸ
1741 2157 1793 2189 τῆς
1820 2157 1890 2193 πρώ-

1072 2208 1122 2233 της
1149 2199 1202 2225 τῶν
1230 2200 1319 2225 κακῶν
1344 2197 1452 2233 πλοκῆς
1482 2198 1624 2226 καταλύειν
1652 2200 1685 2227 τὰ
1701 2200 1890 2237 ἁμαρτήματα.

1073 2242 1119 2277 Μή
1136 2243 1264 2279 ἁμαρτεῖν
1290 2243 1338 2279 μὶν
1366 2243 1418 2280 γὰρ
1446 2244 1495 2278 τήν
1521 2243 1691 2281 ἀνθρωπίνην
1717 2244 1808 2283 φύσιν,
1825 2245 1890 2281 ἀμή-

193 2291 319 2317 natura:
336 2286 577 2323 quandoquidem
594 2294 651 2314 non
673 2289 718 2314 est
741 2287 842 2322 justus
871 2287 900 2315 in
930 2290 1016 2322 terra,

1077 2297 1165 2324 χανον·
1183 2285 1254 2314 διότι
1270 2286 1318 2314 οὐκ
1342 2286 1396 2314 ἔστι
1424 2286 1527 2319 δίκαιος
1557 2288 1600 2315 ἐπὶ
1625 2291 1674 2323 τῆς
1700 2282 1764 2326 γῆς,
1791 2289 1820 2320 ὅς
1845 2291 1888 2324 (5')

193 2333 244 2370 qui
259 2333 345 2361 faciat
361 2333 482 2364 bonum,
495 2334 522 2359 et
535 2340 552 2358 a
573 2333 692 2366 peccato
721 2331 866 2359 abstineat
892 2331 924 2358 ³⁸.
945 2332 1017 2359 Fieri

192 2381 290 2406 tamen
307 2379 412 2412 potest,
427 2378 459 2403 ut
470 2376 505 2403 de
521 2378 638 2411 peccato
655 2383 706 2411 per
734 2375 945 2411 proclivitatem
974 2375 1018 2404 vel

191 2431 243 2459 per
258 2421 439 2450 insidiatoris
449 2420 541 2448 nostri
558 2420 721 2456 impulsum
747 2421 918 2453 commisso,
948 2429 1016 2449 con-

190 2467 288 2496 festim
300 2468 412 2494 mutata
428 2465 572 2494 sententia
587 2473 709 2501 agamus
725 2465 937 2501 paenitentiam,
964 2474 1016 2494 nec

1073 2333 1181 2367 ποιήσει
1196 2331 1306 2369 ἀγαθὸν,
1321 2331 1366 2359 καὶ
1382 2332 1434 2370 οὐχ
1450 2333 1645 2370 ἁμαρτήσεται.
1663 2333 1779 2361 Δυνατὸν
1797 2333 1888 2370 δὶ,ἆπὸ

1071 2379 1119 2404 τοῦ
1161 2377 1289 2414 ἁμαρτεῖν
1316 2377 1383 2404 κατὰ
1408 2376 1570 2415 προπέτειαν
1597 2377 1615 2412 ἢ
1645 2379 1820 2416 συναρπαγὴν
1846 2379 1889 2405 τοῦ

1072 2418 1297 2452 ἐπιϐουλεύοντος
1321 2422 1399 2457 ἡμῖν,
1416 2420 1494 2454 εὐθὺς
1523 2419 1784 2458 μεταϐαλλομένους
1812 2432 1888 2459 μετα-

1071 2467 1153 2500 νοεῖν,
1173 2464 1218 2492 καί
1247 2466 1284 2502 μὴ
1314 2465 1487 2504 ἐπισωρεύειν
1514 2466 1583 2494 κακὰ
1609 2469 1714 2498 κακοῖς.
1729 2468 1810 2504 "Qa-sp
1838 2467 1884 2503 γὰρ

227 2558 249 2576 ³⁵
263 2559 348 2586 Joan.
365 2564 422 2590 xxn,
438 2555 482 2583 45.
520 2555 655 2583 ³⁵Τὶιιιθιι.
672 2563 716 2590 ιιι,
731 2555 765 2582 34
814 2555 835 2572 ³⁷
850 2555 952 2583 Matth.
974 2564 1029 2584 xxu

1079 2556 1105 2584 3.
1120 2556 1143 2574 ³⁸
1159 2555 1234 2584 Psal.
1246 2564 1308 2590 xui,
1325 2556 1352 2584 3.

226 2658 265 2694 (2)
281 2657 407 2694 Uterque
417 2655 509 2689 Colb.,
526 2652 712 2694 8L§l_'f§p'r,8é.

226 2689 263 2729 (3)
279 2694 325 2729 Sic
340 2689 407 2729 libri
417 2694 536 2729 veteres.
558 2689 636 2718 Editi
658 2699 735 2724 vero,
765 2689 896 2727 ἁμαρτίας
924 2689 1012 2718 αὐτῶν

189 2726 260 2762 ὡς,.ξ
276 2726 420 2763 δαμάλεως
435 2726 642 2765 τὰςλὰμαρτιας.

226 2760 264 2800 (la)
387 2762 454 2789 κατὰ
468 2760 688 2800 τίῆνξλὰναλογίαν-
709 2761 740 2800 If:
754 2761 802 2800 τῇς
819 2761 948 2800 πτώσεως
962 2761 1010 2800 te};

188 2795 323 2834 πλῆθους.
342 2795 467 2834 Uterque
475 2797 566 2830 Colb.,
579 2795 647 2824 κατὰ
660 2797 709 2831 τὴν
721 2795 866 2833 ἀναλογίαν
891 2800 940 2831 τῆς
969 2797 1011 2824 πί-

189 2833 271 2866 στεως
286 2834 303 2869 ἢ
323 2834 449 2872 μεγέθους
465 2835 529 2866 τῶν,
545 2835 600 2862 etc.
629 2834 695 2869 Reg.
725 2833 870 2861 secundus
893 2834 1010 2862 brevius

1067 2656 1262 2692 quidem,sed
1293 2656 1366 2684 satis
1392 2657 1469 2692 apte,
1493 2655 1560 2683 κατὰ
1588 2655 1638 2689 τήν
1669 2655 1816 2692 ἀναλογίαν
1838 2657 1883 2688 τῆς

1066 2692 1196 2722 πτώσεως
1211 2691 1229 2725 ἢ
1249 2692 1368 2727 μείζονα,
1384 2691 1433 2727 pro
1444 2692 1552 2720 ratione
1565 2700 1657 2726 casus,
1669 2694 1726 2720 etc.
1762 2691 1884 2727 Denique

1066 2730 1150 2755 vetus
1161 2728 1326 2756 Combeﬁsii
1335 2726 1430 2764 codex
1447 2730 1474 2756 et
1490 2727 1560 2763 Reg.
1573 2730 1697 2764 quartus
1719 2728 1771 2762 ita,
1801 2730 1834 2756 ut
1845 2726 1882 2754 'in

1066 2766 1205 2791 contextu
1221 2764 1318 2791 videre
1334 2763 1410 2791 licet.

1101 2799 1139 2834 (5)
1150 2798 1270 2836 Veteres
1285 2798 1508 2836 quinqueilibri,
1524 2798 1612 2836 τρίτα.
1630 2799 1720 2834 Editi,
1740 2798 1812 2836 τρία.

1102 2835 1154 2870 (5⁸)
1167 2835 1225 2865 Ὃς.
1239 2835 1325 2870 Editi,
1342 2834 1379 2866 ὡς
1407 2835 1486 2864 Ευιτ.
