1995 3142
203 153 264 182 443

673 153 870 184 APPENDIX
893 152 1055 183 OPERUM
1078 153 1112 183 S.
1133 152 1275 183 BASILII
1296 152 1434 183 MAGNI.

1840 149 1895 179 UH

204 217 286 245 latim
303 217 401 251 choro,
423 218 532 253 singuli
556 218 674 254 quidem
697 219 868 246 commutati
894 222 973 249 sunt.
999 221 1028 246 et

1088 228 1145 245 πον
1162 216 1306 254 διαμένειν,
1320 216 1393 245 ἀλλὰ
1407 219 1447 253 τῷ
1459 217 1508 251 τὴν
1533 215 1716 254 προσηγορίαν
1739 213 1778 250 τῷ
1805 214 1896 248 συστή-

203 265 301 290 tamen
317 263 424 290 chorus
441 263 574 290 eamdem
590 266 686 290 servat
702 263 1029 299 appellationem.llunc

203 308 280 335 520
295 307 331 334 ad
360 309 481 334 modum
508 311 535 335 et
560 307 662 335 civitas
687 308 799 341 eadem,
829 310 857 335 et
886 308 1030 336 exercitus

203 352 280 379 idem
299 360 363 379 esse
378 352 494 384 dicitur,
512 361 569 379 non
585 354 663 388 quod
692 352 801 388 singuli
827 355 1028 388 permaneant,

204 396 254 423 sed
267 396 344 431 quod
363 398 453 423 cmtus
470 405 575 424 nomen
593 397 669 424 idem
698 400 802 424 servet.
829 397 893 424 Pari
918 397 1030 425 ratione

206 441 278 469 nihil
297 441 431 476 prohibet
454 441 541 468 etiam
568 450 646 469 nunc
672 441 812 477 populum
838 442 886 478 qui
915 442 1029 469 vivente

1085 273 1149 298 ματι
1173 264 1222 296 τὴν
1249 263 1331 296 αὐτὴν
1359 261 1547 296 διασώζεσθαι.
1577 261 1669 291 Οὕτως
1699 258 1773 287 οὐδὲ]
1802 257 1895 286 κωλύει

1083 307 1126 334 καὶ
1142 310 1186 334 νῦν
1211 307 1256 334 τὸν
1279 307 1323 334 ἓπὶ
1346 308 1394 333 τοῦ
1416 305 1527 334 Ἡσαΐου
1553 305 1693 335 δεικτικῶς
1717 302 1896 341 θεωρούμενον

1083 351 1149 378 λαὸν
1165 352 1210 379 τὸν
1228 350 1305 378 αὑτὸν
1331 351 1398 378 εἶναι
1425 350 1469 377 καῖ
1492 349 1535 377 ἐπὶ
1550 353 1600 377 τοῦ
1624 349 1734 386 Κυρίου,
1750 348 1780 375 οὐ
1796 349 1829 384 τῇ
1845 346 1898 373 3:1-

1085 398 1154 433 μονῇ
1184 398 1235 423 τῶν
1261 396 1320 427 καθ’
1348 395 1472 431 ἕκαστον,
1497 393 1570 422 ἀλλὰ
1597 396 1631 431 τῇ
1656 395 1735 430 κοινῇ
1750 395 1801 420 τοῦ
1816 391 1899 421 ἔθνους

1085 440 1226 477 ὀνομασίᾳ.

208 485 283 513 Isaia
298 486 525 513 demonstrative
541 487 786 521 conspiciebatur,
804 488 939 515 eumdem
961 487 1049 514 etiam
1067 486 1157 514 fuisse
1171 487 1222 522 qui
1237 487 1353 514 Domini
1368 489 1499 522 tempore
1519 485 1584 521 fuit,
1614 493 1671 512 non
1696 483 1776 519 quod
1801 481 1902 517 singuli

206 530 379 565 superstites
396 530 514 563 fuerint,
536 531 585 557 sed
603 532 679 566 quod
697 539 854 559 commune
863 531 959 567 gentis
976 539 1081 558 nomen
1097 531 1301 566 permanserit.

243 574 303 600 190.
329 573 417 601 Vens.
443 574 536 601 11-13.
562 575 599 602 Et
627 575 698 609 dixi,
724 575 875 610 Quousque,
899 576 1031 603 Domine?

206 619 240 644 Et
259 617 350 645 dixit:
382 621 473 646 Donec
491 618 645 646 desolentur
670 621 806 652 civitates,
829 627 859 647 eo
885 620 954 655 quod
975 627 1031 647 non

206 662 375 695 habitem-tur,
396 664 421 689 et
445 662 549 691 domus.
573 671 605 690 eo
630 663 705 698 quod
727 671 781 690 non
803 665 859 690 sint
880 663 1029 690 homines:

208 709 233 732 et
249 710 322 733 terra
336 706 544 741 deretinquetur
558 707 672 734 deserta.
689 708 720 734 Et
736 712 795 742 post
818 707 874 734 hac
892 707 1031 742 etongabit

206 750 276 777 Deus
292 750 426 784 homines,
443 756 468 778 et
482 752 530 785 qui
543 752 634 778 relicti
659 752 776 786 fuerint,
801 752 1031 787 multiplicabun-

207 797 254 821 tur
262 803 344 830 super
354 800 464 822 terram.
478 798 510 823 Et
521 795 609 823 adhuc
621 797 650 823 in
660 805 692 824 ea
705 799 744 824 est
754 797 902 824 decimutio
912 805 918 824 ι
929 799 956 824 et
966 804 1030 823 rur-

207 831 269 866 sum
284 840 338 866 erit
353 840 383 866 in
398 840 588 875 direptionem,
617 842 688 868 sicut
711 841 891 876 terebinthus,
913 844 939 868 et
962 842 1031 868 sicut

208 884 336 918 balanus,
352 884 459 919 quando
474 885 607 913 exciderit
626 894 640 912 e
664 886 739 913 theca
763 893 823 913 sua.
850 886 947 913 Semen
966 894 1030 912 san-
1047 895 1069 927 Β

207 931 291 962 ctum,
308 929 503 963 fulcimentum
518 930 585 963 eius.
605 930 848 966 Quandoquidem
863 939 927 965 qua:
943 939 959 956 a
976 933 1030 957 Do-

209 973 289 1000 mino
305 973 436 1009 exposita
448 977 517 1001 sunt
534 975 624 1008 Isaits,
640 975 735 1002 tristia
751 977 832 1002 erant
847 983 879 1001 ac
891 975 1030 1008 molesta;

210 1019 290 1044 ratus
301 1017 447 1052 judicium
472 1017 543 1046 illud
571 1018 749 1046 inexorabile
773 1027 848 1052 esse,
874 1028 925 1047 nec
948 1019 1031 1046 vitari

209 1069 306 1096 posse,
323 1065 465 1097 quantum
482 1066 558 1091 certe
572 1064 688 1092 abesset
703 1064 739 1091 ab
755 1072 788 1091 eo
805 1067 944 1099 tempore,
974 1072 1032 1099 quo

210 1105 311 1133 isthaac
325 1106 397 1142 ipsis
413 1106 521 1134 muleta
537 1111 615 1135 esset
629 1108 797 1143 intligenda,
807 1109 918 1136 edoceri
932 1111 1032 1144 postu-

211 1149 262 1178 lat.
283 1150 424 1178 Caeterum
441 1152 501 1179 haec
516 1152 593 1180 clare
608 1153 755 1188 pertinent
780 1153 813 1180 ad
840 1153 954 1189 imperii
980 1153 1033 1180 Ro~

210 1195 289 1222 mani
306 1198 447 1231 tempora.
465 1196 624 1231 Postquam
640 1198 718 1224 enim
734 1206 792 1225 non
808 1198 964 1225 audierunt
979 1197 1032 1225 Do-

210 1239 282 1266 mini
304 1240 400 1274 verba,
427 1240 642 1276 nolueruntque
667 1242 730 1276 ejus
755 1242 897 1270 miracula
921 1242 1032 1270 viribus

210 1283 350 1311 humanis
376 1285 488 1319 majora
514 1285 606 1313 oculis
631 1285 777 1314 benevolis
800 1286 920 1321 intueri,
945 1287 1030 1314 deso-

211 1327 275 1355 latze
291 1331 361 1355 sunt
378 1329 476 1363 urbes,
499 1330 576 1365 quod
602 1338 657 1357 non
688 1331 902 1365 habitarentur,
929 1334 958 1358 et
980 1332 1031 1358 do-

211 1381 288 1407 mus,
305 1373 381 1408 quod
398 1382 455 1400 non
470 1376 569 1401 essent
585 1375 728 1409 homines,
745 1378 773 1402 et
788 1377 864 1403 terra
879 1375 979 1402 relicta
988 1377 1033 1402 est

211 1417 334 1451 deserta,
352 1417 568 1446 habitatoribus
588 1419 674 1451 fame,
690 1419 800 1454 exsilio,
819 1423 847 1447 et
865 1419 1032 1455 captivitate

211 1460 404 1496 interemptis.
429 1462 509 1494 Quod
540 1465 637 1490 autem
660 1464 858 1500 subjungitur.
885 1465 949 1492 Post
976 1464 1033 1491 haee

211 1505 349 1540 elongabit
367 1506 434 1533 Deus
449 1509 583 1542 homines,
609 1508 637 1535 id
653 1517 717 1536 mea
740 1509 885 1536 sententia
910 1509 1032 1536 refertur

211 1549 248 1576 ad
277 1549 519 1578 abalienationem
543 1552 711 1580 Judaeorum
734 1562 750 1580 a
772 1553 840 1587 Deo,
866 1553 974 1589 quibus
997 1561 1032 1581 ex

1123 575 1182 602 190.
1212 574 1262 602 Καὶ
1293 573 1372 600 εἶπα·
1403 574 1473 604 Ἕως
1502 573 1578 606 πότε,
1609 573 1709 608 Κύριε;
1736 571 1788 598 Καὶ
1820 569 1902 603 εἶπεν,

1086 619 1156 649 Ἐως
1187 617 1216 645 ἃν
1245 618 1408 656 ἐρημωθῶσι
1435 617 1530 648 πόλεις
1559 617 1632 652 παρὰ
1657 616 1689 643 τὸ
1707 616 1744 651 μὴ
1771 616 1900 641 κατοικεῖ-

1086 663 1161 695 σθαι,
1187 663 1230 690 καὶ
1255 663 1325 690 οἶκοι
1354 662 1427 700 παρὰ
1453 663 1484 689 τὸ
1511 662 1549 698 μὴ
1575 661 1641 689 εἶναι
1664 659 1837 697 ἅνθρώπους,
1864 657 1902 685 καὶ

1085 708 1102 741 ἡ
1138 710 1172 744 γῆ
1212 707 1456 745 καταλειφθήσεται
1492 705 1607 743 ἔρημος.
1647 705 1697 734 Καὶ
1739 704 1808 740 μιτά
1830 704 1903 729 ruina

1087 755 1215 789 μακρυνεῖ
1245 752 1258 779 ὁ
1299 752 1364 783 Θεὸς
1396 750 1458 782 τοὺς
1488 750 1668 788 ἀνθρώπους,
1698 749 1743 776 καὶ
1775 747 1803 775 οἵ
1829 756 1902 774 κατα-

1085 797 1236 835 κειφθὲντες
1266 796 1504 831 πληθυνϐήσονται
1533 794 1577 822 ἐπὶ
1606 797 1655 828 τῆς
1685 797 1736 831 γῆς
1754 814 1760 820 .
1795 791 1853 835 Καίἓ
1870 789 1902 817 ἔτι

1086 833 1237 874 ἄπ’Ἶαύτῆς
1266 840 1320 868 ἐστι
1348 841 1379 868 τὸ
1417 839 1599 867 ὶπιδὲκατον·
1635 838 1680 865 καὶ
1719 837 1805 864 πάλιν
1841 833 1903 862 ἔσται

1086 885 1123 915 εἱς
1158 896 1325 922 προνομην⁷
1360 885 1398 915 ὼς
1430 881 1594 921 τερέϐινθος.
1628 882 1673 910 καὶ
1707 882 1744 912 ὡς
1783 881 1901 918 βάλανος,

1086 931 1148 957 ὅταν
1176 929 1274 966 bruta-9
1303 929 1332 957 ἐκ
1358 933 1409 963 τῆς
1438 930 1524 964 θήκης
1552 928 1646 962 αὐτῆς.
1678 925 1795 963 Σπέρμα
1826 926 1902 962 ἅγιον,

1085 975 1116 1002 τὸ
1150 974 1284 1010 στήλωμα
1317 975 1414 1008 αὐτῆς.
1444 972 1555 1007 Ἐπιιδή
1583 971 1730 1009 σκυθρωπά
1756 970 1790 997 τὰ
1810 968 1903 1005 διηγη-

1087 1019 1166 1051 θὲντα
1186 1019 1218 1053 ἦν
1246 1019 1319 1055 παρὰ
1341 1021 1389 1046 τοῦ
1415 1018 1523 1056 Κυρίου,
1547 1016 1731 1054 ἀπαραίτητον
1746 1016 1797 1049 τὴν
1824 1013 1902 1051 κρίσιν

1087 1063 1250 1100 ἡγούμενος,
1267 1063 1312 1091 τὸν
1328 1066 1393 1101 γοῦν
1410 1063 1510 1100 χρόνον
1526 1061 1609 1092 πόσος
1627 1060 1709 1093 ἐστὶν,
1725 1059 1750 1086 ἰν
1773 1059 1796 1094 ᾦ
1823 1059 1840 1092 ἡ
1862 1067 1902 1084 κα-

1085 1107 1183 1143 ταδίκη
1204 1108 1298 1139 αὐτοῖς
1326 1108 1392 1143 αὕτη
1417 1107 1616 1142 ἑπιτεθήσεται,
1635 1105 1706 1140 ἀξιοῖ
1735 1103 1901 1141 διδαχθῆναι.

1089 1157 1186 1193 Σαφῶς
1211 1156 1294 1182 ταῦτα
1318 1153 1361 1181 ἐπὶ
1385 1153 1450 1184 τοὺς
1473 1152 1590 1190 χρόνους
1605 1155 1655 1186 τῆς
1678 1151 1836 1186 Ῥωμαϊκῆς
1863 1147 1901 1175 δυ-

1086 1199 1208 1230 ναστείας
1233 1198 1331 1226 λοιπὸν
1356 1199 1526 1236 ἀναφέρεται.
1548 1196 1623 1225 Μετὰ
1647 1196 1699 1233 γὰρ
1722 1195 1754 1222 τὸ
1774 1195 1812 1231 μὴ
1829 1194 1902 1221 ἀκοῦ-

1088 1253 1130 1270 σαι
1145 1245 1198 1271 τῶν
1216 1243 1345 1281 ῥημάτων
1361 1245 1409 1270 τοῦ
1425 1241 1535 1279 Κυρίου,
1560 1241 1606 1268 καὶ
1633 1241 1670 1276 μὴ
1688 1238 1801 1274 θελῆσαι
1817 1237 1903 1266 ἐνιδεῖν

1088 1287 1242 1326 ὀφθαλμοῖς
1266 1287 1417 1325 εὐγνώμοσι
1445 1287 1478 1314 τὰ
1508 1286 1574 1324 ὑπὲρ
1602 1284 1743 1322 ἄνθρωπον
1763 1283 1847 1310 αὐτοῦ
1868 1292 1902 1309 τε-

1087 1333 1193 1369 ράστια,
1217 1331 1406 1369 ἠρημώθησαν
1432 1331 1459 1358 αἱ
1483 1330 1588 1365 πόλεις,
1613 1330 1686 1366 παρά
1708 1329 1740 1356 τὸ
1757 1328 1795 1364 μὴ
1818 1337 1901 1354 κατοι-

1086 1378 1200 1411 κεῖσθαι,
1217 1377 1262 1404 καὶ
1279 1377 1359 1410 οἶκοι,
1383 1376 1456 1412 παρὰ
1476 1376 1507 1403 τὸ
1532 1376 1569 1412 μὴ
1590 1375 1655 1402 εἶναι
1671 1373 1842 1410 ἀνθρώπους,
1865 1370 1902 1398 καὶ

1087 1422 1103 1456 ἠ
1121 1425 1156 1458 γῆ
1172 1422 1336 1460 κατελείφθη
1349 1419 1463 1458 ἔρημος,
1480 1420 1557 1456 λιμῷ
1571 1419 1616 1447 καὶ
1633 1420 1731 1458 φυγαῖς
1745 1417 1790 1444 καὶ
1807 1416 1901 1453 αἰχμα-

1087 1465 1174 1501 λωσίᾳ
1188 1468 1241 1493 τῶν
1258 1465 1412 1503 οἰκητόρων
1430 1465 1646 1496 θανατωθὲντων.
1663 1463 1700 1491 Τὸ
1725 1461 1754 1489 δὶ
1774 1461 1901 1497 ἐπαγόμε-

1086 1522 1143 1545 νον,
1160 1510 1200 1538 ὅτι
1219 1511 1289 1538 Μετᾶ
1317 1512 1400 1538 ταῦτα
1430 1511 1559 1546 μακρυνεῖ
1581 1509 1595 1536 ὁ
1624 1507 1688 1538 Θεὸς
1712 1505 1779 1535 τοὺς
1806 1504 1899 1541 ἀνθρώ-

1086 1566 1166 1591 πους,
1182 1554 1357 1593 ἀναφὲρεσθαί
1383 1565 1430 1590 μοι
1457 1552 1532 1581 δοκεῖ
1561 1552 1603 1580 ἐπὶ
1624 1553 1673 1586 τὴν
1702 1552 1755 1578 τῶν
1772 1548 1901 1577 Ἰουδαίων

213 1596 293 1628 parte
308 1594 429 1630 contigit
441 1596 567 1630 caecitas,
583 1599 615 1623 ut
638 1599 769 1633 gentium
795 1588 918 1626 intraret
939 1598 1030 1633 pleni-

1088 1599 1140 1627 ἀπὸ
1154 1588 1203 1627 τοῦ
1219 1588 1285 1627 Θεου
1311 1588 1505 1636 ἀλλοτρίωσιν,
1533 1598 1575 1628 οἷς
1591 1598 1645 1634 (37)
1659 1595 1712 1623 ἀπὸ
1729 1595 1828 1632 μίρους
1851 1592 1899 1630 ἑγὲι

211 1638 282 1665 tudo
298 1638 330 1665 ³¹.
347 1639 400 1665 Sed
419 1639 449 1666 Et
466 1641 523 1675 qui,
550 1640 656 1677 inquit,
679 1643 771 1670 relicti
792 1644 906 1677 fuerint,
930 1643 1032 1670 multi-

210 1683 399 1719 plicabuntur.
430 1684 553 1716 Quinam
590 1686 680 1722 igitur
710 1687 739 1714 hi
756 1687 849 1715 sunt?
871 1688 911 1715 An
935 1687 966 1722 ii,
998 1688 1033 1715 de

214 1727 323 1763 quibus
340 1728 495 1762 Apostolus
508 1730 600 1758 dixit:
618 1731 755 1767 Reliquiae
764 1732 913 1759 secundum
923 1733 1033 1760 electio-

213 1780 275 1800 nem
290 1773 398 1808 gratiat’
410 1774 493 1808 facite
517 1777 580 1802 sunt
594 1775 617 1792 ⁸2
633 1784 639 1804 :
666 1776 716 1811 qui
743 1777 832 1804 etiam
861 1776 1034 1812 multiplica-

213 1818 324 1844 buntur
339 1826 427 1854 super
443 1820 559 1854 terram,
577 1822 609 1847 ut
622 1820 809 1848 inveniantur
829 1822 879 1856 qui
896 1821 1034 1856 deinceps

212 1871 264 1899 per
278 1872 393 1891 omnem
410 1867 517 1891 terram
535 1864 721 1900 Evangelium
750 1865 858 1893 Christi
880 1865 1035 1892 ediscant?

213 1908 271 1936 Etsi
288 1908 365 1935 enim
382 1908 410 1936 id
428 1909 503 1944 quod
514 1909 849 1944 omnislsraelinquirit,
860 1912 1034 1937 consecutus

215 1961 270 1980 non
287 1956 341 1987 est,
358 1955 387 1980 at
406 1956 483 1980 certe
508 1955 666 1981 consecuta
688 1956 731 1981 est
757 1955 858 1982 electio
883 1963 984 1982 eorum
999 1955 1033 1990 ³³,

214 1997 250 2024 de
265 1997 372 2032 quibus
388 1997 459 2024 dixit
487 1997 573 2026 Elite:
595 1998 703 2034 Reliqui
726 1999 795 2026 mihi
817 2002 918 2033 septem
940 1999 1034 2026 millia

213 2043 347 2075 virorum,
363 2043 413 2078 qui
427 2050 480 2070 non
503 2047 695 2071 curvaverunt
716 2052 805 2078 genua
828 2048 890 2071 ante
916 2045 985 2071 Baal
1000 2044 1034 2071 ³⁵.

212 2087 247 2114 Hi
263 2086 352 2123 igitur
366 2089 446 2121 sunt,
463 2087 498 2114 de
513 2087 621 2123 quibus
637 2087 746 2115 dictum
763 2090 808 2116 est
824 2097 830 2116 :
846 2089 878 2116 Et
902 2088 991 2116 adhuc
1006 2089 1035 2116 in

212 2139 245 2159 ea
259 2133 312 2159 erit
327 2132 486 2160 decimatio.
511 2132 587 2159 Illud
618 2134 727 2168 autem,
753 2133 784 2160 Et
811 2141 908 2160 rursus
932 2135 985 2161 erit
1005 2134 1036 2160 in

212 2176 406 2211 direptionem,
431 2177 500 2204 sicut
532 2177 711 2212 terebinthus,
740 2179 767 2204 et
799 2179 870 2205 sicut
905 2178 1035 2213 balanus,

215 2220 320 2255 quando
335 2221 469 2248 exciderit
482 2229 497 2248 e
511 2221 589 2248 theca
604 2229 663 2254 sua,
681 2222 818 2256 ostendit,
835 2222 878 2250 uti
899 2222 1035 2257 arbitror,

215 2264 353 2292 Judaicos
365 2265 438 2292 ritus
448 2265 476 2292 in
492 2265 691 2301 evangelicum
708 2266 875 2294 institutum
892 2275 956 2295 esse
967 2275 1037 2302 pau-
1053 2279 1077 2310 Ι)

214 2308 297 2336 latim
307 2309 519 2337 immutaudos.
537 2309 580 2337 llli
595 2310 673 2338 enim
689 2313 759 2338 sunt
774 2310 879 2338 iterum
895 2311 931 2338 ad
944 2319 1036 2347 popu-

213 2352 350 2381 lationem
371 2354 577 2390 congregandi,
608 2355 684 2382 sicut
706 2355 854 2391 colligitur
876 2355 1034 2383 terebinthi

213 2397 337 2433 fructus,
353 2400 382 2425 et
396 2398 473 2426 sicut
487 2397 611 2427 balanus
624 2399 685 2434 jam
697 2399 733 2427 ad
749 2399 950 2427 collectionem
972 2408 1035 2427 ma-

211 2444 288 2470 tura.
313 2443 392 2470 Tunc
419 2443 497 2471 enim
526 2443 686 2471 exsolvitur
709 2444 798 2472 theca:
823 2453 881 2472 suae
906 2444 1036 2480 vinculo,

214 2489 314 2522 utpote
339 2488 399 2523 jam
426 2496 582 2524 progressu
606 2489 749 2524 temporis
774 2492 923 2525 concocta,
948 2492 977 2517 et
1000 2490 1036 2518 ad

214 2540 298 2560 suam
315 2532 521 2568 perfectionem
542 2533 692 2568 perducta.
721 2534 774 2560 Sed
800 2533 887 2561 etiam
913 2533 1038 2562 fortasse

214 2580 366 2614 propterea
381 2578 458 2613 quod
475 2586 492 2605 a
506 2578 624 2613 regione
637 2577 760 2606 Judaica
775 2577 947 2614 exciderint,
972 2579 1037 2607 fue-

1085 1655 1146 1671 νετο
1162 1644 1302 1681 πώρωσις,
1329 1643 1375 1670 ἵνα
1402 1643 1433 1670 τὸ
1460 1641 1602 1680 πλήρωμα
1617 1641 1668 1668 τῶν
1685 1639 1768 1672 ἐθνῶν
1791 1637 1898 1672 εἰσέλθῃ.

1086 1688 1177 1716 Ἀλλὰ
1199 1689 1250 1716 Καὶ
1279 1687 1307 1715 οῗ
1334 1685 1566 1725 καταλειφθέντες,
1595 1685 1672 1724 φησὶ,
1701 1683 1899 1719 πληθυνθῆσον-

1086 1743 1141 1762 ται.
1167 1732 1244 1763 Τίνες
1268 1733 1314 1760 οὖν
1331 1731 1397 1759 εἰσιν
1425 1731 1517 1765 οὗτοι;
1532 1731 1565 1759 Ἣ
1582 1729 1643 1767 περὶ
1659 1728 1785 1756 ὦν”εϊπεν
1802 1728 1816 1755 ὁ
1832 1728 1901 1753 Ἀπο-

1088 1777 1198 1811 στολος,
1214 1777 1255 1804 ὅτι
1284 1779 1395 1813 Λεῖμμα
1421 1776 1479 1803 κατ’
1509 1775 1625 1812 ἐκλογὴν
1653 1773 1766 1810 χάριτος
1793 1772 1900 1810 γέγονεν,

1089 1820 1187 1852 οἷίτινες
1202 1821 1245 1848 καὶ
1263 1819 1503 1856 πληθυνθήσονταί
1519 1819 1561 1846 ἐπὶ
1574 1822 1623 1853 τῆς
1637 1821 1700 1855 γῆς,
1716 1819 1756 1853 τῷ
1773 1816 1812 1847 εἷς
1828 1817 1902 1843 πᾶσαν

1088 1868 1144 1902 (38)
1159 1866 1209 1899 τήν
1225 1869 1277 1903 γῆν
1302 1864 1400 1892 λοιπὸν
1423 1864 1490 1892 εἶναι
1519 1862 1582 1894 τοὺς
1614 1860 1847 1899 μαθητιυομὲνους
1867 1860 1900 1893 τῷ

1089 1909 1245 1948 Εὖαγγελίῳ
1273 1912 1321 1938 τοῦ
1337 1911 1473 1947 Χριστοῦς
1501 1908 1533 1937 Εἰ
1563 1908 1615 1945 γὰρ
1642 1906 1688 1934 καὶ
1715 1906 1766 1933 οὐκ
1783 1904 1899 1940 ἐπέτυχεν

1089 1954 1104 1982 ὅ
1131 1954 1254 1990 ἐπιζητεῖ
1280 1955 1294 1982 ὁ
1320 1957 1372 1985 πΞς
1401 1952 1523 1990 Ἰσραὴλ,
1540 1951 1603 1980 ἀλλ’
1622 1953 1640 1986 ἡ
1664 1950 1767 1988 ἐκλογὴ
1787 1950 1899 1985 ἐπέτυχε,

1089 1999 1150 2038 περὶ
1180 2000 1215 2026 ὧν
1246 2010 1312 2036 φησι
1339 2001 1378 2034 τῷ
1406 1997 1493 2033 Ἠλίᾳ·
1525 1997 1678 2025 Κατέλιπον
1707 1996 1818 2031 ἐμαυτῷ
1832 1993 1900 2038 ἑτι-ταί

1088 2043 1245 2082 κισχιλίους
1270 2042 1379 2081 ἄνδρας,
1417 2041 1514 2072 οἵτινες
1551 2041 1600 2069 οὐκ
1633 2039 1756 2079 ἔκαμψαν
1785 2039 1850 2077 γόνυ

1089 2088 1172 2117 Βάαλ.
1200 2089 1283 2117 Οὗτοι
1313 2087 1359 2116 οὖν
1389 2087 1452 2122 εἶσι,
1481 2086 1542 2125 περὶ
1558 2087 1594 2113 ὧν
1615 2083 1732 2124 εἴρηται·
1750 2083 1799 2111 Καὶ
1816 2083 1852 2111 ἔτι
1868 2081 1901 2109 ἑπ¹

1089 2133 1172 2168 αὐτῆς
1204 2130 1276 2160 ἔσται
1318 2132 1350 2160 τὸ
1388 2130 1556 2160 ἐπιδέκατον.
1593 2131 1632 2159 Τὸ
1670 2128 1709 2163 δὶ,
1745 2128 1795 2156 Καὶ
1830 2125 1901 2155 πάλιν

1090 2176 1162 2205 ἔσται
1187 2177 1225 2208 εἲς
1250 2176 1405 2214 προνομὴν,
1435 2176 1473 2203 ὼο
1501 2172 1666 2213 τερέϐινθος,
1694 2173 1739 2201 καὶ
1765 2173 1804 2204 ὼς
1827 2171 1900 2210 βάλα-

1089 2233 1144 2256 νος,
1172 2221 1234 2249 ὅταν
1265 2221 1363 2259 ἒκπὲσῃ
1392 2220 1422 2248 ἐκ
1449 2224 1499 2255 τῆς
1527 2220 1613 2255 θήκης
1639 2219 1735 2252 αὐτῆς,
1766 2216 1840 2245 δοκεῖ
1862 2224 1900 2251 μοι

1091 2265 1193 2301 δηλοῦν
1216 2267 1266 2300 τήν
1291 2266 1359 2293 κατὰ
1385 2265 1481 2303 μικρὸν
1510 2264 1562 2292 ἀπὸ
1589 2265 1643 2291 τῶν
1673 2260 1827 2303 Ἰουδαϊκῶν
1843 2259 1898 2291 ἐθῶν

1092 2310 1135 2338 ἐπὶ
1149 2311 1198 2345 τὴν
1228 2310 1295 2338 κατὰ
1317 2310 1348 2337 τὸ
1377 2307 1544 2347 Εὐαγγέλιον
1574 2307 1713 2336 πολιτείαν
1745 2302 1899 2343 μεταϐολήν.

1091 2354 1176 2382 Πάλιν
1196 2354 1246 2393 γὰρ
1282 2353 1387 2382 ἔσονται
1422 2352 1496 2381 οὗτοι
1535 2352 1574 2384 εἲς
1602 2348 1900 2393 προνομήνγσυνηγμέξ

1089 2410 1130 2427 νοι
1161 2391 1227 2436 (39),
1257 2399 1294 2429 ὡς
1321 2399 1460 2436 συνάγεται
1476 2398 1490 2425 ὁ
1504 2397 1607 2435 καρπὸς
1620 2399 1669 2431 τῆς
1682 2392 1846 2433 τεριῦίνθου,
1861 2391 1899 2419 καὶ

1091 2444 1129 2474 ὡς
1144 2445 1162 2478 ὴ
1179 2442 1294 2481 βάλανος
1308 2444 1326 2477 ἡ
1341 2442 1448 2480 ὣριμος
1463 2441 1518 2477 ἤδη
1535 2441 1602 2478 πρὸς
1617 2439 1769 2478 συλλογήν.
1784 2439 1847 2466 Τότε
1856 2437 1899 2474 γὰρ

1091 2487 1215 2516 ἐκλύεται
1230 2487 1282 2515 ἀπὸ
1297 2489 1345 2515 τοῦ
1360 2487 1429 2524 πρὸς
1449 2487 1498 2521 τὴν
1523 2487 1609 2522 θήκην
1633 2484 1734 2522 δεσμοῦ
1748 2485 1766 2519 ἡ
1782 2484 1900 2522 neces-in

1091 2532 1146 2568 ἤδη
1161 2535 1200 2569 τῷ
1215 2531 1309 2569 χρόνῳ
1332 2531 1377 2559 καὶ
1399 2531 1585 2559 τελιιωθεῖσα.
1606 2529 1683 2567 Τάχα
1707 2528 1737 2556 δὶ
1756 2528 1801 2556 καὶ
1814 2527 1855 2555 διὸ.
1874 2525 1900 2552 τὸ

1092 2576 1292 2605 ἐκπεπτωκέναι
1316 2580 1366 2612 τῆς
1392 2575 1542 2611 Ἰουόαἲκῆς
1565 2576 1670 2613 χώρας,
1697 2574 1742 2603 καὶ
1767 2574 1793 2602 ἐν
1809 2574 1841 2610 τῇ
1855 2570 1902 2598 δια-

248 2665 332 2693 Rom.
348 2674 388 2702 ιι,
402 2665 448 2694 25.
487 2665 509 2683 ³³
526 2665 597 2693 ibid.
613 2666 640 2694 5.
679 2666 701 2684 ³⁸
716 2665 788 2693 ibid.
802 2666 829 2694 7.
868 2665 892 2684 ³⁴
907 2665 978 2695 ibid.
995 2665 1011 2693 4
1026 2676 1033 2701 ;

1103 2667 1173 2702 Reg.
1188 2673 1247 2699 nx,
1263 2665 1308 2694 18.

215 2749 308 2813 d
319 2750 404 2786 Editi,
420 2752 463 2783 οἷς
477 2752 495 2786 ὴ
521 2751 631 2780 Vocula
655 2751 673 2786 ἡ
698 2751 728 2780 in
753 2751 863 2780 nostris
885 2760 935 2780 sex
960 2760 1031 2780 mss.

249 2820 306 2858 (38)
321 2821 397 2851 Editi
411 2825 440 2852 et
454 2823 522 2860 Reg.
538 2824 652 2859 tertius,
667 2821 698 2851 τὸ
714 2821 752 2855 εἷς
767 2825 865 2854 πᾶσαν.
881 2823 936 2853 Alii
951 2823 1034 2861 quin-

1089 2759 1147 2788 que
1161 2759 1244 2787 mss.,
1255 2751 1309 2788 τῷ.
1327 2750 1490 2787 Aliquando
1505 2751 1572 2786 post
1585 2748 1669 2785 editi,
1682 2747 1696 2775 ὃ
1711 2746 1844 2783 institui.
1868 2745 1900 2772 At

1089 2784 1140 2816 sex
1154 2784 1241 2822 mss.,'
1253 2784 1387 2821 ἐπιζητεῖ

1125 2823 1180 2860 (39)
1194 2819 1290 2852 Codex
1304 2819 1382 2852 unus
1397 2832 1462 2857 συνη
1468 2819 1567 2859 μμένοι
