1995 3142
102 168 157 199 497

494 162 694 196 COMMENT.
718 163 758 194 IN
779 162 916 194 ISAIAM
937 164 1188 198 PROPHETAM.
1212 162 1299 198 CAP.
1320 167 1399 198 VIII.

1739 167 1799 199 498

105 229 258 270 μελλόντων
281 228 419 260 πολλάκις
447 229 614 266 προλέγουσι
640 229 674 256 τὰ
695 227 750 264 ἤδη
775 229 903 266 γενόμενα

976 238 1053 267 gere,
1070 232 1248 268 pradicant;
1264 234 1292 261 et
1306 241 1370 269 qua;
1386 233 1515 261 nondum
1533 233 1569 261 ad
1585 235 1715 262 nostram
1730 241 1797 269 per-

102 279 165 313 ήμῖν
180 275 209 303 δὲ
225 276 308 312 μήπω
324 273 489 312 ἐγνωσμένα,
506 275 542 305 ὡς
567 273 682 310 ἐσόμενα
700 275 769 310 ἡμῖν
786 273 918 312 ἀναγγέλ-

103 321 202 350 λουσιν.
219 323 281 349 Οῐον
298 318 377 348 εἷ’τις
393 320 437 347 καὶ
453 320 516 356 παρ’
539 321 618 356 ἡμῶν
645 320 700 356 (85)
717 319 831 349 ἀκούσας
847 329 918 355 παρ-

102 367 188 394 ουσίαν
204 367 287 400 τινὸς,
304 365 403 401 ταύτην
429 367 469 401 τῷ
495 363 682 400 προσδοκῶντι
708 365 743 394 ὡς
765 362 916 400 μέλλουσαν

100 410 266 450 ἀνσγγέλλοι·
282 411 331 445 τὴν
349 409 378 437 ἐκ
400 411 449 437 τοῦ
473 408 560 436 δοκεῖν
588 409 733 446 προφήτης
757 409 821 435 εἶναι
838 407 915 444 δόξαν

101 455 132 483 δι’
145 456 247 491 ἀπάτης
273 455 445 493 θηρώμενος.
461 453 539 483 Οὕτω
557 453 602 481 καὶ
618 454 644 481 οἱ
669 452 794 490 δαίμονες
809 453 843 480 τὰ
858 451 916 480 δια-

99 500 277 537 τιτυπωμένα,
303 500 336 527 τὰ
363 499 495 536 ἀποφάσει
526 500 595 526 Θεοῦ
622 497 846 534 δημοσιωθέντα,
869 498 916 525 ἀν-

99 544 221 583 ἠγγιιλαν
236 543 375 576 πολλάκις
387 546 446 575 τοῖς
463 544 532 581 πρὸς
556 542 660 578 ἀπάτην
685 541 807 574 ιῦκόλως
832 541 914 580 ἔχου-

99 600 144 617 σιν.
159 590 201 621 Ὦς
216 589 261 617 καὶ
277 591 295 624 ἡ
313 588 526 626 έγγαστρίμυθος
548 590 588 623 τῷ
613 586 703 614 Σαοὺλ
726 586 770 614 διὰ
782 589 836 614 τῶν
853 585 911 614 δαι-

100 634 181 670 μόνων
197 634 342 672 ἆνήγγιιλε
358 634 407 668 τήν
425 632 578 669 μέλλουσαν
595 632 689 666 ἧτταν.
706 631 836 668 Δαίμονες
859 632 911 669 γὰρ

96 678 157 713 ἦσαν
183 679 210 706 οἱ
232 677 518 716 κατασχηματίζοντες
545 678 601 714 (86)
625 676 736 708 ἱαυτοὺς
757 676 794 707 εἰς
820 676 911 703 τὸτοῦ

97 722 221 759 Σαμουὴλ
246 723 406 760 πρόσωπον·
424 722 450 749 οἳ
479 721 524 749 διὰ
538 722 570 749 τὸ
588 721 732 756 ἀκηκοέναι
747 724 797 756 τῆς
812 720 855 748 ἐπὶ
871 722 911 756 τῷ

96 767 179 795 Σιοὺλ
204 767 398 803 κατακρίσεως,
429 767 465 797 ὡς
495 764 564 794 ίδίαν
593 765 726 803 ἀπόφασιν
749 766 799 800 τὴν
829 765 911 800 ἐξενε-

95 813 195 849 χθεῖσαν
210 812 284 850 παρὰ
308 814 375 839 Θεοῦ
400 810 566 848 διηγοῦνται.
590 810 651 839 Ἐπὶ
677 808 723 837 οὖν
747 811 803 846 (87)
820 809 865 840 τὰς
881 809 910 836 ἐκ

93 858 140 883 τῶν
161 855 297 893 δαιμόνων
323 855 426 886 ἀπάτας
451 856 649 893 προτρέπονται
673 854 747 891 ἡμὰς
771 852 907 884 πολλάκις

93 900 122 927 τὸ.
145 899 216 936 ἔθνη,
245 900 391 938 λέγοντες-
422 900 605 935 Ἐκζητήσατε
732 897 946 948 ἐγγαστριμὲὂ-ΙΞ

95 950 160 978 θους,
175 945 238 977 τοὺς
251 945 306 972 ἀπὸ
321 947 371 978 τῆς
385 948 437 982 γῆς
452 946 617 983 φωνοῦντας.
634 941 704 972 Οὐδὲ
718 942 770 980 γὰρ
793 941 905 978 τολμῶ-

93 999 129 1016 σιν
150 989 229 1017 είπεῖν
251 989 280 1024 ἐξ
305 989 424 1026 οὐρανῶν
449 990 505 1024 (88)
527 988 616 1016 αὐτῶν
640 987 706 1015 εἶναι
726 987 760 1014 τὰ
786 986 904 1024 ῥήματα.

93 1033 131 1064 Ὠς
153 1033 194 1061 καὶ
210 1035 227 1068 ἡ
244 1033 271 1061 ἐν
293 1036 352 1064 ταῖς
378 1032 529 1064 Βασιλείαις
551 1031 636 1068 ἐκείνη
662 1030 842 1068 διαλεγομένη
866 1032 906 1065 τῷ

93 1077 175 1106 Σαοὺλ
203 1077 295 1116 ἔλεγεν
313 1101 320 1114 ,
351 1077 392 1105 ὅτι
422 1078 492 1114 Ὀρῶ
521 1077 575 1114 ἐγὼ
605 1076 681 1108 θεοὺς
715 1073 906 1106 ἀναϐαίνοντας

90 1121 136 1148 ἀπὸ
162 1125 210 1157 τῆς
238 1126 303 1158 γῆς.
334 1121 452 1157 Τοιαύτη
481 1121 531 1159 γὰρ
558 1122 576 1156 ἡ
605 1123 659 1148 τῶν
686 1119 903 1158 ἐγγαστριμύθων

90 1165 195 1193 έπίνοια·
224 1167 317 1204 ψυχὰς
344 1165 562 1204 έπαγγέλλονται
596 1164 829 1199 τετελευτηκότων
858 1164 904 1191 ἆν-

89 1211 152 1248 άγειν
192 1210 230 1242 είς
273 1211 422 1250 φανέρωσιν
463 1212 516 1238 τῶν
560 1209 797 1245 έπιζητουμένων.
837 1210 905 1237 Εἶτα

87 1255 130 1288 τὴν
158 1255 252 1282 ἰαυτοῦ
289 1255 405 1292 γνώμην
445 1254 576 1293 ἐπιφέρει,
607 1254 641 1288 ἣν
672 1253 730 1291 ἔχει
758 1252 820 1290 περὶ
848 1255 903 1280 τῶν

86 1299 205 1327 τοιούτων
228 1300 368 1334 ἐπινοιῶν,
393 1299 439 1327 καὶ
463 1298 639 1335 ἀποφαίνεται
664 1297 762 1329 αὐτοὺς
789 1307 903 1334 ματαιο-

88 1341 178 1380 λόγους
194 1365 201 1378 ,
232 1344 319 1372 εἷ’πών
336 1353 342 1361 ·
370 1343 439 1374 Τοὺς
472 1343 683 1380 κενολογοῦντας
700 1363 707 1377 ,
738 1341 763 1370 οἳ
793 1341 823 1369 ἐκ
854 1345 904 1376 τῆς

87 1386 182 1419 κοιλίας
206 1390 355 1427 φωνοῦσιν·
382 1388 446 1422 ἤτοι
471 1387 524 1415 ἀπὸ
546 1390 596 1415 τοῦ
619 1387 774 1424 θελήματος
801 1387 901 1414 ἑαυτῶν

88 1431 253 1470 φθεγγόμενοι
276 1455 282 1462 .
318 1433 358 1461 Οὐ
396 1433 447 1471 γὰρ
488 1432 617 1470 ἑτέρωθεν
648 1430 788 1469 διδαχθεὶς
817 1430 901 1469 λέγει⁷

87 1475 151 1504 ἀλλὰ
170 1477 326 1508 ἀναπλάσας
349 1476 374 1504 ἰν
402 1478 437 1514 τῇ
453 1477 550 1504 ἑαυτοῦ
564 1475 662 1513 καρδίᾳ
675 1476 706 1503 τὸ
729 1474 839 1513 ψεῦδος,
853 1478 902 1503 τοῦ

88 1522 230 1558 θελήματος
275 1524 329 1549 τῶν
373 1521 501 1559 όρώντων
544 1520 821 1558 παραστοχαζόμενος
860 1519 902 1547 λέ-

86 1574 120 1602 γει
146 1565 177 1593 τὰ
202 1566 273 1604 πρὸς
310 1565 416 1602 ἀπάτην
453 1567 507 1593 τῶν
544 1565 668 1601 ἀνοήτων
698 1564 773 1601 αὐτῷ
800 1574 901 1602 χρησι-

89 1609 202 1644 μεύοντα.

117 1655 172 1683 249.
187 1655 220 1684 Ἤ
234 1655 309 1692 τάχα
325 1655 355 1682 ὶκ
365 1658 417 1690 τῆς
439 1653 545 1686 κοιλίας
560 1656 707 1692 φωνοῦσιν,
722 1654 758 1681 ὦν
776 1654 790 1681 ὁ
807 1653 866 1685 θεὸς
881 1654 899 1688 ἡ

88 1697 181 1725 κοιλία¹
201 1700 226 1726 οἱ
250 1698 340 1727 πάντα
355 1699 621 1737 πραγματευόμενοι,
637 1701 687 1733 τῆς
706 1697 732 1725 ἐν
747 1700 787 1733 τῷ
802 1697 898 1730 ἐσθίειν

84 1742 122 1768 καὶ
143 1743 224 1770 πίνειν
250 1742 339 1771 ἕνεκεν
364 1742 476 1778 ἡδονῆς.
493 1744 574 1770 Ὥστε
598 1742 648 1770 οὐκ
671 1741 700 1770 ἄν
724 1752 765 1774 τις
780 1742 898 1780 ἁμάρτοι

87 1785 159 1814 εἰπὼν
173 1787 408 1826 ἐγγαστριμύθους
431 1788 477 1815 καὶ
501 1787 530 1815 ἐκ
552 1790 602 1822 τῆς
625 1786 732 1817 κοιλίας
746 1789 899 1826 φωνοῦντας

84 1829 138 1861 τοὺς
164 1832 229 1870 ὑπὲρ
252 1834 303 1860 τοῦ
326 1832 376 1866 τὴν
401 1833 517 1870 γαστέρα
551 1831 697 1869 πληρῶσαι
723 1830 898 1859 διδασκαλίαν

86 1876 342 1913 σχηματιζομένους,
373 1877 417 1904 καὶ
448 1873 591 1907 εὐλαϐείας
620 1876 726 1906 ἑαυτοῖς
752 1877 900 1914 περιτιθέν-

84 1929 124 1951 τας
137 1922 253 1960 μορφὴν
274 1921 300 1948 οἳ
317 1920 361 1948 διὰ
377 1921 407 1948 τὸ
424 1921 462 1958 μὴ
477 1921 531 1948 ἀπὸ
558 1919 701 1953 διαθέσεως
723 1920 785 1951 τοὺς
800 1918 899 1958 λόγους

86 1965 276 2003 προφέρεσθαι,
302 1966 515 2004 κενολογοῦσιν.
546 1965 669 1996 Εἰκότως
686 1986 692 1993 .
720 1965 752 1993 Ὁ
779 1966 828 2002 γὰρ
861 1965 897 2001 μὴ

85 2010 173 2043 ποιῶν,
199 2010 245 2038 καὶ
274 2009 420 2044 διδάσκων,
448 2009 637 2045 άναξιόπιστός
664 2009 735 2037 ἐστιν
764 2009 801 2040 εἰς
828 2010 898 2048 ὠφέ-

84 2048 159 2081 λειαν.
187 2055 225 2082 Τὸ
252 2053 292 2090 δὶ,
317 2054 374 2083 Οὐκ
398 2051 474 2087 ἔθνος
494 2054 562 2092 πρὸς
586 2053 650 2081 Θεὸν
676 2053 758 2081 αὐτοῦ
782 2054 898 2088 ἓκζητή-

83 2105 147 2123 σουσι
162 2106 169 2131 ;
183 2099 307 2127 τοιοῦτόν
333 2098 415 2133 ἐστιν,
437 2099 479 2126 ὅτι
506 2097 617 2126 ἕκαστον
643 2097 718 2129 ἔθνος
742 2100 781 2134 τῷ
804 2099 898 2125 ἑαυτοῦ

83 2139 131 2176 θιῷ
145 2143 274 2181 προσάγει
298 2144 348 2178 τὴν
374 2143 436 2181 περὶ
462 2142 493 2170 οὗ
511 2142 639 2180 βούλεται
661 2143 754 2179 μαθεῖν
773 2143 896 2177 ζήτησιν.

83 2184 127 2212 Καὶ
154 2185 367 2224 ιρωτηματικῶς
403 2188 461 2226 χρῆ
490 2189 640 2219 τυποῦσθαι
670 2187 719 2222 τὴν
750 2186 897 2225 ἀνάγνωσιν

82 2229 140 2266 πρὸς
164 2232 212 2266 τὴν
242 2233 386 2272 σαφήνειαν
414 2233 468 2269 (89)
497 2233 545 2259 τοῦ
574 2229 658 2270 ῥητοῦ
675 2240 681 2246 ·
713 2231 785 2268 Οὐχὶ
823 2229 898 2262 ἔθνος

82 2274 142 2310 πρὸς
166 2276 229 2304 Θεὸν
260 2276 343 2305 αὐτοῦ
372 2276 564 2312 ἐξζητήσουσιν

916 1596 937 1630 C

973 283 1076 304 venere
1103 277 1248 312 notitiam,
1271 278 1354 305 nobis
1379 277 1554 305 annuntiant
1578 278 1662 314 quasi
1687 278 1795 306 futura.

972 320 1029 348 Nee
1055 330 1139 349 secus
1166 330 1199 349 ac
1228 321 1253 349 si
1269 323 1417 358 quispiam
1433 323 1482 358 qui
1505 331 1539 349 ex
1559 322 1643 350 nobis
1671 323 1795 358 alicujus

972 366 1130 394 adventum
1157 366 1327 399 audivisset,
1353 375 1420 394 eum
1450 366 1628 402 prmstolanti
1652 369 1794 403 tanquam

971 410 1103 438 futurum
1123 411 1315 446 renuntiaret,
1331 414 1363 438 ut
1378 412 1449 438 dum
1472 411 1615 446 propheta
1636 419 1701 439 esse
1715 411 1794 438 vide~

969 454 1059 487 bitur,
1086 455 1153 483 inde
1175 455 1298 491 gloriam
1327 463 1379 491 per
1407 455 1539 483 fraudem
1562 457 1693 483 venetur.
1711 457 1794 483 Hunc

970 499 1005 526 ad
1024 500 1144 529 modum
1160 503 1189 527 et
1204 500 1361 535 daemones,
1377 499 1413 528 iis
1429 499 1480 535 qui
1492 499 1576 527 facile
1604 499 1634 527 in
1661 507 1790 527 errorem

969 543 1069 572 induci
1085 548 1221 579 possunt,
1237 552 1271 572 ea
1286 552 1350 580 quas
1371 545 1434 579 jam
1458 545 1522 572 rata
1545 546 1615 572 sunt
1630 545 1658 571 et
1673 543 1723 571 Dei
1739 544 1791 571 de-

968 590 1046 616 creto
1074 588 1221 624 evulgata,
1251 588 1425 624 plerumque
1449 588 1672 616 annuntiarunt.
1688 587 1735 616 Sic
1763 590 1791 616 et

966 633 1151 669 ventriloqua
1165 633 1216 661 ille.
1235 641 1289 669 ope
1304 633 1469 660 daemonum
1490 633 1634 660 nuntiavit
1647 631 1727 660 Sauli
1744 632 1789 660 fu-

966 679 1063 705 turam
1079 680 1208 714 stragem
1217 677 1249 705 3°.
1261 677 1351 705 Erant
1365 677 1443 705 enim
1459 678 1615 712 daemones,
1627 677 1677 712 qui
1688 677 1790 705 indue-

966 724 1032 749 rant
1061 722 1207 750 Samuelis
1241 730 1395 758 personam
1422 730 1428 749 :
1455 721 1505 757 qui
1530 721 1607 757 quod
1635 721 1788 748 audissent

965 765 1183 793 damnatorium
1194 766 1342 801 judicium
1357 765 1386 794 id
1404 765 1520 794 Saulem
1536 766 1649 799 datum,
1664 765 1753 793 latam
1771 774 1788 793 α

963 809 1022 837 Deo
1051 811 1226 838 sententiam
1261 811 1304 838 uti
1340 811 1487 846 propriam
1523 812 1654 837 narrant.
1686 810 1787 845 Itaque

963 856 1065 890 gentes
1078 863 1135 882 non
1151 863 1216 882 raro
1231 863 1284 882 nos
1299 862 1333 882 eo
1348 855 1492 882 inducunt
1507 856 1539 881 ut
1561 862 1578 882 ι
1601 854 1785 882 daemonibus

963 899 1155 935 decipiamur,
1169 908 1237 927 cum
1262 899 1364 927 dicunt
1380 908 1387 927 :
1404 899 1550 934 Exquirite
1571 897 1782 933 ventriloquos,

962 944 1013 979 qui
1029 944 1064 972 de
1086 946 1164 972 terra
1192 944 1361 979 loquuntur.
1377 943 1477 979 Neque
1506 943 1583 971 enim
1609 942 1704 970 dicere
1730 951 1783 970 au-

961 988 1040 1021 dent,
1065 989 1153 1016 verba
1180 997 1234 1016 sua
1257 997 1272 1016 e
1295 988 1376 1016 crelis
1405 996 1469 1016 esse
1498 989 1658 1022 exportata.
1681 987 1724 1015 Ita
1752 987 1782 1014 in

961 1033 1129 1069 Regnorum
1149 1033 1232 1061 libris
1248 1032 1298 1061 illa
1319 1033 1407 1061 etiam
1422 1033 1502 1060 vates
1518 1040 1581 1068 qua:
1606 1040 1673 1060 cum
1698 1032 1783 1059 Saule

960 1076 1145 1112 loquebatur,
1176 1077 1315 1105 dicebat:
1338 1077 1416 1105 Video
1443 1085 1492 1112 ego
1521 1077 1586 1105 deos
1613 1076 1784 1104 ascendentes

959 1122 1108 1149 eterra".
1125 1122 1278 1157 Ejusmodi
1300 1121 1378 1149 enim
1402 1123 1447 1149 est
1471 1121 1628 1149 artiﬁcium
1652 1123 1680 1149 et
1704 1122 1784 1149 fraus

958 1165 1210 1201 ventriloquorum
1229 1173 1236 1192 :
1257 1165 1433 1201 proﬁtentur
1456 1173 1486 1193 se
1511 1167 1694 1193 mortuorum
1722 1165 1785 1192 ani-

959 1217 1024 1237 mas
1051 1218 1180 1242 evocare,
1198 1212 1230 1237 ut
1254 1218 1288 1237 ea
1312 1218 1376 1246 qua:
1402 1212 1584 1246 quaeruntur,
1601 1210 1784 1245 detegantur.

961 1254 1029 1282 Dein
1047 1254 1188 1290 propheta
1203 1263 1288 1282 suam
1305 1255 1383 1282 circa
1398 1254 1571 1289 hujusmodi
1587 1255 1669 1283 dolos
1683 1263 1716 1282 ac
1732 1254 1786 1282 fal-

958 1298 1047 1327 lacias
1063 1299 1241 1327 sententiam
1267 1299 1430 1334 subjungil,
1446 1302 1534 1334 atque
1549 1299 1602 1327 hos
1618 1300 1786 1334 deceptores

957 1344 1131 1379 pronuntiat
1150 1352 1214 1372 esse
1237 1343 1421 1379 vaniloquos,
1439 1344 1539 1372 dicens
1556 1352 1562 1371 :
1583 1344 1655 1372 Vana
1671 1344 1783 1380 loquen-

957 1390 1009 1423 ιω,
1021 1389 1068 1424 qui
1082 1389 1116 1416 de
1131 1392 1224 1416 ventre
1237 1389 1446 1424 vociferantur;
1461 1396 1511 1416 ceu
1523 1388 1574 1423 qui
1587 1396 1621 1416 ex
1635 1396 1690 1415 sua
1703 1387 1782 1422 ipso-

957 1440 1023 1460 rum
1039 1433 1189 1460 voluntate
1211 1432 1383 1468 loquuntur.
1399 1433 1462 1460 Non
1478 1433 1556 1460 enim
1580 1431 1648 1460 talis
1663 1431 1782 1460 aliunde

958 1476 1078 1504 edoctus
1093 1477 1208 1510 effatur,
1224 1477 1274 1505 sed
1295 1477 1418 1504 conﬁcto
1434 1476 1463 1504 in
1487 1484 1541 1504 suo
1557 1476 1643 1504 oorde
1659 1476 1779 1504 menda-

956 1520 1011 1555 cio,
1022 1523 1219 1556 spectatorum
1231 1521 1364 1548 animum
1376 1520 1591 1556 consiliumque
1604 1521 1781 1556 conjectans,

956 1573 990 1593 ea
1005 1573 1070 1601 quae
1094 1566 1130 1593 ad
1146 1565 1319 1601 insipientes
1335 1565 1523 1601 decipiendos
1548 1565 1604 1593 sibi
1629 1566 1782 1602 profutura

957 1612 1036 1643 sunt,
1052 1609 1194 1645 loquitur.

989 1654 1052 1682 219.
1068 1655 1126 1681 Aut
1151 1654 1225 1682 forte
1247 1653 1283 1682 de
1296 1656 1397 1682 ventre
1422 1653 1585 1690 loquuntur
1607 1654 1639 1688 ii,
1655 1663 1781 1691 quorum

955 1699 1028 1727 deus
1049 1700 1151 1726 venter
1175 1699 1250 1726 est"
1268 1706 1274 1726 :
1292 1698 1341 1734 qui
1357 1699 1393 1726 ob
1408 1698 1586 1734 voluptatem
1602 1707 1636 1727 ex
1660 1700 1723 1728 cibo
1750 1707 1783 1728 ac

955 1746 1026 1779 potu
1042 1745 1210 1771 nascentem
1222 1747 1311 1779 agunt
1326 1743 1436 1772 omnia.
1446 1744 1642 1776 Quamobrem
1657 1753 1716 1772 non
1732 1744 1782 1772 ab-

954 1788 1058 1815 errarit
1071 1788 1120 1824 qui
1136 1787 1264 1815 hariolos
1275 1790 1303 1815 et
1313 1787 1515 1823 ventriloquos
1529 1797 1578 1816 eos
1591 1796 1655 1816 esse
1666 1788 1780 1823 dixerit,

955 1833 1005 1867 qui
1022 1833 1058 1860 ob
1070 1834 1200 1859 ventrem
1218 1832 1438 1867 adimplendum
1452 1832 1595 1860 simulant
1606 1833 1781 1868 doctrinam,

955 1876 1131 1912 pielatisque
1147 1877 1270 1904 formam
1288 1884 1321 1904 ac
1336 1877 1464 1912 speciem
1479 1876 1535 1905 sibi
1550 1877 1712 1913 efﬁngunt;
1730 1877 1780 1913 qui

955 1921 1031 1956 quod
1049 1929 1106 1948 non
1128 1929 1162 1948 ex
1183 1920 1282 1948 animo
1299 1921 1447 1957 proferant
1462 1929 1624 1956 sermones,
1640 1929 1714 1949 vana
1737 1921 1778 1949 lo-

954 1967 1097 2001 quuntur.
1115 1965 1204 2000 quue
1215 1965 1283 2000 jure
1299 1973 1332 1992 ac
1348 1965 1611 2001 merito.0uisquis
1625 1966 1703 1993 enim
1721 1974 1779 1993 non

953 2009 1032 2044 facit,
1056 2009 1172 2037 etiarnsi
1197 2009 1308 2042 doceat,
1325 2017 1442 2037 omnem
1468 2010 1525 2037 sibi
1550 2010 1654 2038 adimit
1678 2011 1778 2042 ﬁdem,

953 2062 1012 2089 qua
1025 2053 1107 2081 utilis
1121 2061 1186 2081 esse
1202 2054 1306 2089 possit.
1323 2053 1398 2082 Illud
1420 2056 1519 2081 autem
1533 2062 1539 2081 :
1558 2055 1652 2082 Nonne
1666 2063 1732 2089 gen:
1745 2054 1780 2082 ad

951 2099 1039 2126 Deum
1053 2105 1134 2125 suum
1150 2098 1298 2133 exquire":
1310 2099 1323 2124 ?
1346 2097 1400 2125 hoc
1421 2098 1508 2125 modo
1525 2097 1646 2134 intelligi
1670 2099 1755 2126 debet
1772 2107 1778 2125 :

952 2151 1025 2179 gens
1045 2142 1184 2179 quaelibet
1207 2142 1242 2170 de
1264 2150 1294 2170 re
1320 2150 1409 2178 quam
1425 2142 1488 2170 vult
1503 2142 1628 2177 edoceri,
1644 2143 1702 2170 Deo
1726 2151 1780 2171 suo

953 2187 1146 2224 quaestionem
1162 2187 1240 2215 544
1261 2186 1409 2223 proponit.
1428 2188 1521 2222 Atque
1536 2186 1687 2215 sententiae
1703 2187 1780 2215 dilu-

952 2231 1084 2259 cidandze
1099 2239 1189 2259 causa
1204 2231 1361 2267 legendum
1377 2232 1421 2259 est
1445 2239 1496 2267 per
1510 2231 1778 2268 interrogationem,

597 2286 603 2311 ;
632 2277 714 2303 ⁹¹Ωστε
745 2275 810 2307 τοὺς
841 2276 897 2313 (90)

960 2279 1049 2305 Vonne
1061 2283 1125 2312 gens
1145 2276 1180 2303 ad
1203 2277 1289 2304 Deum
1303 2284 1384 2304 suum
1398 2277 1565 2312 exquirent?
1586 2277 1680 2309 Quare
1696 2276 1747 2313 qui
1763 2284 1780 2304 θ.

113 2356 134 2375 ³⁸
146 2357 157 2386 Ῑ
171 2358 241 2395 Reg.
257 2365 360 2394 xmn,
378 2358 421 2387 19.
459 2357 481 2377 ⁸⁷
495 2357 568 2386 ibid.
585 2358 629 2386 13.
667 2358 690 2376 ³⁸
704 2357 831 2394 Philipp.
848 2367 891 2395 in,
908 2359 952 2388 19.

82 2438 137 2464 tant
149 2441 290 2474 imaginet.
305 2440 342 2468 At
365 2443 488 2475 uterque
502 2439 629 2468 Combef.
646 2441 674 2467 et
697 2438 746 2467 alii
771 2442 897 2475 quatuor

82 2479 157 2512 nisa,
171 2475 384 2512 περιιστώντων,
399 2476 542 2504 undelibet
565 2475 700 2511 ejusmodi
722 2476 790 2503 visi:
815 2477 897 2512 quasi

81 2509 186 2542 cingunt
198 2509 224 2538 ἐι
239 2511 421 2540 circumdant.

113 2545 162 2581 (85)
177 2546 256 2588 Editi
276 2550 304 2588 et
328 2556 400 2588 m_s_s.
417 2546 564 2588 nonnulli,
579 2546 643 2588 παρ’
658 2546 734 2588 ἡμῖν,
752 2546 806 2574 Alii
823 2547 896 2588 qui-

81 2578 159 2619 ἀεξηιί
167 2582 229 2619 παρ’
244 2582 336 2618 ἡμῶν.
354 2584 418 2611 Mox
443 2583 513 2610 editi
537 2578 570 2619 et
589 2578 686 2618 aliqui
704 2591 788 2610 mss..
801 2578 850 2617 τήν
867 2582 897 2610 ἐκ

81 2616 180 2660 Win/tt
240 2616 307 2660 aliis
323 2616 696 2660 quibusdamnlegiturftﬁv
712 2620 770 2646 τοῦ.

113 2652 164 2691 (86)
196 2654 313 2683 Veteres
333 2652 459 2691 'aliquot
489 2652 567 2687 libri,
597 2653 894 2691 μετασχηματίζοντες.

82 2684 231 2726 ΑΙῑᾳυόυὶο
245 2694 309 2726 post
319 2684 428 2719 editiet
439 2691 497 2718 duo
511 2684 650 2726 mss,,'tni
661 2684 825 2718 τὲῦὶιούλ.
840 2691 908 2722 Alii.

82 2726 208 2762 quatpor,
223 2724 267 2752 ἐπὶ
282 2728 331 2762 τῷ.

113 2758 166 2795 (87)
179 2761 226 2788 sic
242 2758 314 2790 mss:
331 2761 477 2790 nonnulli.
493 2761 579 2795 Editi,
595 2760 669 2789 Ἐπεὶ
683 2760 728 2788 οῦν
745 2762 822 2795 πρός.

181 2797 301 2834 Antiqui
323 2805 374 2827 sex
395 2798 473 2834 libri,
499 2796 524 2832 ιε
549 2794 682 2834 οὖρανῶν.
698 2794 784 2830 Εᾶὶιῖι
800 2797 826 2832 ιε
849 2797 895 2824 οὐ·

86 2835 171 2863 ρανοῠ.

988 2439 1044 2475 (89)
1060 2438 1187 2477 Uterque
1203 2439 1288 2477 Colb.
1310 2440 1339 2466 et
1362 2439 1432 2477 Reg.
1450 2440 1609 2477 secundus,
1633 2440 1702 2477 πρὸς
1726 2441 1776 2475 τὴν

951 2474 1096 2513 augeam
1104 2474 1147 2513 ad
1156 2475 1335 2503 amovendum
1349 2474 1425 2513 verbi
1434 2475 1644 2513 obscuritatem.

987 2510 1043 2546 (9'0)
1059 2510 1135 2538 Editi
1159 2513 1188 2538 et
1211 2519 1282 2539 mss.
1308 2512 1412 2545 nostri,
1432 2511 1513 2538 Ὥστε
1534 2512 1592 2542 τάςο
1608 2512 1684 2546 quod
1709 2521 1776 2540 cum

951 2549 1122 2583 corruptum
1143 2554 1207 2574 esse
1221 2547 1332 2574 videret
1356 2547 1560 2582 Combeﬁsius,
1577 2547 1640 2578 τούς
1666 2556 1716 2583 pro
1730 2547 1777 2578 τάς

951 2581 1007 2618 legi
1033 2581 1138 2610 debere
1163 2583 1331 2610 afﬁrmavit.
1349 2583 1404 2610 Sed
1430 2592 1486 2611 non
1514 2581 1720 2611 animadvertit
1734 2584 1777 2610 vir

951 2618 1153 2649 doctissimus.
1177 2626 1208 2646 se
1233 2627 1315 2646 suam
1341 2620 1548 2646 correctionem
1574 2619 1774 2654 imperfectam

952 2654 1118 2689 reliquisse.
1132 2655 1243 2681 Etenim
1267 2655 1291 2682 si
1314 2655 1381 2690 quis
1395 2654 1457 2684 τούς
1475 2654 1585 2690 legerit,
1599 2661 1716 2690 necesse
1731 2658 1775 2681 est

952 2693 984 2731 _ut
999 2690 1098 2731 statim
1114 2690 1200 2731 legat,
1215 2689 1464 2731 nort‘ﬂpoqaiyopn,
1481 2689 1729 2731 quemadmodum
1746 2693 1775 2717 et

951 2727 981 2754 in
997 2726 1083 2753 editis
1100 2730 1126 2753 et
1141 2725 1170 2753 iu
1187 2725 1333 2753 veteribus
1354 2725 1438 2753 libris
1460 2726 1600 2760 scriptum
1618 2725 1772 2760 reperitur,

951 2761 1175 2799 θεά-προσάγειν,
1200 2762 1274 2789 Nam
1300 2761 1459 2799 accusandi
1471 2759 1567 2799 casus,
1580 2759 1658 2799 τούς,
1670 2769 1772 2790 neces-

951 2796 1231 2834 sarior'post‘ulatmt
1254 2800 1356 2834 postea
1378 2796 1539 2834 infinitivus
1562 2797 1769 2834 subsequatur.

950 2831 1156 2870 Supplévimus
1171 2831 1263 2868 igitur
1275 2833 1352 2868 quod
1372 2831 1590 2860 emendandum
1612 2831 1771 2869 reliquerat
