1995 3142
215 160 274 190 I99

688 160 884 191 APPENDIX
905 159 1067 191 OPERUM
1086 159 1119 190 S.
1141 159 1284 190 BASILIl
1307 160 1444 191 MAGNI.

1859 162 1917 192 500

215 228 316 253 nostro
331 225 413 253 cultu
429 226 515 253 alieni
532 229 613 259 sunt,
629 226 664 253 iis
681 235 754 262 quos
769 227 838 254 deos
853 234 917 254 esse
933 233 1036 260 posue-
1051 251 1055 258 Α

1104 222 1158 260 Ϊξως
1174 228 1223 259 τῆς
1245 225 1303 257 καθ’
1319 226 1392 260 ἡμᾶς
1416 225 1569 263 θεραπείας,
1587 224 1744 257 ἀκολούθως
1759 228 1818 256 τοῖς
1838 226 1915 258 Θεοῖς,

216 271 295 304 runt,
313 270 490 305 qutestiones
511 272 598 297 etiam
624 271 831 306 persolvendas
847 273 1041 306 congruenter

217 314 275 341 diis
299 314 562 350 convenienterque
588 318 765 350 proponunt.
782 315 842 342 Etsi
867 315 945 342 enim
971 315 1040 341 deos

217 361 350 386 mortuos
365 359 559 392 constituunt,
576 361 673 386 tamen
689 368 738 386 eos
755 360 935 394 interrogant
949 359 985 386 de
999 358 1040 385 vi-

217 402 363 430 ventibus.
382 402 511 430 Mortuos
538 406 635 430 autem
663 403 800 439 appellat,
816 406 867 430 aut
882 404 1043 430 inanimato.

220 446 308 481 idola,
326 450 395 482 puta
411 447 534 482 lapides,
552 446 641 483 ligna,
659 456 697 474 eas
713 450 741 474 et
756 456 859 475 aurum
879 456 885 474 :
903 450 954 474 aut
968 455 1043 474 mor-

218 493 286 518 tuos
297 495 380 518 vocet
391 500 449 525 eos,
458 491 507 527 qui
520 500 571 526 per
582 492 757 526 apostasiam
769 492 856 519 vitam
866 500 962 519 veram
975 490 1045 518 ami-

219 543 293 562 sere.
308 537 364 563 Aut
379 536 449 563 forte
465 536 552 562 etiam
569 544 669 562 eorum
685 536 735 571 qui
751 537 926 570 ventriloqui
943 536 1044 563 dicun-

220 581 270 606 tur
285 587 332 606 ars
348 579 445 606 omnis
460 582 593 607 versatur
613 580 690 607 circa
714 581 858 616 sepulcra,
873 583 902 608 et
917 581 984 608 inde
1000 580 1046 606 in-

221 625 474 650 cnntamentorum
491 632 613 651 suorum
625 625 683 651 vim
699 633 732 652 ac
747 625 914 652 facultatem
931 627 1048 653 mutua-

222 670 279 694 tur.
299 668 406 695 Deinde
426 668 577 703 Scriptura
601 668 822 696 idololatrarum
848 669 1046 704 insipientium

224 719 298 747 egre
313 712 418 742 ferens.
437 712 478 739 ait
495 720 501 740 :
525 712 599 747 Quid
614 714 760 748 exquirent
775 714 809 740 de
823 714 893 741 vivis
907 713 1049 741 mortuos?

224 759 280 782 Cur
295 759 326 783 tu
343 756 393 791 qui
419 757 568 785 animatus
591 765 634 790 es,
649 758 754 786 adoras
768 757 918 793 lapidem?
939 767 991 785 cur
1014 760 1046 785 tu

225 800 274 835 qui
291 801 401 828 ratione
422 802 562 836 praeditus
586 809 628 835 es,
646 803 768 830 surdum
794 803 977 837 interrogas?
993 805 1047 829 Pro

225 843 285 872 lilio
302 845 412 872 vivente
435 854 518 881 opem
542 846 578 873 ab
594 854 627 873 eo
644 846 793 882 implores,
809 846 860 882 qui
875 847 963 874 vitam
990 854 1046 873 non

1096 269 1141 300 οὕς
1158 269 1285 301 ὑπέθιντο
1310 270 1376 296 εἶναι
1402 270 1490 306 θεοὺς,
1505 270 1550 297 καὶ
1573 270 1621 300 τὰς
1645 270 1824 307 ἰπῳωτήσεις
1838 280 1917 307 προσ-

1096 314 1181 350 άγειν.
1207 313 1325 350 Νεκροὺς
1349 314 1399 351 γὰρ
1417 314 1493 346 θεοὺς
1518 314 1692 350 δποθίμενοι,
1708 314 1806 345 αὐτοὺς
1825 315 1919 351 ἐπαρω-

1095 360 1162 384 τῶσι
1183 358 1244 395 περί
1268 361 1322 385 τῶν
1347 358 1466 393 ζώντων.
1496 358 1615 396 Νικροὺς
1642 357 1670 386 δὲ
1691 357 1774 396 λέγει,
1806 359 1867 392 ἦτοι
1888 359 1918 386 τὰ

1097 401 1190 439 ἄψυχα
1203 401 1315 436 εἴδωλα,
1333 401 1426 434 λίθους
1440 403 1484 430 καὶ
1509 403 1576 438 ξύλα
1596 403 1640 430 καὶ
1666 402 1770 439 χαλκὸν
1791 403 1837 429 καὶ
1852 413 1918 440 χρυ-

1099 447 1156 473 σύν⁸
1182 447 1199 481 ἢ
1225 446 1337 484 νεκροὺς
1363 445 1436 484 λέγει
1460 446 1523 477 τοὺς
1544 448 1593 482 τὴν
1621 448 1692 481 ζωὴν
1717 448 1767 480 τήν
1791 447 1917 482 ἀληθινήν

1100 489 1145 517 διὰ
1158 494 1207 525 τῆς
1231 490 1394 522 ἀποστασίας
1416 489 1652 526 ἀποϐεϐληκότας.
1669 492 1703 518 Ἦ
1717 492 1791 529 τάχα
1815 492 1860 518 καὶ
1873 495 1920 518 πᾶ-

1101 545 1134 562 σα
1165 537 1219 562 τῶν
1258 534 1479 572 ἰγγαστριμύθων
1518 535 1676 572 Λεγομὲνων
1705 537 1723 569 ἡ
1753 535 1920 573 πραγματεία

1101 578 1163 615 περὶ
1179 580 1212 605 τὰ
1236 580 1364 615 μνήματα
1386 580 1535 618 στρέφεται,
1561 579 1683 606 κάκεῖθεν
1708 577 1766 616 ἔχει
1788 583 1841 614 τῆς
1858 590 1920 616 μαγ-

1101 623 1205 660 γανιίας
1219 624 1268 658 τήν
1284 622 1408 660 δύναμιν.
1426 624 1489 651 Εἶτα
1514 623 1719 662 δυσανατχιτῶν
1734 623 1778 650 ἐπὶ
1800 626 1835 660 τῇ
1853 624 1921 658 ἀνοίᾳ

1101 669 1155 694 τῶν
1167 666 1442 704 εἷδωλολατρούντων
1470 669 1483 694 ὁ
1509 667 1590 706 λόγος
1615 668 1694 706 φησί’
1710 669 1744 696 Τί
1759 667 1920 702 ἐκζητήσου-
1959 672 1962 676 ’

1102 721 1127 738 σι
1157 712 1219 749 περὶ
1246 714 1301 739 τῶν
1332 712 1439 746 ζώντων
1470 712 1532 743 τοὺς
1562 712 1744 750 νικρούς;Τί
1764 715 1920 749 προσ-κυνεῖς

1100 756 1146 783 τὸν
1175 756 1264 791 λίθον,
1293 757 1307 783 ὁ
1323 754 1468 794 ἕμψυχοςς
1485 756 1512 783 τί
1526 756 1628 794 ἐρωτᾷς
1643 756 1689 783 τὸν
1703 757 1809 795 κωφὸν,
1825 757 1840 783 ὁ
1856 755 1921 793 λογι-

1101 800 1148 831 κός
1165 810 1172 835 ;
1187 801 1266 837 Ὑπὲρ
1286 803 1335 828 τοῦ
1359 800 1455 831 παιδὸς
1477 801 1604 831 ἱκετιόιις
1619 803 1668 827 τοῦ
1690 803 1791 835 ζῶντος
1807 801 1856 828 τὸν
1870 802 1919 835 (91)

1104 846 1175 880 ζωὴν
1189 845 1240 872 οὐκ
1255 843 1364 882 ἔχοντα,
1380 845 1426 872 τὸν
1444 848 1516 880 ζωῆς
1531 844 1721 882 ἑπιρημίνον,
1736 845 1784 872 τὸν
1811 844 1917 872 ἄπνουν.

224 888 323 922 habet,
340 889 390 924 qui
406 889 462 916 vita
476 893 564 923 caret,
579 891 630 926 qui
646 899 698 918 nec
713 892 856 926 respirare
873 894 976 926 potest.
991 892 1045 919 Ta-

1104 888 1159 916 Κὲιν
1175 888 1212 919 si:
1230 891 1354 924 μαντεῖον
1377 888 1510 926 ἀπέλθῃς,
1534 888 1581 916 κᾶν
1605 889 1764 926 καθαρμοὺς
1783 890 1917 939 περινῗῇς,

224 933 311 960 metsi
325 933 432 961 adieris
457 934 618 968 oraculum,
635 935 752 962 tametsi
770 936 913 971 excogites
938 935 1046 963 lustra-

225 978 330 1010 tiones,
347 977 444 1005 abiisti
460 979 494 1006 ad
513 982 654 1014 mortuos,
671 980 718 1014 qui
735 980 777 1007 vel
798 980 854 1015 ipsi
869 980 956 1007 vitam
974 980 1046 1007 ami-

227 1029 301 1051 sere.
313 1024 341 1049 et
358 1022 408 1049 tibi
420 1023 457 1049 ob
469 1024 684 1050 contumaciam
701 1027 823 1051 mortem
841 1027 910 1052 sunt
925 1024 1047 1051 illaturi.

262 1066 324 1092 220.
340 1067 437 1100 Legem
450 1067 524 1094 dedit
537 1068 564 1094 in
578 1068 730 1101 auxilium,
742 1073 773 1095 ut
782 1069 875 1096 dicunt
885 1077 895 1096 :
906 1070 964 1096 Non
977 1070 1049 1096 sicut

228 1110 339 1137 verbum
362 1111 419 1144 hoc,
436 1110 469 1138 de
493 1119 544 1146 quo
568 1120 623 1138 mm
646 1116 688 1139 est
714 1121 829 1140 munera
853 1113 918 1140 dare
945 1114 978 1140 de
1007 1121 1047 1140 eo.

231 1153 271 1182 Ne
293 1154 420 1182 multum
437 1155 478 1182 sis
493 1155 636 1184 sollicitus
651 1157 686 1184 de
701 1157 798 1184 futuro
815 1166 821 1184 :
839 1157 890 1184 sed
914 1157 950 1184 de
974 1165 1048 1192 pras-

229 1199 362 1226 sentibus
377 1199 413 1226 ed
428 1201 513 1227 tuum
528 1201 713 1228 commodum
730 1204 837 1233 statue,
852 1202 879 1229 et
895 1201 941 1229 bis
958 1204 1047 1229 utere.

226 1243 299 1274 Quid
316 1244 395 1270 enim
419 1246 610 1279 percepturus
625 1252 656 1272 es
676 1245 865 1272 emolumenti
889 1254 923 1273 ex
948 1246 1049 1273 habita

227 1288 427 1323 praenotione?
456 1288 559 1324 Utique
588 1289 613 1316 si
637 1289 704 1324 quid
735 1290 866 1317 futurum
895 1293 940 1317 est
968 1290 1047 1321 boni.

226 1333 342 1360 etiamsi
359 1340 416 1360 non
440 1333 624 1367 praenoveris;
640 1333 752 1361 eveniet
767 1342 773 1360 :
791 1334 838 1361 sin
863 1337 960 1362 autem
977 1335 1047 1370 quid

225 1376 353 1412 molesti,
369 1376 439 1413 quid
461 1377 512 1404 tibi
540 1378 656 1412 prodest
681 1387 804 1406 mmrore
827 1387 859 1406 ac
883 1379 1003 1406 tristitia
1018 1379 1046 1406 in

225 1424 412 1449 antecessum
428 1422 553 1449 conﬁci?
572 1422 675 1458 Legem
697 1423 834 1458 accepisti
850 1423 878 1450 in
895 1423 1045 1451 auxilium.

225 1466 330 1501 Magna
340 1466 460 1501 quidem
475 1466 567 1494 inerat
585 1467 635 1494 tibi
652 1467 856 1502 opportunitas
871 1467 914 1494 vel
931 1467 966 1494 ab
983 1468 1047 1502 ipsa

225 1512 330 1536 natura
345 1510 379 1536 ad
396 1510 504 1537 bonum
522 1518 528 1537 :
547 1510 598 1538 sed
614 1510 642 1537 id
665 1512 818 1546 perliciens
833 1511 919 1545 Deus,
934 1512 986 1539 tibi
1003 1512 1046 1539 in-

225 1561 315 1589 super
331 1552 404 1590 legis
420 1562 536 1590 quoque
548 1555 693 1582 concessit
708 1555 932 1583 adminiculum.
946 1556 994 1584 Vis
1010 1556 1046 1583 de

225 1585 313 1625 rebus
330 1585 436 1626 futuris
451 1585 547 1626 certus
568 1599 653 1626 esse?
668 1599 708 1626 Ea
722 1608 784 1634 quae
810 1599 872 1635 lege
893 1601 1046 1634 jubentur,
1062 1585 1083 1618 ε

226 1650 394 1677 exsequere,
411 1643 613 1678 bonorumque
637 1644 850 1678 possessionem
871 1648 1045 1680 exspectato.

225 1687 336 1714 Honora
350 1690 455 1717 patrem
477 1689 556 1714 tuum
569 1689 595 1714 et
609 1691 734 1721 matrem,
751 1693 780 1716 ut
795 1689 861 1715 bene
887 1689 938 1716 tibi
960 1689 1008 1723 sit,
1024 1693 1049 1716 et

226 1731 281 1758 aris
309 1731 448 1765 longam:
471 1739 555 1766 super
577 1734 690 1766 terram,
715 1740 797 1767 quam
822 1733 954 1760 Dominus
977 1733 1050 1761 Deus

227 1777 291 1803 tum
305 1775 355 1803 dat
370 1775 421 1802 tibi
431 1775 462 1803 3°.
480 1775 669 1810 Concupiscis
684 1776 781 1803 bona?
800 1776 867 1808 Quae
883 1779 1050 1813 praescripta

226 1822 297 1847 sunt
313 1821 443 1847 observa.
461 1820 558 1847 Vutem
585 1820 620 1847 de
644 1824 695 1847 tua
719 1821 844 1848 sanitate
869 1829 904 1848 ne
930 1830 1050 1857 percon-

227 1864 296 1891 teris
313 1872 319 1891 :
337 1865 388 1891 sed
404 1865 520 1892 sustine
536 1865 695 1898 medicum,
712 1865 761 1900 qui
778 1866 813 1892 sd
833 1866 988 1893 sanitatem
1006 1875 1049 1894 re-

227 1908 424 1943 cuperandam
442 1909 570 1936 remedia
586 1917 711 1944 quorum
732 1911 762 1936 tu
789 1909 851 1945 ipse
867 1911 1005 1938 dominus
1020 1919 1050 1938 es

227 1954 255 1978 et
270 1951 390 1985 arbiter,
416 1952 595 1987 praescribat.
613 1952 721 1988 Ecquid
746 1953 858 1981 discere
882 1955 990 1990 poteris
1015 1955 1051 1982 ab

227 1996 305 2024 alio?
335 1996 483 2024 Fatidicus
513 1996 610 2025 nullus
635 1998 747 2025 confert
774 1998 1049 2027 immortalitatem:

227 2041 328 2068 nullos
345 2040 463 2068 deducit
477 2041 512 2068 ad
529 2041 645 2068 caelum.
661 2045 802 2070 Securum
819 2046 846 2069 te
857 2043 951 2077 judici
967 2051 1052 2071 nemo

228 2085 316 2118 sistit,
334 2085 391 2113 nisi
420 2085 466 2112 lex
490 2087 518 2112 et
543 2086 608 2120 ejus
628 2090 764 2114 accurata
791 2087 976 2114 observatio:
995 2096 1053 2122 qua.

227 2129 358 2165 impleta,
374 2130 441 2166 plus
458 2137 540 2165 aequo
556 2130 688 2157 futurum
706 2139 741 2158 ne
755 2139 848 2164 cures,
865 2131 916 2159 sed
933 2134 1052 2167 praesto-

227 2173 288 2200 lare
304 2174 579 2201 remunerationem.
597 2175 693 2209 Legem
714 2175 803 2210 igitur
817 2175 891 2202 dedit
916 2175 945 2202 in
968 2175 1052 2203 αιιωὶ-

228 2217 308 2249 lium,
325 2220 356 2244 ut
370 2218 463 2244 dicunt
477 2227 487 2245 :
501 2218 559 2245 Non
574 2219 647 2245 sicut
663 2219 775 2246 verbum
795 2219 853 2252 hoc,
871 2220 908 2247 de
921 2227 973 2256 quo
996 2228 1053 2248 non

1100 933 1168 970 πρὸς
1183 932 1294 970 νεκροὺς
1311 932 1444 967 ἀπῆλθες,
1460 932 1505 960 καὶ
1530 932 1626 964 αὐτοὺς
1648 933 1698 967 τήν
1723 933 1795 967 ζωὴν
1814 931 1918 959 ἀπολω-

1102 976 1224 1010 λεκότας,
1240 977 1285 1004 καὶ
1301 977 1343 1004 σοὶ
1363 977 1515 1014 μέλλοντας
1530 976 1574 1005 διὰ
1587 981 1637 1012 τῆς
1652 981 1797 1015 παρακοῆς
1822 978 1872 1011 τὴν
1886 976 1919 1003 νί-

1101 1031 1202 1058 κρωσιν
1218 1022 1352 1057 ἐμποιεῖν.

1137 1067 1199 1094 220.
1227 1065 1319 1101 Νύμον
1349 1063 1463 1093 δέδωκεν
1578 1066 1616 1098 ιίς
1647 1066 1794 1103 βοήθειαν,
1820 1065 1869 1092 ἵνα
1889 1064 1920 1092 εἶ’-

1102 1119 1199 1137 πωσιψ
1217 1109 1277 1148 Οὐχ
1306 1110 1342 1141 ὡς
1370 1110 1401 1137 τὸ
1431 1110 1507 1148 ῥῆμα
1530 1113 1624 1145 τοῦτο,
1653 1110 1715 1147 περὶ
1745 1110 1777 1137 οὗ
1803 1110 1854 1137 οὐκ
1873 1109 1921 1137 ἔστι

1104 1152 1178 1191 δῶρα
1206 1153 1298 1181 δοῦναι
1339 1155 1401 1191 περὶ
1438 1154 1531 1184 αὐτοῦ.
1561 1156 1606 1189 Μὴ
1642 1154 1870 1192 πολυπραγμόνει
1895 1154 1921 1181 τὸ

1105 1197 1218 1234 μέλλον,
1235 1198 1308 1226 ἀλλὰ
1328 1199 1362 1226 τὰ
1376 1199 1496 1237 παρόντα
1520 1200 1588 1236 πρὸς
1602 1199 1634 1226 τὸ
1650 1200 1792 1237 χρήσιμον
1809 1197 1921 1230 διατίθε-

1104 1253 1144 1270 σο.
1158 1243 1191 1270 Τί
1207 1243 1258 1280 γὰρ
1274 1241 1374 1282 ὄφελος
1398 1243 1428 1270 ὶκ
1450 1246 1500 1271 τοῦ
1521 1241 1670 1281 προλαϐεῖν
1691 1253 1720 1271 σε
1733 1245 1784 1278 τὴν
1800 1245 1898 1280 γνῶσιν
1914 1253 1920 1277 ;

1103 1286 1134 1314 El
1150 1287 1196 1323 μὲν
1211 1288 1307 1323 ἀγαθὸν
1335 1286 1406 1314 ἔσται
1424 1289 1481 1324 (93)
1504 1287 1536 1315 τὸ
1560 1287 1700 1323 ἐσόμενον,
1722 1286 1793 1322 ἥξει,
1812 1287 1858 1314 κᾶν
1887 1287 1919 1323 μὴ

1102 1333 1237 1368 προγνῴς·
1256 1330 1279 1358 εἰ
1304 1329 1333 1358 δὲ
1359 1330 1492 1368 λυπηρὸν,
1507 1331 1533 1358 τί
1546 1341 1587 1358 σοι
1602 1332 1634 1359 τὸ
1652 1329 1748 1368 κέρδος
1764 1330 1920 1368 προσδαπα-

1101 1378 1194 1407 νᾶσθαι
1207 1377 1241 1412 τῇ
1258 1375 1348 1412 λύπῃ;
1365 1376 1458 1412 Νόμον
1483 1373 1577 1406 ἕλαϐις
1596 1375 1634 1406 εἷς
1652 1376 1791 1413 βοήθειαν,
1810 1375 1916 1413 Μιγεέλη

1104 1420 1151 1456 μὲν
1174 1422 1206 1454 ἦν
1231 1430 1273 1447 σοι
1297 1420 1342 1447 καὶ
1363 1421 1380 1455 ἡ
1402 1419 1431 1447 ἐκ
1457 1420 1562 1459 φύσεως
1587 1420 1778 1458 ἐνυπάρχουσα
1802 1421 1866 1456 πρὸς
1890 1420 1917 1446 τὸ

1100 1463 1183 1492 καλὸν
1200 1463 1400 1499 ἐπιτηδειότης⁴
1422 1463 1494 1492 ἀλλὰ
1516 1467 1597 1492 τοῦτο
1620 1464 1733 1492 τελειῶν
1751 1465 1765 1492 ὁ
1791 1465 1853 1494 Θεὸς
1875 1463 1915 1490 καὶ

1099 1509 1149 1543 τὴν
1164 1508 1193 1536 ἐκ
1205 1511 1253 1535 τοῦ
1269 1509 1355 1544 νόμου
1371 1519 1414 1536 σοι
1433 1508 1619 1546 χιιραγωγίαν
1645 1509 1810 1546 προσὲθηκι.
1827 1507 1916 1535 Βούλει

1101 1554 1162 1583 περὶ
1175 1555 1227 1580 τῶν
1255 1552 1414 1590 μελλόντων
1428 1555 1568 1581 πεπιῖσῦαι
1586 1563 1593 1588 ;
1610 1553 1684 1581 Heiu
1700 1553 1733 1580 τὰ
1748 1552 1917 1590 διατεταγμέ-

1101 1608 1133 1624 να
1159 1598 1228 1624 κατὰ
1256 1598 1301 1624 τὸν
1330 1598 1427 1634 νόμον,
1442 1596 1487 1624 καὶ
1515 1597 1628 1634 ἆνάμινι
1655 1599 1708 1624 τῶν
1739 1597 1846 1634 ἀγαθῶν
1874 1597 1916 1630 τὴν

1102 1642 1250 1670 ἀπόλαυσιν
1264 1663 1270 1670 .
1296 1642 1371 1678 Τίμα
1392 1641 1439 1669 τὸν
1470 1642 1573 1679 πατέρα
1598 1652 1645 1669 σου
1667 1641 1712 1669 καὶ
1733 1642 1784 1675 τήν
1812 1640 1917 1677 μητέρα,

1099 1685 1145 1713 ἵνα
1173 1687 1201 1713 εὗ
1237 1697 1280 1713 σοι
1316 1686 1450 1724 γένηται,
1479 1687 1524 1713 καὶ
1561 1685 1607 1723 ἔσῃ
1648 1685 1852 1723 μακροχρόνιος
1879 1684 1916 1712 ἐπὶ

1102 1735 1152 1765 τῆς
1180 1734 1242 1768 γῆς,
1271 1731 1305 1765 ἧς
1328 1730 1425 1768 Κύριος
1449 1731 1464 1758 ὁ
1484 1730 1549 1761 Θιός
1573 1740 1621 1757 σου
1644 1729 1739 1758 δίδωσί
1766 1741 1820 1758 σοι.
1850 1731 1917 1758 Ἐπι-

1104 1776 1198 1811 Ουμεῗς
1211 1777 1265 1802 τῶν
1288 1775 1394 1812 ἀγαθῶν
1413 1774 1508 1809 ;Ηοίει
1520 1775 1554 1802 τὰ
1579 1773 1783 1812 διατιταγμὲνα.
1801 1775 1844 1808 Μή
1861 1773 1919 1812 ἐρώ-

1102 1829 1136 1846 τα
1150 1819 1195 1846 τὸν
1214 1818 1308 1855 μάντιν
1323 1819 1385 1856 περὶ
1400 1821 1450 1851 τῆς
1477 1818 1579 1855 ὑγείας,
1597 1817 1660 1846 ἀλλ’
1685 1819 1808 1856 ἀνάσχου
1827 1817 1919 1846 105i:-

1103 1866 1169 1901 τροῦ
1186 1863 1380 1899 ὑποτιθεμένου
1403 1863 1435 1890 τὰ
1456 1863 1525 1900 πρὸς
1552 1863 1654 1900 ὑγείαν,
1680 1864 1717 1890 ὢν
1742 1863 1826 1894 αὐτὸς
1850 1862 1920 1890 c715-

1106 1918 1174 1946 ριος.
1200 1907 1230 1934 Τί
1254 1908 1317 1945 παρ’
1342 1908 1434 1944 ἑτέρου
1449 1906 1563 1944 διδάσκῇ
1581 1917 1587 1942 ;
1603 1906 1700 1938 Οὗδιὶς
1719 1907 1815 1944 μάντις
1831 1908 1919 1934 ἀθανα-

1105 1954 1163 1979 σίαν
1188 1951 1340 1990 χαρίζεται·
1359 1951 1448 1983 οὐδεὶς
1475 1951 1565 1988 ἀνάγει
1595 1952 1663 1988 πρὸς
1687 1952 1812 1988 οὐρανόν·
1843 1950 1919 1980 οὐδείς

1106 2007 1135 2024 σι
1149 1999 1188 2033 τῷ
1199 1999 1279 2034 κριτῇ
1296 1997 1322 2024 ἂν
1345 1995 1484 2034 παῤῥησίᾳ
1506 1996 1667 2033 παρίστησιν
1693 1997 1762 2033 (94),
1778 1995 1842 2024 ἀλλ’
1856 1997 1869 2023 ὁ
1883 1995 1919 2021 νὸ-

1108 2052 1159 2078 μος
1186 2041 1230 2068 καὶ
1258 2042 1275 2075 ἡ
1303 2040 1402 2068 τούτου
1424 2038 1539 2078 ἀκριϐὴς
1563 2042 1690 2078 τήρησις·
1718 2041 1748 2067 δν
1771 2042 1872 2078 τηρῶν,
1888 2040 1918 2075 μή

1106 2085 1333 2123 πολυπραγμόνει
1358 2085 1389 2112 τὸ
1412 2084 1524 2120 μέλλον,
1549 2083 1612 2111 ἀλλ’
1628 2084 1742 2120 ἀναμενι
1762 2085 1810 2119 τήν
1828 2082 1919 2112 ἀντίδο-

1108 2141 1160 2158 σιν.
1187 2130 1280 2166 Νόμον
1311 2129 1356 2156 οὖν
1376 2127 1475 2165 ἔδωκεν
1505 2128 1543 2161 sic
1575 2130 1712 2166 βοήθειαν,
1734 2128 1780 2156 ἵνα
1809 2128 1916 2156 εἴπωσιν·

1107 2175 1169 2212 Οὐχ
1184 2175 1220 2206 ὡς
1246 2175 1276 2201 τὸ
1302 2174 1378 2212 ῥῆμα
1399 2176 1479 2201 τοῦτο
1503 2173 1565 2210 περὶ
1585 2172 1616 2200 οὗ
1642 2173 1691 2201 οὐκ
1709 2170 1765 2201 ἔστι
1781 2172 1854 2211 δῶρα
1868 2172 1918 2200 δοῦ-

1107 2230 1148 2247 ναι
1177 2220 1237 2256 περὶ
1266 2218 1359 2246 αὐτοῦ.
1385 2218 1471 2249 Οὗτος
1498 2216 1527 2245 ὂὶ
1551 2219 1564 2244 ὸ
1582 2217 1666 2254 νόμος
1691 2217 1742 2244 οὐχ
1758 2217 1827 2244 ἔστιν
1849 2217 1881 2248 ὡς
1892 2215 1916 2241 τὸ

227 2264 268 2288 εει
282 2269 398 2289 munera
413 2261 479 2289 dare
493 2262 525 2289 de
539 2269 580 2289 eo.
594 2263 657 2290 llaec
673 2265 770 2290 autem
786 2263 832 2291 lex
847 2272 904 2291 non
921 2273 951 2292 se
967 2265 1055 2292 habet

1110 2264 1185 2302 ῥῆμα
1198 2265 1279 2291 τοῦτο
1296 2265 1345 2290 τοῦ
1369 2261 1598 2299 ἐγγαστριμύθων.
1616 2261 1652 2289 Οὐ
1678 2262 1729 2300 γὰρ
1746 2262 1814 2299 πρὸς
1828 2262 1916 2293 ἀπάτην

230 2305 307 2333 sicut
322 2305 377 2333 hoc
393 2305 566 2341 ventriloqui
585 2307 715 2334 verbum.
730 2307 793 2335 Non
810 2308 888 2336 enim
904 2309 940 2336 ad
956 2309 1055 2337 fucum

230 2350 398 2378 faciendum
414 2350 577 2386 excogitata
593 2353 648 2385 est,
666 2352 707 2378 uti
723 2351 773 2378 illa
787 2352 852 2387 ejus
877 2353 964 2380 verba
980 2361 987 2381 :
1005 2354 1055 2381 sed

229 2393 360 2422 veritatis
376 2397 420 2422 est
435 2394 584 2430 magistra.
596 2398 692 2430 Atque
708 2395 748 2422 illi
761 2396 878 2431 quidem
893 2397 1055 2425 vaticinan-

231 2442 279 2466 tur
290 2439 326 2466 ob
341 2441 507 2475 argentum.
519 2439 578 2467 Hoc
588 2440 664 2468 545
683 2448 811 2476 namque
826 2441 983 2468 ridiculum
999 2445 1054 2476 est,

230 2484 307 2519 quod
319 2484 369 2519 qui
379 2483 572 2519 dioipiuntur,
582 2484 736 2520 pecuniam
747 2484 834 2512 etiam
845 2493 898 2521 pro
910 2486 1055 2514 mendacii

262 2572 285 2590 ”
299 2572 388 2601 Exod.
403 2580 450 2607 xx,
465 2573 509 2601 12.

227 2663 431 2700 Combeﬁaius.
450 2663 649 2700 Librariorum
665 2665 763 2691 autem
783 2672 821 2692 an
842 2663 935 2700 ipsius
951 2667 1050 2693 aucto-

230 2700 270 2728 ris
285 2700 392 2728 menda
407 2699 468 2726 haec
484 2699 553 2732 sint,
568 2698 616 2726 alii
628 2699 813 2734 judicabunt.

265 2734 322 2770 (91)
337 2735 422 2770 Editi,
433 2734 494 2769 τήν.
506 2735 542 2762 At
553 2734 704 2772 mss.,;gl_v,
716 2736 798 2763 bene.
811 2734 969 2772 Aliquanto
983 2737 1051 2772 post

232 2778 309 2808 mss:
321 2769 432 2808 omnes,
446 2769 611 2808 καθαρμούς.
630 2770 715 2808 Editi,
730 2769 924 2808 καθαρισμορς.

267 2805 324 2842 (92)
338 2804 457 2842 Antiqui
472 2804 523 2835 sei
536 2804 614 2839 libri,
630 2804 755 2836 δέδωκεν.
775 2804 862 2842 Εᾶῑιῖ,
878 2806 988 2836 ἔδωκεν.

1111 2307 1280 2342 ἱπινινόηται
1306 2306 1396 2344 ὥσπερ
1421 2306 1520 2340 ἐκιῖνα,
1545 2305 1617 2334 ἀλλὰ
1641 2305 1772 2341 ἀληθείας
1791 2306 1843 2334 ἐστὶ
1860 2303 1917 2332 διδά-

1112 2352 1223 2383 σκαλος.
1238 2351 1364 2380 Κάκεῖνοι
1381 2351 1427 2387 μὶν
1453 2350 1494 2378 ἐπ’
1515 2350 1638 2388 ἀργυρίῳ
1657 2350 1845 2386 μαντεύονται.
1860 2350 1915 2378 Τοῦ-

1109 2407 1140 2423 το
1165 2396 1216 2434 γάρ
1235 2395 1290 2423 ἐστι
1313 2395 1344 2422 τὸ
1369 2392 1580 2431 καταγέλαστον,
1604 2395 1646 2421 ὅτι
1668 2394 1713 2421 καὶ
1738 2394 1862 2432 ἀργύριον
1880 2392 1916 2419 αὖ·

1108 2443 1167 2472 τοῖς
1179 2439 1290 2468 τελοῦσι
1307 2439 1400 2476 μισθὸν
1411 2440 1460 2465 τοῦ
1475 2437 1590 2475 ψεύδους
1602 2439 1628 2465 οἱ
1644 2439 1830 2475 ἀπατώμενοι.
1841 2439 1915 2466 Τοῦτο

1110 2484 1139 2513 δὲ
1152 2485 1183 2513 τὸ
1197 2484 1283 2523 ῥῆμα,
1299 2483 1433 2519 τουτέστι,
1447 2485 1496 2510 τοῦ
1520 2483 1619 2520 νόμου,
1645 2482 1697 2511 οὐκ
1719 2481 1775 2511 ἔστι
1799 2484 1915 2515 τοιοῦτον,

1140 2665 1198 2702 (93)
1213 2665 1332 2694 Veteres
1354 2663 1467 2699 aliquot
1487 2662 1570 2702 libri,
1592 2661 1660 2702 tofi.
1685 2663 1766 2702 Mox_
1777 2662 1851 2702 regii
1866 2658 1915 2702 pri-

1083 2697 1195 2737 ‘mus,
1220 2701 1324 2729 tertius
1352 2701 1380 2728 et
1403 2697 1543 2737 quartus,
1561 2697 1668 2737 ’κέρδος
1696 2697 1913 2736 προδαπᾶνᾶσθιιι,

1105 2733 1191 2765 recte.
1208 2737 1265 2765 Alii
1282 2744 1354 2764 mss.
1370 2733 1446 2772 cum?
1457 2735 1555 2772 editis,
1570 2733 1822 2772 πρόσδαπαύἆσθαι.

1140 2773 1196 2809 (94)
1212 2773 1252 2802 Ita
1268 2782 1338 2801 mss.
1356 2771 1459 2800 nostri.
1475 2770 1562 2806 Editi,
1578 2770 1757 2809 τιαραστήσει.
