1995 3142
160 139 216 168 507

629 140 828 170 APPENDIX
851 139 1015 170 OPERUM
1037 139 1069 170 S.
1092 139 1236 170 BASILII
1259 139 1395 170 MAGNI.

1807 138 1876 169 508

158 205 265 240 populo
285 204 395 232 sitienti
412 206 536 240 gratiam
548 208 744 241 exspectatam
755 206 983 239 annuntiat,ait:

1053 204 1093 232 τοῦ
1118 206 1200 242 ’χάρις
1229 203 1401 237 ἀναδίδοσθαι
1431 205 1557 242 πέφυκιν,
1574 204 1636 232 ὅταν
1669 205 1708 240 μὴ
1736 207 1874 238 ναυτιῶν,

158 250 212 276 Hoc
223 250 348 284 primum
363 250 542 286 bibe.Excipe
552 250 579 277 in
589 251 687 278 animo
703 250 833 278 laetitiam
846 251 984 278 :reconde

158 292 188 320 in
200 301 232 321 eo
245 293 348 321 salutis
365 294 482 330 dogma.
497 294 558 322 Alio
576 295 698 322 inferius
714 303 748 322 ne
763 295 922 331 putaveris,
935 303 987 322 nec

159 338 320 373 quidquam
337 338 415 365 aliud
428 347 461 366 eo
478 340 667 374 praestantius
682 348 747 367 esse
761 340 919 367 eXIstimes.
937 338 987 366 Est

159 385 227 410 ante
243 382 341 409 omnia
357 391 364 409 :
384 391 435 410 nec
452 383 616 419 quidquam
630 384 682 411 abs
711 387 739 412 te
763 384 921 420 excogitari
939 391 988 418 po-

160 427 308 462 test.quod
326 426 364 453 sit
380 427 537 455 Conditore
555 432 604 455 tuo
621 429 774 464 prius,aut
789 428 865 463 quod
884 431 988 455 natura

161 471 200 498 ait
212 471 404 507 primogenito
420 472 517 499 omnis
533 475 671 500 creaturae
686 473 709 490 ’θ
719 472 987 500 excellentius.Pri-

161 524 238 542 mum
253 516 323 542 bibe.
338 516 419 543 Disce
434 516 463 542 in
481 516 625 552 principio
644 517 736 545 fuisse
752 517 900 545 Verbum'.
915 518 988 544 Ante

162 559 350 595 principium,
367 560 437 587 nihil
453 569 459 591 ;
477 560 549 587 nihil
566 561 648 596 prius
664 570 697 588 eo
714 562 765 597 qui
785 563 848 588 erat
863 561 892 588 in
909 561 987 595 prin-

161 605 247 639 cipio.
265 604 304 631 Ne
322 604 404 639 prius
415 613 508 632 aevum
526 605 621 639 bibas,
640 614 697 633 non
715 605 913 640 intervallum,
929 613 988 632 non

162 649 258 676 locum
277 649 339 676 Filii
353 649 519 677 substantia
535 650 782 683 destitutum,non
798 654 988 686 tempus,non

161 693 303 728 temporis
324 693 440 727 aliquod
459 697 713 727 momentum,oon
731 695 892 730 quidquam
906 693 990 721 futile

161 739 189 764 et
206 746 323 771 vanum,
336 738 410 772 quod
428 738 546 766 animus
562 738 716 774 imaginari
734 739 838 766 valeat.
856 741 912 766 Hoc
932 739 988 773 pri-

161 790 237 808 mum
254 782 322 814 bibe,
339 783 391 809 cito
405 783 459 817 fac.
477 782 538 810 Non
567 783 683 818 ignave,
708 792 765 810 non
778 783 916 819 segniter,
930 790 989 810 non

164 825 352 861 negligenter,
370 835 426 854 non
443 826 582 862 languide
597 836 672 863 opus
687 828 855 864 aggredere,
875 827 925 854 sed
945 827 988 853 vi-

163 869 255 898 riliter
267 874 295 898 et
310 871 451 898 studiose.
478 871 649 906 Cujusmodi
667 875 728 900 erat
752 872 870 904 Paulus,
887 871 936 907 qui
953 871 990 898 si-

163 895 649 950 aurigenae},enim;
668 895 812 952 temporis
842 895 924 944 nioi‘a
953 916 989 943 ad
1005 895 1029 928 Β

162 959 397 995 praedicationem
410 960 534 988 accessit
551 968 558 989 :
575 961 684 996 quippe
694 961 744 997 qui
760 961 840 988 carni
868 969 925 988 non
939 968 989 988 ac-

163 1004 335 1039 quiesceret,
352 1007 402 1032 aut
418 1005 556 1040 sanguini
571 1006 582 1022 ²
598 1013 605 1038 ;
636 1005 685 1033 sed
716 1008 856 1042 tanquam
887 1013 990 1033 cursor

163 1049 294 1084 quidam,
313 1048 361 1076 ubi
378 1049 506 1084 primum
523 1049 637 1077 audivit
651 1058 755 1077 cursus
771 1049 989 1086 signum,festi-

165 1093 253 1120 nabat
268 1093 303 1120 ad
321 1094 420 1126 linem,
435 1094 518 1128 juxta
543 1094 694 1130 priniixum
726 1103 847 1130 scopum
864 1094 899 1122 ad
917 1102 988 1130 prae-

166 1138 258 1165 mium
275 1145 308 1164 su
315 1146 408 1173 pernae
423 1138 583 1166 vocationis
594 1140 774 1166 contendens
785 1139 805 1166 ³.

1041 248 1112 286 μηδὲ
1127 248 1302 284 ἀποϐλύζων,
1321 249 1394 276 ἀλλά
1409 248 1443 276 δι’
1460 246 1615 287 ὑπερϐολήν
1634 250 1785 287 ξηρότητος
1797 249 1873 287 ἐφιε-

1043 305 1122 330 μενος
1137 297 1186 328 τῆς
1202 293 1231 321 ὲκ
1245 297 1293 322 τοῦ
1312 296 1398 322 ποτοῦ
1413 294 1596 330 παραμυθίας,
1617 293 1661 321 καί
1690 297 1749 324 ταῖς
1778 293 1873 320 vatim.

1040 340 1088 365 τοῦ
1109 339 1237 370 ποΘέντος
1263 339 1318 375 (48)
1341 339 1433 366 ἑαυτὸν
1458 337 1614 376 διυγραίνει.
1632 338 1680 365 Διὰ
1708 340 1792 365 τοῦτο
1827 337 1874 364 καὶ

1040 385 1086 409 νῦν
1098 383 1112 410 ό
1128 382 1370 421 εὐαγγελιζόμενος
1391 383 1428 414 ὡς
1444 381 1602 419 δεδιψηκότι
1619 381 1678 417 λαῷ
1705 383 1754 416 τήν
1784 392 1876 419 προσ-

1042 425 1201 463 δοκωμένην
1231 429 1323 466 χάριν,
1354 427 1438 463 φησί’
1460 428 1548 455 Τοῦτο
1577 429 1685 464 πρῶτον
1715 427 1772 455 πίι.
1790 427 1876 453 Ὑπό-

1042 469 1113 507 δεξαι
1129 474 1163 508 τῇ
1178 474 1255 509 ψυχῇ
1270 472 1319 506 τὴν
1347 471 1524 510 εὐφροσύνην·
1539 470 1615 498 ἔνθου
1643 471 1675 498 τὸ
1700 469 1793 508 δόγμα
1823 474 1878 504 τῆς

1043 515 1191 552 σωτηρίας.
1213 517 1259 550 Μὴ
1282 515 1404 554 δεύτερον
1431 515 1518 543 ἄλλου
1548 517 1651 553 ἡγήσῃ,
1676 514 1746 552 μηδὲ
1770 525 1877 552 προτι-

1045 560 1156 598 μότερόν
1174 571 1199 588 τι
1216 560 1314 588 τούτου
1329 560 1442 598 νομίσῃς
1458 559 1561 598 ἕτερον,
1578 560 1633 597 Πρὸ
1650 560 1756 587 πάντων
1775 559 1857 586 ια’-τίν
1871 569 1877 574 ·

1044 603 1105 632 οὕτε
1131 606 1173 632 σοί
1195 615 1221 632 τι
1236 606 1367 643 πρότερον
1383 605 1515 639 νοηθῆναι
1545 603 1653 631 δύναται
1682 606 1730 631 τοῦ
1758 604 1880 631 κτίσανο

1042 649 1088 681 τός
1108 659 1145 676 σε·
1162 648 1224 676 οὕτε
1243 651 1276 686 τῇ
1293 649 1369 688 φύσει
1396 648 1560 686 τιμιώτερόν
1588 659 1625 684 τι,
1653 650 1701 675 τοῦ
1729 647 1881 685 πρωτοτό-

1042 704 1092 720 κου
1121 693 1209 728 πάσης
1238 693 1362 724 κτίσεως.
1380 695 1490 730 Πρῶτον
1507 692 1561 721 πίε,
1582 693 1658 724 Μάθε
1673 692 1714 719 ὅτι
1739 692 1765 719 ἓν
1797 693 1878 729 ἀρχῇ

1043 737 1076 770 ἦν
1092 738 1106 765 ὁ
1122 739 1217 776 Λόγος.
1228 736 1312 766 Οὐδὲν
1328 747 1380 774 προ
1397 737 1498 775 ἀρχῆς⁸
1512 735 1588 764 οὐδὲν
1606 737 1659 774 πρὸ
1673 738 1720 764 τοῦ
1737 735 1763 763 ἐν
1782 736 1878 774 ἀρχῇ.

1044 783 1091 816 Μὴ
1108 782 1192 809 αἰῶνα
1203 782 1334 820 προπίῃς·
1360 782 1397 818 μὴ
1424 780 1577 817 διάστημα¹
1594 782 1632 817 μὴ
1654 780 1737 808 τόπον
1759 779 1879 818 ἔρημον

1043 830 1094 861 τῆς
1121 827 1185 854 Υἱοῦ
1211 826 1348 864 ὑπάρξεως
1362 835 1368 842 ·
1387 826 1425 862 μὴ
1442 825 1540 863 χρόνον
1555 834 1560 841 “
1588 825 1626 861 μὴ
1642 823 1734 862 καιρόν
1746 834 1752 840 ·
1784 823 1878 861 μηδὶν

1043 873 1096 898 τῶν
1124 871 1192 898 κατὰ
1220 870 1364 909 φαντασίαν
1395 869 1526 906 ματαίων,
1543 867 1698 905 δυναμένων
1724 871 1759 905 τῇ
1793 871 1878 906 ψυχῇ

1044 915 1218 953 ιγγινεσθαι.
1249 917 1334 942 Τοῦτο
1370 916 1479 952 πρῶτον
1506 913 1571 941 πίε·
1601 913 1672 951 ταχὺ
1700 913 1796 942 ποίει.
1830 915 1878 948 Μὴ

1044 959 1163 998 χαύνως,
1194 957 1265 995 μηδὲ
1289 955 1595 994 καταϐιϐλακευμένως,
1613 956 1685 993 μηδὶ
1711 957 1877 992 ἇσπούδως,

1045 1002 1117 1040 μηδὶ
1149 1003 1270 1034 ίκλύτως
1315 1002 1359 1030 ἐπὶ
1398 1003 1447 1036 τήν
1488 1004 1538 1028 τοῦ
1577 1000 1656 1039 ἔργου
1692 1001 1877 1039 παραδοχὴν⁷

1043 1047 1117 1075 ἀλλά
1145 1047 1279 1078 συντόνως
1308 1047 1352 1074 καὶ
1377 1046 1617 1082 κατεσπευσμένως
1642 1047 1709 1082 (19).
1735 1047 1810 1076 Οἴος
1845 1047 1877 1080 ἦν

1043 1091 1163 1122 Παῦλος·
1180 1092 1251 1128 ὁμοῦ
1273 1102 1302 1119 τε
1327 1089 1400 1119 ἔπινε
1426 1091 1475 1124 τήν
1502 1090 1602 1123 πίστιν,
1618 1090 1663 1118 καὶ
1691 1089 1794 1118 οὐδένα
1815 1101 1878 1118 και-

1044 1137 1088 1173 ρὸν
1106 1134 1273 1164 ἀνεϐάλλετο
1289 1136 1357 1172 πρὸς
1373 1136 1404 1163 τὸ
1432 1136 1571 1173 κήρυγμα·
1588 1134 1617 1166 ὃς
1637 1145 1667 1173 γε
1690 1133 1753 1162 οὐόὶ
1785 1145 1880 1173 προσ-

165 1181 272 1212 ανὲοετο
289 1181 366 1218 σαρκὶ
381 1182 426 1209 καὶ
442 1181 547 1218 αἵματι,
563 1182 626 1210 ἀλλ’
643 1182 729 1217 εὐθὺς,
747 1183 838 1220 ὥσπερ
857 1193 899 1213 τις
916 1181 1043 1219 δρομεὺς,
1059 1182 1129 1217 ὁμοῦ
1143 1192 1172 1208 τε
1187 1178 1268 1209 ἔλαϐε
1283 1181 1313 1208 τὸ
1336 1183 1385 1208 τοῦ
1405 1179 1510 1218 δρόμου
1530 1179 1664 1216 σύνθημα,
1679 1180 1723 1207 καὶ
1747 1180 1828 1217 πρὸς
1851 1180 1882 1207 τὸ

165 1224 244 1255 τᾶλος
259 1224 392 1262 ἕπείγετο,
413 1225 480 1252 κατὰ
496 1226 596 1253 σκοπὸν
613 1224 719 1253 διώκων
736 1225 774 1258 εἷς
787 1227 818 1253 τὸ
836 1223 962 1264 βραϐιῖον
975 1227 1024 1258 τῆς
1039 1225 1095 1252 ἅνω
1110 1224 1246 1260 κλήσεως.

198 1269 261 1297 224.
279 1270 364 1306 Regio
378 1271 510 1298 Zabuton.
528 1271 568 1298 Ad
586 1271 640 1298 hos
659 1271 739 1306 ipsos
765 1272 906 1307 propheta
926 1279 991 1298 con-

165 1313 220 1341 fert
235 1322 412 1348 sermonem,
423 1316 501 1350 apud
517 1323 592 1350 quos
608 1318 738 1343 moratus
764 1318 809 1343 est
839 1315 990 1349 Dominus,

165 1358 215 1393 qui
233 1359 315 1394 prius
331 1359 360 1386 in
390 1359 561 1395 ignorantia
577 1360 706 1388 tenebris
731 1359 924 1393 ambulantes,
942 1367 990 1387 ex~

165 1402 275 1430 oriente
290 1403 401 1431 lumine
413 1404 570 1438 vero,Quod
578 1405 718 1432 illuminat
732 1413 839 1432 omnem
853 1405 990 1432 hominem

167 1448 319 1476 venientem
334 1449 362 1476 in
379 1448 452 1476 hunc
467 1451 604 1477 mundum
621 1451 641 1484 ‘,
660 1450 797 1477 viderunt
810 1449 905 1477 lucem
930 1458 989 1476 ma-

165 1493 358 1527 gnam.Nemo
368 1496 464 1521 autem
481 1494 781 1530 suspiceturMatthaai
796 1497 824 1522 et
840 1494 987 1530 prophetae

163 1537 252 1563 verba
266 1545 328 1564 esse
344 1537 419 1565 inter
436 1546 467 1565 se
483 1539 711 1574 pngnantia,etsi
723 1538 771 1566 ille
781 1539 900 1574 quidem
908 1538 986 1566 dixe-

1082 1271 1144 1298 224.
1170 1269 1253 1307 Χώρα
1275 1266 1430 1296 Ζαϐουλὼν.
1448 1267 1518 1305 Πρὸς
1547 1267 1611 1298 τοὺς
1635 1267 1732 1298 αὐτοὺς
1758 1267 1880 1294 ἀποτεί-

1044 1323 1118 1340 νιται
1139 1314 1153 1340 ὁ
1175 1314 1329 1351 προφήτης,
1346 1313 1414 1350 πρὸς
1438 1312 1484 1343 οὓς
1511 1311 1692 1349 ἕπεχωρέαζεν
1718 1312 1733 1338 6
1758 1311 1880 1348 Κύριος,

1045 1356 1141 1390 οἵτινες
1168 1357 1299 1395 πρότερον
1325 1357 1351 1384 ἐν
1378 1359 1418 1393 τῷ
1447 1356 1534 1384 σκότει
1559 1360 1610 1391 τῆς
1624 1355 1732 1394 ἀγνοίας
1753 1357 1880 1392 πορευό-

1046 1413 1133 1438 μενοι,
1149 1402 1175 1429 ἐν
1199 1404 1233 1439 τῇ
1258 1401 1379 1438 ἀνατολῇ
1409 1403 1457 1428 τοῦ
1486 1401 1575 1440 φωτὸς
1600 1402 1647 1428 τοῦ
1672 1399 1826 1435 ἀληθινοῦ,
1843 1401 1877 1429 Ὃ

1044 1447 1155 1485 φωτίζει
1171 1446 1258 1474 πάντα
1277 1445 1419 1483 ἄνθρωπον
1446 1444 1594 1482 ἐρχόμενον
1619 1444 1658 1477 εἷς
1679 1444 1724 1472 τὸν
1751 1444 1877 1481 κόσμον,

1044 1489 1113 1518 εἶδον
1130 1492 1186 1527 (20)
1201 1493 1260 1530 φῶς
1290 1491 1367 1528 μέγα.
1386 1490 1434 1518 Καὶ
1469 1488 1566 1526 μηδεὶς
1592 1489 1689 1521 οἷὲσθω
1717 1487 1876 1527 διαφωνίαν

1043 1534 1115 1574 ἴχειν
1143 1535 1210 1573 πρὸς
1238 1535 1269 1562 τὸ
1295 1534 1465 1574 προφητικὸν
1481 1534 1561 1572 ῥητὸν
1577 1533 1611 1561 τὰ
1625 1533 1698 1572 παρὰ
1716 1535 1765 1561 τοῦ
1799 1537 1876 1561 Ματ-

164 1580 210 1607 rit.
228 1581 347 1616 Populus
361 1583 410 1617 qui
435 1582 548 1610 sedebat
566 1585 595 1610 in
610 1584 730 1611 tenebris
744 1583 775 1614 ':
792 1583 896 1611 Isaiam
919 1591 986 1610 vero

1053 1581 1130 1611 Iulou‘
1148 1580 1221 1617 ε’ίπερ
1251 1580 1265 1607 6
1297 1580 1344 1616 μὲν
1371 1579 1452 1606 εἶπεν·
1470 1579 1500 1608 Ὁ
1529 1578 1594 1609 λαὸς
1618 1579 1632 1606 ὁ
1658 1579 1821 1614 καθήμενος
1850 1577 1877 1605 ἐν

163 1627 277 1652 constet
292 1625 399 1653 dixisse
416 1634 422 1654 :
439 1627 492 1660 Qui
507 1627 667 1655 ambulabat
682 1628 849 1656 intenebris.
866 1628 939 1655 Nam
956 1627 987 1654 in

163 1669 294 1696 tenebris
308 1670 458 1698 ambulare
473 1670 550 1698 idem
564 1671 638 1699 valet
654 1675 739 1707 atque
756 1673 784 1699 in
802 1672 931 1699 tenebris
949 1679 992 1699 se-

165 1713 244 1746 dere,
264 1721 328 1740 cum
347 1717 469 1750 uterque
485 1724 501 1742 a
516 1716 665 1751 proposito
685 1716 742 1744 fine
756 1716 891 1744 similiter
906 1717 991 1744 aber-

169 1760 223 1790 ret,
235 1759 297 1784 tnm
315 1758 365 1793 qui
378 1767 434 1786 non
452 1762 595 1792 movetur,
617 1762 679 1787 tum
701 1760 751 1796 qui
767 1763 875 1788 temere
890 1761 990 1788 obam-

164 1801 247 1829 bulat
262 1803 458 1831 errabundus.
474 1803 527 1835 Qui
545 1804 622 1832 enim
639 1804 702 1832 sine
717 1813 806 1840 scopo
822 1805 940 1837 incedit.
955 1805 992 1832 ad

165 1845 277 1873 nullum
294 1850 404 1874 certum
417 1847 513 1875 locum
528 1848 628 1882 vadit;
643 1848 693 1884 qui
716 1857 782 1876 vero
798 1849 827 1876 in
844 1849 902 1877 otio
919 1849 990 1877 deti-

165 1892 260 1923 netur,
277 1899 461 1926 nequaquam
479 1893 564 1919 tinem
583 1893 817 1928 assequitur.Hic
834 1893 923 1928 igitur
938 1901 991 1928 po-

165 1934 263 1969 pulus,
289 1935 337 1970 qui
355 1936 485 1970 gentium
502 1936 669 1972 ignorantia
690 1937 903 1972 obcaecabatur,
919 1937 991 1965 vidit

164 1977 270 2012 lucem,
289 1987 344 2006 non
362 1979 463 2014 talem,
480 1980 575 2016 qualis
591 1981 627 2008 ab
641 1982 717 2016 igne,
731 1984 782 2009 aut
797 1991 813 2009 a
825 1982 928 2014 stellis,
941 1985 992 2010 aut

165 2030 181 2050 a
193 2022 274 2056 luna,
286 2025 337 2050 aut
348 2032 364 2051 a
379 2024 450 2058 sole,
468 2027 518 2052 aut
533 2034 550 2053 a
566 2025 698 2061 fulgetris
728 2026 796 2054 oriri
827 2026 900 2054 solet
917 2035 923 2060 ;
940 2027 991 2054 sed

162 2066 236 2094 vidit
252 2067 346 2095 lucem
364 2076 580 2105 magnamque:
596 2069 743 2098 intellectu
761 2079 908 2106 sensuque
920 2079 991 2106 prae-

164 2111 234 2139 ditis
249 2111 378 2148 all‘ulget,
396 2122 459 2148 qua:
473 2116 501 2140 et
527 2123 593 2141 cum
619 2115 700 2142 Patre
715 2117 770 2149 est,
799 2117 828 2143 et
857 2115 992 2143 homines

163 2155 335 2190 illustrat,et
345 2157 465 2193 angelos
480 2158 570 2185 etﬁoit
585 2158 798 2193 splendidos,et
813 2159 990 2187 sufﬁcitom-

165 2200 326 2233 nibus,imo
343 2200 432 2228 latius
445 2201 541 2229 adhuc
557 2202 688 2230 extendit
702 2211 772 2230 suos
784 2204 922 2239 fulgores.
934 2204 991 2231 Sed

165 2243 194 2270 in
210 2252 268 2279 qua
284 2244 400 2280 regione
417 2245 543 2281 populus
554 2247 686 2282 gentium
704 2247 856 2275 habitabat
870 2247 884 2275 ‘t
898 2248 930 2276 In
946 2257 991 2276 re-

165 2287 250 2323 gione
265 2289 395 2316 tenebris
411 2291 514 2317 mortis
530 2294 675 2326 cooperta.
692 2292 765 2319 Nam
791 2293 834 2320 eis
849 2292 994 2328 impendit

1047 1624 1145 1652 σκότει’
1169 1625 1182 1652 6
1212 1623 1241 1652 δὲ
1260 1623 1369 1654 Ἡσαΐας
1398 1624 1519 1662 φαίνεται
1540 1622 1669 1659 ιῖρηκώς.
1692 1623 1722 1650 Ὁ
1751 1623 1881 1659 πορευό-

1049 1680 1128 1706 μενος
1143 1668 1170 1697 ἐν
1185 1669 1285 1697 σκότει.
1303 1670 1373 1696 Ἴσον
1391 1668 1441 1706 γὰρ
1467 1667 1577 1695 δύναται
1602 1667 1648 1694 καὶ
1663 1667 1694 1694 τὸ
1723 1666 1748 1694 ἐν
1780 1665 1878 1694 σκότει

1045 1714 1218 1751 πορεύεσθαι,
1234 1713 1279 1741 καὶ
1305 1713 1336 1740 τὸ
1364 1710 1617 1746 καθέζεσθαι-διότι
1646 1713 1695 1738 τοῦ
1721 1711 1881 1747 ἀποκειμέ-

1045 1769 1094 1786 νου
1120 1758 1217 1788 τόλους
1245 1757 1349 1793 ὁμοίως
1378 1756 1529 1795 ἀμφότεροι
1557 1755 1764 1783 ἀπολείπονταν
1784 1755 1801 1782 ὁ
1831 1756 1880 1791 μὶν

1048 1803 1085 1839 μὴ
1102 1803 1273 1839 κινούμενος,
1290 1802 1304 1828 6
1332 1801 1361 1828 δὶ
1388 1801 1446 1836 εἰκῆ
1472 1799 1697 1838 πεθιερχόμινος.
1714 1800 1761 1826 Καὶ
1792 1800 1850 1838 γὰρ
1866 1801 1880 1826 ὁ

1047 1847 1108 1875 ἄνευ
1138 1847 1240 1874 σκοποὸ
1269 1844 1396 1884 βαδίζων,
1411 1843 1535 1882 οὐδαμοῦ
1558 1845 1712 1882 προχωρεῖ,
1726 1842 1771 1871 καὶ
1805 1845 1820 1871 6
1852 1843 1878 1870 ἐν

1046 1890 1126 1928 ἀργίᾳ
1152 1889 1342 1927 πεπεδημένος
1357 1891 1414 1926 (21)
1443 1889 1492 1916 οὐκ
1516 1889 1663 1926 ἰφικνεῖται
1687 1890 1734 1915 τοῦ
1760 1886 1880 1917 τελους.

1046 1936 1132 1966 Οὗτος
1146 1935 1236 1963 τοίνυν
1253 1936 1267 1962 ὁ
1283 1934 1360 1969 λαὸς,
1377 1935 1390 1962 6
1406 1934 1432 1961 ἐν
1456 1936 1490 1970 τῇ
1517 1933 1610 1970 ἐθνικῇ
1635 1933 1731 1970 ἀγνοίᾳ
1755 1931 1879 1960 ἐσκοτω-

1048 1981 1139 2017 μένος,
1156 1979 1209 2008 εἶδε
1225 1981 1292 2019 φῶς,
1309 1979 1363 2016 οὐχ
1378 1979 1435 2006 οἷον
1455 1978 1486 2006 τὸ
1506 1978 1560 2005 ἀπὸ
1575 1978 1672 2014 πυρὸς,
1688 1975 1751 2004 οὖδὶ
1763 1978 1828 2004 οἷον
1845 1977 1878 2004 τὸ

1046 2025 1098 2052 ἀπὸ
1125 2025 1243 2060 ἀστέρων
1270 2023 1288 2058 ἢ
1315 2023 1445 2058 σελήνης,
1473 2021 1535 2049 οὖδὶ
1564 2023 1621 2049 οἷον
1645 2021 1677 2048 τὸ
1705 2021 1825 2056 ἡλιακὸν
1858 2021 1876 2055 ἢ

1045 2069 1224 2105 ἀπραπαῖον,
1241 2067 1314 2095 ἀλλὰ
1329 2070 1386 2106 φῶς
1411 2066 1488 2104 μίγα·
1506 2066 1520 2094 ὃ
1545 2066 1589 2093 καὶ
1615 2069 1725 2100 νοητοῖς
1754 2065 1879 2102 ἐπιλάμ-

1046 2124 1090 2140 πει
1106 2113 1151 2140 καὶ
1171 2113 1322 2148 αἰσθητοῖς,
1339 2112 1353 2140 ’ὁ
1378 2110 1422 2139 καὶ
1445 2110 1531 2148 Πατρὶ
1557 2109 1674 2146 σύνεστι,
1689 2112 1735 2137 καὶ
1763 2109 1878 2146 ἀνθρώ-

1046 2168 1115 2189 πους
1141 2157 1262 2196 φωτίζει,
1292 2156 1337 2184 καὶ
1377 2155 1507 2194 ἀγγέλους
1539 2153 1689 2193 φαιδρύνει,
1718 2153 1763 2182 καὶ
1791 2157 1876 2181 πᾶσιν

1047 2201 1169 2239 ἐπαρκεῖ,
1185 2202 1230 2229 καὶ
1256 2200 1294 2229 ἔτι
1320 2201 1415 2228 ἑαυτοῦ
1443 2199 1491 2230 τὰς
1520 2198 1602 2236 αὐγᾶς
1631 2198 1690 2237 {yet
1717 2199 1876 2236 ὑπιρτεινοο

1049 2245 1130 2283 μένας
1145 2246 1212 2283 πρὸς
1239 2247 1294 2282 (22)
1309 2245 1340 2272 τὸ
1355 2244 1461 2272 πλεῖον.
1475 2245 1505 2272 Ὁ
1532 2242 1562 2270 δὲ
1588 2243 1655 2275 λαὸς
1680 2244 1694 2271 6
1717 2246 1772 2271 τῶν
1793 2243 1876 2271 ὶθνῶν

1046 2290 1111 2327 ᾤκει
1122 2290 1147 2318 ἐν
1165 2291 1245 2328 χώρᾳ
1259 2288 1369 2326 ποδαπῇ
1383 2299 1390 2324 ;
1406 2289 1578 2326 Σκιαζομὲνῃ
1606 2288 1658 2315 ὑπὸ
1679 2289 1728 2315 τοῦ
1745 2287 1873 2316 θανάτου.

162 2332 252 2360 veluti
269 2333 363 2361 nubes
379 2334 471 2362 densa
499 2343 551 2370 per
580 2335 788 2371 idololatriam,
805 2337 896 2365 donec
912 2337 991 2365 venit

1053 2336 1136 2365 )iovsi
1166 2335 1218 2373 γὰρ
1241 2335 1339 2373 νεφὲκη
1372 2334 1466 2372 βαθεῖα
1496 2332 1616 2360 ὲπὲκιιτο
1637 2333 1691 2369 (23)
1705 2331 1811 2365 αὐτοῖς,
1828 2331 1875 2359 διὰ

163 2376 276 2410 lumen,
289 2378 378 2413 quod,
404 2378 545 2407 intercisa.
559 2381 587 2407 et
602 2388 727 2408 excussa
752 2381 888 2417 caligine,
918 2381 990 2417 ipsis

1053 2383 1094 2415 ιῆς
1116 2379 1357 2412 εἷδωλολαταείας,
1373 2377 1426 2409 ἕως
1442 2377 1521 2406 ἐλθὸν
1544 2376 1576 2404 τὸ
1600 2378 1659 2416 φῶς
1684 2375 1794 2413 διέκοψε
1823 2377 1872 2412 μὶν

165 2420 350 2457 splendorem
366 2423 495 2451 ostendit
509 2423 651 2452 veritatis.
680 2425 810 2453 Subinde
834 2426 869 2453 ad
894 2425 990 2462 ipsam

1053 2425 1093 2459 τὴν
1108 2423 1210 2462 ἀχλὺν,
1223 2423 1370 2463 ἒφήπλωσε
1385 2421 1414 2450 δὲ
1428 2422 1523 2454 αὐτοῖς
1537 2424 1588 2457 τῆς
1604 2420 1736 2457 ἀληθείας
1751 2420 1781 2448 τὸ
1807 2421 1872 2460 φιτ-

200 2521 222 2539 ⁹⁹
237 2521 297 2550 Col.
315 2523 389 2558 ι,15.
403 2523 507 2553 ‘Joan.
521 2533 541 2559 1,
559 2525 584 2553 1.
600 2525 611 2542 ²
637 2525 699 2553 Gal.
732 2534 752 2561 ι,
777 2525 820 2553 16.
836 2525 847 2542 ³
862 2525 990 2562 Philipp.

1070 2525 1113 2554 14.
1130 2526 1141 2543 ⁸
1151 2525 1236 2554 Joan.
1257 2532 1280 2561 ι,
1293 2525 1322 2553 9.
1334 2524 1345 2542 ⁸
1359 2523 1461 2553 Matth.
1476 2530 1516 2560 ιν,
1532 2523 1576 2551 16.

200 2622 254 2658 (18)
272 2622 391 2662 Antiqui
406 2626 465 2662 tres
481 2624 547 2662 libri
560 2631 627 2652 cum
647 2624 746 2659 editis,
774 2626 822 2652 τοῦ
853 2623 987 2662 δοθέντος,

165 2656 358 2696 ἠαςηιρνεραεὶ
368 2661 470 2696 poculi.
486 2660 542 2688 Alii
558 2662 618 2687 tres
642 2668 726 2696 mss.,
740 2656 790 2687 "to;
811 2656 951 2693 ποθέντος.

267 2693 392 2732 Uterque
407 2696 498 2730 Colb.,
516 2693 800 2732 κατεσπουδασμένως.

1044 2627 1127 2654 vetus
1141 2626 1297 2662 interpres,
1320 2625 1374 2660 Qui
1387 2625 1546 2653 etiamnum
1573 2622 1742 2662 ingrliolio
1763 2622 1870 2662 edoctus

1044 2666 1084 2690 est
1099 2662 1199 2690 vivere.
1216 2655 1273 2689 Ᾰιίί
1287 2655 1418 2698 quinque
1433 2668 1518 2694 mss.,
1534 2655 1734 2694 πεπεδημένος,
1751 2659 1806 2686 otio
1819 2658 1868 2685 de-

1042 2700 1144 2732 tentus,
1160 2697 1279 2732 optime.

200 2730 258 2770 S20)
270 2730 314 2758 Sic
325 2729 397 2760 mss.
415 2729 557 2761 nonnulli.
574 2731 650 2759 Editi
659 2729 726 2760 vero
736 2735 765 2761 et
779 2733 849 2769 Reg.
861 2733 986 2770 primus,

1077 2729 1264 2770 (22)'§ntiqui
1280 2736 1338 2761 tres
1353 2731 1436 2770 libri,
1447 2729 1672 2769 ὑπερτιινόμινος
1687 2729 1764 2766 «Si-rip.

180 2736 258 2790 ῐὲζυ)
270 2736 314 2758 διο
325 2739 397 2760 mss.
415 2736 557 2761 nonnulli.
576 2736 650 2759 Editi
659 2740 726 2760 vero
736 2736 765 2761 et
779 2736 849 2769 Reg.
861 2736 986 2770 primus,

167 2772 179 2789 ε
210 2772 232 2791 ε.

200 2798 256 2810 1n.\
272 2799 346 2810 πειτα
382 2803 388 2810 ι
409 2802 427 2810 “
543 2802 548 2809 ι
748 2801 760 2810 ι
819 2803 825 2810 ι
913 2803 947 2810 ..ο

1077 2736 1123 2768 (22
1148 2736 1264 2770 Antiqui
1280 2736 1338 2761 tres
1353 2736 1431 2767 libri,
1447 2736 1522 2769 ὺπερτ

1077 2736 1135 2805 (23)
1150 2769 1221 2806 ΗΘΒ.
1237 2771 1372 2806 quartus,
1388 2766 1522 2798 ἀπικειτο.

199 2798 256 2834 (21)
272 2799 348 2829 Editi
362 2803 392 2831 et
408 2802 476 2839 Reg.
505 2802 633 2840 primus,
660 2801 886 2842 πεπαιδευμένος.
913 2803 987 2834 Hine
