1995 3142
193 153 255 183 519

671 147 868 179 APPENDIX
888 146 1052 178 OPERUM
1073 147 1106 177 S.
1128 146 1270 178 BASlLll
1289 147 1417 180 MAGNI

1841 152 1897 182 530

192 218 240 246 sed
254 219 341 246 adhuc
354 225 453 245 manus
467 217 584 244 excelsa.
603 218 635 244 Et
649 215 765 251 populus
778 222 834 241 non
847 219 888 242 est
902 222 1013 242 conver-

1071 213 1286 241 πεπιστιυκότων
1324 216 1366 250 τῷ
1397 217 1456 252 Θιῷ
1483 217 1538 252 (53)
1557 238 1564 244 .
1593 217 1655 244 Ἔπὶ
1690 219 1756 244 πᾶσι
1791 217 1897 248 τούτοις

194 272 249 296 sus,
262 263 344 290 donec
354 269 496 297 percussus
507 265 547 288 est
558 269 568 291 ;
580 262 606 288 et
622 260 767 287 Dominum
778 260 951 286 exercituum
964 267 1019 285 ηοη

194 309 373 343 quaesierunt.
405 306 436 333 In
465 306 510 332 his
539 304 695 335 omnibus.
723 303 859 338 quoniam
890 303 937 330 Dei
962 302 1019 330 ini-

195 353 262 379 mici
278 351 347 378 licet
357 350 491 386 castigati
511 349 642 376 nondum
665 347 832 383 compuncti
853 350 931 381 sunt,
944 355 1019 374 non-

195 397 266 423 dum
283 396 364 422 furor
379 402 498 421 aversus
514 396 559 420 est
575 401 581 419 τ
597 393 647 419 sed
664 392 759 419 adhuc
776 399 891 423 manus,
909 399 960 418 ceu
978 391 1018 418 fa-

195 440 288 468 cultas
304 439 410 467 vindex
426 440 558 465 surrecta
572 440 616 464 est
636 437 778 464 adversus
794 443 853 468 eos,
867 444 941 470 quos
958 443 1018 462 ma-

195 485 263 512 litiw
275 493 308 511 ac
321 483 456 519 nequitiae
473 484 591 517 patratis
604 489 789 516 nequaquam
805 480 932 515 pmnitet.
946 479 1019 512 Quia

194 529 284 564 igitur
300 527 425 563 populus
441 526 496 554 iste
512 534 569 553 non
591 525 697 555 verbis,
712 524 762 551 sed
780 524 873 559 plagis
885 526 1018 555 sanatur,

193 573 336 608 scriptum
354 574 398 599 est
415 579 422 598 :
439 572 470 598 Et
484 571 572 598 omnis
586 569 701 605 populus
721 576 776 595 mm
797 573 837 596 est
862 575 1017 601 conversus,

192 617 274 645 donec
287 623 429 652 percussus
444 620 491 642 est.
505 614 700 646 Quamobrem
718 612 806 648 plagis
823 615 890 640 sunt
907 612 1019 639 talibus

192 660 373 688 necessarias.
388 659 478 687 Nemo
495 659 586 694 igitur
601 657 747 685 curiosius
762 665 867 684 causas
883 655 1018 683 afﬂictio-

192 713 262 733 num
287 705 419 739 iuquirat
448 706 476 730 et
506 702 722 733 molestiarum;
740 709 793 728 cur
818 700 952 732 ariditas,
968 708 1019 726 cur

193 749 326 778 fulmina.
339 757 391 775 cur
406 747 517 783 grando
528 746 698 781 contingat?
713 746 778 772 Haac
788 745 926 772 eveniunt
942 744 1017 772 553

191 796 291 820 nostra
307 801 397 820 causa
412 799 538 827 quorum
561 799 611 818 cor
633 789 804 826 poenitentia
827 789 906 816 haud
922 789 1017 824 tangi-

191 840 250 870 tur,
262 840 289 864 et
301 836 352 872 qui
367 844 425 863 non
438 835 635 862 convertimur
646 834 700 861 nisi
714 833 796 868 prius
808 832 967 869 percutiam
974 841 1016 859 ur.

191 882 288 916 (Vsus.
305 881 350 911 14,
368 881 422 915 15).
436 880 467 907 Et
481 880 588 914 auferet
601 879 734 906 Dominus
748 878 781 904 ab
797 877 882 929 Israc‘l
897 879 976 911 caput
993 878 1019 903 et
1033 896 1057 929 Β

190 926 314 958 caudam,
334 933 470 958 magnum
485 928 510 951 et
524 931 650 959 parvum,
667 923 696 949 in
716 930 772 948 una
787 922 841 948 die.
858 921 1016 956 Postquam

191 970 308 997 verbum
325 969 400 1004 quod
419 968 543 995 missum
558 969 613 1001 est,
631 967 664 994 ad
683 975 732 994 eos
748 966 890 1001 pervenit,
906 965 1017 992 malum

191 1022 290 1041 eorum
306 1013 439 1040 ordinem
457 1020 574 1039 omnem
588 1012 629 1038 ait
643 1010 883 1038 confundendum
900 1017 975 1041 esse,
990 1011 1018 1036 et

191 1058 367 1085 aui‘erendos
395 1057 543 1092 principes
567 1055 788 1089 inferioresque,
809 1062 859 1081 eos
883 1053 1018 1081 videlicet

192 1102 241 1137 qui
260 1102 288 1129 in
310 1103 454 1137 potestate
475 1099 627 1128 constituti
651 1099 733 1126 valde
759 1099 972 1131 intumescunt,
989 1100 1018 1125 et

190 1154 240 1174 eos
256 1146 306 1182 qui
323 1146 428 1173 iisdem
455 1145 579 1180 subjecti
595 1147 673 1172 sunt.
690 1144 854 1176 Seniorum,
870 1145 899 1170 et
914 1151 1015 1169 eorum

191 1191 239 1226 qui
257 1198 448 1226 personarum
474 1189 576 1216 habita
598 1188 709 1216 ratione
723 1187 925 1222 judicant,jus
949 1188 1016 1214 ante

190 1235 262 1263 alios
273 1234 392 1262 sedendi
405 1233 637 1261 dedecorabitur.
647 1233 788 1259 Caeterum
800 1232 851 1267 qui
866 1231 896 1258 in
909 1231 1016 1266 populo

190 1279 305 1306 nullum
327 1279 459 1306 ordinem
488 1282 538 1305 aut
565 1278 689 1313 gradum
712 1276 853 1309 obtinent,
871 1276 922 1303 sed
953 1275 1015 1302 suis

189 1325 319 1359 ipsorum
347 1322 495 1358 suffragiis
519 1323 661 1350 duntaxat
691 1321 785 1353 electi,
811 1319 1014 1355 propheticum

189 1369 300 1396 donum
316 1368 393 1403 quod
419 1376 435 1394 a
459 1366 568 1402 Spiritu
584 1368 685 1393 sancto
712 1373 768 1392 nou
795 1372 941 1400 accepere,
958 1363 1014 1392 sibi

189 1413 262 1440 falso
279 1413 426 1448 arrogant,
443 1419 475 1439 ac
500 1411 606 1438 docent
629 1410 746 1445 iniqua;
764 1408 929 1444 cujusmodi
954 1410 1016 1436 erat

191 1460 272 1485 astate
286 1456 419 1484 Jeremize
434 1455 563 1484 Ananiae
572 1456 604 1488 ‘0,
622 1454 723 1490 quales
738 1453 827 1481 etiam
845 1456 927 1480 erant
942 1455 1015 1480 tem-

190 1509 258 1536 pore
280 1500 407 1528 Michacaa
423 1499 694 1536 pseudopropheta,
711 1498 741 1525 iu
756 1498 864 1533 quibus
884 1497 940 1524 fuit
956 1497 1015 1531 spi-

190 1545 264 1573 ritus
281 1545 405 1572 mendax
415 1544 448 1576 “,
465 1544 513 1579 qui
530 1543 643 1579 decepit
660 1543 798 1576 Achaam,
810 1550 877 1570 cum
894 1549 960 1569 eum
977 1541 1013 1568 ad

189 1589 299 1616 bellum
315 1588 394 1625 Syris
419 1578 608 1616 inferendum
627 1587 745 1623 impulit
759 1596 766 1622 ;
781 1587 800 1614 ii
816 1594 933 1622 quoque
948 1588 1012 1613 tau-
1028 1578 1049 1611 (Σ

189 1641 277 1669 quam
294 1633 417 1660 caudam
434 1633 573 1660 ducentes
589 1633 768 1659 auferantur.

224 1722 286 1750 230.
303 1722 386 1750 Vens.
404 1722 446 1756 16,
465 1722 506 1749 17.
522 1721 574 1749 Sed
589 1724 613 1749 et
630 1722 678 1756 qui
697 1721 803 1748 beatum
819 1721 915 1748 dicunt
927 1729 1014 1756 popu-

190 1768 245 1794 lum
262 1770 342 1802 hunc,
359 1771 385 1794 et
398 1775 461 1794 eum
484 1766 618 1793 inducunt
633 1767 663 1792 in
676 1773 806 1799 errorem,
822 1769 847 1792 et
861 1773 909 1800 per
931 1766 1013 1800 [rau-

188 1812 248 1839 dem
262 1812 407 1846 facultates
419 1811 599 1838 exhauriunt.
617 1811 786 1845 Quapropter
799 1817 886 1844 neque
903 1811 933 1836 in
949 1809 1014 1837 ado-

189 1857 354 1889 lescentulis,
374 1863 462 1891 neque
477 1856 507 1882 in
523 1855 564 1882 his
581 1855 629 1890 qui
643 1855 717 1882 inter
731 1862 803 1890 ipsos
817 1858 899 1882 aetate
912 1854 1013 1889 vigenl,

190 1901 327 1928 laetabitur
343 1901 485 1927 Dominus.
502 1902 593 1934 Neque
614 1899 639 1926 εἰ
663 1899 723 1934 quis
745 1897 884 1933 m‘phanus
909 1899 939 1926 in
964 1899 1015 1926 tali

187 1945 300 1980 populo,
311 1952 398 1979 neque
412 1946 437 1971 si
451 1953 508 1979 qua
523 1944 607 1979 fuerit
621 1943 714 1975 vidua.
727 1942 944 1970 misericurdiam
954 1951 1014 1970 con-

188 1991 325 2024 sequetur.
343 1989 423 2020 Quod
439 1989 517 2016 enim
535 1988 686 2015 inﬁrmum
702 1989 747 2014 est
762 1989 790 2014 et
804 1987 912 2014 auxilio
928 1987 1015 2016 desti-

188 2037 295 2068 tutum,
312 2034 340 2060 id
357 2033 612 2060 commiseratione
628 2032 750 2067 dignum
767 2034 812 2059 est
828 2040 834 2059 :
852 2032 929 2067 quod
946 2039 1012 2059 vero

187 2081 291 2114 potens
307 2080 352 2106 est
365 2077 518 2105 in’malitia
530 2076 732 2112 etiniquitate.
745 2076 772 2103 id
789 2076 1012 2103 detestationem

188 2126 317 2151 meretur
346 2124 373 2150 et
403 2122 513 2150 odium.
532 2121 642 2149 Deinde
672 2121 726 2148 hoc
755 2120 919 2156 subjungit,
935 2120 1011 2155 quod

187 2168 319 2194 nondum
330 2169 479 2194 avertatur
489 2166 554 2201 ejus
567 2166 655 2198 furor,
667 2165 716 2191 sed
726 2164 822 2191 adhuc
835 2173 940 2191 manus
949 2164 1013 2200 ejus

188 2211 301 2238 excelsa
316 2211 484 2246 impendeat
500 2212 619 2245 propter
629 2217 678 2236 eos
695 2209 744 2244 qui
760 2209 788 2235 in
805 2209 911 2244 populo
925 2209 1012 2236 sedu-

188 2257 268 2288 cunt,
285 2257 314 2282 et
329 2257 446 2290 propter
470 2254 623 2302 seductos;
641 2253 718 2288 apud
735 2261 808 2288 quos
834 2252 927 2288 iniqui
944 2254 1014 2280 sunt
1028 2269 1051 2302 Β

188 2308 290 2327 omnes
306 2301 335 2326 et
360 2297 507 2334 ﬂagitiosi,
525 2301 612 2332 atque
637 2297 739 2332 iniqua
762 2297 932 2332 loquuntur.
949 2297 1014 2324 Haec

188 2346 285 2371 autem
295 2343 485 2371 comminatio
497 2341 667 2369 nonnullam
682 2342 796 2376 praefert
807 2341 940 2368 beneficii
951 2350 1014 2377 spe-

188 2388 260 2415 ciem
275 2397 280 2415 :
298 2387 405 2423 quippe
419 2387 517 2423 (Vana.
530 2387 575 2420 18)
587 2385 770 2413 Succendetur
794 2386 929 2421 iniquitas
943 2387 1014 2413 sicut

187 2433 274 2466 ignis.
291 2432 406 2459 Etenim
429 2431 583 2459 hominum
609 2430 704 2466 gratia
719 2430 843 2466 providit
867 2430 1012 2466 benignus

190 2476 341 2511 Dominus,
351 2478 383 2503 ut
396 2478 496 2512 parata
510 2474 676 2511 iniquitatis
688 2475 811 2502 materia
825 2483 841 2502 e
856 2475 951 2502 medio
966 2482 1012 2510 pe-

223 2572 246 2590 ⁴⁰
259 2572 368 2600 Jerem.
384 2577 483 2605 xxvui,
500 2569 544 2596 15.
583 2569 605 2586 ⁴¹
622 2569 658 2596 III
675 2568 745 2604 Reg.
760 2576 830 2602 xxu,
845 2567 890 2595 22.

224 2663 281 2698 (53)
297 2663 339 2690 lla
354 2670 427 2689 mss.
444 2667 566 2698 omnes.
578 2695 582 2698 _
595 2658 670 2698 Editi
695 2666 772 2698 vero,
786 2692 792 2698 _
803 2656 844 2698 εἷς
864 2657 908 2684 τὸν
939 2657 1014 2685 Θεὸν.

187 2692 289 2725 Statim
307 2707 384 2725 unus
399 2697 489 2725 codex
504 2695 646 2727 Combel.,
663 2693 749 2729 θυμὸς
765 2692 858 2721 αὐτοῦ,

225 2734 281 2768 (54)
298 2734 384 2766 Editi,
399 2731 452 2762 tu):
472 2731 513 2758 οὗ.
530 2730 641 2758 Vocula
656 2729 687 2756 οὗ
703 2731 731 2757 in
750 2729 859 2757 nostris
877 2737 949 2757 mss.
966 2730 1015 2756 de-

191 2771 284 2840 θῧίὲὸ)
299 2803 387 2840 Editi,
404 2799 612 2839 ἐπιϐεϐηκότας,
629 2801 714 2830 male.
733 2803 768 2831 Δι
785 2809 857 2830 mss.
874 2808 933 2834 sex,
951 2800 1016 2827 ὑπο-

1075 257 1124 284 οὐκ
1146 256 1300 296 ἀπεστράφη
1327 259 1342 285 ὁ
1371 257 1466 295 θυμός·
1497 259 1560 288 ἀλλ’
1589 258 1627 288 ἴτι
1655 262 1672 296 ἡ
1699 262 1760 299 χεὶρ
1794 261 1896 298 ὑψηλή.

1075 301 1123 328 Καὶ
1158 302 1171 328 ὁ
1205 302 1271 333 λαὸς
1313 303 1363 330 οὐκ
1399 304 1579 342 ἀπεστράφη,
1608 304 1660 335 ἓως
1696 305 1820 343 ἐπλήγη·
1856 305 1897 333 καὶ

1073 346 1118 372 τὸν
1160 345 1259 384 Κύριον
1301 349 1354 374 τῶν
1391 346 1528 384 δυνάμεων
1566 349 1616 376 οὐκ
1655 349 1810 384 ἆζήτησαν.
1838 350 1897 378 Ἐπὶ

1073 389 1179 421 τούτοις
1204 392 1280 424 πᾶσι,
1297 390 1341 418 διὰ
1359 392 1389 419 τὸ
1416 394 1501 428 μήπω
1522 397 1704 431 κατανυγῆναι
1730 394 1897 430 μαστιζομέ-

1073 444 1136 464 νους
1150 434 1215 465 τοὺς
1230 434 1345 472 ἐχθροὺς
1369 438 1416 463 τοῦ
1441 438 1518 472 Θεοῦ,
1536 437 1611 464 οὕπω
1627 439 1641 465 ὁ
1657 439 1742 474 θυμὸς
1766 438 1897 475 ἀπεστρα-

1074 489 1122 516 φη,
1139 478 1202 506 ἀλλ’
1228 477 1266 506 ἔτι
1282 481 1298 514 ἡ
1316 480 1378 517 χεὶρ
1395 482 1411 515 ἡ
1437 479 1588 516 κολαστική
1614 481 1727 518 δύναμις
1755 482 1895 519 ἐπηρμένη

1074 522 1143 549 ἰστὶν
1160 522 1203 550 ἰπὶ
1232 526 1286 551 τῶν
1317 525 1354 560 μή
1388 526 1588 560 μετανοούντων
1619 526 1663 553 ἐπὶ
1689 528 1723 563 τῇ
1749 527 1831 562 κακίᾳ
1853 527 1896 554 καὶ

1073 567 1192 604 πονηρίᾳ
1248 566 1374 606 ἔπραξαν.
1396 568 1507 604 Ἐπειδὴ
1535 570 1580 597 οὖν
1598 570 1611 597 ὁ
1629 570 1694 602 λαὸς
1710 570 1791 602 οὗτος
1808 571 1839 598 οὗ
1855 570 1896 599 dii

1074 610 1158 648 λόγου
1187 610 1261 639 ἀλλὰ
1290 611 1333 639 διὰ
1368 612 1481 650 πληγῆς
1512 614 1709 651 θεραπεύεται,
1737 615 1895 653 γέγραπται·

1073 655 1125 683 Καὶ
1141 658 1193 686 πᾶς
1222 657 1235 683 ὁ
1265 655 1331 687 λαὸς
1348 657 1397 684 οὐκ
1424 657 1594 696 ἀπεστράφη,
1620 657 1672 690 ἕως
1702 659 1759 695 (54)
1778 659 1896 696 ἐπλήγη.

1073 700 1171 737 Διόπερ
1192 701 1334 737 ἀναγκαῖαι
1357 704 1415 732 τοῖς
1439 701 1559 730 τοιοῖσδε
1586 704 1613 730 αἱ
1636 703 1769 741 πληγαί.
1795 703 1896 738 Μηδεὶς

1073 743 1118 771 οὖν
1147 745 1413 783 πολυπραγμονείτω
1437 746 1484 777 τὰς
1513 746 1599 778 αἰτίας
1628 749 1682 775 τῶν
1712 749 1896 786 σκυθρωποτά-

1073 799 1138 826 ρων·
1155 787 1199 816 διὰ
1213 789 1240 816 τί
1255 789 1371 827 αὐχμοὶ,
1389 789 1432 818 διὰ
1447 790 1473 818 τί
1489 789 1648 828 ἐπομϐρίαι,
1665 790 1710 819 διὰ
1724 792 1750 819 τί
1768 793 1895 828 σκηπτοὶ,

1073 831 1116 859 διὰ
1129 833 1155 859 τί
1169 833 1287 871 χάλαζαι
1301 844 1307 868 ;
1325 835 1363 861 Δι’
1379 836 1453 871 ἡμᾶς
1468 835 1532 866 τοὺς
1556 836 1606 870 τὴν
1631 836 1820 872 ἀμετανόητον
1834 847 1894 873 καρ-

1073 876 1131 904 δίαν
1148 876 1274 915 ἔχοντας,
1299 879 1343 906 καὶ
1375 879 1412 914 μή
1442 880 1574 917 πρότερον
1603 879 1828 919 ἐπιστρέφοντας,
1852 880 1892 907 ἐὰν

1075 922 1112 957 μὴ
1143 922 1294 959 πληγῶμεν
1312 945 1319 951 .
1350 924 1400 951 Καὶ
1440 923 1534 962 ἀφελεῖ
1562 923 1663 961 Κύριος
1703 925 1755 952 ἀπὸ
1787 924 1892 963 Ἰσραὴλ

1071 965 1192 1004 κεφαλὴν
1232 967 1276 994 καὶ
1305 967 1385 1003 οὐρὰν
1405 990 1413 1001 ,
1442 967 1524 1005 μέγαν
1560 968 1604 995 καὶ
1645 969 1753 1005 μικρὸν,
1792 968 1819 995 ἰν
1849 971 1893 1005 μιᾷ

1071 1010 1171 1047 ἡμέρᾳ.
1203 1011 1278 1038 Μιτᾶ
1305 1011 1336 1038 τὸ
1366 1012 1464 1049 φθάσαι
1494 1012 1535 1039 ἰπ¹
1565 1012 1662 1043 αὐτοὺς
1679 1013 1725 1040 τὸν
1749 1013 1836 1049 Λόγον
1852 1014 1892 1040 τὸν

1071 1054 1273 1091 ἀπεσταλμένον
1292 1078 1299 1091 ,
1324 1055 1409 1083 πὰσαν
1448 1057 1499 1090 τὴν
1538 1057 1624 1091 κακὴν
1660 1057 1747 1084 αὐτῶν
1779 1056 1891 1092 διάταξιν

1071 1100 1287 1136 συγχυθήσεσθαι
1326 1098 1400 1137 λέγει
1423 1120 1430 1134 ,
1470 1100 1515 1127 καὶ
1552 1101 1806 1139 περιαιριθήσεσθαι
1849 1102 1890 1137 μὶν

1071 1143 1214 1180 ἄρχοντας,
1239 1143 1284 1170 καὶ
1310 1143 1372 1174 τοὺς
1398 1143 1559 1180 ἑπομένους,
1574 1144 1639 1175 τοὺς
1660 1155 1689 1172 τε
1711 1144 1738 1172 ἐν
1755 1143 1891 1180 δυναστείᾳ

1073 1187 1140 1224 μὲγα
1155 1190 1304 1226 φυσῶντας,
1328 1188 1373 1214 καὶ
1400 1187 1464 1218 τοὺς
1493 1186 1698 1224 ὁποϐεϐηκότας
1726 1191 1795 1225 (55).
1823 1190 1891 1217 Ἀτι-

1072 1233 1236 1268 μασθήσεται
1266 1229 1456 1269 πρεσϐυτέρων
1493 1232 1642 1271 προεδρία,
1670 1233 1714 1260 καὶ
1743 1236 1798 1261 τῶν
1828 1235 1890 1261 κατᾶ

1069 1275 1301 1313 προσωποληψίαν
1330 1275 1500 1314 κρινόντων.
1531 1278 1564 1306 Οἱ
1595 1276 1623 1305 δὶ
1654 1276 1790 1315 μηδεμίαν
1820 1279 1887 1313 τάξιν

1069 1318 1180 1357 ἔχοντες
1197 1320 1222 1347 ἐν
1244 1323 1284 1356 τῷ
1308 1320 1376 1356 λαῷ,
1392 1321 1653 1359 αὖτοχιιροτόνητοι
1678 1321 1706 1349 Si
1724 1322 1770 1349 καὶ
1786 1332 1888 1362 προφη-

1068 1365 1142 1392 τικὸν
1167 1365 1273 1396 ἑαυτοῖς
1299 1363 1506 1401 ἐπιψευδόμενοι
1535 1365 1671 1403 χάρισμα,
1692 1366 1706 1393 ’ὃ
1733 1367 1772 1403 μὴ
1793 1365 1887 1394 ἔλαϐον

1069 1409 1141 1447 παρὰ
1155 1411 1204 1436 τοῦ
1228 1409 1393 1446 Πνεύματος,
1409 1410 1454 1437 καὶ
1481 1408 1652 1441 διδάσκοντες
1666 1410 1699 1437 τὰ
1719 1409 1817 1447 ἄνομα“
1835 1413 1888 1443 οἶος

1068 1455 1100 1488 ἦν
1131 1453 1173 1480 ἐπὶ
1202 1453 1335 1491 Ἱερεμίου
1362 1455 1375 1481 ὁ
1406 1454 1536 1488 ’Δνανίας,
1566 1454 1611 1481 καὶ
1641 1455 1683 1482 ἰπὶ
1714 1455 1837 1494 Μιχαίου
1865 1456 1888 1482 οἱ

1069 1496 1310 1536 ψευδοπροφῆται,
1340 1497 1366 1525 ἰν
1395 1499 1437 1530 οἷς
1467 1498 1570 1536 ἐγένετο
1599 1501 1706 1535 πνιῦμα
1734 1498 1849 1536 ψευδὲς,
1877 1500 1890 1527 ὃ

1069 1542 1186 1578 ἐξηπάτα
1214 1542 1259 1569 τὸν
1289 1542 1410 1580 Ἀχαὰμ,
1432 1543 1654 1580 προτρεπόμενον
1681 1543 1724 1570 ἰπὶ
1751 1544 1797 1571 τὸν
1827 1544 1890 1571 κατᾶ

1068 1589 1122 1614 τῶν
1140 1587 1232 1624 Σύρων
1249 1586 1382 1622 πόλεμον·
1399 1587 1626 1624 ἀφαιρεθήσονται
1648 1588 1692 1616 καὶ
1717 1588 1792 1615 οὗτοι
1809 1588 1889 1616 οἷονεί

1067 1632 1116 1665 τὴν
1133 1630 1262 1669 οὐραγίαν
1278 1630 1327 1658 τοῦ
1343 1631 1410 1659 λαοῦ
1425 1631 1595 1669 κατέχοντες.

1102 1677 1165 1704 230.
1195 1675 1285 1703 Ἀλλὰ
1311 1676 1356 1703 καὶ
1387 1676 1412 1703 οἳ
1443 1677 1637 1714 μακαρίζοντες
1661 1677 1707 1704 τὸν
1736 1675 1802 1704 λαὸν
1830 1678 1888 1704 τοῦ-

1068 1729 1125 1753 τον,
1153 1719 1197 1746 καὶ
1225 1718 1378 1750 πλανῶντες
1408 1719 1486 1746 αὐτὸν
1505 1742 1512 1755 ,
1553 1719 1597 1747 καὶ
1628 1718 1672 1747 διὰ
1710 1723 1760 1754 τῆς
1787 1720 1888 1755 ἀπάτης

1069 1763 1307 1801 ἐκκαρπούμενοι.
1338 1763 1387 1790 Διὰ
1423 1765 1504 1791 τοῦτο
1543 1762 1605 1792 οὔτε
1642 1763 1685 1791 ἐπὶ
1720 1763 1785 1796 τοὺς
1809 1764 1890 1792 νεανί-

1068 1818 1144 1839 σκοις
1171 1808 1216 1834 καὶ
1253 1807 1420 1844 ἀκμάζουσιν
1459 1807 1485 1834 ἐν
1512 1807 1604 1838 αὐτοῖς
1638 1808 1849 1847 εὐφρανθήσεται
1876 1809 1888 1836 ὁ

1069 1852 1183 1889 Κύριος.
1213 1850 1282 1880 Οὔτε
1311 1851 1338 1879 εἷ’
1359 1862 1399 1883 τις
1427 1851 1543 1890 ὀρφανὸς
1573 1852 1598 1879 ἐν
1623 1855 1663 1888 τῷ
1686 1852 1806 1889 τοιούτῳ
1822 1852 1886 1888 λαῷ,

1070 1895 1130 1924 οὔτε
1155 1896 1178 1923 ι”ί
1203 1907 1244 1927 τις
1269 1897 1355 1934 χήρα,
1381 1895 1568 1931 ἰλεηθήσεται.
1586 1897 1624 1925 Τὸ
1651 1897 1698 1933 μὲν
1718 1897 1769 1934 γὰρ
1786 1897 1887 1927 ἀσθινὶς

1068 1942 1111 1968 καὶ
1128 1938 1296 1976 ἀϐοήθητον,
1323 1939 1416 1971 ἐλέους
1438 1942 1494 1977 (56)
1519 1939 1601 1975 ἄξιον·
1623 1941 1654 1968 τὸ
1677 1939 1705 1968 δὲ
1727 1940 1838 1968 δυνατὸν
1864 1940 1886 1968 ὲν

1067 1985 1148 2021 κακίᾳ
1175 1984 1219 2012 καὶ
1247 1984 1374 2020 πονηρίᾳ,
1404 1985 1579 2024 ἀποστροφῆς
1607 1984 1652 2011 καὶ
1682 1985 1798 2021 μίσους.
1828 1985 1889 2013 Εἶτα
1912 2002 1920 2013 ι

1069 2030 1174 2067 ἐπάγει,
1204 2028 1245 2056 ὅτι
1277 2027 1384 2056 ούδὶπω
1414 2030 1427 2056 ὁ
1458 2030 1544 2066 Θυμὸς
1573 2029 1654 2056 αὐτοῦ
1684 2029 1886 2068 ἀποστρέφεται·

1068 2073 1131 2101 ἀλλ’
1146 2072 1184 2101 ἔτι
1201 2075 1218 2108 ἡ
1234 2073 1296 2111 ’χεὶρ
1313 2073 1395 2100 αὐτοῦ
1411 2073 1504 2110 ὑψηλὴ
1521 2073 1666 2107 ἐπίκειται,
1682 2072 1727 2100 διὰ
1740 2073 1806 2104 τοὺς
1821 2073 1889 2101 πλα-

1067 2121 1169 2150 νῶντας
1185 2118 1211 2146 ἐν
1227 2120 1266 2153 τῷ
1282 2117 1341 2153 λαῷ
1363 2118 1407 2145 καὶ
1433 2117 1640 2154 πλανωμένους,
1656 2119 1719 2156 παρ’
1735 2120 1778 2150 οἷς
1802 2119 1890 2149 πάντες

1068 2163 1165 2199 ἄνομοι
1192 2163 1237 2189 καὶ
1264 2162 1393 2198 πονηροὶ,
1413 2162 1456 2189 καὶ
1483 2161 1563 2189 ἄδικα
1579 2161 1737 2194 λαλοῦντες.
1766 2164 1844 2201 Ἔχει
1866 2161 1891 2189 δὲ

1067 2207 1156 2241 τιναὴ
1187 2205 1286 2240 ἀπειλὴ
1315 2205 1468 2243 εὐεργεσίας
1495 2204 1623 2245 ἔμφασιν,
1653 2206 1695 2233 ὅτι
1722 2207 1890 2242 Καυθήσεται

1067 2252 1084 2285 ἡ
1110 2250 1209 2286 ἀνομία
1233 2250 1271 2281 ὡς
1297 2252 1361 2288 πῦρ.
1385 2251 1440 2284 Τὴν
1469 2250 1520 2287 γὰρ
1546 2251 1810 2288 παρασκευασθεῖσαν
1827 2251 1889 2284 ὕλην

1069 2295 1098 2322 ἐκ
1114 2299 1162 2330 τῆς
1177 2295 1290 2332 ἀνομίας
1310 2294 1455 2333 ἀφανισμῷ
1479 2293 1666 2332 παραδοθῆναι
1688 2294 1730 2322 ἐπ’
1757 2294 1892 2333 εὐεργεσίᾳ

1067 2341 1121 2367 τῶν
1152 2340 1298 2375 ἀνθρώπων
1325 2340 1397 2376 παρᾶ
1420 2341 1468 2366 τοῦ
1495 2340 1593 2376 ἀγαθοῦ
1623 2339 1765 2366 Δισπότου
1793 2339 1892 2376 ᾠκονό-

1069 2395 1164 2420 μηται.
1195 2383 1243 2410 Καὶ
1273 2383 1310 2415 ὠς
1339 2383 1485 2420 ἂγρωστις,
1512 2384 1589 2422 φησὶ,
1621 2383 1689 2421 ξηρᾶ
1725 2384 1891 2421 βρωθήσεται

1069 2429 1119 2455 ὑπὸ
1147 2429 1256 2466 πυρὸς,
1285 2428 1330 2455 καὶ
1368 2429 1531 2463 καυθήσεται
1569 2427 1595 2455 ἐν
1630 2430 1689 2459 τοῖς
1726 2427 1819 2455 δάσεσι
1847 2428 1892 2455 τοῦ

1068 2471 1185 2510 δρυμοῦ.
1200 2474 1272 2505 Ἕως
1302 2473 1350 2509 μὲν
1379 2472 1545 2510 ίγκὲχωσται
1572 2475 1630 2504 τοῖς
1656 2472 1765 2510 γηίνοις
1787 2472 1892 2504 πάθεσιν

1071 2654 1233 2691 ϐεϐηκότας,
1261 2657 1345 2685 bene.
1376 2657 1488 2685 Ibidem
1516 2657 1598 2691 editi,
1624 2655 1838 2692 ἀτιμασθήσεται
1856 2652 1890 2681 δέ.

1071 2695 1162 2721 Abest
1178 2691 1206 2719 δίι
1221 2702 1237 2720 a
1252 2693 1362 2721 nostris
1376 2693 1524 2721 veteribus
1539 2692 1633 2720 libris.

1106 2730 1164 2763 (56)
1179 2729 1266 2763 Editi,
1281 2727 1371 2757 ἐλέου.
1402 2731 1440 2756 At
1468 2737 1541 2756 mss.
1571 2736 1631 2763 sex,
1653 2725 1759 2758 ἰλέους.
1788 2727 1844 2755 Nec
1857 2726 1891 2753 ita

1072 2765 1164 2793 multo
1181 2767 1246 2801 post
1261 2773 1333 2793 mss.
1350 2765 1473 2800 aliquot.
1489 2763 1531 2792 ὅτι
1547 2762 1677 2791 οὐδέποτε
1692 2763 1717 2790 ὁ.
