1995 3142
113 175 167 206 525

525 175 727 206 COMMENT.
751 176 790 206 IN
814 175 951 207 ISAIAM
974 175 1226 207 PROPHETAM.
1249 176 1333 207 CAP.
1358 177 1395 207 Χ.

1749 178 1808 208 526

114 251 164 268 ται.
194 240 252 269 Ἐπὶ
281 243 345 268 πᾶσι
386 239 492 271 τούτοις
533 240 583 268 οὐκ
615 241 771 280 ἀπεστράφη
799 242 817 275 ἡ
847 241 929 278 ὀργὴ,

986 250 1053 269 cum
1068 244 1165 278 patres
1180 250 1250 270 suos
1264 244 1293 270 et
1308 243 1415 270 tradita
1429 243 1465 270 ab
1488 243 1530 270 eis
1557 243 1696 279 dogmata
1725 244 1810 279 sequi

115 283 227 313 ἀλλ’ἕτι
254 286 273 320 ἡ
304 284 366 323 χεὶρ
398 284 503 322 ὑψηλή.
521 284 579 312 Εἰσί
607 293 687 320 τινες,
712 286 737 312 οἱ
765 284 933 313 κατακολου-

117 332 167 362 θεῖν
202 332 260 361 τοῖς
302 330 418 368 πατράσι
457 330 502 357 καὶ
526 332 584 361 τοῖς
612 331 675 368 παρ’
701 330 787 357 αὐτῶν
815 329 932 368 παραδι‹

116 373 237 410 δομὲνοις
280 372 413 412 δόγμασιν
451 374 642 410 ἀπαξιοῦντες,
670 375 747 402 αὐτοὶ
786 374 930 412 κατάρχειν

116 419 237 457 αἱρίσεων
265 418 446 456 ἰπιθυμοῦσι.
477 419 524 446 Διὸ
560 419 738 456 καινοτομία(
764 421 836 450 τινὰς
863 429 932 455 παρ-

116 466 246 491 επινοοῦσι
275 466 315 500 τῷ
339 464 412 501 ὀρθῷ
446 464 531 501 λόγῳ,
547 464 697 501 γράφοντες
725 464 858 502 πονηρίαν
886 463 931 491 καὶ

114 506 242 536 ἀσέϐειαν·
259 508 297 540 εἰς
313 507 358 539 οὖς
385 508 479 546 φθάνει
507 508 538 536 τὸ
568 508 639 543 οὐαὶ,
656 508 693 540 εἷς
721 508 785 539 τοὺς
814 509 930 546 πατέρας

113 556 158 587 τῆς
200 552 381 589 ψευδωνύμου
421 554 563 590 γνώσεως,
587 553 632 580 καὶ
671 553 840 592 συγγραφέας
876 555 929 580 τῶν

114 597 193 625 ἀθέων
209 596 362 636 δογμάτων.
382 597 415 626 O't
429 597 478 635 γὰρ
507 599 627 625 τοιοῦτοι
650 597 712 628 τοὺς
737 597 929 634 πτωχεύοντας

112 644 143 679 τῇ
163 643 218 679 (72)
248 642 335 669 πίστει
365 642 574 680 συναρπάζουσι,
598 642 643 670 καὶ
671 641 929 670 καταδυναστεύουσι

113 687 197 724 ψυχὰς
212 687 386 725 χηρευούσας
414 689 463 714 τοῦ
486 685 619 722 ἀληθινοῦ
645 686 765 725 νυμφίου
790 689 839 714 τοῦ
864 687 930 714 Θεοῦ

113 731 208 769 Δόγου.
224 731 316 759 Ἀλλά
329 730 378 759 κᾶν
393 742 454 759 τινα
479 729 575 759 ἴδωσιν
600 731 835 768 ἀπορφανισθέντα
863 733 930 759 Θεοῦ

113 774 153 803 διὰ
173 776 222 811 τὴν
252 777 399 813 ἁμαρτίαν,
414 775 459 803 καὶ
486 775 581 804 τοῦτον
611 776 701 813 ὥσπερ
723 775 845 815 λάφυρον
870 777 930 804 ἑαυ-

111 823 161 848 τῶν
176 823 329 856 ποιοῦνται,
345 819 628 860 κατεπαγγελλόμενοι
655 821 701 858 μὲν
727 820 819 852 αὐτοῖς
843 823 929 848 πᾶσαν

111 863 206 901 ἄδειαν,
222 865 270 893 καὶ
285 866 330 893 τὸν
343 866 369 894 ἐν
385 864 472 903 ἡδονῇ
494 865 679 903 προτείνοντες
710 865 777 903 βίον,
793 865 816 892 εί
847 865 929 902 μόνον

112 907 216 937 λάϐοιεν
249 909 347 941 αότοὺς
384 911 602 946 συντεθειμένους
639 913 698 941 τοῖς
734 909 853 948 δόγμασι
882 911 930 945 τῆς

111 954 264 990 ἀθεότητος·
282 954 362 982 ὁποία
386 956 403 990 ἡ
429 957 474 982 νῦν
499 952 750 993 παραϐλαστήσασα
773 957 827 982 τῶν
856 956 930 982 Ἀνο-

112 1000 191 1035 μοίων
213 998 328 1038 α’ίρεσιςυ
344 999 389 1026 καὶ
414 999 537 1038 πόρνοις,
553 1000 597 1027 καὶ
624 1001 748 1037 μοιχοῖς,
778 999 822 1026 καὶ
851 998 929 1037 ἀρσε-

111 1044 254 1078 νοκοίταις,
284 1044 329 1072 καὶ
359 1042 603 1081 ἀνδραποδισταῖς,
633 1043 677 1071 καὶ
705 1043 857 1081 ἐπιόρκοις,
886 1043 932 1071 καὶ

112 1089 234 1125 ψεύσταις
284 1089 460 1127 συγχώρησιν
504 1089 708 1126 ἁμαρτημάτων
745 1088 931 1126 ὑπισχνούμε-

111 1143 149 1160 νοι
166 1134 232 1170 (73),
250 1132 294 1160 ἐὰν
313 1133 395 1170 μόνον
416 1132 513 1164 αὐτοὺς
529 1130 636 1160 λάϐωσι
650 1133 685 1169 τῇ
708 1133 776 1159 κατὰ
798 1134 846 1159 τοῦ
875 1134 932 1160 Μο-

111 1180 234 1215 νογενοῦς
260 1177 424 1216 βλασφημίᾳ
438 1177 666 1215 συνερχομένους.
683 1177 755 1214 Πρὸς
780 1175 825 1207 οῧς
850 1187 931 1214 φησιν

112 1223 125 1249 ὁ
150 1221 300 1260 λόγος·Τί
335 1223 496 1258 ποιήσουσιν
531 1222 557 1249 ἐν
595 1223 628 1259 τῇ
664 1222 755 1259 ἡμέρᾳ
791 1224 840 1256 τῆς
876 1221 933 1248 htt-

113 1270 230 1302 σκοπῆς
260 1267 379 1306 Ἠμὲραν
407 1268 463 1303 (74)
493 1265 568 1304 λέγει
601 1267 650 1301 τὴν
695 1265 849 1304 ἐπιφάνειαν
883 1267 932 1293 τοῦ

109 1312 207 1348 Κυρίου
238 1313 320 1348 ἡμῶν
336 1311 426 1347 Ἰησοῦ
450 1312 567 1347 Χριστοῦ
597 1310 622 1346 ἐξ
653 1309 785 1349 οὐρανῶν,
800 1309 825 1337 ἐν
876 1309 932 1338 ἐπι-

107 1355 221 1393 δημήσει
237 1359 279 1392 τῷ
302 1356 408 1393 κόσμῳ,
425 1354 572 1386 ἀποδιδοὺς
588 1356 693 1392 ἑκάστῳ
717 1355 785 1382 κατὰ
807 1355 841 1382 τὰ
865 1353 931 1393 ἔργα

107 1401 192 1429 αὐτοῦ·
223 1402 287 1433 καθ’
306 1401 335 1436 ἢν
365 1401 556 1437 ἀπολήψονται
586 1401 635 1435 τήν
667 1399 758 1437 θλίψιν
788 1399 929 1437 πόῤῥωθεν

107 1445 144 1473 ἐπ’
158 1446 258 1477 αὐτοὺς
283 1445 449 1484 ἐρχομένην,
471 1446 508 1477 ὡς
536 1445 685 1483 γράφοντες
712 1446 768 1481 (75)
784 1443 928 1482 πονηρίαν.

944 929 969 961 Β

988 286 1152 321 fastidiant,
1175 287 1231 322 ipsi
1256 287 1401 314 haeresum
1427 286 1548 322 cupiuut
1576 289 1710 315 auctores
1733 295 1808 316 esse.

987 331 1081 364 Quare
1090 331 1232 359 novitates
1241 331 1384 366 quasdam
1392 331 1655 359 comminiscuntur
1668 332 1809 361 adversus

987 376 1098 402 rectum
1115 374 1438 410 sermonem,ma1itiam
1447 375 1685 411 impietatemque
1692 376 1809 412 scriptis

986 420 1160 455 prodentes:
1177 420 1212 448 ad
1226 428 1300 455 quos
1309 420 1441 455 pervenit
1451 428 1501 453 υω,
1511 420 1546 448 ad
1562 422 1661 455 patres
1675 420 1810 449 videlicet

987 463 1065 491 falsae
1080 466 1110 492 et
1122 463 1291 492 adulterinis
1314 463 1452 499 scientias,
1469 466 1498 492 et
1513 465 1549 492 ad
1565 464 1736 500 dogmatum
1757 464 1808 492 im-

985 508 1100 544 piorum
1117 509 1284 544 scriptores.
1300 508 1385 536 Tales
1400 508 1477 536 enim
1493 516 1543 537 eos
1559 509 1609 545 qui
1624 509 1691 537 ﬂdei
1709 509 1809 545 inopia

986 551 1129 586 laborant,
1140 551 1291 588 diripiunt,
1301 554 1388 588 atque
1399 552 1429 580 in
1439 553 1552 581 animas
1561 561 1628 581 vero
1641 553 1691 581 illo
1700 561 1808 589 sponso

985 596 1043 624 Deo
1059 596 1152 625 Vorbo
1167 597 1269 624 viduas
1281 597 1466 632 tyrannidem
1483 600 1633 631 exercent;
1650 598 1700 626 sed
1725 600 1755 625 et
1783 597 1808 625 si

986 641 1151 677 quempiam
1164 641 1222 669 Deo
1232 641 1366 669 orbatum
1378 641 1414 668 ob
1436 644 1588 677 peccatum
1615 642 1751 676 viderint,
1780 643 1810 669 et

986 685 1063 713 hunc
1072 685 1127 713 sibi
1145 686 1229 722 quasi
1241 686 1368 721 prmdam
1378 686 1544 714 vindicant:
1563 687 1670 722 quippe
1685 687 1728 714 eis
1745 694 1810 722 pro-

985 730 1108 758 mittunt
1122 731 1308 758 securitatem
1324 738 1452 765 omnem,
1464 732 1493 757 et
1504 730 1699 766 voluptariam
1717 730 1808 759 vitam

985 776 1163 810 proponunt,
1176 775 1201 802 si
1218 776 1303 803 modo
1311 774 1512 811 eosdogmatis
1522 775 1705 803 divinitatem
1718 783 1808 812 oppu-

985 819 1145 855 gnantibus
1156 819 1320 856 intelligant
1335 819 1585 851 assentiri.Qualis
1593 827 1672 847 nunc
1683 819 1809 856 pullula-

986 863 1027 891 vit
1033 865 1239 892 Anommorum
1251 864 1808 899 haeresis,quiscortatoribus,aduiteris

985 909 1183 937 masculorum
1199 908 1447 942 coneubitoribus,
1464 907 1624 944 plagiariis,
1637 908 1764 944 perjuris
1775 916 1809 937 ao

985 953 1178 982 mendacibus
1193 953 1307 981 veniam
1319 955 1504 988 peccatorum
1512 953 1700 989 pollicentur,
1717 952 1742 982 si
1759 961 1807 982 eo-

985 998 1047 1027 lum
1064 1007 1122 1026 suae
1139 999 1279 1026 adversus
1294 997 1483 1034 Unigenitum
1500 997 1689 1034 blasphemia
1713 998 1808 1026 socios

987 1043 1054 1072 illos
1069 1043 1235 1071 habuerint.
1246 1043 1323 1075 Quos
1332 1041 1492 1078 alloquitur
1501 1042 1650 1078 Scriptura
1660 1051 1667 1070 :
1676 1043 1752 1079 Quid
1761 1044 1808 1078 fa-

987 1089 1058 1116 cient
1073 1089 1102 1115 in
1117 1087 1162 1115 die
1176 1088 1341 1115 υίεὶιαιίοπίε
1353 1089 1365 1113 .7
1379 1086 1462 1114 Diem
1478 1087 1652 1115 visitationis
1667 1089 1750 1116 vocat
1760 1088 1812 1116 ad-

986 1134 1108 1160 ventum
1120 1131 1233 1159 Domini
1249 1131 1341 1159 nostri
1349 1131 1417 1160 Jesu
1429 1131 1538 1159 Christi
1549 1140 1564 1160 e
1580 1131 1739 1168 coelis,qua
1762 1132 1809 1160 die

985 1177 1082 1205 veniet
1095 1176 1125 1203 in
1138 1175 1298 1209 'mundum,
1316 1176 1485 1204 redditurus
1500 1175 1626 1213 singulis
1647 1177 1810 1205 secundum

986 1229 1074 1256 opera
1089 1220 1321 1256 cujusquezquo
1338 1220 1367 1248 in
1394 1221 1531 1256 adventu,
1559 1220 1637 1256 quod
1665 1220 1808 1249 malitiam

987 1265 1117 1293 scribant
1131 1264 1352 1292 tribulationem
1364 1264 1400 1292 ad
1414 1273 1445 1293 se
1454 1265 1637 1301 eionginquo
1645 1265 1809 1294 venientem

986 1310 1141 1346 excipient.
1155 1311 1190 1336 At
1201 1317 1267 1337 vero
1282 1309 1321 1336 Ad
1334 1310 1412 1343 cuius
1425 1309 1590 1345 prasidium
1617 1311 1784 1345 confugiam
1793 1310 1808 1337 Ῡ

984 1355 1097 1382 Etenim
1112 1355 1250 1382 adversus
1263 1354 1353 1382 Deum
1366 1354 1538 1390 scripsistis,
1549 1353 1680 1381 vivorum
1691 1362 1724 1381 uc
1733 1362 1809 1382 mor-

985 1402 1103 1427 tuorum
1116 1398 1256 1434 judicem.
1272 1398 1383 1426 Vestris
1395 1406 1526 1434 ipsorum
1542 1398 1659 1433 scriptis
1671 1406 1808 1434 coargue-

986 1453 1068 1471 mini.

105 1491 172 1528 Πρὸς
198 1490 263 1519 τίνα
291 1489 320 1518 δὶ
344 1489 538 1529 καταφεύξισθε
565 1492 614 1518 τοῦ
646 1490 838 1526 Benene-Evoti;
855 1488 928 1516 Κατὰ
949 1488 1000 1526 γὰρ
1021 1489 1087 1514 Θιοῦ
1113 1486 1257 1523 ἐκράψατε,
1272 1496 1320 1513 του
1345 1495 1484 1524 κρινοντος
1507 1487 1608 1520 ζῶντας
1623 1486 1668 1514 καὶ
1683 1486 1806 1524 νεκρούς.

104 1535 256 1574 Κατηγορία
273 1536 349 1573 ὑμῶν
363 1534 436 1563 ἔσται
451 1535 485 1562 τὰ
499 1534 616 1572 ὑμέτερα
628 1535 786 1572 γράμματα.

135 1582 197 1610 233.
231 1580 299 1609 Εἶτά
335 1591 399 1619 φησι
418 1590 424 1595 ·

110 1625 179 1662 ὑμῶν
193 1635 200 1660 ;
216 1625 254 1654 Οἱ
275 1627 471 1662 φανητιῶντες,
487 1624 533 1652 καὶ
562 1627 612 1659 τῆς
642 1623 818 1662 ἀνθρωπίνης
845 1626 929 1659 τιμῆς

108 1670 296 1708 ἀντεχόμενοι,
323 1669 368 1697 καὶ
409 1669 591 1707 ᾰῖρεσιαρχεῖν
634 1668 859 1705 ἐπιθυμήσαντες,
886 1666 930 1694 ἵνα

108 1714 239 1752 ὀνόματος
255 1715 370 1753 τύχητε,
386 1714 431 1741 καὶ
455 1713 499 1741 διὰ
522 1715 602 1741 τοῦτο
629 1712 796 1748 λαλήσαντες
825 1711 929 1740 ἀδικίαν

107 1759 140 1790 είς
165 1760 196 1787 τὸ
228 1759 298 1796 ὕψος
313 1769 319 1775 ·
335 1761 391 1786 ποῦ
413 1758 476 1786 τότε
503 1757 529 1786 ἐν
556 1759 590 1795 τῇ
621 1757 712 1795 ἡμέρᾳ
739 1761 788 1792 τῆς
813 1756 928 1795 κρίσεως

105 1803 279 1841 καταλείψετε
306 1804 356 1838 τὴν
387 1802 465 1839 δόξαν
496 1802 746 1840 ὑμῶν;¹Υποκάτω
777 1801 814 1836 δὲ,
836 1801 928 1840 φησὶν,

105 1849 128 1875 οἳ
170 1851 295 1876 τοιοῦτοι
342 1850 395 1875 τῶν
447 1846 627 1884 ἀνῃρημένων
681 1848 844 1873 πεσοῦνται.
873 1846 927 1874 Νὖν

107 1894 261 1930 προστάτης
287 1893 310 1920 εἲ
331 1895 384 1919 τῶν
411 1891 631 1928 ἐξηπατημένων,
645 1891 688 1918 καὶ
711 1890 835 1927 θαυμάζῃ
865 1889 928 1927 παρ’

105 1938 198 1972 αὐτῶν,
216 1936 306 1974 ὄνομα
322 1935 487 1964 διδασκάλου
510 1936 554 1963 καὶ
583 1936 739 1972 καθηγητοῦ
763 1934 928 1972 περιφέρων,

105 1983 303 2019 σεμνυνόμενος
328 1981 392 2019 παρ’
415 1981 504 2008 αὐτῶν
530 1979 574 2007 καὶ
605 1978 841 2017 μακαριζόμενος·
867 1978 929 2005 τότε

107 2025 134 2054 δὲ
146 2027 253 2055 τούτων
280 2026 367 2054 αὐτῶν
393 2024 555 2062 ἀτιμότερος
576 2022 633 2061 ἔσῃ,
649 2025 702 2050 τῶν
731 2023 782 2050 ὑπὸ
815 2024 865 2049 σοῦ
880 2032 927 2049 πι-

107 2072 294 2110 φονιυμὲνων.
322 2070 411 2101 Φόνος
442 2070 494 2108 γάρ
525 2068 580 2096 ἐστι
609 2070 724 2106 ψυχῆς,
753 2065 928 2104 ψευδοδοξίας

107 2116 264 2155 παραδοχή.
293 2115 436 2143 Ὑποκάτω
466 2112 511 2141 οὖν
539 2112 643 2141 τούτων
678 2110 723 2148 ἔσῃ
759 2112 927 2146 πεπτωκὼς,

105 2161 194 2189 καὶτὸ
217 2164 271 2189 τῶν
297 2160 476 2198 ἂνῃρημὲνων
501 2158 553 2186 ὑπὸ
578 2159 625 2185 σοῦ
655 2156 738 2194 βάρος
768 2156 928 2184 ἂπικείσιταί

107 2217 156 2235 σοι.
172 2204 285 2240 Ἐπιιδή
315 2203 344 2232 δὲ
371 2202 484 2234 ἕκαστος
511 2205 591 2240 ἡμῶν
622 2201 666 2229 διὰ
693 2203 741 2229 τοῦ
767 2201 827 2239 βίου
843 2200 928 2228 οἷονεί

105 2251 275 2289 χιιρόγραιρα
303 2250 384 2286 ἡμῶν
411 2248 562 2287 γράφομεν,
587 2247 627 2283 τῷ
658 2248 818 2283 μνημονικῷ
846 2247 928 2282 ἡμῶν

105 2295 165 2326 τοὺς
193 2295 297 2325 τύπους
320 2296 375 2322 τῶν
406 2293 576 2331 πραγμάτων
607 2290 899 2329 ἐναποσφραγιζόμενοι
920 2299 927 2306 ⁸

105 2339 174 2377 τάχα
188 2340 234 2367 καὶ
249 2338 313 2370 τοὺς
331 2337 474 2368 τοιούτους
494 2336 631 2371 ταλανίζει
657 2336 671 2362 ό
693 2335 788 2373 λόγος,
805 2335 842 2367 ὡς
863 2334 929 2372 γρά-

107 2395 203 2424 φοντας
227 2383 371 2421 πονηρίαν,
395 2383 426 2411 Ἡ
453 2382 500 2419 μὲν
532 2382 584 2419 γὰρ
612 2379 709 2420 καρδία
737 2382 786 2407 τῶν
817 2378 928 2407 δικαίων

108 2428 336 2467 καταγεγραπται,
377 2427 408 2454 οὐ
453 2425 561 2463 μέλανι,
589 2425 662 2453 ἀλλὰ
702 2424 837 2461 Πνεύματι
864 2425 930 2451 Θεοῦ

110 2476 217 2509 ζῶντος·
235 2475 253 2508 ἡ
271 2472 298 2501 δὲ
311 2474 365 2501 τῶν
382 2470 482 2499 ἀδίκων
512 2469 610 2508 καρδία
638 2470 669 2497 οὐ
700 2469 834 2506 [ῐνεύματι
863 2467 930 2496 Θιοῦ

110 2521 219 2554 ζῶντος,
236 2517 309 2546 ἀλλὰ
339 2516 436 2554 μὲλανι
459 2517 499 2551 τῷ
524 2517 644 2553 συγγινιῖ
671 2515 720 2541 τοῦ
744 2512 857 2543 σκότους
885 2512 930 2540 καὶ

109 2563 201 2601 ἰχθρῷ
228 2565 276 2590 τοῦ
304 2561 405 2601 φωτός.
432 2562 512 2588 Ὥστε
551 2558 662 2590 ἕκαστος
692 2559 709 2594 ἢ
740 2557 805 2595 ὑπὲρ
836 2557 930 2585 ἑαυτοῦ

143 2640 164 2658 ⁸⁷
180 2638 259 2667 Psal.
276 2646 362 2672 uxu,
373 2639 399 2666 8.
438 2638 459 2655 "
474 2638 501 2665 ΙΙ
516 2637 581 2665 Cor.
595 2645 637 2670 lli,
649 2635 676 2663 3.

143 2707 200 2743 (‘72)
217 2705 304 2743 Editi,
318 2704 344 2743 tv
360 2705 404 2743 τῇ,
423 2706 457 2734 At
467 2701 610 2743 vocularév
625 2703 655 2731 in
680 2711 755 2743 m_ss._
767 2710 826 2729 non
844 2701 934 2743 inve-

110 2737 201 2774 nitur:
218 2737 320 2770 Statim
338 2737 525 2777 ita'ioquitur
540 2741 686 2777 interpres
701 2737 938 2777 deberesiAno-

112 2786 268 2812 musarum,
283 2780 317 2806 ut
327 2774 455 2806 dubitari
467 2777 514 2804 vix
523 2774 702 2813 possiﬁquin
713 2774 760 2802 hic
787 2774 938 2802 Commen-

113 2817 208 2845 tarios
223 2817 326 2849 quarto
341 2813 447 2841 saeculo
460 2811 588 2849 scriptus
604 2811 652 2849 sit.

148 2843 207 2889 (73)
223 2843 375 2886 Ιὶιιαιοειτί
386 2857 436 2877 sex
447 2843 610 2877 mss.'Editi
626 2854 702 2878 vero,
721 2843 938 2882 ὑπισχνουμένη.

457 1581 512 1607 Ποῦ
546 1578 724 1615 καταλείψετε
758 1579 808 1613 τήν
846 1577 923 1613 δόξαν

1015 1577 1079 1604 233.
1095 1576 1224 1604 Subinde
1235 1576 1276 1603 ait
1288 1575 1350 1604 :Ubi
1360 1575 1523 1611 relinquetis
1534 1576 1656 1610 gloriam
1667 1579 1788 1604 vestram
1803 1586 1812 1612 ι

985 1621 1038 1654 Qui
1054 1620 1134 1649 inani
1151 1619 1345 1648 ostentatione
1364 1619 1518 1654 ducimini,
1544 1620 1594 1656 qui
1620 1620 1811 1657 aucupamini

987 1667 1130 1694 humanos
1146 1665 1282 1699 honores,
1295 1664 1345 1701 qui
1357 1666 1393 1693 ad
1408 1673 1514 1693 nomen
1523 1667 1743 1701 assequendum
1753 1666 1812 1694 ha;-

985 1719 1083 1739 raseos
1099 1710 1265 1746 cujuspiam
1282 1712 1415 1738 auctores
1427 1718 1491 1738 esse
1503 1711 1714 1746 exoptastis,ob
1724 1711 1813 1748 idque

985 1755 1171 1792 iniquitatem
1185 1754 1274 1782 locuti
1287 1754 1358 1783 estis
1370 1755 1398 1782 in
1410 1754 1594 1783 altitudinem
1603 1755 1770 1790 ",ubitunc
1779 1757 1809 1784 in

985 1800 1156 1836 hacjudicii
1172 1800 1219 1827 die
1243 1799 1416 1834 relinquetis
1441 1799 1563 1834 gloriam
1587 1800 1739 1828 vestram?
1766 1801 1812 1829 Ait

986 1848 1101 1873 autem:
1118 1844 1201 1872 Tales
1230 1844 1279 1871 sub
1309 1843 1463 1879 interfecti:
1492 1843 1568 1872 556
1594 1843 1699 1871 cadent.
1726 1845 1810 1873 Nunc

984 1898 1096 1924 eorum,
1114 1889 1163 1925 qui
1179 1888 1292 1924 decepti
1309 1891 1388 1922 sunt,
1411 1888 1563 1924 praefectus
1586 1896 1629 1922 es,
1653 1888 1753 1924 eisque
1778 1896 1809 1916 es

983 1934 1180 1968 admirationi,
1193 1933 1326 1969 magistri
1341 1941 1447 1960 nomen
1457 1934 1485 1960 et
1495 1933 1578 1960 ducis
1588 1933 1808 1966 circumferens,

983 1982 1072 2015 atque
1087 1980 1122 2006 ab
1138 1978 1247 2006 eisdem
1264 1977 1428 2011 honoraris,
1446 1977 1672 2013 pradicarisque
1684 1977 1807 2005 beatus:

983 2026 1053 2051 tunc
1069 2025 1167 2051 autem
1184 2022 1220 2050 iis
1236 2022 1309 2057 ipsis
1321 2030 1395 2057 quos
1406 2024 1435 2048 tu
1449 2021 1637 2056 interieceris,
1650 2022 1766 2049 futurus
1776 2029 1809 2049 es

983 2068 1133 2104 abjectior.
1151 2066 1299 2094 Occiditur
1315 2066 1392 2093 enim
1409 2065 1507 2094 anima
1522 2067 1598 2098 tum,
1614 2073 1682 2093 cum
1699 2065 1772 2093 falsa
1780 2068 1810 2093 et

982 2112 1122 2141 ementita
1136 2111 1234 2147 opinio
1250 2111 1279 2138 in
1296 2119 1330 2138 ea
1345 2110 1494 2146 recipitur.
1513 2111 1612 2145 Itaque
1628 2109 1684 2137 sub
1700 2109 1737 2137 iis
1759 2117 1808 2137 ca-

983 2158 1053 2190 des;
1070 2160 1098 2184 et
1112 2156 1225 2192 pondus
1236 2163 1349 2190 eorum,
1362 2154 1412 2190 qui
1429 2156 1489 2181 ate
1505 2154 1614 2182 fuerint
1629 2153 1810 2190 interempti,

983 2201 1036 2229 tibi
1053 2201 1212 2228 incumbet.
1228 2200 1282 2227 Sed
1299 2198 1436 2234 queniam
1449 2198 1654 2234 unusquisque
1669 2200 1806 2226 nostrum

983 2254 1034 2282 per
1043 2247 1133 2273 totam
1141 2245 1230 2272 vitam
1241 2243 1324 2279 quasi
1332 2243 1525 2279 chirographa
1533 2245 1633 2270 nostra
1640 2243 1810 2278 scribimus,

983 2298 1081 2318 rerum
1096 2291 1245 2324 gestarum
1261 2287 1441 2323 consignatis
1458 2288 1637 2323 imaginibus
1655 2288 1683 2315 in
1709 2289 1812 2315 nostra

984 2334 1126 2362 memoria
1138 2342 1145 2368 ;
1164 2333 1236 2361 forte
1249 2333 1337 2360 etiam
1355 2333 1428 2360 tales
1444 2332 1594 2367 Scriptura
1604 2332 1743 2368 praedicat
1754 2331 1811 2359 mi-

985 2387 1076 2413 seros,
1092 2380 1233 2414 tanquam
1249 2377 1299 2413 qui
1312 2377 1446 2404 scribunt
1457 2376 1612 2404 malitiam.
1627 2377 1681 2404 Cor
1692 2376 1812 2412 quidem

981 2423 1132 2459 justorum
1148 2422 1350 2458 conscriptum
1366 2424 1412 2449 est
1429 2430 1486 2449 non
1503 2423 1678 2456 atramento,
1690 2421 1741 2449 sed
1752 2421 1814 2457 Spi-

985 2468 1042 2496 ritu
1057 2467 1108 2496 Dei
1123 2467 1178 2494 vivi
1193 2467 1233 2493 “3:
1256 2475 1309 2494 cur
1332 2474 1399 2494 vero
1425 2466 1594 2502 iniquorum
1621 2474 1678 2494 non
1703 2464 1813 2502 Spiritu

986 2512 1036 2540 Dei
1051 2512 1186 2545 viventis,
1204 2511 1253 2538 sed
1271 2513 1434 2538 atramento
1451 2511 1638 2538 tenebrarum
1660 2510 1751 2543 afﬁni,
1769 2509 1814 2538 lu-

986 2557 1086 2593 oieque
1101 2556 1231 2585 inimico.
1248 2555 1459 2591 Unusquisque
1481 2556 1571 2591 igitur
1586 2556 1637 2582 aut
1652 2554 1722 2582 dum
1738 2554 1815 2581 bona

1026 2699 1081 2736 (74)
1097 2698 1159 2727 Vox
1168 2696 1323 2736 immuni];
1335 2698 1363 2725 in
1379 2697 1464 2736 editis
1482 2696 1620 2733 repetitur
1633 2698 1699 2725 ante
1714 2702 1814 2724 vocem

992 2733 1095 2777 ἡμέραν
1126 2735 1253 2777 sedeam
1270 2734 1339 2777 inde
1357 2733 1545 2766 sustulimus,
1576 2735 1742 2761 nostrorum
1764 2740 1816 2760 sex

994 2769 1128 2800 codicum
1145 2771 1232 2799 ﬁdem
1249 2769 1351 2798 secuti.

1029 2808 1075 2842 (75
1092 2808 1132 2835 ita
1147 2815 1219 2835 mss.
1234 2814 1343 2834 omnes.
1361 2803 1447 2837 Editi,
1465 2802 1489 2829 ot
1506 2801 1664 2841 γράφοντες.
