1995 3142
69 153 126 184 553

440 150 643 182 COMMENT.
665 149 706 180 IN
728 149 863 180 ISAIAM
889 148 1144 180 PROPHETAM.
1166 148 1253 178 CAP.
1275 149 1316 180 XI
1336 148 1404 178 XII.

1716 150 1775 180 δει

68 218 197 255 θάρσεως·
226 217 255 243 αἱ
278 216 340 254 πιρὶ
364 215 495 252 ἱλασμοῦ·
520 214 607 242 πάντα
629 216 784 251 συνετμήθη
810 213 848 245 εἰς
867 213 896 241 ’ἑν

966 223 981 242 n
998 222 1088 242 unam
1104 221 1252 242 summam
1270 214 1387 242 brevem
1413 214 1585 251 facilemque
1609 215 1775 252 observata,

65 261 214 300 κεφάλαιον
242 259 334 299 βραχὺ
361 260 405 288 καὶ
432 259 667 298 ιύπαρατήρητον,
693 259 730 290 ὡς
760 257 895 295 μηδεμίαν

66 306 199 345 πρόφασιν
216 304 411 333 ὑπολείπεσθαι
437 307 495 335 τοῖς
525 305 563 340 μὴ
579 303 808 340 πολιτευομένοις
830 303 898 330 κατὰ

63 351 95 379 τὸ
111 348 291 388 Εὐαγγίλιον.

952 259 1013 286 ulla
1037 258 1084 293 iis,
1099 258 1150 294 qui
1175 265 1209 286 ex
1234 259 1403 295 praescripto
1423 259 1569 295 Evangelii
1591 268 1648 288 non
1664 260 1776 296 vivunt,

953 303 1102 332 excusatio
1117 303 1256 339 supersit.

413 496 616 525 ENARRATIO
637 495 673 524 IN
692 494 849 528 ALIQUOT
869 494 905 522 LC

978 494 1014 522 ΧΙ
1034 494 1078 522 ET
1097 495 1147 522 XII
1166 494 1304 523 CAPITIS
1323 495 1437 525 ΙδΑΙλΕ.

98 653 164 680 247.
185 650 240 679 Καὶ
268 649 342 678 ἔσται
369 649 396 677 ἐν
422 651 456 686 τῇ
483 650 574 687 ἡμέρᾳ
602 648 692 687 ἐκείνῃ
717 650 734 684 ἡ
762 648 822 687 ῥίζα
847 650 896 676 τοῦ

66 697 164 724 Ἰεσσαί
183 718 191 729 ,
217 695 263 722 καὶ
293 695 307 722 6
336 693 510 731 ἀνιστάμενος
546 693 639 732 ἄρχειν
668 694 762 726 ἐθνῶν.
792 693 842 720 Τὸν
869 693 898 720 ἐκ

66 741 224 778 σπέρματος
249 737 332 767 Δαῧὶδ
357 739 474 776 Χριστὸν
498 737 700 776 εὐαγγελίζεται
725 739 792 775 ἡμῖν
810 738 823 765 ὀ
849 736 897 764 λό-

65 796 126 823 γος.
145 785 192 813 Ἐν
214 783 265 821 γὰρ
294 786 328 820 τῇ
355 783 447 820 ἡμέρᾳ
473 782 575 819 ἐκείνῃ,
601 782 739 810 τουτέστιν
771 782 814 809 ἐπὶ
843 783 897 808 τῶν

67 829 156 856 πάλαι
171 828 388 866 προωρισμὲνων
403 830 504 865 καιρῶν
528 828 595 864 (53),
611 827 656 854 καὶ
682 825 708 854 ἐν
727 829 767 862 τῷ
782 824 899 863 προδια-

68 873 230 910 τεταγμένῳ
254 872 348 910 χρόνῳ
374 870 447 900 ἔσται
475 873 492 906 ἡ
519 871 579 909 ῥίζα
600 873 648 898 τοῦ
674 870 779 899 Ἰεσσαί.
796 869 899 898 Ἀλλα-

986 649 1049 677 247.
1067 651 1165 685 (Vens.
1183 650 1240 686 10.)
1259 651 1292 677 Et
1316 651 1370 678 erit
1396 651 1424 678 in
1447 650 1491 678 die
1514 651 1565 678 illa
1587 651 1669 679 radis:
1693 652 1775 686 leue,

952 697 978 721 et
994 695 1041 729 qui
1055 695 1190 730 exsurgit,
1206 697 1238 722 ut
1253 696 1365 730 imperet
1384 695 1521 730 gentibus.
1538 695 1633 723 Verba
1647 696 1708 724 haec
1723 705 1777 724 no-

953 738 998 766 bis
1014 738 1162 766 Christum
1180 740 1358 767 annuntiant
1370 748 1403 767 ex
1418 740 1537 767 Davidis
1553 741 1664 768 semine
1679 742 1778 769 oriun-

954 783 1034 810 dum.
1046 783 1201 810 Enimvero
1217 783 1246 810 in
1260 783 1307 811 die
1321 783 1381 817 illa,
1392 783 1446 811 hoc
1459 786 1514 819 est,
1526 784 1556 811 in
1570 786 1701 821 tempore
1715 786 1777 820 jam

954 828 1067 863 pridem
1085 827 1247 861 praestituto
1273 836 1305 855 ac
1330 827 1484 863 praeﬁnito,
1499 828 1554 855 erit
1578 829 1662 856 radix
1684 829 1777 857 Jesse.

955 872 1031 900 Alibi
1046 872 1164 908 quidem
1181 872 1373 908 dicitvirgam
1389 881 1423 900 ex
1438 873 1534 900 radice
1545 881 1609 901 esse
1623 874 1777 909 oriturum,

69 920 124 956 χοῦ
152 918 199 954 μὲν
225 915 325 955 ῥάϐδον
350 916 424 955 λέγει
450 915 480 944 ἐκ
504 919 555 951 τῆς
580 915 657 954 ῥίζης
684 914 832 951 ἀνατελεῖν,
855 914 900 942 καὶ

966 919 984 944 :t
999 917 1100 945 ﬂorem
1116 925 1151 945 ex
1169 918 1268 945 radice
1283 917 1365 945 Jesse
1381 926 1584 952 escensurum,
1601 919 1640 946 sit
1655 920 1687 946 ut
1702 920 1779 947 acci-

69 963 153 994 ἄνθος
182 961 212 989 ἐκ
240 964 291 996 τῆς
321 961 398 999 ῥίζης
426 963 474 988 τοῦ
503 960 599 988 Ἰεσσαὶ
629 957 820 996 ἀναϐήσεσθαι,
849 960 898 994 τὴν

70 1004 172 1045 ῥάϐδον
201 1005 246 1033 ἐπὶ
271 1009 320 1041 τῆς
351 1005 441 1043 ἀρχῆς
470 1003 631 1041 λαμϐάνων,
647 1004 678 1031 τὸ
703 1003 731 1032 δέ
750 1003 839 1036 ἄνθος,
856 1002 899 1030 ἐπὶ

67 1055 121 1086 τῆς
148 1051 297 1088 ἐπεράστου
331 1051 377 1077 καὶ
407 1052 472 1077 πᾶσι
499 1049 702 1088 κεχαρισμένης
730 1047 877 1085 ἐπιδημίας
893 1058 899 1065 ’

67 1095 117 1123 καὶ
134 1096 177 1123 ὅτι
193 1095 219 1123 έν
236 1096 334 1132 βραχεῖ
358 1095 407 1129 τήν
431 1095 511 1132 χάριν
536 1093 746 1132 παρασχόμενος
762 1096 811 1128 τῆς
827 1092 901 1120 ἐναν-

69 1141 255 1176 Θρωπήσεως,
278 1141 402 1177 ταχεῖαν,
428 1139 472 1166 καὶ
501 1138 584 1166 οἷονεὶ
609 1136 760 1175 παροδικήν
783 1139 902 1164 ποιεῖται

71 1185 124 1218 τὴν
154 1183 315 1220 ἐπιδημίαν·
345 1182 457 1215 ἐνταῦθα
487 1182 516 1210 δὲ
545 1182 620 1221 ῥίζαν
647 1182 720 1220 λέγει
743 1181 902 1210 τοῦἸισσαὶ

73 1227 193 1261 ἔσεσθαι.
210 1227 333 1266 Πρόσχες
358 1230 410 1264 τῷ,
434 1230 539 1255 Ἔσται.
557 1227 625 1264 Οὐχὶ
653 1238 730 1266 φησι,
756 1226 840 1262 Δόξιι·
858 1225 903 1253 ού-

75 1272 116 1307 δὶ,
133 1273 208 1309 Δόξει
225 1274 281 1307 (54)
295 1272 373 1308 εἶναι,
398 1271 471 1299 ἀλλὰ
491 1272 562 1299 κατὰ
586 1271 727 1306 ἀλήθειαν,
743 1272 846 1299 Ἔσται.
864 1270 902 1299 Ού

74 1318 129 1356 γὰρ
158 1317 301 1355 φαντασίᾳ,
331 1315 394 1344 οὐδὲ
422 1316 511 1351 οἰήσει
538 1317 588 1350 τὴν
619 1315 713 1352 σάρκα,
743 1315 807 1343 ἀλλ’
834 1315 905 1351 αὖτῇ

76 1361 194 1398 ἀληθείᾳ
216 1359 346 1389 ἀνέλαϐεν
365 1384 371 1390 .
395 1361 491 1389 Ἔσται
520 1359 565 1388 οὖν
595 1361 612 1395 ἠ
641 1360 703 1398 ῥίζα
730 1362 778 1388 τοῦ
794 1359 904 1387 Ἰεσσαί-

76 1406 214 1441 τουτέσαι,
242 1407 274 1434 τὸ
303 1406 415 1443 φύραμα
443 1406 493 1438 τῆς
524 1405 622 1441 σαρκὸς
646 1405 677 1432 τὸ
706 1405 758 1432 ἀπὸ
787 1404 903 1439 Ἰεσσαὶ,

76 1449 151 1479 ἔσται
167 1450 235 1478 κατὰ
249 1450 389 1486 ἀλήθειαν,
413 1449 457 1477 καὶ
482 1450 672 1485 ὑποστήσιται.
697 1449 745 1477 Καὶ
770 1449 783 1476 ὁ
799 1447 905 1476 ἀνιστά-

79 1506 174 1533 μενος,
204 1495 287 1526 αὐτὸς
313 1495 368 1531 (55)
397 1494 441 1521 καὶ
469 1493 532 1531 ῥίζα
557 1494 602 1521 καὶ
629 1493 816 1530 ἀνιστάμενος.
833 1493 906 1527 Ῥίζα

75 1543 126 1568 τοῦ
149 1539 254 1567 Ἰεσσαί·
282 1538 323 1566 ὅτι
350 1539 380 1566 ἐκ
403 1537 547 1577 βασιλικῆς
573 1537 707 1576 διαδοχῆς
729 1539 747 1573 ἡ
774 1538 905 1575 θεοφόρος

78 1584 147 1622 σὰρξ
171 1583 364 1621 προσελήφθη.
385 1584 414 1612 Ὁ
442 1581 470 1610 δὲ
492 1582 668 1619 ἀνιστάμενος
693 1583 787 1620 ἄρχειν
812 1582 904 1610 ἐθνῶν.

79 1629 130 1657 Διὰ
145 1631 226 1656 τοῦτο
241 1629 275 1655 τὰ
290 1626 352 1663 ἔθνη
374 1627 416 1655 ἐπ’
439 1627 519 1655 αὐτὸν
538 1626 667 1663 ἤλπισεν,
692 1627 729 1659 ὡς
750 1625 838 1661 δῆλον
853 1627 906 1654 ἀπὸ

79 1677 132 1708 τῆς
147 1672 174 1700 έν
190 1675 248 1704 τοῖς
263 1670 346 1700 ἔθνεσι
370 1673 419 1699 τοῦ
441 1673 561 1708 Χριστοῦ
589 1670 764 1706 Ἐκκλησίας.
781 1671 908 1703 Ἀναστὰς

81 1719 136 1756 γὰρ
152 1717 183 1745 ἐκ
195 1719 308 1755 νεκρῶν,
324 1716 389 1754 ἦρξε
414 1718 468 1743 τῶν
492 1715 586 1749 ἐθνῶν,
611 1715 769 1744 καταλιπὼν
793 1716 837 1743 τὸν
856 1727 909 1756 φο-

83 1763 132 1790 νέα
157 1761 235 1791 λαόν.
251 1760 379 1792 Ἔχείνοις
406 1761 452 1797 μὶν
477 1760 526 1798 γὰρ
548 1760 594 1788 τὸν
617 1760 728 1787 θάνατον
747 1764 909 1800 περιαφῆκε,

81 1810 143 1838 τοῖς
161 1805 191 1834 δὲ
206 1805 292 1834 ἔθνεσι
306 1805 356 1840 τὴν
383 1804 524 1832 ἀνάστασιν
550 1804 704 1843 ἐχαρίσατο.
723 1805 796 1832 Διότι
821 1806 847 1832 ot
863 1806 908 1842 μὲν

80 1851 209 1890 ἔκραζον·
249 1851 450 1888 Σταυρωθήτω·
490 1849 545 1884 καὶ,
583 1849 618 1876 Τὸ
654 1848 722 1885 αἷμα
760 1849 841 1876 αὐτοῦ
871 1849 911 1888 ἐφ’

80 1899 173 1933 ἡμᾶς,
196 1896 242 1923 καὶ
271 1895 315 1922 ἐπὶ
342 1895 376 1922 τὰ
396 1895 477 1922 τέκνα
502 1895 593 1930 ἡμῶν·
621 1894 646 1920 οἱ
672 1892 699 1921 δὲ
722 1892 845 1930 ἐδέξαντο
864 1894 910 1921 τὸν

80 1940 311 1979 ἐσταυρωμένον,
343 1939 388 1967 καὶ
414 1941 454 1975 τῷ
483 1937 578 1976 α’ίματι
609 1938 692 1966 αὐτοῦ
720 1937 910 1976 έλυτρώθησαν

79 1986 136 2013 ἀπὸ
150 1987 201 2012 τοῦ
216 1984 341 2012 θανάσου.
360 1984 412 2012 Καὶ
436 1981 519 2018 ἔσται,
544 1982 636 2022 φησὶν,
661 1984 679 2018 ἡ
701 1983 850 2014 ἀνάπαυσις
866 1983 912 2011 αὑ-

78 2033 132 2058 τοῦ
156 2030 237 2066 τιμή.
266 2028 372 2063 Αὕτηὴ
398 2030 516 2066 Χριστσῦ
543 2027 700 2063 ἀνάπαυσις,
717 2029 734 2062 ἡ
761 2028 828 2064 τιμὴ
855 2029 911 2065 (56)

80 2078 139 2103 τῶν
151 2075 298 2111 τιμώντων
312 2073 391 2100 αὐτὸν
409 2073 447 2104 ὡς
462 2072 550 2109 Λόγον
567 2074 646 2108 Θεοῦ,
661 2071 706 2098 καὶ
727 2072 822 2109 σοφίαν
835 2075 912 2109 Θεοῦ,

81 2120 130 2147 καὶ
147 2118 272 2155 δύναμιν.
291 2118 321 2146 Ὀ
336 2116 480 2144 ἀναπαύων
494 2116 541 2143 τὸν
563 2116 693 2153 Χριστὸν,
711 2115 844 2154 ὁμολογεῖ
868 2117 914 2144 αύ-

81 2166 133 2192 τοῦ
147 2165 198 2199 τὴν
213 2163 282 2201 πρὸς
296 2161 342 2189 τὸν
367 2160 547 2199 γεγεννηκότα
573 2160 653 2188 αὐτὸν
678 2161 838 2197 ὁμοτιμίαν·
864 2165 913 2196 τῆς

83 2209 160 2244 ἀξίας
176 2209 226 2242 τήν
242 2205 396 2234 κοινωνίαν·
412 2207 462 2238 τῆς
486 2205 591 2244 φύσεως
613 2206 663 2240 τήν
682 2204 708 2240 ἰξ
723 2204 814 2232 ἀϊδίου
830 2205 914 2244 ὕπαρ-

83 2253 134 2288 ξιν.
151 2253 184 2280 οι
201 2251 231 2279 δὲ
258 2253 441 2289 μεριμνῶντες
456 2260 482 2277 τι
497 2252 551 2277 τῶν
578 2250 646 2288 πρὸς
667 2249 776 2286 ἀτιμίαν
793 2252 848 2287 (57)
866 2250 916 2288 ῥη-

84 2297 179 2334 μάτων
198 2296 350 2334 έξεύρωσιν,
366 2295 396 2323 οὐ
420 2295 454 2322 τὰ
479 2294 548 2332 πρὸς
572 2295 719 2322 ἀνάπαυσιν
735 2293 783 2322 τοῦ
798 2296 914 2332 Χριστοῦ
932 2285 955 2318 D

83 2342 262 2380 φθέγγονται.
294 2340 408 2368 Δύναται
439 2340 563 2376 μέντοιγε
587 2340 604 2373 ἡ
631 2339 780 2370 ἀνάπαυσις
809 2337 915 2376 λαμϐά-

82 2391 190 2422 νεσθαι,
217 2386 256 2423 μὴ
287 2385 371 2422 μόνον
400 2385 430 2419 ἣν
458 2384 539 2414 αὐτὸς
570 2383 733 2411 ἀναπαύεται
761 2384 835 2421 παρά
861 2387 915 2412 τῶν

124 2476 174 2497 ¹ι⁸⁸
188 2475 293 2504 Matth.
309 2482 398 2508 xxvu,
412 2474 459 2502 23.
497 2473 519 2492 ³⁸
533 2473 605 2502 ibid.
622 2474 667 2501 25.
706 2474 728 2492 "'
743 2474 755 2503 Ι
771 2474 833 2502 Cor.
851 2483 872 2510 1,
886 2475 932 2503 24.

127 2563 247 2603 (53)§io
270 2565 382 2592 veteres
411 2563 542 2603 quinque
571 2562 747 2603 li_bri.__Editi
772 2570 851 2603 vero,
878 2561 923 2603 ὲαὶ

84 2598 136 2636 τιῖί
161 2598 248 2627 νὲάλαι
281 2598 501 2636 προωρισιὶένῳί
515 2599 613 2636 χαιρῷ.
634 2599 728 2640 .Μοκ,
748 2598 836 2632 editi,
873 2598 921 2640 μὲν

88 2635 150 2663 οὖν.
173 2635 284 2663 Vocula.
310 2634 356 2662 οὖν
381 2636 410 2662 in
440 2643 513 2663 mss.
545 2643 601 2662 non
632 2636 791 2662 invenitur.
816 2634 921 2661 Subin-

88 2642 150 2665 ουν.
177 2642 284 2664 Vocula
310 2642 356 2662 ουν
381 2644 410 2662 ιη
440 2643 513 2663 mss.
545 2643 601 2662 non
632 2642 791 2662 invenitur.
816 2642 922 2661 suom-

89 2674 135 2715 εἰθ-
154 2672 286 2708 quinque
311 2679 396 2708 mss.,
422 2669 500 2708 ῥίζης
524 2668 692 2698 ἀνατέλλειν.
718 2670 804 2704 Editi,
829 2669 923 2697 ἀνατε-

89 2708 170 2772 λωέἷι
200 2744 245 2772 lta
271 2750 342 2771 mss.
374 2750 487 2770 omnes.
515 2741 602 2776 Editi,
633 2740 715 2779 Οὐχὶ,
743 2741 818 2778 φασὶ,
849 2738 924 2776 δόξα,

91 2747 154 2809 ούὲὶ
174 2743 254 2809 ὲόεη.
270 2779 350 2807 haud
381 2779 544 2806 emendate.
574 2777 679 2806 Statim
707 2779 778 2809 Reg.
810 2777 923 2809 primus

91 2778 154 2809 οὖδὶ
174 2778 350 2823 §den,_haud
381 2779 544 2821 emendate.
574 2778 691 2819 Statim
707 2779 778 2815 Reg.
803 2778 923 2842 primus

93 2819 120 2842 et
135 2817 220 2842 aditi.
237 2816 307 2842 αυτῇ
322 2813 448 2842 ἀληθεία.
463 2813 521 2842 Alu
539 2822 671 2842 auinaue
685 2822 769 2842 mss..
785 2823 802 2841 α
820 2813 870 2842 τήν

93 2819 120 2847 et
135 2813 220 2852 editi,
230 2813 307 2852 ἀὐτῇ
322 2813 448 2851 ἀληθείᾳ.
463 2813 521 2843 Alii
539 2814 671 2851 quinque
685 2813 769 2851 mssf,
785 2813 870 2849 αὐτήν

261 2880 394 2911 Panos.
417 2879 473 2911 Gs.
496 2878 592 2910 XXX.

956 961 1016 998 piat
1029 961 1142 997 virgam
1158 970 1210 997 pro
1233 961 1367 998 imperio,
1382 964 1410 989 et
1425 961 1525 989 ﬂorem
1541 971 1593 998 pro
1617 963 1711 998 ipsius
1728 964 1777 991 ad-

954 1007 1042 1034 ventu
1058 1013 1199 1041 perquam
1219 1005 1337 1033 amabili
1353 1007 1382 1033 et
1397 1006 1534 1033 omnibus
1549 1006 1734 1041 gratissimo;
1751 1008 1780 1035 et

956 1050 1026 1086 quia
1036 1058 1125 1086 prope
1136 1050 1213 1078 diem
1225 1052 1286 1078 erat
1297 1049 1458 1078 collaturus
1472 1050 1683 1078 incarnationis
1693 1052 1779 1079 bene-

956 1095 1068 1129 ﬁcium,
1093 1094 1210 1122 exhibet
1232 1095 1389 1122 adventum
1414 1094 1590 1128 celerem,et
1605 1095 1689 1130 quasi
1713 1097 1780 1124 tan-

957 1142 1019 1167 tum
1036 1147 1094 1166 non
1119 1141 1292 1174 praesentem
1311 1147 1318 1167 :
1334 1139 1382 1166 hic
1406 1147 1473 1167 vero
1498 1140 1539 1166 ait
1563 1139 1691 1167 futuram
1717 1148 1782 1168 csse

957 1183 1084 1211 radicem
1100 1183 1192 1211 Jesse.
1209 1183 1347 1211 Attendas
1360 1183 1445 1211 velim
1462 1183 1529 1211 huic
1544 1184 1616 1217 voci,
1633 1184 1702 1212 Erit.
1718 1185 1781 1212 Non

958 1228 999 1256 ait
1015 1237 1021 1256 :
1039 1228 1207 1262 Videbitur;
1234 1236 1338 1263 neque,
1361 1227 1515 1256 Videbitur
1537 1236 1613 1264 esse,
1630 1229 1681 1257 sed
1705 1237 1781 1264 vero,

958 1273 1028 1300 Erit.
1041 1273 1103 1300 Non
1120 1272 1197 1300 enim
1213 1273 1376 1300 secundum
1393 1273 1518 1308 speciem
1530 1275 1581 1301 aut
1595 1273 1783 1301 existimatio-

959 1325 1036 1351 nem,
1058 1317 1108 1345 sed
1136 1325 1167 1344 re
1195 1317 1259 1352 ipsa
1284 1317 1359 1344 508
1388 1325 1506 1345 earnem
1536 1318 1707 1354 assumpsit.
1723 1319 1784 1346 Erit

959 1362 1049 1398 igitur
1072 1361 1154 1390 radix
1175 1364 1265 1396 leue,
1281 1362 1336 1389 hoc
1361 1364 1415 1396 est,
1437 1361 1605 1398 conspersio
1629 1362 1727 1390 carnis
1750 1370 1785 1390 ex

958 1407 1040 1434 Jesse
1056 1407 1221 1442 desumpta,
1237 1406 1292 1434 erit
1310 1414 1387 1440 vere,
1403 1408 1491 1442 atque
1514 1406 1665 1434 subsistet.
1681 1407 1716 1434 Et
1732 1407 1783 1443 qui

959 1451 1099 1487 exsurgit,
1116 1451 1178 1486 ipse
1192 1453 1220 1478 et
1235 1450 1317 1478 radix
1341 1459 1500 1486 exsurgens
1525 1453 1579 1479 est.
1597 1451 1648 1478 Est
1662 1451 1782 1486 quidem

960 1495 1043 1522 radix
1057 1495 1150 1528 Jesse,
1162 1494 1270 1530 quippe
1287 1495 1363 1530 quod
1374 1503 1408 1522 ex
1423 1494 1501 1531 regis
1516 1495 1701 1523 successione
1716 1504 1783 1524 caro

961 1539 1068 1567 deiiera
1096 1541 1250 1574 assumpta
1278 1539 1338 1566 sit:
1355 1539 1486 1575 exsurgit
1501 1547 1579 1573 vero,
1599 1541 1633 1566 ut
1660 1539 1785 1576 imperet

962 1584 1110 1620 gentibus.
1127 1583 1194 1611 Eam
1210 1583 1246 1611 ob
1271 1591 1389 1611 causam
1405 1584 1434 1611 in
1450 1583 1514 1619 ipso
1530 1592 1613 1620 spem
1637 1592 1721 1612 suam
1737 1593 1783 1612 re-

962 1636 1085 1664 posuere
1099 1630 1211 1664 gentes,
1224 1627 1267 1655 uti
1281 1636 1315 1655 ex
1333 1627 1441 1656 Christi
1452 1628 1580 1656 Ecclesia
1592 1628 1670 1656 inter
1684 1631 1787 1665 gentes

963 1673 1095 1701 stabilita
1118 1674 1207 1708 patet.
1224 1673 1384 1708 Postquam
1407 1673 1485 1700 enim
1502 1681 1518 1700 a
1537 1675 1662 1703 mortuis
1687 1682 1790 1703 resur-

965 1717 1048 1751 rexit,
1065 1717 1212 1745 homicida
1235 1717 1342 1753 populo
1367 1717 1515 1750 derelicto,
1532 1717 1689 1754 imperium
1716 1719 1792 1747 obti-

965 1762 1030 1790 nuit
1044 1762 1074 1790 in
1092 1764 1204 1798 gentes.
1213 1761 1274 1789 Illis
1285 1762 1403 1797 quidem
1416 1761 1536 1798 reliquit
1548 1765 1683 1794 mortem,
1695 1763 1790 1799 genti-

965 1807 1021 1834 bus
1031 1815 1097 1834 vero
1112 1806 1238 1842 largitus
1249 1809 1293 1834 est
1307 1806 1551 1834 resurrectionem
1564 1815 1570 1834 :
1584 1807 1732 1842 siquidem
1749 1807 1792 1834 illi

966 1851 1132 1879 clamabant
1154 1859 1160 1878 :
1184 1851 1378 1887 Cruciﬁgatur
1392 1851 1449 1885 ¹-³⁵;
1476 1851 1546 1878 item
1564 1859 1571 1878 ε
1589 1851 1706 1886 Sanguis
1733 1853 1793 1887 ejus

965 1904 1048 1931 super
1061 1903 1121 1929 nos,
1136 1898 1162 1923 et
1184 1904 1266 1932 super
1286 1895 1362 1930 filios
1377 1899 1482 1924 nostros
1492 1896 1514 1912 ³⁸
1531 1904 1537 1922 :
1554 1895 1602 1924 hic
1617 1904 1683 1924 vero
1699 1897 1794 1924 cruci-

967 1941 1057 1968 ﬁxum
1073 1947 1239 1975 suscepere,
1257 1942 1343 1975 atque
1365 1940 1460 1975 ipsius
1486 1940 1630 1976 sanguine
1645 1949 1662 1969 θ.
1675 1943 1794 1976 peccato

967 1985 1090 2012 liberato
1115 1987 1193 2012 sunt.
1220 1985 1252 2011 Et
1277 1985 1344 2016 erit,
1361 1985 1467 2020 inquit,
1482 1986 1590 2019 requies
1612 1985 1672 2020 ejus
1698 1986 1795 2013 honor.

967 2031 1033 2056 Haec
1049 2028 1153 2056 Christi
1177 2028 1294 2064 requies
1319 2028 1414 2055 honor
1428 2030 1483 2062 est,
1501 2028 1537 2055 ab
1553 2028 1589 2055 iis
1605 2028 1728 2064 delatus,
1745 2029 1796 2064 qui

968 2075 1066 2110 ipsum
1083 2074 1230 2100 honorant
1245 2074 1386 2107 tanquam
1403 2072 1452 2099 Dei
1469 2072 1613 2106 Verbum,
1629 2073 1738 2108 Deique
1752 2081 1798 2101 sa-

969 2117 1110 2154 pientiam
1134 2119 1162 2144 et
1184 2117 1322 2144 virtutem
1335 2117 1366 2144 ³⁷.
1390 2116 1444 2148 Qui
1472 2115 1615 2144 refocillat
1635 2117 1797 2152 Christum,

969 2171 1038 2191 eum
1053 2170 1118 2190 esse
1133 2161 1210 2189 Patri
1225 2161 1335 2188 honore
1357 2163 1386 2188 et
1400 2161 1555 2196 majestate
1571 2169 1682 2197 parem,
1700 2161 1796 2197 digni-

970 2209 1118 2242 tatemque
1135 2207 1289 2241 utriusque
1315 2213 1500 2233 communem
1516 2213 1593 2240 esse,
1608 2207 1637 2233 et
1660 2208 1796 2234 naturam

972 2251 1126 2287 utriusque
1135 2251 1170 2278 ab
1179 2253 1287 2278 aeterno
1298 2250 1460 2278 subsistere
1475 2250 1640 2278 confitetur.
1652 2251 1672 2278 E
1684 2250 1798 2279 diverso

971 2296 1020 2332 qui
1038 2295 1104 2331 plus
1128 2303 1210 2331 aequo
1235 2293 1363 2329 solliciti,
1380 2294 1479 2330 aliqua
1498 2295 1584 2322 verba
1605 2295 1800 2331 excogitarint

971 2341 1006 2369 ad
1019 2339 1213 2376 ignominiam
1225 2338 1411 2374 inurendum,
1422 2339 1510 2366 iidem
1522 2347 1555 2367 ea
1566 2347 1629 2375 quin
1643 2340 1678 2368 ad
1690 2340 1798 2369 Christi

971 2384 1103 2421 requiem
1120 2385 1265 2420 spectant,
1288 2391 1346 2411 non
1365 2383 1536 2419 loquuntur.
1554 2383 1681 2420 Requies
1697 2386 1797 2414 autem

1013 2562 1070 2598 (55)
1085 2561 1173 2594 Editi,
1189 2561 1202 2588 ὁ
1218 2560 1310 2592 αὐτός.
1327 2561 1380 2590 Sed
1398 2561 1428 2591 in
1444 2560 1553 2591 nostris
1569 2570 1619 2591 sex
1632 2570 1705 2590 mss.
1723 2563 1805 2591 deest

979 2598 1132 2626 articulus.
1153 2599 1237 2625 Hunc
1260 2597 1358 2626 locum
1384 2598 1622 2634 interpunximus
1647 2599 1699 2631 ita,
1715 2598 1757 2625 uti
1773 2599 1804 2626 in

979 2642 1050 2662 mss.
1068 2634 1289 2669 interpunctum
1310 2634 1488 2663 invenimus.
1504 2634 1569 2662 Alia
1591 2636 1653 2662 erat
1669 2634 1698 2661 in
1714 2634 1803 2662 editis

978 2670 1186 2705 interpunctio.

1015 2703 1071 2750 £56.)
1088 2706 1222 2750 Sic'mss.
1238 2713 1352 2747 gmnes.
1373 2705 1458 2740 Editi,
1475 2703 1550 2738 Αὕτη
1568 2703 1638 2731 ἐστὶν
1655 2704 1673 2739 ἡ
1689 2704 1804 2750 Χριστοῦ

979 2741 1125 2772 ἀνάπαυσις
1142 2741 1167 2768 ὲν
1188 2742 1267 2777 τιμῇ.
1326 2765 1330 2770 .
1382 2776 1386 2777 ν
1482 2775 1505 2777 υ
1663 2776 1667 2777 ν
1772 2748 1777 2750 ’

1015 2779 1072 2815 (57)
1090 2777 1178 2813 Editi,
1194 2775 1302 2815 ἀτιμίαν
1322 2776 1468 2814 φερόντων.
1482 2775 1542 2805 Vox
1561 2776 1705 2813 posterior
1720 2785 1737 2807 a
1751 2786 1805 2807 no-

981 2814 1052 2845 stris
1068 2822 1119 2844 sex
1132 2822 1205 2844 mss.
1222 2814 1313 2843 abest.

1607 2877 1645 2908 18
