1995 3142
202 174 262 206 388

671 171 869 201 APPENDIX
892 170 1054 202 OPERUM
1078 170 1110 201 S.
1133 170 1276 201 BASILII
1299 169 1437 200 MAGNl.

1849 171 1906 200 556

202 239 300 276 potest
314 236 407 273 accipi
419 244 476 264 non
493 236 580 264 modo
596 245 647 272 pro
658 245 691 264 ea
704 236 816 272 requie,
828 244 886 272 qua
901 236 964 272 ipse
978 236 1031 264 Do-
1045 237 1062 269 Α

1104 234 1253 270 οξαζόντων
1281 234 1361 262 αὐτὸν
1390 235 1404 261 ὁ
1433 233 1543 272 Κύριος,
1566 233 1640 262 ἀλλὰ
1660 234 1706 262 καὶ
1718 235 1749 269 ἣν
1766 233 1908 262 ἀναπαύσει

203 283 302 312 minus
318 282 464 310 refovetur
486 280 521 308 ab
537 280 584 314 iis,
600 281 651 316 qui
666 281 763 316 ipsum
779 280 872 317 gloria
886 280 1029 315 afﬁciunt,

203 335 305 356 verum
321 327 409 355 etiam
432 333 484 361 pro
508 333 552 358 ea,
569 334 627 361 qua
642 326 798 362 diligentes
814 334 844 354 se
858 328 903 354 est
917 333 1030 354 recrea-

204 375 302 405 turus,
318 372 393 399 sicut
408 370 552 406 scriptum
568 372 612 398 est
628 379 634 398 :
652 370 795 401 Quoniam
811 379 863 406 ego
876 370 1033 406 diligentes

204 426 252 446 me
267 416 396 453 gloriﬁco
406 415 438 442 ³⁸.
451 414 576 450 Requies
588 415 734 450 siquidem
745 415 814 450 quia
826 414 965 442 reiovcbit
983 417 1032 442 Do-

206 461 316 495 minus,
333 460 426 488 honor
441 461 486 487 est
506 458 567 494 qui,
580 459 662 494 juxta
681 459 798 494 justum
815 459 864 486 Dei
875 458 1034 494 judicium,

205 514 258 543 pro
274 507 405 533 actorum
418 502 521 531 merito
538 503 732 539 impertietur.
746 503 824 531 Alios
834 504 912 532 enim
929 503 1034 538 majori

205 550 316 578 honore
331 547 511 585 dignabitur,
522 546 594 575 alios
605 555 672 575 vero
690 548 796 575 minori
809 556 816 575 :
829 548 938 584 quippe
949 547 1034 575 stella

206 603 223 623 a
238 593 324 622 stella
348 592 444 619 differt
468 591 497 618 in
523 591 660 627 gloria”.
681 592 716 619 Et
741 592 810 628 quia
836 592 935 620 multa;
966 594 1036 620 sunt

206 639 283 676 apud
298 638 414 665 Patrem
431 636 599 664 mansiones
610 637 643 670 ω,
660 637 733 665 alios
749 637 778 665 in
798 639 877 665 statu
894 640 1034 673 praestan-

205 684 278 712 tiore
291 684 321 710 et
340 681 452 717 altiore,
470 680 544 709 alios
569 681 598 708 in
623 681 760 709 inferiore
776 681 961 710 refocillabit.
979 682 1034 710 Sed

206 728 342 757 fruentur
356 733 456 754 emnes
472 726 572 762 requie
587 725 617 753 in
635 725 756 754 honore.

241 773 304 800 248.
317 771 414 808 (Vens.
429 771 485 804 11.)
498 772 536 799 Et
550 772 603 799 erit
626 771 656 799 in
679 771 723 800 die
738 772 799 805 illa,
815 771 928 806 adjiciat
943 771 1034 799 Domi-

207 826 261 846 nus
275 816 414 845 ostendere
429 823 543 843 manum
562 823 652 843 suam.
670 816 776 844 Manus
795 816 911 844 Domini
927 824 958 843 se
973 815 1036 843 ein-

209 861 287 899 gulis
301 860 437 889 mtatibus
452 860 565 888 diverse
579 860 708 888 ostendit
731 868 783 896 per
803 868 864 895 eos,
881 860 931 896 qui
946 859 1035 887 mira-

208 906 314 935 bilium
329 904 549 933 efﬁciendorum
562 903 621 931 vim
637 906 666 932 et
681 904 849 932 facultatem
866 912 967 940 capere
983 912 1035 940 po-

209 951 339 979 tuerunt.
347 949 478 977 Primum
488 949 608 985 quidem
617 949 710 977 edidit
720 949 855 985 prodigia
864 949 893 976 in
903 950 1037 985 Egypto,

211 995 316 1023 deinde
331 994 361 1021 in
377 1001 484 1029 eremo,
496 996 558 1021 tum
575 995 659 1021 aztate
679 994 751 1022 Jesu
775 993 827 1021 ﬁlii
851 994 940 1027 Nave,
957 993 1038 1021 deni-

211 1048 267 1077 que
281 1040 413 1074 tempore
423 1037 562 1073 judicum
574 1040 604 1066 et
618 1038 840 1074 prophetarum,
851 1038 902 1074 qui
918 1046 1040 1074 magna-

211 1091 277 1112 rum
299 1090 397 1111 rerum
413 1082 540 1110 ministri
560 1082 746 1110 exstiterunt.
762 1083 847 1111 Nunc
862 1084 960 1111 autem
976 1090 1041 1110 ma-

211 1136 268 1156 nus
283 1126 399 1155 Domini
415 1126 529 1154 ostendi
545 1127 653 1154 dicitur
672 1127 702 1154 in
724 1126 850 1155 adventu
867 1127 959 1155 nostri
974 1129 1041 1154 Ser-

212 1171 333 1205 vatoris,
349 1171 486 1198 morbum
507 1179 635 1206 omnem,
652 1179 830 1207 omnemque
852 1171 953 1208 populi
976 1170 1042 1199 lan-

213 1223 334 1254 guorem
358 1216 387 1243 et
408 1215 611 1243 inﬁrmitatem
640 1215 780 1251 curantis,
805 1223 838 1243 ao
867 1223 900 1243 ea
924 1223 988 1251 quae
1011 1215 1042 1243 in

214 1259 370 1296 Evangelio
385 1259 542 1295 pradicata
556 1261 636 1292 sunt,
652 1260 842 1295 perﬁcientis.
857 1260 931 1288 Nam
947 1259 1044 1288 Domi-

215 1313 272 1334 nus
292 1305 416 1339 insuper
441 1303 517 1331 hanc
541 1303 678 1331 virtulem
705 1304 842 1339 ostendit,
859 1304 936 1340 quod
960 1304 1045 1340 signa

216 1350 314 1386 priora
329 1348 537 1384 inobsequenti
555 1348 662 1384 popqu
679 1348 714 1375 ad
726 1348 776 1376 Dei
789 1349 984 1384 cognitionem
998 1349 1045 1376 de-

217 1393 350 1423 ducendo
362 1393 434 1420 satis
452 1393 543 1420 fuisse
557 1392 619 1420 visa
634 1401 692 1420 non
709 1393 778 1420 sint.
791 1394 822 1421 Ut
836 1393 905 1420 aelel
920 1393 1047 1420 relictum

216 1438 359 1467 residuum
383 1437 493 1473 populi.
509 1437 578 1464 Eam
593 1437 630 1464 ob
645 1445 706 1464 rem
724 1437 853 1472 adjiciet,
869 1439 901 1465 ut
925 1445 1046 1465 manum

219 1483 366 1516 ostendat,
382 1484 415 1509 ut
431 1482 466 1509 ad
482 1481 577 1509 zelum
598 1482 738 1517 perducat
761 1482 912 1509 residuum
929 1481 1046 1517 populi;

219 1535 294 1564 quas
309 1526 451 1561 reliquias
467 1525 507 1554 ait
529 1526 566 1554 ab
582 1525 717 1554 hostibus
731 1526 894 1555 incolumes
911 1534 1047 1562 perman-

220 1573 305 1600 sisse.
321 1570 394 1602 Quin
410 1572 439 1598 et
461 1569 680 1598 multitudinem
704 1579 819 1606 eorum,
831 1571 882 1607 qui
898 1570 970 1607 ipsis
986 1570 1046 1598 bel-

220 1597 445 1649 ἱέῖιέιιῖιέιιειηέ,
468 1597 1048 1651 .6...segnem};;”sgpss,js.-
1063 1597 1085 1631 α

223 1659 373 1696 bylonem,
389 1658 540 1695 Ethiopas
562 1659 650 1693 569,
669 1659 819 1694 Elamitas,
836 1659 960 1696 populos
979 1659 1051 1688 solis

224 1703 345 1733 orientis
360 1703 477 1739 plagam
493 1702 665 1737 incolentes,
677 1705 706 1731 et
721 1704 842 1732 Arabas.
859 1703 985 1732 Historia
999 1713 1051 1732 au-

225 1751 286 1777 tem
301 1748 349 1776 his
365 1747 496 1775 conferta
511 1750 564 1775 est.
591 1748 638 1775 Ait
659 1747 776 1784 quidem
793 1748 829 1776 de
842 1748 1026 1784 Ethiopibua
1042 1757 1050 1776 :

226 1793 320 1822 Exivit
333 1793 419 1821 Ζαναί
432 1791 556 1828 Ethiops
571 1793 601 1819 in
616 1793 729 1825 virtute,
740 1797 766 1820 et
777 1801 806 1820 in
821 1792 900 1820 mille
914 1793 1051 1826 millibus,

225 1840 251 1866 et
265 1833 401 1865 curribus
415 1837 554 1865 trecentis.
568 1837 602 1864 Et
615 1844 738 1872 egressu:
759 1840 800 1864 est
822 1837 877 1864 Aea
903 1837 934 1864 in
957 1845 1053 1865 occur-

224 1889 296 1916 sum,
313 1883 338 1909 et
363 1882 496 1910 clamavit
519 1881 554 1908 ad
582 1881 740 1914 Dominum,
765 1883 790 1909 et
812 1880 883 1909 dixit
897 1890 907 1909 .'
924 1883 1052 1916 Domine,

223 1933 282 1954 non
299 1930 341 1953 eu
357 1925 517 1961 impossible
531 1926 609 1961 apud
633 1927 659 1952 te
682 1925 793 1953 sulcare
815 1926 846 1953 in
873 1925 969 1954 multis
983 1927 1008 1954 et
1023 1927 1053 1954 in

222 1970 336 2007 paucis.
353 1969 505 1997 Corrobora
519 1977 577 2003 nos,
594 1969 710 1997 Domine
723 1971 795 1998 Deus
808 1971 909 2004 noster,
924 1972 1055 2006 quoniam

229 2016 259 2043 in
273 2016 299 2043 te
313 2014 474 2048 conﬁdimus
489 2022 498 2041 :
514 2018 541 2042 et
555 2015 584 2041 in
599 2015 711 2042 nomine
725 2018 769 2042 tuo
786 2015 909 2042 venimus
923 2015 1054 2042 adversm

225 2059 435 2088 multitudinem
460 2059 612 2094 plurimam
637 2059 718 2086 hanc.
736 2059 850 2087 Domine
866 2062 937 2087 Deus
950 2061 1052 2095 noster,

225 2111 282 2133 non
295 2103 449 2140 praevaleat
461 2103 606 2131 adversum
621 2105 647 2131 te
661 2104 739 2132 homo
750 2104 782 2132 ⁸¹.
794 2104 907 2140 Assyrii
922 2112 988 2131 vero
1003 2112 1053 2131 eos

227 2148 374 2176 abduxere
388 2147 418 2175 in
433 2147 632 2184 captivitatem
643 2148 681 2182 ‘3;
699 2148 734 2176 ab
745 2148 828 2176 initio
844 2148 874 2176 in
884 2148 1053 2176 servitutem

227 2200 277 2220 eos
306 2192 443 2220 addixere
471 2192 640 2228 Egyptii‘a,
661 2195 691 2220 et
712 2192 980 2221 Nabuchodonosor
1004 2201 1053 2221 rex

226 2235 384 2272 Babylonis
413 2236 545 2271 captivos
570 2245 619 2264 eos
647 2237 773 2264 duxit“.
799 2237 928 2265 Elamitae
953 2240 1051 2265 autem

227 2282 298 2309 sunt
313 2288 407 2315 genus
426 2280 604 2314 Parthicum,
621 2281 697 2316 quod
713 2289 780 2309 cum
801 2281 905 2310 incolis
920 2282 1050 2318 Mesopo-

226 2324 324 2353 tamia
340 2324 430 2360 Syria:
444 2324 474 2352 in
492 2324 626 2352 Israelem
649 2333 706 2352 non
731 2334 794 2354 raro
810 2325 925 2354 invasit.
944 2327 1052 2355 Arabes

226 2369 346 2396 tandem
372 2376 445 2404 gens
470 2368 584 2404 bellica,
601 2369 681 2397 nullo
706 2378 763 2397 non
787 2372 916 2406 tempore
937 2371 1053 2399 Israelis

228 2413 327 2441 hostes
343 2413 433 2441 fuere.
451 2413 502 2440 His
527 2413 615 2449 igitur
638 2414 775 2442 omnibus
791 2422 931 2451 generoso
946 2416 1053 2443 semini

228 2456 338 2485 bellum
358 2457 544 2493 facientibus,
560 2458 610 2485 alii
624 2458 793 2492 vincuntur,
810 2458 932 2486 vincunt
945 2459 1004 2487 alii.
1021 2460 1055 2488 Ft

228 2501 298 2538 quia
322 2501 459 2530 exstitere
474 2502 609 2537 victores,
626 2502 776 2538 nullisque
799 2502 949 2531 laboribus
973 2512 1054 2532 exer-

262 2583 286 2620 ξ
300 2584 312 2611 Ι
326 2583 394 2620 Beg.
406 2592 437 2616 ιι,
454 2567 498 2611 36.
528 2584 559 2620 f“
575 2584 584 2620 Ι
599 2585 662 2612 Cor.
678 2592 725 2617 xv,
741 2584 785 2612 44.
823 2585 845 2602 ⁸⁰
859 2584 944 2613 Joan.
969 2592 1026 2620 xlv,
1050 2586 1078 2613 2.

226 2619 248 2637 ⁸³
263 2619 351 2648 Exod.
368 2627 390 2654 1,
407 2620 450 2647 14,
489 2619 512 2637 ⁸⁸
527 2619 561 2648 IV
576 2619 647 2655 Reg.
663 2628 738 2656 xxxv,
756 2620 800 2648 14.

263 2690 319 2725 (58)
335 2690 410 2718 Editi
425 2692 454 2718 et
468 2692 537 2728 Reg.
554 2690 678 2727 primus,
694 2690 821 2729 ἀναγάγη.
839 2691 894 2720 Alii
919 2693 1049 2728 quinque

227 2733 311 2763 mss.)
329 2725 428 2763 ἀγάγῃ.
450 2761 468 2763 ﬂ
595 2761 602 2763 _
695 2761 699 2763 _
791 2762 794 2763 ν

264 2761 319 2794 (59)
334 2761 435 2799 codex»
449 2761 494 2799 Fr.
511 2762 535 2796 1,
557 2761 773 2798 πολεμησάντων
790 2762 936 2799 ’Λσσυρίων
961 2771 1049 2799 quam

228 2797 289 2823 tam
306 2796 412 2825 malam
428 2797 582 2826 lectionem
599 2796 732 2827 secutum
754 2799 844 2828 fuisse
859 2796 1049 2828 Tilmannum

229 2838 303 2868 aegre
318 2832 373 2860 fert
387 2833 590 2863 Gombeﬁsius.
606 2835 661 2864 Alii
683 2835 814 2871 quinque
835 2845 905 2865 mss.
923 2837 952 2864 et
966 2836 1049 2872 editi,

1085 278 1148 309 τοὺς
1177 279 1338 316 ἀγαπῶντας
1365 279 1464 314 αὐτὸν,
1489 278 1556 306 κατὰ
1578 279 1608 306 τὸ
1637 278 1838 317 γεγραμμένον,
1866 279 1906 306 δτι

1086 324 1158 360 Ἐγὼ
1174 323 1238 355 τοὺς
1253 323 1302 360 ἆμὶ
1316 324 1477 361 ἀγαπῶντας
1501 322 1614 359 δοξάζω.
1640 324 1715 351 ’Ἐστι
1741 324 1793 361 γὶρ
1813 325 1831 357 ἡ
1848 323 1907 350 ἀνά-

1087 377 1194 402 παυσις,
1210 369 1240 402 ἣν
1257 368 1402 395 ἀναπαύσει
1427 368 1441 395 ὁ
1463 367 1572 405 Κύριος,
1587 368 1666 404 τιμὴ,
1692 367 1754 402 ἥτις
1780 367 1848 404 μετὰ
1859 369 1904 402 τὴν

1088 411 1283 450 δικαιοκρισίαν
1306 414 1355 440 τοῦ
1378 414 1445 440 Θιοῦ
1472 413 1540 450 πρὸς
1569 413 1619 447 τήν
1634 414 1686 439 τῶν
1711 412 1905 449 πεπραγμένων

1089 457 1161 492 ἀξίαν
1178 455 1415 493 ὃιανεμηθήσεται.
1439 457 1555 493 Τιμήσει
1579 456 1632 494 γὰρ
1656 455 1719 487 τοὺς
1743 457 1791 493 μὶν
1808 457 1908 493 μείζοσι

1088 503 1192 537 τιμαῖς,
1207 500 1273 532 τοὺς
1296 499 1325 527 δὲ
1351 499 1564 537 ὑποδεεστέραις,
1580 499 1674 535 ἐπειδή
1700 500 1786 537 ἆστήρ
1802 500 1907 537 ἀπάρος

1090 544 1209 584 διαφέρει
1223 544 1249 572 ἐν
1267 543 1340 582 δόξῃ.
1357 545 1406 574 Καὶ
1430 544 1524 579 ἔπειδὴ
1551 544 1655 573 πολλαὶ
1682 545 1762 581 μοναὶ
1789 545 1861 583 παρὰ
1874 547 1907 581 τῷ

1089 590 1185 627 Han-pl,
1215 589 1279 621 τοὺς
1304 590 1352 626 μὲν
1375 589 1401 617 ὲν
1432 590 1627 627 ὑπερεχούσαις
1653 590 1696 616 καὶ
1726 589 1905 627 ὑψηλοτέροις

1089 634 1275 669 καταστάσεσι,
1302 633 1366 666 τοὺς
1395 633 1424 662 δὲ
1454 633 1479 661 ἐν
1511 633 1713 669 ὑποδεεστέραις
1743 634 1906 662 ἀναπαύσει.

1091 679 1191 710 Πάντες
1210 679 1302 715 μὲν-τοι
1319 677 1363 706 διὰ
1376 682 1460 716 τιμῆς
1473 679 1523 714 τήν
1537 679 1684 706 ἀνάπαυσιν
1699 677 1816 715 ἕξουσιν.

1125 768 1189 796 248.
1206 768 1255 795 Καὶ
1285 767 1357 795 ἔσται
1387 767 1413 795 ἐν
1441 769 1475 805 τῇ
1505 767 1595 806 ἡμὲρᾳ
1623 767 1732 805 ἐκείνη,
1762 769 1908 805 προσθήσει

1089 812 1188 849 Κύριος
1215 814 1263 840 τοῦ
1288 811 1372 848 δεῖξαι
1400 813 1450 846 τὴν
1478 815 1559 850 χεῖρα
1586 811 1685 841 αὐτοῦ.
1715 812 1781 850 Χεὶρ
1811 813 1908 850 Κυρίου

1091 855 1228 895 διαφόρως
1244 855 1354 895 ἐδείχθη
1380 857 1437 884 καθ’
1461 857 1575 892 ἑκάστην
1598 857 1689 894 γενεὰν
1711 856 1756 884 διὰ
1768 859 1822 884 τῶν
1839 856 1910 884 δυνα-

1095 900 1182 937 μένων
1198 904 1324 938 χωρῆσαι
1348 901 1398 935 τὴν
1423 900 1558 938 ἐνέργειαν
1581 903 1635 928 τῶν
1661 900 1909 939 θαυμασίων.Πρό-

1091 955 1168 983 τερον
1187 945 1233 981 μὲν
1259 945 1311 983 γὰρ
1337 945 1371 972 τὰ
1396 945 1522 984 τεράστια
1544 942 1640 982 ἔδειξεν
1661 944 1687 972 ἐν
1703 945 1844 983 Αίγύπτῳ·
1861 946 1911 973 εἶτα

1094 990 1119 1018 ιν
1135 991 1170 1026 τῇ
1198 989 1304 1026 ἰρήμφ·
1331 990 1387 1017 εἶτα
1409 990 1477 1017 κατᾶ
1491 990 1553 1020 τοὸς
1580 992 1629 1017 τοῦ
1655 990 1746 1025 Ἰησοῦ
1770 992 1819 1018 τοῦ
1842 994 1909 1024 Ναυῆ

1094 1033 1232 1072 χρόνους’
1263 1034 1320 1061 εἶτα
1346 1034 1414 1062 κατὰ
1439 1033 1504 1065 τοὺς
1534 1034 1647 1072 Κριτὰς,
1677 1034 1721 1062 καὶ
1751 1034 1786 1062 τὰ
1816 1034 1910 1073 μεγάλα

1096 1077 1345 1115 διακονησαμένους
1385 1079 1527 1116 προφήνας
1545 1101 1551 1108 .
1578 1080 1629 1106 Νῦν
1659 1077 1688 1106 ὃὶ
1724 1079 1787 1117 χεὶρ
1818 1079 1911 1117 Κυρίου

1097 1122 1246 1155 δείκνυσθαι
1277 1121 1386 1161 λέγεται
1424 1123 1493 1150 κατὰ
1519 1123 1568 1157 τήν
1607 1121 1754 1160 ἐπιδημίαν
1784 1125 1835 1151 τοῦ
1864 1127 1913 1151 Σω-

1096 1171 1181 1205 τῆρος
1207 1168 1307 1204 ἡμῶν,
1335 1169 1421 1196 πᾶσαν
1461 1167 1538 1195 νόσον
1581 1168 1626 1195 καί
1656 1170 1741 1195 πᾶσαν
1787 1167 1912 1205 μαλακίαν

1098 1212 1292 1249 θεραπιύοντος
1320 1212 1345 1239 ἰν
1374 1215 1414 1249 τῷ
1444 1212 1514 1249 λαῷ,
1543 1211 1587 1240 καί
1615 1214 1757 1244 ποιοῦντος
1781 1213 1815 1240 τὰ
1838 1213 1863 1240 ἦν
1880 1215 1913 1248 τῷ

1098 1255 1259 1294 Είδαγγελίῳ
1293 1256 1508 1294 κεκηρυγμίνα.
1536 1256 1641 1292 Ταύτην
1668 1257 1720 1295 γὰρ
1757 1258 1807 1292 τὴν
1837 1255 1915 1285 δύνα-

1101 1312 1147 1338 μιν
1177 1301 1343 1338 προσέθηκεν
1372 1302 1386 1328 ὁ
1415 1301 1517 1339 Κύριος
1544 1300 1645 1336 δεῖξαι,
1674 1300 1769 1336 ἐπειδὴ
1795 1301 1830 1328 τὰ
1856 1311 1916 1339 προ-

1100 1343 1220 1373 λαϐόντα
1248 1345 1298 1372 οὐκ
1335 1344 1417 1384 ἐφάνη
1455 1345 1575 1384 αὐτάρκη
1615 1346 1683 1383 πρὸς
1720 1346 1752 1373 τὸ
1785 1345 1913 1383 ἐναγαγιῖν

1102 1390 1139 1420 εἷς
1172 1390 1222 1424 τὴν
1259 1390 1422 1428 θεογνωσίαν
1459 1390 1504 1418 τὸν
1549 1389 1712 1422 ἀπειθοῦντα
1754 1389 1821 1418 λαόν
1839 1412 1846 1419 .
1870 1392 1915 1418 Τοῦ

1103 1433 1226 1470 ζηλῶσαι
1267 1434 1298 1461 τὸ
1339 1433 1515 1472 καταλειφθὲν
1558 1434 1708 1462 ὑπόΛοιπὸν
1746 1437 1797 1462 τοῦ
1845 1434 1914 1462 λαοῦ.

1103 1479 1152 1506 Διά
1179 1480 1259 1506 τοῦτο
1297 1479 1446 1516 προσθήσει
1487 1479 1536 1513 τὴν
1575 1482 1656 1516 χεῖρα
1691 1477 1785 1514 δεῖξαι,
1812 1478 1860 1506 ἵνα
1883 1478 1916 1509 εἷς

1104 1522 1187 1558 ζῆλον
1214 1521 1300 1560 ἀγάγῃ
1415 1522 1446 1550 τὸ
1477 1522 1628 1551 ὑπόλοιπὸν
1657 1525 1705 1550 τοῦ
1735 1521 1804 1550 λαοῦ
1822 1533 1828 1539 ⁸
1858 1523 1914 1560 ὅπερ

1104 1566 1231 1605 λείψανον
1261 1565 1351 1604 λέγειν
1382 1568 1448 1595 εἶναι
1477 1567 1530 1596 ἀπὸ
1554 1570 1608 1596 τῶν
1634 1566 1777 1604 πολεμίων
1806 1578 1916 1606 περισω-

1106 1612 1159 1644 θὲν.
1188 1611 1241 1639 Καὶ
1270 1611 1463 1650 ἀπαριθμεῖται
1488 1613 1518 1640 τὸ
1545 1611 1652 1647 πλῆθος
1675 1615 1729 1640 τῶν
1751 1611 1918 1649 πολεμησάν-

1104 1668 1168 1693 των²
1198 1657 1339 1694 Ἀσσυρίαν
1367 1659 1435 1694 (59),
1464 1657 1509 1685 καί
1535 1657 1696 1696 Αἴγυπτον,
1723 1658 1767 1685 καὶ
1798 1655 1919 1685 Βαϐυλω-

1105 1701 1171 1736 νίαν,
1197 1701 1339 1736 Αἰθίοπας,
1369 1702 1413 1729 καὶ
1442 1702 1590 1739 Ἐλαμίτας
1618 1703 1663 1730 καὶ
1691 1703 1754 1734 τοὺς
1770 1703 1824 1730 ἀπὸ
1848 1701 1920 1737 ἡλίου

1106 1745 1245 1774 ἀνατολῶν
1263 1768 1270 1781 ,
1300 1747 1344 1774 καὶ
1373 1744 1504 1784 Ἄραϐας.
1535 1746 1649 1786 Πλήρης
1677 1748 1694 1782 ἠ
1725 1747 1848 1784 ἱστορία,
1877 1757 1920 1774 πε-

1107 1791 1133 1827 ρὶ
1163 1790 1209 1827 μιν
1240 1790 1380 1822 Αἰθιόπων
1420 1791 1561 1828 λέγουσα,
1591 1792 1632 1819 ὅτι
1660 1791 1773 1828 Ἐξῆλθε
1800 1791 1882 1830 Ζαραὶ
1907 1791 1920 1818 ὁ

1106 1834 1207 1871 Αἰθίοψ
1235 1835 1260 1862 ἕν
1291 1833 1414 1872 δυνάμει,
1444 1835 1488 1863 καὶ
1517 1835 1624 1874 χιλίαις
1651 1836 1779 1874 χιλιάσι,
1809 1836 1854 1864 καὶ
1880 1834 1921 1872 ἅρ-

1108 1889 1173 1916 μασι
1208 1879 1398 1916 τριακοσίοις.
1429 1880 1478 1907 Καὶ
1513 1879 1623 1915 ἐξῆλθεν
1659 1880 1729 1908 ⁷Λσὰ
1764 1881 1802 1911 είς
1840 1879 1924 1907 συνάν-

1105 1933 1194 1959 τησιν,
1223 1923 1267 1951 καὶ
1298 1921 1396 1959 ἐϐόησε
1421 1925 1489 1962 πρὸς
1518 1924 1627 1963 Κύριον,
1657 1924 1702 1952 καὶ
1732 1924 1808 1952 εἶπε·
1839 1925 1923 1962 Κύριε,

1108 1967 1157 1996 οὐκ
1186 1967 1307 1996 ἀδυνατιῖ
1335 1968 1408 2006 παρά
1436 1979 1478 1996 σοι
1503 1969 1599 2004 σώζιιν
1628 1969 1654 1997 ἂν
1683 1968 1803 2001 πολλοῖς
1830 1969 1873 1996 καὶ
1900 1968 1922 1995 ἐν

1107 2011 1213 2050 ὀλίγοις
1230 2034 1236 2041 .
1265 2012 1434 2051 Κατίσχυσον
1462 2014 1556 2049 ἡμᾶς,
1584 2013 1666 2051 Κύριε
1694 2014 1708 2041 ὁ
1738 2014 1805 2045 Θεὸς
1828 2015 1923 2050 ἡμῶν,

1107 2056 1148 2084 δτι
1177 2057 1220 2084 ἐπὶ
1249 2057 1290 2084 σοὶ
1319 2057 1498 2094 πεποίθαμεν,
1527 2057 1572 2085 καὶ
1597 2058 1641 2085 ἐπὶ
1669 2059 1708 2094 τῷ
1739 2057 1852 2094 ὀνόματί
1879 2067 1921 2084 σου

1106 2101 1228 2138 ἤλθομεν
1257 2101 1300 2129 ἰπὶ
1326 2102 1356 2129 τὸ
1384 2102 1491 2137 πλῆθος
1519 2102 1551 2130 τὸ
1580 2101 1652 2130 πολὺ
1683 2104 1776 2131 τοῦτο.
1807 2101 1885 2140 Κύριε
1909 2101 1921 2128 ὁ

1107 2147 1172 2178 Θεὸς
1199 2148 1281 2183 ἡμῶν
1297 2170 1305 2183 ,
1336 2148 1374 2183 μή
1404 2148 1594 2184 κατισχυσάτω
1622 2148 1691 2184 πρὸς
1720 2147 1749 2174 σὶ
1778 2146 1920 2184 ἄνθρωπος.

1107 2191 1245 2229 ’Δσσύριοι
1277 2189 1307 2218 δὲ
1334 2191 1402 2226 ἦσαν
1431 2192 1457 2219 οἰ
1485 2191 1770 2230 αἱχμαλωτεύσαντες·
1786 2192 1832 2219 καὶ
1847 2190 1920 2228 Αίγύ-

1106 2246 1180 2263 πτιοι
1196 2236 1222 2263 οἱ
1238 2236 1262 2272 ἐξ
1280 2235 1370 2274 ἀρχῆς
1384 2235 1669 2274 καταδουλωσάμενοι,
1684 2236 1729 2264 καὶ
1749 2234 1920 2274 Ναϐουχοδο-

1105 2280 1184 2318 νόσορ
1215 2280 1267 2308 ἀπὸ
1290 2284 1340 2316 τῆς
1364 2278 1548 2313 Βαϐυλωνίας.
1563 2281 1709 2318 Ἐλαμῖται
1728 2280 1756 2309 δέ
1771 2281 1823 2308 clm
1839 2281 1868 2308 τὸ
1881 2279 1917 2317 γί-

1106 2336 1154 2357 νος
1165 2327 1219 2352 τῶν
1243 2325 1413 2363 Παρθυαίων,
1430 2326 1444 2353 ὃ
1541 2326 1608 2362 μετὰ
1630 2328 1684 2353 τῶν
1711 2326 1764 2354 ἀπὸ
1779 2325 1828 2359 τῆς
1843 2328 1918 2354 Μεσο-

1107 2369 1242 2406 ποταμίας
1260 2369 1358 2408 Συρίας
1373 2369 1509 2402 πολλάκις
1535 2370 1643 2402 ιπιθετο
1657 2372 1697 2406 τῷ
1712 2370 1832 2406 Ἰσςαήλ.
1846 2371 1919 2407 ’Δρι-

1108 2411 1152 2445 ϐις
1168 2413 1196 2441 δὶ
1211 2413 1285 2445 ἔθνος
1299 2414 1447 2451 πολέμιον,
1464 2415 1551 2442 πάντα
1570 2415 1616 2443 τὸν
1642 2412 1744 2452 χρόνον
1768 2414 1919 2450 ἐκπολεμώ-

1109 2469 1188 2495 μενον
1203 2461 1244 2495 τῷ
1263 2459 1383 2496 ΊσραήΑ.
1402 2459 1510 2487 Πάντων
1535 2460 1580 2487 οὖν
1603 2460 1708 2487 τούτων
1734 2459 1918 2496 πολεμούντων

1107 2505 1147 2539 τῷ
1162 2503 1264 2541 εὖγινιῖ
1277 2503 1422 2541 σπέρματι,
1445 2504 1471 2531 οἱ
1497 2505 1544 2540 μὶν
1573 2505 1719 2539 ἡττῶνται,
1734 2505 1761 2531 οἱ
1777 2503 1806 2532 δὲ
1829 2502 1919 2540 περιγί-

1117 2586 1139 2604 ⁴¹
1157 2585 1181 2613 ΙΙ
1197 2585 1291 2614 Paral.
1307 2594 1366 2621 xiv,
1380 2586 1460 2614 9-11.
1497 2586 1520 2604 θ’
1535 2586 1571 2615 ιν
1587 2586 1658 2623 Reg.
1674 2594 1721 2622 xv,
1736 2586 1790 2620 29;
1815 2593 1879 2618 xm,
1892 2584 1916 2610 6.

1106 2690 1262 2755 ’AAlgo'upiav,
1275 2692 1358 2721 bene.
1371 2695 1434 2721 Mox
1449 2694 1559 2722 veteres
1573 2694 1631 2722 tres
1646 2692 1725 2727 libri,
1741 2689 1919 2722 Βαϐυλωνίαν.

1161 2737 1262 2755 ιοπιαν.

1161 2737 1262 2756 ιοπιαν.

1140 2765 1196 2800 (60)
1212 2763 1291 2801 Editi
1302 2765 1330 2792 et
1344 2765 1414 2800 Reg.
1432 2765 1554 2801 primus,
1572 2763 1607 2793 o'l.
1624 2764 1679 2801 Alii
1700 2764 1918 2801 quinquemssa

1105 2800 1129 2834 ὁ,
1145 2799 1407 2838 recteLAliqnanto
1423 2799 1490 2837 post
1509 2800 1590 2837 editi,
1605 2800 1650 2828 τὸν
1667 2799 1791 2838 Ἰσραήλζ
1806 2799 1838 2827 Ai
1854 2805 1917 2827 mss.

1104 2845 1163 2871 sex,
1179 2838 1218 2873 τῷ
1230 2834 1352 2873 Ἰσραῆλ.
