1995 3142
77 167 136 198 85⁸1

417 163 621 195 COMMENT.
644 163 683 194 lN
706 162 842 194 ISAIAM
862 162 1115 194 PROPHETAM.
1138 163 1225 193 CAP.
1248 163 1288 194 XI
1311 164 1360 195 ET
1381 164 1448 196 XII.

1731 167 1792 198 558

74 241 189 267 νονται,
217 229 265 258 καὶ
295 228 340 256 διὰ
367 229 398 256 τὸ
426 228 630 266 περιγενέσθαιΙ
657 227 702 255 καὶ
735 227 760 255 ἐν
786 226 903 258 πολλοῖς

963 227 1044 256 citati
1060 228 1151 264 fuere,
1165 228 1246 256 velut
1267 229 1422 264 cujusdam
1441 230 1551 265 praamii
1569 229 1632 259 loco
1658 231 1686 259 id
1713 231 1793 260 acci-

73 275 172 306 πόνοις
197 274 395 313 γεγυμνάσθαι,
418 273 476 301 οἷόν
500 282 526 301 τι
552 273 634 301 ἆθλον
659 270 830 309 λαμϐάνουσι
853 272 904 306 τὴν

73 321 237 359 προσθήκην
254 320 391 356 θεωρῆσαι
404 321 455 353 τῆς
471 316 646 354 δειχνυμὲνης
658 316 752 355 χειρὸς
767 318 815 343 τοῦ
827 317 903 344 Θεοῦ.

74 366 123 393 Διὸ
138 365 184 392 καὶ
201 363 322 399 ζηλωτοὶ
337 360 444 391 ἔσονται
462 362 528 399 μετᾶ
540 362 590 393 τὰς
611 360 746 398 ἀριστείας
771 361 816 388 καὶ
839 360 903 392 τοὺς

73 410 189 441 πόνους.

108 456 173 483 249.
205 453 255 481 Καὶ
281 453 351 491 ἀρεῖ,
382 451 461 491 φησὶ,
487 453 601 488 σημεῖον
629 451 668 482 εἷς
696 451 731 478 τὰ
758 448 833 485 ἔθνη,
858 450 903 477 καὶ

71 499 180 534 συνάξει
225 497 289 529 τοὺς
343 496 535 532 ἀπολομένους
575 496 711 533 Ἰσραὴλ,
752 495 797 522 καὶ
839 494 903 526 τοὺς

71 543 291 582 διεπαρμίνους
334 544 384 569 τοῦ
413 540 504 569 Ἰούδα
543 540 646 576 συνάξει
675 541 706 568 ἐκ
730 542 784 567 τῶν
810 539 904 567 τεσσάο

70 599 128 627 ρων
158 587 303 626 πτερύγων
332 590 383 622 τῆς
410 589 473 623 γῆς.
489 586 520 613 Ἣ
550 584 596 612 οὖν
626 584 687 623 ιΞίζα
700 587 749 612 τοῦ
765 585 871 618 Ἰεσσαὶ,
888 585 902 611 ὁ

68 633 186 664 ἀναστὰς
201 632 247 660 ἐπὶ
262 634 302 668 τῷ
315 632 371 669 (61)
389 631 483 669 ἄρχειν
499 630 553 658 τῶν
570 629 665 665 ἐθνῶν,
684 629 762 660 οὗτος
775 629 835 667 ἀρεῖ
849 639 901 664 ση-

70 680 150 714 μεῖον
165 676 204 708 εἷς
216 677 250 704 τὰ
266 675 341 712 ἔθνη,
352 674 400 702 ’ίνα
415 677 586 712 συναχθῶσιν
605 675 630 702 οἱ
641 673 830 710 ἀπολλύμενοι
844 674 901 710 (62)

67 725 119 750 τοῦ
143 721 269 760 Ἰσραήλ.
288 720 374 752 Ἦλθε
396 720 446 758 γὰρ
473 721 486 747 ὁ
515 719 577 750 Υἱὸς
601 721 650 747 τοῦ
680 718 822 757 ἀνθρώπου
853 721 900 753 ζη-

69 771 154 802 τῆσαι
183 767 227 794 καὶ
258 767 344 793 σῶσαι
372 765 404 792 τὸ
433 763 592 795 ἀπολωλός.
616 765 702 792 Τοῦτο
731 762 760 790 δὲ
788 763 842 791 ἐστι
869 763 899 790 τὸ

72 813 202 847 σημεῖον,
218 810 233 837 ’ὸ
248 810 313 847 ἦρεν
328 807 366 840 είς
379 808 413 836 τὰ
431 805 506 843 ἔθνη,
523 808 554 835 τὸ
578 807 603 835 ἐν
631 810 691 838 τοῖς
719 805 901 844 Εύαγγελίοις

71 855 240 892 λεγόμενον·
257 855 390 891 Ὄψονται
414 853 445 880 τὸ
474 854 589 889 σημεῖον
613 853 661 879 τοῦ
687 852 751 879 Υἱοῢ
774 853 822 879 τοῦ
851 851 898 878 ἀν-

71 899 195 937 θρώπου·
214 898 282 936 ὅπερ
299 899 393 937 φήσεις
419 897 485 947 εἶναι
510 897 555 924 τὸν
578 897 691 934 σταυρὸν
720 898 768 924 τοῦ
797 896 897 947 Κυρίου
912 913 936 947 Β

68 945 152 981 ἡμῶν
169 945 263 979 ἰησοῦ
290 944 420 980 Χριστοῦ,
437 940 472 969 δι’
496 942 526 969 οὗ
554 943 612 973 τοῖς
639 941 726 978 ἁγίοις
755 941 768 968 ὁ
796 940 899 977 κόσμος

67 988 250 1025 ἰσταύρωται,
267 988 313 1015 καὶ
329 986 405 1014 αὐτοὶ
421 989 461 1022 τῷ
476 985 584 1023 κόσμον
601 985 627 1013 ἰν
643 985 666 1022 ᾦ
681 985 725 1013 καὶ
750 985 826 1023 λέγει
850 987 898 1012 τοῦ

67 1033 188 1070 σημείου
212 1033 262 1067 τὴν
288 1030 414 1068 δύναμιν.
432 1030 481 1058 Διὰ
500 1030 527 1058 τί
556 1031 612 1067 (63)
634 1029 679 1058 διὰ
702 1032 818 1068 σταυροῦ
837 1031 854 1065 ἡ
871 1030 897 1057 οἱ

67 1078 190 1114 κονομία
211 1080 263 1112 τῆς
288 1076 516 1113 ὶνανθρωπήσεως
540 1073 665 1110 ἐτελέσθη
681 1084 688 1110 ;
704 1076 763 1103 Ἵνα
785 1074 815 1102 ἐκ
842 1077 896 1102 τῶν

68 1121 209 1160 τεσσάρων
226 1121 369 1158 πτερύγων
384 1122 432 1153 τῆς
449 1123 501 1157 γῆς
529 1121 696 1157 συναχθῶσιν
727 1120 753 1147 οἱ
779 1119 899 1156 σωζόμε-

67 1177 124 1195 νοι.
141 1167 272 1204 Τετραχῆ
296 1165 348 1203 γὰρ
374 1163 517 1202 διαιρεῖται
540 1166 588 1191 τοῦ
617 1166 732 1201 σταυροῦ
756 1164 789 1191 τὰ
816 1164 897 1200 μέρη,

69 1211 143 1239 ὥστε
167 1209 282 1238 ἕκαστον
312 1208 452 1236 ἀπονεύειν
479 1208 547 1246 πρὸς
575 1208 608 1235 τὰ
621 1218 737 1245 τεσσαρα
753 1208 822 1246 μέρη
850 1209 899 1234 τοῦ

70 1256 191 1292 κόσμου.
207 1253 272 1282 Εἱίτε
287 1253 332 1282 οὖν
345 1252 392 1280 ἵνα
406 1253 493 1280 πάντα
506 1252 540 1280 τὰ
560 1251 628 1289 μίρη
657 1251 702 1280 διὰ
723 1254 776 1280 τῶν
809 1253 897 1290 μερῶν

71 1302 121 1328 τοῦ
147 1301 266 1336 σταυροῦ
293 1298 465 1334 οἰκονομηθῇ
493 1297 561 1334 πρὸς
589 1295 734 1334 σωτηρίαν,
751 1295 796 1324 διὰ
818 1298 898 1324 τοῦτο

72 1344 248 1382 προετιμήοη
266 1343 281 1370 ὁ
298 1341 343 1369 διὰ
368 1343 416 1369 τοῦ
445 1343 560 1379 σταυροῦ
589 1339 711 1372 Θάνατος·
728 1340 746 1375 ἢ
775 1339 817 1368 ὅτι
846 1341 899 1379 πρὸ

70 1387 120 1417 τοῦ
136 1390 193 1425 (64)
209 1386 320 1423 ξυλίνου
336 1388 452 1424 σταυροῦ
467 1385 565 1421 νοητός
578 1396 620 1417 τις
639 1388 679 1422 τῷ
703 1386 800 1422 κόσμῳ
819 1386 898 1413 παντὶ

71 1432 300 1470 συνεσταύρωται,
317 1433 370 1458 τῶν
386 1431 522 1468 τεσσάρων
550 1433 639 1468 μερῶν
662 1432 711 1458 τοῦ
735 1431 835 1461 παντὸς
861 1429 900 1461 είς

73 1479 106 1506 τὸ
123 1477 205 1515 μέσον
235 1475 457 1512 συναπτομένων,
472 1474 516 1503 καὶ
540 1476 590 1510 τῆς
613 1475 639 1502 ἐν
661 1477 701 1511 τῷ
727 1475 801 1512 μέσῳ
827 1473 901 1502 δννά-

76 1534 151 1560 μεως
175 1522 243 1560 πρὸς
266 1522 300 1549 τὰ
322 1521 439 1558 τὲσσαρα
465 1521 534 1557 μέρη
558 1520 773 1557 περατουμίνης.
789 1519 900 1558 Ἀρθέν-

70 1578 120 1598 τος
133 1565 180 1594 οὖν
197 1568 245 1594 τοῦ
261 1565 377 1602 σημείου
391 1563 500 1598 τούτου,
521 1565 738 1602 συναχθήσονται
754 1564 780 1591 οἱ
796 1563 899 1591 ἀπολό-

72 1622 152 1650 μενοι
169 1613 217 1639 τοῦ
233 1598 356 1647 Ἰσραὴλ,
370 1609 416 1636 καὶ
444 1609 473 1636 οἱ
502 1598 739 1647 διεπορπισμὲνοι
753 1610 801 1636 τοῦ
814 1607 903 1637 Ἰούδα
918 1598 940 1634 G

76 1656 297 1693 συναχῧήσονται
312 1653 343 1681 ἐκ
356 1656 411 1681 τῶν
437 1653 574 1691 τεσσάρων
601 1653 740 1691 πτερύγων
763 1657 813 1688 τῆς
839 1655 900 1691 γῆς,

74 1700 184 1730 Τούτου
200 1699 328 1736 ἀρθέντος
339 1700 388 1726 τοῦ
403 1697 529 1734 σημείου,
544 1696 657 1735 ἔχοντος
672 1697 785 1735 δύναμιν
808 1699 903 1726 καθαι-

77 1745 188 1783 ρετικήν
205 1744 299 1782 ἀρχῶν
316 1742 361 1770 καὶ
377 1742 515 1779 ἐξουσιῶν,
533 1743 638 1774 ἅστινας
656 1741 846 1780 ἐθριάμϐευσεν
877 1742 903 1770 ἐν

75 1791 118 1826 τῴ
134 1788 221 1825 ξύλῳ,
237 1786 457 1824 ἀπεκδυσάμενος
482 1787 573 1822 αὑτὰς,
587 1787 632 1815 καὶ
655 1787 735 1815 οἱονεὶ
751 1788 903 1827 ἀπορρίψας

73 1835 89 1862 ὃ
106 1834 222 1872 εἴχομεν
243 1832 289 1860 ἀπ’
304 1832 391 1859 αὐτῶν
414 1831 565 1870 ὑφασμένον
587 1833 654 1868 ἡμῖν
686 1829 796 1868 ἔνδυμα,
813 1831 902 1869 ἐξεδύ-

75 1889 143 1907 σατυ
172 1878 222 1908 τὰς
247 1876 336 1914 ἀρχὰς
354 1875 400 1904 καὶ
425 1876 472 1907 τὰς
495 1875 624 1912 ἐξουσίας,
651 1877 696 1904 χαὶ
720 1875 902 1915 ἐδειγμάτισεν

75 1923 102 1951 ιν
121 1923 179 1959 (65)
202 1920 342 1960 παρρησίᾳ
363 1917 544 1959 θριαμϐεύσας
559 1920 584 1948 ἐν
608 1923 649 1957 τῷ
672 1920 756 1958 ξύλῳ.
773 1922 821 1949 Διὰ
841 1924 903 1950 τοῦ-

73 1978 109 1996 το
130 1965 241 1997 Παῦλος
256 1965 286 1993 ἐκ
306 1967 359 1993 τῶν
382 1962 569 1993 ἀπολωλότων
592 1967 640 1993 τοῦ
656 1965 776 2002 Ἰσραὴλ,
793 1967 836 1994 καὶ
867 1965 906 1994 δι-

76 2011 302 2049 εσκορπισμένων
324 2011 372 2037 τοῦ
388 2008 475 2038 Ἰούδα
489 2009 632 2048 ὑπάρχων,
647 2011 747 2045 νοήσας
770 2011 801 2038 τὸ
827 2011 906 2048 ἀρθὶν

78 2057 134 2086 ὑπὸ
151 2057 200 2083 τοῦ
214 2056 307 2090 Ἰησοῦ
323 2054 361 2085 εἶς
375 2055 409 2081 τὰ
432 2053 495 2088 ἔθνη
526 2057 653 2091 σημεῖον,
668 2054 840 2092 προσέδραμε
866 2058 906 2092 τῷ

77 2099 202 2138 σταυρῷ,
218 2099 263 2127 καὶ
279 2097 380 2136 ἔλεγεν⁸
397 2098 478 2135 Ἐμοὶ
493 2097 522 2126 δὶ
548 2099 585 2135 μὴ
612 2099 715 2137 γένοιτο
743 2101 906 2138 καυχᾶσθαι,

78 2146 101 2174 ai
120 2146 159 2181 μὴ
182 2144 210 2172 ἐν
233 2143 273 2180 τῷ
298 2145 405 2180 σταυρῷ
429 2145 477 2171 τοῦ
497 2143 601 2181 Κυρίου
625 2145 705 2180 ἡμῶν
722 2145 811 2180 Ἰησοῦ
839 2145 906 2182 Χρι-

79 2192 156 2219 στοῦ.
175 2189 341 2220 ’Δκολουθεῖ
366 2187 395 2215 δὲ
417 2190 458 2224 τῷ
481 2191 650 2226 συναχθῆναι
674 2188 737 2220 τοὺς
765 2189 906 2225 ἀπολομέ-

78 2245 143 2266 νους
183 2236 234 2261 τοῦ
263 2231 387 2271 Ἰσραὴλ,
411 2231 509 2264 οἵτινες
542 2230 733 2261 ἐϐασιλεύοντο
772 2234 822 2261 ὑπὸ
859 2235 907 2262 τοῦ

960 273 1045 308 piunt
1058 272 1262 309 additamenti,
1279 276 1312 301 ut
1336 282 1458 302 manum
1473 274 1525 302 Dei
1543 276 1731 311 conspicuam
1755 285 1789 304 ae

960 317 1146 345 manifestam
1160 318 1352 354 conspiciant.
1364 318 1547 355 Quapropter
1557 320 1645 348 etiam
1657 323 1724 356 post
1738 329 1786 349 res

959 362 1074 390 fortiter
1096 365 1194 399 gestas
1210 365 1239 391 et
1255 363 1369 392 labores
1395 364 1556 392 exantlatos
1580 364 1691 400 invidia
1705 365 1788 402 digni

959 409 1046 434 erunt
1060 409 1147 442 atque
1162 407 1356 436 aemulatione.

994 451 1056 478 249.
1070 451 1170 487 (Vsas.
1185 452 1240 487 12.)
1251 453 1284 479 Et
1301 453 1412 488 levabit,
1428 453 1533 488 inquit,
1547 454 1660 488 signum
1675 454 1706 482 in
1720 462 1785 490 gen-

958 500 1009 528 tes,
1027 500 1052 523 et
1064 496 1239 531 congregabit
1263 497 1384 532 perditos
1408 498 1503 530 Israel,
1519 501 1546 525 et
1567 498 1701 533 dispersos
1716 499 1786 528 Juda

957 541 1136 576 congregabit
1163 549 1198 569 ea:
1226 544 1344 577 quatuor
1372 542 1425 570 alis
1453 546 1543 570 term.
1574 543 1675 578 Itaque
1702 544 1786 572 radix

956 585 1048 619 Jesse,
1065 592 1117 612 seu
1133 584 1182 620 qui
1209 585 1340 621 exsurgit
1356 586 1390 613 ad
1413 585 1619 621 imperandum
1636 587 1784 623 gentibus,

956 628 1004 656 hic
1019 628 1066 656 ille
1080 628 1162 656 tollet
1177 629 1296 665 signum
1316 630 1393 657 inter
1412 633 1525 666 gentes,
1542 633 1574 658 ut
1588 630 1607 658 ii
1624 632 1674 667 qui
1691 632 1783 667 perie-

956 675 1026 700 runt
1041 681 1075 700 ex
1100 673 1200 706 lsrael,
1217 673 1246 701 in
1271 683 1363 702 unum
1387 677 1592 711 aggregentur.
1612 677 1687 703 Venit
1703 676 1783 704 enim

955 718 1046 745 Filius
1060 718 1182 746 hominis
1203 726 1335 754 quaerere,
1350 722 1376 747 et
1399 719 1509 747 salvum
1533 721 1625 755 facere
1650 721 1720 756 quod
1734 729 1783 755 pe-

954 764 1041 790 rierat
1050 762 1081 790 ‘5.
1104 763 1225 798 Signum
1250 765 1346 791 autem
1363 764 1440 799 quod
1465 763 1569 792 levavit
1585 764 1614 792 in
1629 765 1779 801 gentibus,

954 807 1008 835 hoc
1033 807 1131 844 ipsum
1155 810 1209 843 est,
1235 808 1319 843 cujus
1345 808 1376 835 ﬁt
1402 808 1510 836 mentio
1536 809 1565 836 in
1592 809 1779 846 Evangeliis:

955 852 1088 880 Videbunt
1101 853 1209 887 signum
1226 852 1292 880 Filii
1312 853 1433 880 hominis
1444 853 1465 871 ⁸⁸
1479 861 1485 880 :
1499 854 1574 889 quod
1593 854 1699 882 dixeris
1716 862 1781 882 esse

953 904 1069 925 crucem
1085 896 1202 924 Domini
1218 897 1309 924 nostri
1323 897 1394 926 Jesu
1410 897 1529 934 Christi,
1541 906 1593 934 per
1607 907 1695 934 quam
1712 907 1778 927 san-

953 942 1007 970 ctis
1022 940 1179 969 crucifixus
1194 941 1324 969 mundus
1339 943 1394 977 est,
1408 944 1436 969 et
1452 942 1510 978 ipsi
1530 943 1641 970 mundo
1651 944 1673 960 ‘7
1690 952 1696 971 :
1713 943 1777 979 qui-

951 987 1008 1014 bus
1021 986 1119 1015 verbis
1130 986 1264 1014 enuntiat
1276 986 1363 1014 etiam
1375 987 1434 1014 vim
1446 987 1521 1023 signi
1533 989 1620 1023 atque
1630 987 1777 1016 virtutem.

952 1031 1046 1063 Quare
1073 1039 1124 1066 per
1148 1039 1263 1058 crucem
1288 1031 1449 1059 mcenomia
1476 1031 1687 1060 incarnationis
1712 1040 1779 1068 per-

952 1077 1027 1103 fecta
1042 1078 1087 1104 est
1102 1078 1130 1103 et
1145 1075 1301 1103 absoluta?
1316 1075 1353 1103 Ut
1373 1076 1423 1112 qui
1439 1078 1522 1104 erant
1541 1076 1636 1105 salute
1651 1077 1781 1105 donandi

951 1120 972 1148 ii
988 1129 1022 1148 ex
1035 1122 1163 1156 quatuor
1178 1119 1232 1147 alis
1248 1122 1331 1148 terra:
1347 1120 1565 1156 colligerentur.
1576 1121 1651 1149 Nam
1667 1121 1781 1157 quadri-

953 1165 1057 1193 fariam
1073 1164 1244 1192 dividuntur
1258 1164 1354 1193 crucis
1375 1167 1487 1200 partes;
1504 1165 1576 1193 adeo
1592 1168 1623 1193 ut
1639 1173 1781 1201 unaqua-

953 1219 1009 1247 que
1024 1211 1124 1246 vergat
1139 1209 1168 1236 in
1185 1211 1311 1245 quatuor
1326 1210 1430 1237 mundi
1445 1212 1552 1246 partes.
1565 1210 1628 1238 Sive
1642 1210 1734 1246 igitur
1748 1211 1782 1237 ut

953 1254 1075 1291 singulas
1091 1253 1203 1287 mundi
1228 1256 1326 1290 partes
1342 1254 1378 1282 ad
1401 1254 1526 1282 salutem
1550 1255 1781 1291 perducerentur

953 1307 1004 1335 per
1016 1299 1113 1327 crucis
1129 1300 1239 1334 partes.
1253 1299 1290 1326 ob
1305 1298 1334 1326 id
1350 1307 1429 1327 mors
1446 1299 1541 1327 crucis
1556 1301 1601 1327 est
1616 1299 1778 1328 honorata:

954 1344 1014 1372 sive
1029 1344 1104 1380 quod
1122 1346 1189 1371 ante
1203 1343 1332 1379 ligneam
1349 1343 1430 1371 illam
1448 1351 1565 1371 crucem
1582 1344 1678 1372 crucis
1693 1344 1780 1379 cuju-

954 1390 1022 1417 dam
1038 1387 1232 1424 intelligibilis
1248 1387 1345 1424 imago
1362 1396 1394 1416 ac
1410 1387 1501 1423 ﬁgura
1525 1387 1556 1416 in
1581 1390 1643 1416 toto
1668 1388 1779 1416 mundo

955 1433 1127 1466 haberetur;
1141 1440 1209 1460 cum
1225 1435 1350 1468 quatuor
1371 1432 1494 1460 universi
1511 1435 1608 1468 partes
1623 1431 1735 1460 coirent
1749 1432 1780 1459 in

955 1477 1099 1511 medium,
1114 1479 1142 1504 et
1156 1476 1249 1504 virtus
1265 1476 1353 1504 medii
1369 1477 1403 1504 ad
1420 1479 1546 1512 quatuor
1562 1479 1659 1513 partes
1676 1476 1783 1512 pertin-

955 1524 1045 1559 geret.
1063 1522 1164 1557 Itaque
1189 1521 1244 1548 hoc
1269 1521 1352 1557 signo
1368 1523 1509 1555 surrecto,
1525 1521 1783 1557 congregabantur

957 1566 1064 1603 perditi
1079 1565 1178 1598 lsrael,
1190 1568 1218 1593 et
1230 1565 1354 1601 dispersi
1365 1565 1443 1593 Juda
1458 1574 1473 1593 e
1489 1568 1615 1602 quatuor
1630 1565 1685 1594 alis
1702 1569 1784 1594 terrae

958 1611 1144 1647 colligantur.
1168 1610 1268 1638 Erecto
1295 1609 1380 1645 signo
1403 1610 1468 1644 hoc,
1486 1610 1532 1638 cui
1559 1610 1635 1638 inest
1660 1610 1786 1638 facultas

957 1655 1127 1684 destruendi
1156 1654 1337 1690 principatus
1361 1657 1390 1682 et
1419 1656 1589 1690 potestates,
1615 1655 1651 1683 de
1674 1655 1784 1690 quibus

957 1699 1195 1736 triumphavit‘in
1211 1698 1302 1735 ligno,
1319 1699 1452 1735 spoliatis
1467 1699 1538 1732 illis,
1550 1707 1583 1727 ac
1597 1699 1784 1734 vestimento,

958 1745 1035 1781 quod
1052 1744 1109 1780 ipsi
1124 1743 1208 1772 nobis
1225 1745 1386 1777 texuerant,
1399 1743 1488 1771 veluti
1499 1744 1627 1779 deiecto;
1644 1744 1724 1772 exuit
1739 1744 1783 1771 ni-

958 1790 1064 1818 mirum
1090 1788 1271 1825 principatus
1286 1790 1314 1816 et
1336 1790 1504 1824 potestates,
1520 1796 1629 1823 eosque
1652 1788 1783 1816 traduxit

957 1834 1137 1862 conﬁdenter
1165 1833 1262 1868 palam
1291 1832 1477 1868 triumphans
1501 1832 1530 1860 in
1553 1832 1633 1868 ligno
1643 1832 1675 1860 ⁸⁸.
1693 1832 1735 1860 0b
1750 1832 1779 1860 id

959 1878 1078 1913 Paulus,
1090 1877 1158 1905 licet
1170 1877 1246 1904 inter
1257 1877 1384 1911 perditos
1395 1876 1496 1910 Israel,
1505 1879 1534 1904 et
1544 1876 1693 1912 dispersos
1702 1876 1782 1904 Juda

960 1924 1173 1955 numeraretur,
1199 1921 1288 1949 simul
1318 1924 1405 1957 atque
1434 1920 1576 1949 intellexit
1603 1921 1723 1957 signum
1752 1921 1784 1949 in

960 1966 1183 2001 nationibusmb
1198 1966 1268 1994 Jesu
1286 1965 1387 2001 ,fuisse
1410 1968 1550 2000 erectum,
1568 1966 1644 1994 670
1659 1966 1787 1994 accurrit

960 2013 995 2040 ad
1013 2019 1139 2045 crucem,
1156 2014 1184 2038 et
1204 2010 1319 2038 dicebat
1335 2019 1341 2038 :
1358 2010 1426 2038 Mihi
1448 2013 1537 2038 autem
1562 2011 1633 2038 absit
1655 2011 1788 2046 gloriari,

959 2058 1017 2085 nisi
1032 2058 1062 2084 in
1079 2063 1159 2083 cruce
1174 2055 1284 2083 Domini
1298 2056 1387 2083 nostri
1400 2057 1465 2083 Jcsu
1480 2054 1584 2083 Christi
1593 2055 1624 2082 ‘9.
1640 2055 1705 2082 Jam
1719 2062 1787 2083 vero

961 2110 995 2130 ex
1010 2109 1043 2129 eo
1059 2100 1136 2135 quod
1150 2101 1182 2126 ut
1199 2098 1304 2135 perditi
1321 2098 1419 2132 Israel,
1431 2098 1460 2126 in
1474 2107 1549 2134 quos
1564 2098 1721 2135 imperium
1737 2099 1790 2127 ha-

961 2146 1026 2174 buit
1042 2144 1189 2181 Ephraim,
1207 2144 1247 2171 ita
1262 2143 1388 2180 dispersi
1404 2151 1438 2171 cx
1454 2143 1531 2171 tribu
1546 2143 1635 2178 Juda,
1651 2151 1725 2179 quos
1741 2152 1788 2172 re-

962 2199 1014 2227 ges
1028 2198 1062 2217 ex
1077 2188 1189 2217 semine
1204 2187 1295 2216 David
1311 2188 1429 2216 oriundi
1453 2188 1661 2224 gubernavere,
1674 2188 1790 2216 collecti

963 2237 1042 2268 sunt,
1055 2233 1189 2269 sequitur
1204 2241 1261 2260 non
1278 2232 1405 2268 amplius
1416 2233 1549 2260 futurum
1560 2240 1625 2261 esse
1641 2232 1736 2260 ullum
1747 2241 1791 2262 ze-

79 2279 214 2318 Ἐφραῖμ,
229 2278 275 2306 καὶ
303 2287 367 2308 τους
393 2275 608 2314 διεσπαρμένους
628 2280 678 2305 τοῦ
694 2277 792 2314 Ἰούδα,
809 2278 903 2310 οἵτινες

963 2279 1025 2307 lum
1042 2277 1177 2313 Ephraim
1193 2279 1295 2305 contra
1309 2277 1394 2310 Juda,
1409 2285 1462 2304 nec
1478 2276 1606 2312 amplius
1620 2285 1681 2312 eos,
1691 2277 1743 2313 qui
1757 2285 1792 2305 ex

81 2324 136 2351 ὑπὸ
150 2325 205 2350 τῶν
222 2321 253 2350 ιχ
267 2321 421 2359 σπέρματος
437 2319 520 2349 Δαϐἰδ
537 2320 742 2358 ἐπολιτεύοντο,
757 2323 789 2350 τὸ
812 2323 909 2360 μηκέτι

80 2369 149 2396 εἶναι
167 2366 255 2402 ζῆλον
268 2368 318 2394 τοῦ
332 2366 452 2405 Ἐφραῒμ
462 2367 529 2394 κατὰ
541 2368 589 2394 τοῦ
606 2366 706 2402 Ἰούδα,
722 2365 793 2404 μηδὶ
821 2368 909 2396 ἀνύειν

80 2411 122 2441 ἔτι
136 2412 203 2444 τοὺς
216 2413 265 2440 τοῦ
280 2409 370 2440 Ἰούδα
385 2410 511 2449 ἐχθρούς.
527 2410 602 2440 Μετὰ
616 2411 668 2449 γὰρ
682 2412 714 2439 τὸ
735 2411 850 2449 ἀρθῆναι
880 2412 911 2440 τὸ

964 2323 1042 2351 Juda
1063 2323 1144 2354 sunt.
1160 2322 1259 2349 hostes
1275 2329 1305 2349 se
1322 2321 1513 2357 praestituros.
1531 2322 1688 2357 Postquam
1713 2321 1792 2350 enim

966 2369 1095 2396 erectum
1112 2366 1199 2394 fuerit
1223 2365 1341 2402 signum
1367 2365 1539 2401 collectique
1564 2365 1672 2395 fuerint
1687 2365 1794 2403 perditi

967 2411 1066 2447 Israel,
1080 2411 1130 2446 qui
1145 2410 1254 2438 dicitur
1268 2410 1418 2446 Ephraim,
1430 2411 1599 2447 congregati
1615 2410 1716 2440 itidem
1732 2412 1795 2440 fue-

121 2499 145 2516 ⁸⁵
160 2497 229 2526 Luc.
245 2505 304 2530 xu,
321 2497 365 2525 10.
405 2497 428 2515 ⁴⁶
442 2497 544 2526 Matth.
561 2505 637 2532 xxiv,
654 2497 699 2526 30.
737 2497 758 2515 ‘7
774 2497 870 2527 Galat.
885 2506 902 2527 ν

960 2497 984 2526 li.
1023 2497 1045 2516 "
1059 2496 1171 2525 Coloss.
1187 2503 1219 2531 ιι,
1235 2496 1279 2524 15.
1317 2495 1340 2513 ⁵³
1353 2495 1447 2524 Galat.
1464 2504 1503 2530 v1,
1521 2496 1564 2524 11.

133 2582 181 2618 61)
196 2581 318 2610 Veteres
332 2581 536 2618 aliquotlibri,
551 2591 594 2610 το.

135 2616 183 2652 62)
197 2618 284 2653 Editi,
311 2617 337 2644 οἱ
366 2616 550 2653 ἀπολόμενοι.
580 2619 614 2645 At
633 2626 718 2654 mss,
742 2618 767 2644 οἶ
793 2616 916 2645 ἀπολλύ-

111 2663 156 2681 ενο
161 2664 178 2680 ι.

89 2665 185 2726 μεῖἔξ)
202 2691 285 2726 Unus
300 2689 390 2717 codex
406 2697 472 2717 cum
493 2689 590 2722 editis,
607 2687 692 2716 Διότι.
712 2689 766 2717 Alii
792 2689 922 2726 quinque

90 2723 180 2758 mss”.
196 2723 284 2752 Διατί.

127 2762 187 2796 (64)
203 2761 256 2789 His
270 2760 380 2794 verbis,
395 2759 412 2793 ἢ
427 2760 468 2786 δτι
483 2760 536 2797 πρὸ
558 2761 617 2796 τοῦ,
633 2763 700 2797 etc.,
716 2762 775 2789 sive
794 2762 924 2797 quoniam

91 2782 156 2826 uale
171 2782 298 2833 [ligneam
312 2782 428 2831 crudam,
440 2782 568 2833 etc.,rsua
583 2783 661 2825 in’est
676 2782 925 2826 obscuriias.Sen-

93 2841 162 2864 sum
177 2832 285 2863 eorum
301 2832 332 2861 in
346 2834 447 2862 nostra
455 2832 692 2870 interpretatione
703 2833 866 2871 exprimere
878 2841 925 2862 co-

973 2582 1034 2610 nati
1049 2589 1164 2610 sumus.
1182 2581 1239 2609 Hoc
1255 2580 1345 2614 enim,
1356 2583 1389 2608 ut
1403 2580 1488 2609 nobis
1504 2580 1627 2615 videtur,
1644 2579 1715 2608 dicit
1726 2580 1800 2607 scri-

974 2621 1050 2655 ptor,
1058 2620 1128 2646 ante
1138 2616 1266 2653 ligneam
1281 2625 1397 2645 crucem
1414 2617 1504 2655 fuisse
1515 2616 1603 2644 aliam
1614 2622 1729 2644 crucem
1739 2623 1800 2655 my-

977 2653 1165 2689 sticam,quae
1178 2661 1228 2688 per
1241 2655 1366 2689 quatuor
1378 2653 1480 2680 mundi
1490 2657 1586 2688 partes
1595 2653 1803 2689 repraesentata

977 2691 1017 2718 sit
1031 2693 1060 2718 et
1075 2686 1259 2717 adumbrata:
1276 2689 1342 2722 Sed,
1360 2691 1393 2716 ut
1407 2686 1506 2716 verum
1528 2689 1628 2718 fatear,
1645 2686 1800 2722 mysticam

978 2727 1055 2754 hanc
1077 2725 1289 2760 interpretandi
1315 2724 1456 2752 rationem
1477 2723 1611 2759 suspicor
1626 2730 1682 2749 non
1699 2723 1802 2751 multis

979 2762 1134 2799 probatum
1148 2761 1196 2799 iri.

1015 2798 1072 2834 (65)
1087 2797 1227 2826 Voculam
1244 2795 1270 2823 tv
1286 2803 1320 2825 ex
1335 2795 1447 2832 aliquot
1461 2802 1534 2824 mss.
1551 2793 1730 2824 addidimus.
