1995 3142
187 163 243 193 57!

655 163 855 194 APPENDIX
878 162 1041 193 OPERUM
1065 162 1098 192 S.
1121 161 1263 191 BASILII
1285 161 1420 192 MAGNI.

1833 160 1883 189 572

191 229 303 257 tollitur
317 228 389 257 vox?
403 229 432 256 Si
448 237 556 264 magno
567 231 595 257 et
605 236 748 265 generoso
763 229 862 258 animo
877 229 1014 265 insurgas

1072 230 1128 258 τοῖς
1144 229 1318 265 πειρασμοῖς,
1334 226 1406 254 ἀλλὰ
1419 226 1451 253 τὸ
1465 227 1563 264 γαῦρον
1578 224 1707 264 φρόνημα
1726 226 1778 258 τῆς
1801 226 1886 262 ψυχῆς

190 275 329 302 adversus
352 273 538 302 turbulentas
563 274 654 301 animi
680 274 858 308 affectiones,
875 282 926 301 nec
951 282 1014 310 ipso

187 319 387 346 tentationum
412 321 542 354 tempore
568 319 744 347 succumbas
768 319 979 347 tentationibus
1005 327 1011 346 ς

187 363 245 391 ἱωο
258 364 283 391 si
298 371 395 391 serves
411 363 500 391 animi
517 362 674 391 elationem
685 366 714 391 et
723 364 933 397 constantiam,
944 365 1014 391 tunc

188 407 330 435 exultabis
354 415 465 435 vocem.
481 407 656 435 Consolatur
679 411 777 436 autem
805 416 895 436 manu
911 407 947 440 is,
963 407 1014 443 qui

188 453 305 481 afﬂictis
321 455 348 480 et
363 453 512 489 oppressis
525 461 575 489 per
590 454 667 481 bona
677 461 764 489 opera
779 453 863 481 all'ert
878 453 1013 482 consola-

187 499 309 532 tionem,
325 501 354 525 et
368 498 463 525 animo
483 497 570 525 hilari
593 498 697 533 stipem
713 497 845 534 largitur.
861 499 890 526 Si
905 499 1014 526 videris

189 543 358 579 quempiam
374 545 502 578 egestate
528 542 720 577 laborantem,
737 551 895 579 pauperem
920 543 1014 572 solare

188 587 319 615 beneﬁca
333 589 361 614 et
375 586 489 615 liberali
501 595 602 615 manu.
616 587 772 616 Enimvero
786 588 864 624 apud
881 588 1013 616 animum

187 631 329 668 pusillum
352 635 380 659 et
402 631 565 665 inﬁrmum,
592 631 720 668 erogatio
741 640 804 668 qua:
827 640 859 660 re
883 632 948 668 ipsa
969 633 1011 667 ﬁt,

186 676 331 704 consolari
347 678 443 713 potest
458 676 564 712 magis,
580 685 669 712 quam
685 677 710 704 si
725 677 821 705 verbis
837 677 872 705 ad
889 684 1012 714 pauper-

185 723 275 749 tatem
290 721 405 749 fortiter
419 723 449 748 et
462 729 602 757 generose
616 721 817 756 perferendam
835 721 1011 750 adhorteris.

221 767 283 794 257.
301 766 332 793 Et
347 766 465 801 aperite,
478 765 584 801 inquit,
598 766 752 802 principes.
763 765 905 794 Solatium
922 775 1011 794 manu

187 810 349 839 exhibitum
366 810 499 845 sequitur
515 818 620 838 manus
631 810 758 846 apertio;
774 819 863 846 quam
879 819 930 846 pro
947 819 1010 838 mu-

187 854 274 882 niﬁca
289 856 318 882 et
332 854 443 882 liberali
467 855 582 882 actione
603 863 746 890 usurpare
761 855 835 883 solet
850 855 1011 891 Scriptura,

187 907 238 926 ceu
255 907 321 926 cum
347 899 440 926 dicit:
458 900 602 934 Aperisnta
620 901 711 927 autem
735 904 762 927 te
785 908 899 927 manum
921 904 1009 933 tuam,

187 944 281 972 omnia
296 943 486 979 implebantur
501 944 620 972 bonitate
630 944 662 971 ⁸ο.
677 944 791 980 Aperite
806 944 896 979 igitur
909 945 1012 972 domos

187 991 308 1023 vestras,
325 990 354 1016 et
369 987 536 1016 divitiarum
553 990 716 1016 vestrarum
732 988 888 1016 thesauros
903 989 1013 1024 aperite

187 1032 355 1068 hospitibus
370 1034 399 1060 et
413 1032 523 1068 egenis-
540 1032 581 1060 Ne
597 1032 748 1060 retineatis
764 1041 827 1069 quae
843 1033 925 1061 vobis
941 1041 1012 1068 sup-

189 1079 292 1112 petunt
307 1077 341 1104 ad
359 1076 534 1104 afﬂictorum
560 1076 703 1105 levamen.
720 1078 754 1105 Et
768 1078 823 1106 hoc
847 1078 931 1106 facite
955 1078 1013 1113 pri-

188 1129 280 1156 mum,
297 1120 456 1157 principes,
467 1124 499 1149 ut
511 1121 642 1158 exemplo
658 1124 752 1150 vestro
769 1122 910 1159 populum
925 1122 1013 1150 etiam

188 1165 355 1202 pelliciatis.
372 1165 471 1193 Potest
495 1168 592 1194 autem
618 1166 689 1194 illud
714 1167 838 1203 intelligi
865 1167 953 1195 etiam
978 1167 1014 1195 de

187 1210 406 1246 Scripturarum
431 1210 591 1246 apertione,
607 1211 702 1246 deque
725 1211 856 1239 locorum
870 1219 1013 1247 quorum-

188 1254 256 1282 dam
268 1254 436 1282 clausorum
448 1258 476 1282 et
487 1255 690 1283 obscuriorum
701 1255 919 1291 explanatione;
934 1258 966 1283 ut
980 1264 1014 1283 ne

187 1299 254 1334 quis
265 1298 379 1334 judicio
392 1299 534 1327 adversus
550 1299 710 1328 Pharisaeos
726 1302 754 1328 et
769 1301 886 1328 Scribas
901 1300 1013 1336 prolato

187 1343 238 1371 ﬂat
253 1344 398 1371 obnoxius
416 1351 423 1370 :
441 1343 492 1379 qui
511 1352 578 1372 cum
593 1344 690 1372 claves
706 1345 788 1380 regni
808 1345 946 1379 habeant,
963 1353 1013 1372 ne-

185 1396 241 1423 que
257 1387 314 1422 ipsi
333 1387 550 1423 ingrediuntur,
564 1390 592 1416 et
611 1396 661 1416 eos
676 1388 726 1424 qui
747 1389 861 1425 ingredi
877 1392 1012 1425 possunt,

186 1432 387 1468 prohibent“.
405 1433 506 1468 Itaque
521 1433 670 1469 principes
685 1434 794 1470 quibus
811 1434 939 1462 scientiae
954 1434 1012 1463 cla-

185 1485 234 1504 ves
255 1477 426 1504 concreditaa
450 1479 530 1512 sunt,
545 1477 710 1514 compellat.
728 1478 836 1506 Paulus
861 1479 1013 1507 sententias

186 1520 254 1548 huic
269 1521 475 1556 obtemperans
494 1521 591 1550 aiebat
607 1531 613 1549 :
631 1523 664 1551 Os
678 1527 800 1551 nostrum
819 1525 894 1560 patet
908 1523 943 1552 ad
957 1532 1012 1558 vos,

186 1573 201 1593 ο
217 1566 358 1594 Corinthii
366 1567 401 1593 ⁸1.

221 1655 283 1682 258.
300 1653 399 1688 (Vsus.
411 1655 450 1691 3.)
468 1656 522 1691 Ego
535 1656 645 1690 ordino,
661 1659 688 1684 et
703 1664 749 1692 ego
763 1657 832 1685 duco
847 1665 901 1685 eos.
918 1658 1013 1694 Agen-

187 1699 258 1726 dum
275 1698 359 1726 nobis
375 1701 420 1727 est
445 1708 497 1735 pro
514 1700 601 1728 virili.
620 1701 760 1729 Dominus
788 1703 887 1729 autem
903 1703 948 1729 est
963 1701 1015 1737 qui

187 1750 247 1776 eos,
256 1743 346 1778 ducit,
356 1745 384 1771 et
394 1744 444 1779 qui
456 1752 696 1780 unumquemque
708 1745 738 1773 in
749 1745 881 1773 Ecclesiae
895 1754 1016 1781 corpore

187 1795 240 1823 pro
255 1796 310 1815 sua
324 1787 467 1824 dignitate
489 1789 616 1817 ordinat.
633 1789 760 1825 Gigantes
778 1791 892 1818 veniunt
905 1790 941 1818 ad
956 1791 1015 1818 im-

185 1831 318 1868 plendum
341 1833 467 1868 furorem
495 1841 597 1867 meum,
615 1834 764 1869 gaudente:
792 1835 915 1865 simulet
939 1834 1015 1862 570

187 1877 362 1905 contumeliis
385 1877 552 1912 afﬁciantes.
570 1878 632 1906 Haec
648 1878 795 1906 sententia
809 1878 1017 1907 interminatur

187 1921 259 1954 fore,
276 1923 308 1949 ut
323 1921 454 1949 scelerati
472 1923 591 1958 quidem
607 1925 636 1950 et
650 1923 700 1951 Dei
716 1923 816 1952 hostes
832 1923 884 1960 qui
898 1924 934 1952 ad
951 1932 1017 1960 pec-

188 1967 301 1993 catores
318 1965 504 1994 ulciscendas
525 1966 608 1994 missi
629 1970 709 2002 sunt,
725 1968 889 1996 adveniant.
906 1969 948 1996 0b
964 1968 1018 1996 hoc

187 2009 362 2038 timentibus
376 2018 407 2038 se
423 2010 589 2046 providens,
601 2012 683 2040 ducit
695 2020 744 2040 eos
760 2012 790 2040 in
803 2014 897 2040 tutam
909 2013 1018 2041 montis

189 2054 390 2089 altitudinem,
399 2057 486 2091 atque
497 2063 547 2084 eos
556 2059 670 2092 aquata
681 2056 798 2085 verticis
809 2057 931 2093 planitie
942 2065 1020 2085 com-

192 2099 300 2127 munit.
325 2101 388 2128 Imo
415 2100 503 2128 etiam
527 2101 569 2129 eis
593 2101 714 2137 signum
729 2110 785 2136 quo
802 2102 1018 2135 custodiantur,

193 2143 284 2172 tradit
299 2153 306 2178 ;
323 2144 434 2180 quippe
449 2145 500 2180 qui
515 2153 565 2173 eos
585 2146 761 2174 submoneat
777 2148 809 2174 ut
825 2146 974 2174 instruant
989 2154 1020 2174 se

192 2195 243 2222 per
258 2188 335 2215 bona
350 2196 449 2223 opera,
466 2189 713 2225 consolenturque
734 2199 823 2218 manu
840 2190 976 2224 afflictos,
992 2193 1021 2219 et

191 2239 224 2259 os
252 2232 385 2267 aperiant
412 2233 582 2261 erudiendis
611 2234 776 2270 discipulis,
805 2237 837 2262 ut
865 2235 1020 2271 gigantum

1069 271 1267 307 διασωζούσης,
1282 272 1344 298 τότε
1360 270 1440 308 ύψοῖς
1452 271 1502 305 τὴν
1518 271 1622 305 φωνήν.
1638 272 1796 307 ΠαρακαΛεῖ
1810 268 1838 296 δὶ
1852 271 1886 306 (9)

1067 319 1101 354 τῇ
1116 317 1187 354 χειρὶ
1206 317 1219 343 6
1234 317 1283 350 τὴν
1298 314 1472 353 παράκλησιν
1488 317 1548 346 τοῖς
1563 311 1740 351 θλιϐομένοις
1755 312 1792 341 δι’
1805 312 1884 351 ἔργων

1068 362 1173 399 ἀγαθῶν
1193 361 1349 399 προφέρων,
1373 359 1417 387 καὶ
1442 360 1467 386 ἐν
1492 359 1634 397 ἱλαρότητι
1658 359 1708 393 τήν
1738 358 1887 395 ἐλεημοσύ-

1067 417 1114 441 νην
1140 404 1320 444 ἀποπληρῶν,
1347 405 1407 433 Ἐὰν
1434 403 1495 441 ἴδῃς
1521 404 1581 432 τινὰ
1599 403 1642 431 ἐπὶ
1662 403 1739 439 πενίᾳ
1771 413 1887 431 κατεπο-

1068 451 1209 487 νούμενονΙ
1224 452 1260 487 τῇ
1286 448 1448 486 μεταδοτικῇ
1478 449 1551 487 χειρὶ
1579 447 1729 484 παρακάλει
1744 449 1791 475 τὸν
1807 448 1887 483 πένη-

1066 506 1110 524 τα.
1126 495 1224 523 Πλεῖυν
1240 494 1291 533 γὰρ
1306 494 1379 530 παρὰ
1400 493 1573 530 ἀσθενεῖμο)
1644 494 1722 531 ψυχῇ
1749 494 1766 528 ἡ
1793 491 1828 520 δι’
1849 490 1888 529 ἶρ-

1066 551 1121 578 γων
1151 538 1293 576 μετάδοσις
1316 537 1482 576 παρακαλεῖν
1512 537 1632 567 δύναται.
1654 537 1672 572 ἢ
1696 539 1714 572 ὴ
1731 535 1777 565 διὰ
1802 536 1887 574 λόγων

1066 585 1194 622 προροπή
1233 584 1281 612 τοῦ
1319 583 1408 623 φέρειν
1446 581 1540 611 πενίαν
1568 583 1681 621 εὐγενῶς
1704 581 1749 610 καὶ
1779 581 1889 610 ἀταπει-

1066 630 1169 660 νώτως.

1101 765 1164 792 257.
1182 762 1231 790 Καὶ
1255 762 1386 799 ἀνοίξατε,
1409 761 1502 801 φησὶν,
1534 762 1560 789 οἱ
1589 760 1732 799 ἄρχοντες.
1766 762 1877 790 "Enna:

1065 810 1104 843 τῷ
1130 806 1296 845 παρακαλεῖν
1321 809 1356 844 τῇ
1384 809 1458 844 χειρῖ
1473 807 1503 834 τὸ
1518 806 1632 844 ἀνοίγειν
1647 807 1696 841 τὴν
1712 808 1804 844 χεῖρα
1821 805 1882 842 ὅπερ

1067 852 1110 880 ἰπὶ
1134 856 1186 887 τῆς
1211 850 1392 889 μεταδοτικῆς
1416 850 1549 889 ἆνεργείας
1573 848 1633 882 ἔθος
1660 850 1765 887 έστὶτῇ
1796 850 1885 888 Γραφῇ

1066 895 1225 934 λαμϐάνειν,
1265 897 1327 924 ὅταν
1364 897 1419 933 (Η)
1463 895 1539 933 λέγῃ·
1577 895 1746 930 ’Δνοίξαντος
1783 894 1812 922 δέ
1842 905 1885 922 σου

1066 943 1116 976 τὴν
1150 944 1242 980 χεῖρα,
1279 941 1313 968 τὰ
1348 941 1490 977 σύμπαντα
1523 939 1729 975 πλησθήσονται
1767 939 1886 977 χρηστό-

1066 997 1160 1022 τητος.
1186 986 1322 1021 Ἀνοίξατε
1355 985 1400 1013 οὖν
1429 985 1492 1017 τοὺς
1517 983 1607 1016 οἴκους
1637 985 1726 1021 ὑμῶν,
1752 984 1798 1012 καὶ
1826 983 1887 1015 τοὺς

1068 1030 1220 1069 θησαυροὺς
1247 1034 1299 1065 τῆς
1323 1031 1444 1066 κτήσεως
1473 1029 1593 1065 ἀνοίξατε
1621 1029 1706 1065 ξένοις
1721 1028 1767 1056 καὶ
1782 1028 1886 1062 πένησι.

1068 1076 1115 1110 Μὴ
1133 1076 1257 1113 συνέχετε
1271 1075 1305 1102 τὰ
1327 1075 1463 1112 προσόντα
1488 1074 1550 1110 ὑμῖν
1576 1073 1616 1105 εἲς
1640 1073 1813 1112 παραμυθίαν
1836 1076 1886 1101 τῶν

1068 1120 1321 1157 κατυπονουμὲνων.
1348 1119 1397 1147 Καὶ
1414 1121 1494 1147 τοῦτο
1510 1121 1614 1147 ποιεῖτε
1636 1121 1749 1156 πρῶτον
1769 1119 1836 1155 (12),
1863 1119 1887 1145 οἲ

1068 1164 1210 1204 ἄρχοντες,
1223 1163 1269 1192 ἵνα
1284 1163 1329 1192 διὰ
1351 1166 1399 1192 τοῦ
1424 1162 1624 1201 ὑποδείγματος
1647 1163 1692 1191 καὶ
1705 1163 1752 1190 τὸν
1767 1162 1833 1191 λαὸν
1848 1162 1887 1190 ἰν-

1068 1210 1195 1248 αγάγητε.
1212 1209 1324 1237 Δύναται
1340 1208 1369 1236 δὲ
1383 1212 1514 1244 νοηθῆναι
1528 1208 1574 1236 καὶ
1601 1207 1645 1236 ἐπὶ
1667 1207 1716 1236 τοῖ’)
1746 1207 1885 1245 διανοίγειν

1067 1255 1114 1286 τὰς
1140 1254 1256 1294 Γραφὰς,
1279 1254 1323 1281 καὶ
1357 1253 1392 1281 τὰ
1419 1253 1597 1290 κεκλεισμένα
1622 1251 1820 1281 ὑποδεικνύναι.
1847 1252 1887 1280 ’ἱνα

1070 1300 1107 1336 μή
1132 1309 1174 1330 τις
1207 1299 1318 1336 γένηται
1350 1300 1390 1334 τῷ
1421 1297 1533 1336 κρίματι
1573 1299 1627 1324 τῶν
1664 1297 1821 1336 Φαρισαίων
1844 1298 1884 1325 καὶ

1068 1344 1253 1382 Γραμματὲων
1279 1341 1418 1377 ὑπόδικος,
1435 1341 1532 1374 οἵτινες
1546 1340 1656 1380 ἔχοντες
1678 1343 1728 1373 τὰς
1751 1341 1828 1373 κλεῖς
1840 1343 1886 1376 τῆς

1070 1387 1219 1426 βασιλείας,
1250 1386 1311 1415 οὔτε
1342 1387 1418 1414 αὐτοὶ
1453 1387 1641 1424 εἰσέρχονται,
1667 1387 1713 1414 καὶ
1753 1386 1818 1418 τοὺς
1845 1385 1885 1414 δυ-

1068 1433 1200 1470 ναμένους
1215 1431 1346 1464 εἰσελθεῖν
1361 1431 1510 1460 κωλύουσι.
1536 1432 1608 1469 Πρὸς
1632 1430 1677 1459 οὖν
1701 1431 1766 1463 τοὺς
1791 1430 1887 1469 ἄρχον-

1066 1488 1114 1508 τας
1139 1476 1306 1515 διαλέγεται,
1338 1475 1402 1507 τοὺς
1425 1475 1540 1514 ἔχοντας
1566 1475 1614 1507 τὰς
1644 1474 1720 1508 κλεῖς
1743 1479 1794 1510 τῆς
1818 1477 1885 1514 γνώ-

1069 1532 1147 1553 σεως.
1171 1521 1276 1552 Τούτου
1296 1520 1463 1553 κατακούσας
1483 1523 1532 1548 τοῦ
1556 1520 1641 1558 ῥητοῦ
1665 1521 1679 1548 6
1704 1519 1814 1552 Παῦλος
1837 1519 1888 1547 ελε-

1068 1576 1108 1604 γε·
1134 1567 1169 1594 Τὸ
1207 1566 1295 1603 στόμα
1330 1566 1411 1602 ἡμῶν
1449 1565 1548 1603 ἀνέῳγε
1584 1565 1653 1602 πρὸς
1684 1565 1767 1602 ὑμᾶς,
1794 1565 1887 1602 Κορίν-

1069 1617 1135 1644 οιοι.

1102 1657 1166 1684 258.
1210 1655 1282 1693 Ἐγὼ
1326 1655 1487 1689 συντάσσω,
1521 1654 1567 1682 καὶ
1609 1653 1662 1692 ἐγὼ
1702 1652 1760 1692 ἄγω
1798 1653 1891 1685 αὐτούς

1068 1702 1155 1737 Ἣμᾶς
1170 1701 1227 1738 χρὴ
1251 1700 1367 1738 ἐνεργεῖν
1382 1699 1414 1727 τὸ
1429 1700 1496 1736 ἡμῖν
1514 1697 1636 1728 δυνατόν.
1652 1699 1681 1728 Ὀ
1697 1697 1727 1726 δὶ
1753 1696 1825 1737 ἄγων
1842 1699 1889 1726 αὖ·

1068 1745 1131 1776 τοὺς
1146 1744 1244 1782 Κύριός
1258 1745 1325 1779 ἐστι,
1346 1744 1391 1772 καὶ
1417 1745 1431 1772 6
1456 1743 1627 1771 κατατάσσων
1657 1739 1769 1770 ἕκαστον
1799 1743 1826 1771 ἂν
1854 1745 1890 1778 τῷ

1070 1791 1176 1826 σώματι
1199 1792 1249 1824 τῆς
1281 1788 1445 1824 Ἐκκλησίας
1468 1788 1537 1826 πρὸς
1560 1788 1610 1823 τὴν
1640 1786 1709 1815 ἰδίαν
1735 1787 1820 1823 ἀξίαν.
1847 1786 1889 1814 Pl-

1070 1843 1165 1870 γαντες
1203 1832 1333 1871 ἔρχονται
1369 1833 1516 1870 πληρῶσαι
1550 1831 1595 1860 τὸν
1633 1831 1717 1869 θυμόν
1750 1842 1803 1869 μου
1831 1831 1892 1869 χαί-

1072 1888 1163 1916 ροντες
1179 1878 1236 1914 ἅμα
1263 1877 1307 1905 καὶ
1340 1875 1504 1916 ὑϐρίζοντες.
1527 1877 1651 1905 ἈπειΛεῖ
1665 1877 1679 1904 6
1708 1875 1794 1914 λόγος
1809 1886 1893 1911 πονη-

1072 1925 1126 1960 ρῶν
1148 1932 1230 1950 τινων
1263 1922 1309 1950 καὶ
1337 1922 1492 1960 θεωμάχων
1517 1920 1666 1958 ιπιδημίαν
1695 1920 1735 1953 είς
1757 1919 1892 1955 ἐκδίκησιν

1072 1966 1317 2003 ἀποστελλομὲνων
1347 1966 1415 1995 κατὰ
1441 1965 1495 1994 τῶν
1524 1966 1739 2003 ἡμαρτηκότων.
1755 1966 1805 1993 Διὰ
1819 1967 1894 1993 τοῦτο

1072 2011 1276 2050 προνοούμενος
1292 2013 1345 2039 τῶν
1363 2008 1540 2050 φοϐουμένων
1558 2010 1649 2046 αὐτὸν,
1670 2011 1761 2048 ἀνάγει
1779 2010 1827 2047 μὲν
1852 2008 1895 2037 αύ-

1071 2056 1136 2087 τοὺς
1150 2055 1194 2084 έπὶ
1217 2057 1248 2084 τὸ
1271 2056 1401 2094 καρτερὸν
1423 2055 1490 2092 ὕψος
1513 2054 1562 2082 τοῦ
1584 2053 1676 2092 ὅρους,
1692 2053 1895 2092 ἱνασφαλίζεται

1074 2100 1103 2128 δὶ
1118 2100 1215 2132 αὐτοὺς
1230 2102 1264 2138 τῇ
1287 2100 1443 2137 ὁμαλότητι
1465 2103 1515 2135 τῆς
1540 2103 1673 2138 κορυφῆς.
1690 2097 1791 2126 Δίδωσι
1808 2097 1836 2126 δὲ
1852 2097 1895 2125 αὖ·

1073 2148 1131 2176 τοῖς
1146 2144 1331 2183 φυλακτήριον
1348 2145 1380 2172 τὸ
1405 2147 1530 2181 σημεῖον,
1562 2143 1698 2174 ὑποτιθείς
1727 2144 1786 2180 (l3)
1809 2142 1896 2172 αὐτοῖς

1074 2191 1123 2225 τὴν
1140 2189 1185 2217 διὰ
1206 2192 1260 2217 τῶν
1275 2190 1382 2227 ἀγαθῶν
1406 2186 1491 2227 ἔργων
1521 2188 1704 2227 παρασκευὴν,
1728 2189 1892 2225 παρακαλεῖν

1074 2236 1108 2272 τῇ
1124 2235 1199 2272 χειρὶ
1214 2234 1276 2266 τοὺς
1294 2231 1484 2270 θλιϐομένους,
1508 2233 1623 2270 ἀνοίγειν
1652 2233 1683 2260 τὸ
1713 2233 1803 2269 στόμα
1830 2231 1893 2270 πρὸς

191 2275 396 2304 excursionem
407 2277 558 2313 effugiant.
569 2278 709 2315 Gigantes
719 2280 798 2307 enim
814 2281 846 2308 ut
860 2280 1021 2316 plurimum

1076 2277 1249 2307 διδασκαλίαν
1287 2281 1341 2306 τῶν
1376 2278 1615 2315 μαθητευομένων,
1640 2275 1688 2304 ’ἱνα
1716 2276 1824 2315 φύγωσι
1848 2276 1893 2310 τὴν

191 2319 380 2355 accipiuntur
402 2321 431 2348 in
456 2321 564 2350 malam
589 2325 700 2358 partem
711 2324 744 2351 ⁸³.
762 2324 897 2353 Fortasse
921 2327 1019 2353 autem

1075 2322 1228 2362 ἐπιδρομὴν
1252 2325 1305 2351 τῶν
1330 2323 1471 2361 γιγάντων.
1494 2322 1619 2360 Γίγαντες
1646 2322 1708 2359 γὰρ,
1736 2322 1774 2353 ὡς
1803 2321 1845 2348 ἐπὶ
1867 2320 1894 2347 τὸ

193 2364 243 2400 qui
259 2364 306 2392 hic
330 2365 464 2401 gigantes
486 2367 680 2402 appellantur,
697 2376 747 2396 eos
762 2368 922 2398 dilucidius
936 2372 1021 2398 vocat

192 2408 330 2437 Psalmus
345 2410 464 2446 angelos
483 2411 587 2446 malos,
604 2412 704 2441 dicens
721 2422 727 2441 :
747 2414 824 2441 Misit
840 2415 869 2441 in
890 2422 934 2442 eos
948 2415 1022 2442 iram

192 2452 399 2490 indignationi:
413 2462 482 2490 sua,
498 2456 735 2493 indignationem,
748 2459 772 2486 et
787 2459 870 2492 iram,
886 2460 913 2486 et
927 2458 1021 2487 tribu-

1074 2368 1157 2403 πολὺ,
1175 2368 1217 2396 ἰπὶ
1231 2370 1279 2396 τοῦ
1295 2367 1420 2406 χείρονός
1441 2366 1492 2394 εἰσι
1514 2365 1685 2404 τεταγμένοι.
1702 2366 1785 2403 Τάχα
1799 2364 1827 2394 ὃὶ
1838 2364 1896 2394 τοὺς

1075 2413 1187 2445 ἐνταῦθα
1221 2413 1348 2451 γίγαντας
1388 2412 1514 2448 ὠνόμασε
1545 2410 1705 2450 σαφέστερον
1745 2411 1759 2438 6
1791 2409 1895 2447 ψαλμὸ(

1075 2457 1211 2496 ἀγγέλους
1240 2457 1392 2495 πονηροὺς,
1423 2455 1520 2494 λέγων’
1547 2454 1749 2491 Ἐξαπᾶστειλεν
1779 2455 1835 2492 (14)
1861 2452 1894 2483 είς

228 2548 250 2567 ⁸ο
265 2549 341 2577 Psal.
358 2558 419 2584 cm,
435 2551 480 2579 28.
518 2551 540 2569 ⁸¹
557 2551 626 2580 Luc.
642 2560 682 2586 χι,
697 2552 742 2580 52.
781 2552 804 2570 ⁸³
820 2553 846 2581 ΙΙ
860 2553 924 2582 Cor.
941 2561 981 2588 v1,
999 2553 1025 2581 11

1080 2553 1102 2571 ⁸⁸
1118 2553 1189 2581 Gen.
1205 2561 1245 2588 τι,
1261 2553 1292 2586 4;
1307 2554 1375 2588 Sep.
1390 2560 1451 2586 xxv,
1465 2551 1493 2580 6.

228 2651 271 2690 (9i
280 2652 398 2690 Codices
413 2654 484 2687 tres,
500 2652 696 2690 Ιῐαρακαλεῖτε,
712 2653 907 2684 εοηεοιαγηίηί.

229 2687 285 2722 (10)
299 2688 346 2727 Sic
361 2688 443 2727 Regii
470 2687 594 2727 primjus,
612 2687 723 2727 tertius?
736 2692 770 2727 et
793 2694 927 2727 quartus.
944 2691 1022 2720 Editi

194 2723 337 2761 vero,_~[&_zp
352 2724 398 2751 τὸν
406 2723 524 2760 Ῑὶσθένῆ.
542 2723 659 2754 Rectius
674 2723 814 2761 quidem}
830 2728 881 2756 sed
896 2728 925 2756 in
940 2728 1022 2757 nullo

195 2733 339 2786 verm-110%
352 2733 398 2751 τον
414 2733 524 2760 ασθενη,
542 2733 659 2754 uacuus
674 2733 780 2761 quiaen

195 2760 284 2786 veteri
311 2767 318 2785 1
342 2768 373 2787 ro
389 2761 430 2790 ita
444 2762 588 2790 scriptum
603 2761 780 2790 invenimus.

195 2793 285 2855 e'gl)
305 2793 434 2832 Uterque
457 2793 536 2827 Colb.
562 2800 590 2826 et
613 2799 685 2834 Reg.
710 2799 870 2832 secundus,
895 2799 957 2826 ὅταν
982 2800 1022 2834 τῷ

217 2837 262 2864 εῳ.

1109 2656 1167 2693 (12)
1179 2656 1226 2684 Sic
1244 2664 1322 2693 gmss.
1339 2653 1563 2693 omne_s.__lf]di_ti,
1588 2653 1704 2693 πρῶτοι.
1719 2652 1788 2682 Mox
1810 2650 1896 2681 nostri

1075 2688 1126 2721 sei
1140 2688 1226 2725 11333.,
1241 2691 1399 2755 ἐναγαγιῃτε.
1416 2690 1508 2732 Ειῌῇἰ
1519 2688 1678 2751 ἐπανάγητε.

1110 2729 1168 2755 (l3)
1181 2728 1300 2755 Veteres
1316 2736 1332 2755 a
1344 2728 1427 2755 iauot
1442 2726 1521 2755 libri.
1539 2725 1606 2752 ὑποτ
1620 2729 1678 2755 Orta

1110 2729 1168 2764 (13)
1181 2725 1300 2764 Veteres
1316 2725 1427 2764 aliquot
1440 2726 1521 2764 libri,
1539 2725 1704 2764 ὑποτίθεταιέ

1111 2758 1166 2806 ω)
1181 2758 1473 2806 Εάίιίίβεατίίετιιλι
1490 2758 1825 2806 γέιετηὲέιίεευὶεξιξιμιάρ
1849 2765 1896 2786 οι·

1075 2795 1246 2836 punximus,
1261 2795 1470 2828 tide'oodicum
1485 2795 1684 2833 q'u'orumdam
1698 2795 1802 2824 innixi.
