1995 3142
98 169 153 200 581

480 164 684 196 COMMENT.
706 167 747 197 IN
768 166 903 197 lSAlAM
926 167 1177 198 PROPHETAM.
1200 167 1285 198 CAP.
1310 168 1394 198 XIII.

1740 171 1800 201 582

97 235 142 263 τὸν
157 233 202 262 ιπὶ
227 233 331 260 πάντῶν
359 232 423 260 Θεὸν
452 232 628 268 κεκτημένος.
667 235 703 263 Ως
726 231 778 269 γὰρ
802 232 918 270 εὐγενεῖς

977 235 1026 268 est,
1043 233 1093 269 qui
1108 241 1142 262 ex
1165 233 1259 261 Patris
1282 234 1409 262 essentia
1433 243 1518 263 suam
1542 235 1631 264 habet
1653 236 1800 265 substan-

99 280 212 317 λέγομεν
227 277 290 308 τοὺς
306 277 358 304 ἀπὸ
373 274 488 313 αἳματος
504 275 660 314 βασιλικοῦ,
676 275 764 307 οὕτως
779 276 919 312 ἀληθινῶς

99 323 219 361 εὐγενὴς,
241 322 254 349 6
278 321 308 349 ἐκ
330 325 380 356 τῆς
405 320 497 351 οὐσίας
524 321 573 348 τοῦ
601 321 706 357 Πατρὸς
731 321 781 354 τὴν
807 319 918 359 ὕπαρξιν

98 366 178 406 ἔχων.
193 366 244 394 Καὶ
260 367 274 393 6
288 366 356 393 κατὰ
380 366 426 393 τὸν
456 368 575 403 Σωσῆρπ
600 365 656 401 (39)
680 363 821 402 ἅνθρῶπος
846 365 920 402 εὐγε-

97 412 143 446 νὴς
157 409 186 438 ἃν
202 410 323 448 λέγοιτο.
340 410 376 437 Οὑ
392 409 475 446 μόνον
490 410 542 446 γὰρ
564 409 630 437 κατὰ
644 410 694 443 τὴν
709 409 824 444 θεότητα
838 409 920 437 νοού-

99 466 175 493 μενος
201 456 215 483 6
238 455 337 493 Κύριος
364 453 484 492 εὐγενής,
511 455 543 482 τὸ
571 454 686 491 καθαρὸν
714 454 759 481 καὶ
775 453 918 492 εἰλικρινὲς

96 501 138 528 καὶ
162 500 262 538 ἀμιγὲς
285 501 320 536 τῇ
350 499 425 536 τρύσει
455 498 481 526 ἐν
510 499 597 534 ἑαυτῷ
630 499 816 535 κεκτημένος·
846 497 920 526 ἀλλᾶ

96 546 137 573 καὶ
155 544 225 572 κατὰ
245 544 276 571 τὸ
303 543 471 581 ἀνθρώπινον
501 544 621 578 πάντως,
644 543 720 581 γένος
736 543 766 570 ἐκ
797 543 919 580 σπέρμα-

96 600 139 620 τος
163 586 248 616 Δαϐιδ
276 588 343 616 κατᾶ
371 589 467 626 σάρκα.
504 587 649 626 Πορεύεται
679 586 724 614 οὖν
759 587 797 618 εἷς
824 588 918 625 χώραν

99 634 211 671 μακρὰν,
244 633 276 661 ού
305 634 433 660 τοσοῦτον
460 634 500 669 τῷ
523 633 600 668 τόπῳ
629 631 785 667 διεστῶσαν,
806 631 869 660 ὅσον
883 634 918 669 τῇ

96 677 254 706 καταστάσει
276 679 330 704 τῶν
356 677 534 714 πραγμάτων.
559 676 608 704 Καὶ
638 677 690 714 γὰρ
720 677 734 703 6
759 676 838 707 αὐτὸς
853 676 919 708 Θεὸς

96 721 138 750 καί
152 721 234 760 ἐγγύς
257 721 326 749 ἐστιν
350 721 452 758 ἑκάστῳ
475 723 566 758 ἡμῶν,
593 721 657 748 ὅταν
681 721 709 748 αἱ
731 720 828 758 ἀγαθαὶ
847 721 919 759 πρά-

96 768 145 803 ξεις
160 766 209 800 τὴν
226 767 297 804 πρὸς
318 766 400 793 αὐτὸν
431 765 568 792 οἱκείωσιν
595 766 664 802 ἡμῖν
691 765 851 803 προξινωσι·
871 765 916 793 καὶ

97 810 196 847 μακρὰν
212 811 328 848 γίνεται,
348 809 410 837 ὅταν
438 810 520 846 ἡμεῖς
550 809 660 841 ἑαυτοὺς
682 808 726 837 διὰ
748 810 779 836 τὸ
802 819 914 847 προσεγ-

94 855 173 892 γίζειν
195 856 230 892 τῇ
257 854 381 890 ἀπωλείᾳ
410 853 588 892 μακρύνωμεν
615 854 659 881 ἀπ’
683 853 775 882 αὐτοῦ.
802 854 916 885 Οὗτοςὸ

96 898 212 936 εὐγενὴς,
245 898 410 935 θεασάμενος
437 898 483 925 τὸν
506 896 608 935 κόσμον
635 898 687 926 ὑπὸ
710 901 760 933 τῆς
784 899 917 936 ἁμαρτίας

98 943 320 981 βασιλευόμενον,
336 942 381 970 καὶ
404 944 438 980 τῇ
467 944 551 979 πικρᾷ
578 941 712 980 τυραννίδι
739 945 787 970 τοῦ
815 942 917 980 ἐχθροῦ

97 988 285 1025 ὑποκείμενον,
311 987 425 1022 ἐλεήσας
453 988 501 1022 τὴν
525 987 666 1025 ἀναρχίαν,
694 986 850 1023 κατεδέξατο
870 987 916 1015 αὕη

95 1034 146 1060 τῶν
174 1033 346 1070 βασιλεῦσαι.
378 1034 423 1059 Δεῖ
447 1032 498 1070 γὰρ
528 1031 607 1059 αύτὸν
635 1031 807 1070 βασιλεύειν,
835 1031 917 1070 ἄχρις

96 1077 124 1104 οὗ
151 1075 182 1105 ἃν
206 1078 266 1114 (40)
293 1078 327 1114 θῇ
355 1076 417 1108 τοὺς
446 1075 562 1114 ἐχθροὺς
590 1077 672 1104 αὐτοῦ
702 1077 753 1104 ὑπὸ
781 1077 844 1108 τοὺς
872 1076 918 1104 πό-

95 1119 139 1153 δας
152 1120 244 1150 αὐτοῦ.
264 1121 338 1149 Ἐπεὶ
363 1120 409 1148 οὗν
430 1119 514 1155 ἦλθεν
543 1121 580 1151 εἷς
607 1121 652 1148 τὸν
674 1121 810 1159 περίγειον
834 1121 918 1148 τόπον

93 1168 194 1200 τοῦτονΙ
211 1166 264 1200 τὴν
282 1165 374 1203 χώραν
390 1166 439 1200 τήν
457 1165 561 1202 μακρὰν
583 1164 662 1192 οὖσαν
688 1167 736 1192 τοῦ
756 1167 833 1202 Θεοῦ,
850 1165 918 1193 ὥστε

94 1207 183 1237 λαϐεῖν
197 1211 250 1245 τὴν
269 1209 313 1237 ἐπὶ
337 1210 371 1237 τὰ
399 1208 459 1245 ἔθνη
487 1209 636 1247 βασιλείαν,
659 1209 726 1237 κατᾶ
749 1209 781 1237 τὸ
809 1209 917 1247 εῗρημέ-

94 1265 135 1281 νον
158 1254 184 1282 ἐν
211 1256 331 1292 ψαλμῷ·
356 1252 471 1290 Λῖτησαι
495 1255 558 1292 παρ’
582 1254 661 1291 ἐμοῦ,
687 1254 732 1282 καὶ
757 1253 836 1282 δώσω
874 1265 918 1282 σοι

95 1297 153 1332 ἔθνη
167 1300 216 1334 τὴν
240 1299 430 1337 κληρονομίαν
448 1309 507 1326 σου·
540 1299 565 1326 οἱ
590 1299 642 1327 ὑπὸ
654 1299 700 1327 τὸν
727 1297 846 1338 ἄρχοντα
861 1300 918 1336 (41)

96 1346 140 1370 τοῦ
163 1343 265 1374 αἲῶνος
288 1343 386 1371 τούτου
409 1344 580 1381 τεταγμένοι,
607 1344 639 1371 οὐ
663 1344 745 1380 μόνον
766 1342 916 1382 ἅνθρωποι,

97 1386 164 1415 ἀλλᾶ
186 1388 231 1416 καί
265 1386 392 1424 δυνάμεις
415 1388 442 1415 αἱ
469 1388 512 1415 ὑπ’
542 1388 626 1415 αὐτοῦ
651 1387 870 1426 στρατευόμεναι,
887 1388 917 1416 οὐ

97 1431 267 1468 κατεδέξαντο
290 1431 371 1460 αὐτοῦ
394 1432 444 1466 τήν
470 1431 616 1469 βασιλείαν
634 1431 707 1460 ἀλλὰ
730 1431 823 1464 δόντος
837 1433 919 1460 αὐτοῦ

96 1476 140 1508 τὰς
153 1475 268 1508 ιντολὰς
290 1478 335 1503 καί
359 1477 408 1511 τὴν
431 1475 556 1514 ἐργασίαν
584 1476 683 1511 αὐτῶν,
699 1476 743 1504 καὶ
770 1477 808 1513 μὴ
834 1477 918 1514 ἀργὰς

96 1520 187 1552 ταύτας
212 1520 391 1551 κελεύσαντος
412 1520 453 1547 tn‘
476 1520 568 1552 αὐτοῖς
587 1522 769 1557 κατακεῖσθαι,
783 1521 855 1549 ἀλλὰ
868 1522 918 1556 τήν

97 1565 214 1602 ὶργασίαν
269 1564 356 1592 αὐτῶν
395 1564 597 1600 ἰπιζητοῦντος,
635 1562 758 1603 ἔπεμψαν
794 1563 920 1604 πρέσϐεις

100 1609 182 1637 ὀπίσω
198 1610 294 1644 αὐτοῦ,
310 1609 470 1647 ἀρνούμενοι
486 1609 568 1638 αὐτοῦ
582 1610 631 1645 τὴν
650 1609 800 1648 βασιλείαν.

129 1655 190 1683 264.
206 1654 290 1686 Τίνες
302 1654 348 1681 οὖν
364 1652 500 1692 πρέσϐεις,
525 1653 588 1682 ἀλλ’
613 1656 668 1692 (42)
687 1654 705 1689 ἢ
731 1655 757 1682 οἱ
780 1655 826 1682 τὸν
843 1654 922 1683 θάνα-

98 1709 139 1726 τον
161 1699 354 1736 ἐνεργήσαντες
379 1701 427 1726 τοῦ
457 1702 608 1737 Σωτῆρος;
637 1699 670 1727 Οἱ
696 1699 855 1736 νομίσαντες
879 1698 925 1728 διὰ

98 1743 142 1770 τοῦ
171 1745 291 1782 σταυροῦ
321 1742 474 1771 διακόπτιιν
504 1743 586 1771 αὐτοῦ
611 1744 662 1778 τὴν
691 1743 734 1771 ἰπὶ
757 1744 804 1772 τόν
820 1744 921 1781 κόσμον

102 1788 246 1825 βασιλείαν,
280 1788 306 1815 οἳ
332 1787 456 1826 λέγοντες
481 1790 521 1824 τῷ
548 1787 670 1824 Πιλάτῳ·
697 1789 741 1823 Μή
770 1789 868 1827 γράφε,
881 1788 923 1817 ὅτι

99 1832 197 1870 Ὀ(43)
228 1832 359 1872 βασιλεὺς
387 1835 441 1860 τῶν
471 1831 620 1868 Ἰουδαίων,
650 1831 712 1860 ἀλλ’
736 1832 778 1860 ὅτι
805 1834 924 1865 Ἐκεῖνος

102 1877 163 1912 dm,
194 1877 325 1915 βασιλεύς
353 1877 410 1913 εἰμι
438 1879 492 1904 τῶν
524 1875 672 1904 Ἰουδαίων.
699 1876 777 1905 Ἀλλ’
805 1875 882 1915 ὅμως
905 1879 922 1913 ἠ

100 1921 212 1958 πονηρία
234 1923 291 1950 τῶν
321 1921 485 1949 κωλυόντων
515 1920 611 1952 αὐτοὺς
638 1921 685 1958 μὶν
714 1922 864 1959 κατέκρινε,
888 1924 922 1960 τῇ

101 1964 127 1993 δὲ
141 1966 289 2003 οἷ’κονομίᾳ
312 1967 363 1994 οὐκ
383 1964 531 1994 ὶνεπόδισε.
560 1966 701 2003 Κρστήσας
727 1966 779 2004 γὰρ
807 1970 856 2002 τῆς
876 1967 923 2005 βα-

101 2011 209 2046 σιλείας,
233 2011 280 2039 καὶ
299 2009 440 2048 διανείμας
468 2013 527 2042 τοῖς
552 2009 663 2042 δούλοις
687 2011 755 2038 κατὰ
782 2011 831 2045 τὴν
850 2011 921 2048 ἀξίαν

99 2059 143 2091 τῆς
157 2055 272 2084 ἑκάστου
299 2056 388 2084 αὑτῶν
418 2055 554 2093 ἐργασίας,
583 2054 720 2083 ἰκὲλευσιν
749 2055 846 2087 αὐτοὺς
870 2067 924 2095 φω-

99 2104 220 2135 νηθῆναι,
248 2099 297 2128 ’ίνα
322 2103 379 2138 γνῷ
404 2100 431 2128 τί
460 2099 727 2137 ἐπραγματεύσαντο,
745 2101 793 2128 Καὶ
816 2103 856 2137 τῷ
877 2101 924 2137 μὲν

99 2144 206 2183 πρώτῳ,
232 2144 299 2173 δέκα
329 2147 395 2182 μνᾶς
423 2144 694 2182 προσιμγασαμένῳ,
724 2143 822 2172 ἔδωκεν
852 2145 924 2180 ἰξουη

101 2187 153 2216 σίαν
167 2189 261 2217 ἐπάνω
277 2187 340 2216 δέκα
353 2188 471 2217 πόλεων·
500 2190 540 2225 τῷ
564 2187 592 2216 δὲ
617 2188 745 2226 δευτέρῳ,
761 2189 840 2217 πέντι
857 2193 922 2226 μνᾶς

100 2234 321 2272 προσπορίσαντι,
352 2232 441 2271 λέγει·
466 2233 543 2261 Γίνου
577 2234 634 2270 (44)
661 2233 749 2260 ἐπάνω
772 2233 852 2261 πέντε
873 2234 923 2261 πό-

972 278 1056 305 tiam.
1074 278 1130 305 Sed
1151 279 1179 305 et
1203 277 1334 306 Salvator
1362 278 1449 306 homo
1479 279 1586 308 nobilis
1609 280 1665 308 dici
1691 283 1798 317 potest.

973 323 1035 350 Non
1051 322 1129 350 enim
1154 322 1250 350 solum
1276 323 1438 351 secundum
1458 324 1637 353 divinitatem
1654 325 1797 354 Dominus

975 366 1080 394 nobilis
1095 366 1280 402 intelligitur,
1293 368 1401 404 quippe
1414 367 1464 403 qui
1481 367 1510 395 in
1522 368 1680 404 semetipso
1692 372 1798 405 suapte

974 413 1080 439 natura
1108 411 1277 447 puritatem,
1300 411 1497 440 sinceritatem
1524 414 1553 440 et
1576 413 1796 449 simplicitatem

974 456 1070 484 omnis
1086 455 1269 484 admistionis
1285 458 1431 492 expertem
1456 458 1606 493 possideat
1621 467 1627 485 :
1643 458 1693 485 sed
1711 459 1796 486 nobi-

974 500 1012 528 lis
1027 501 1114 528 etiam
1125 502 1170 529 est
1180 501 1299 528 omnino
1315 502 1478 529 secundum
1495 502 1718 537 humanitatem,
1731 511 1797 531 cum

974 545 1012 573 sit
1027 545 1188 573 secundum
1205 553 1321 573 carnem
1339 554 1373 573 ex
1386 546 1503 574 Davidis
1519 547 1630 575 semine
1643 547 1796 576 oriundus.

972 590 1040 617 Abit
1052 590 1142 626 igitur
1154 590 1184 617 in
1197 590 1389 627 longinquam
1406 591 1565 627 regionem,
1578 600 1635 620 non
1648 594 1707 619 tam
1724 592 1799 627 loco,

974 642 1062 670 quam
1082 643 1177 662 rerum
1200 637 1276 662 statu
1302 635 1438 663 dissitam
1463 637 1492 663 et
1515 639 1669 664 remotam.
1686 636 1798 664 Etenim

973 679 1050 707 Deus
1074 679 1136 714 ipse
1161 678 1321 714 unicuique
1345 681 1477 707 nostrum
1504 687 1593 716 prope
1619 681 1713 715 adest,
1730 689 1798 708 cum

973 723 1202 751 familiaritatem
1218 724 1281 759 ejus
1307 724 1392 751 nobis
1413 723 1571 752 conciliant
1596 724 1726 753 actiones
1747 725 1799 753 bo-

973 776 1016 795 na:
1029 776 1034 794 :
1051 769 1078 795 et
1093 767 1179 803 longe
1194 768 1276 795 abest
1290 770 1363 802 tum,
1377 774 1446 796 cum'
1459 768 1622 804 perditione
1638 769 1799 805 appropin-

973 814 1108 848 quantes,
1133 812 1330 847 nosmetipsos
1353 812 1391 840 ab
1418 820 1451 840 eo
1475 812 1659 849 elongamus.
1686 813 1798 842 Nobilis

971 857 1020 885 ille
1035 857 1179 884 mundum
1192 857 1302 893 peccati
1317 857 1440 893 imperio
1456 858 1620 893 subjectum
1638 860 1666 885 et
1680 866 1799 886 amaru-

971 902 1056 929 lentus
1085 901 1197 929 inimici
1211 901 1360 937 tyrannidi
1385 902 1535 930 subditum
1561 902 1674 936 videns,
1691 905 1719 930 ct
1738 905 1798 931 sta-

972 949 1034 974 tum
1051 946 1182 983 principe
1197 949 1345 974 carentem
1369 947 1537 980 miseratus,
1555 955 1604 974 rex
1619 955 1720 974 eorum
1736 947 1799 975 ﬁeri

973 999 1029 1018 non
1056 991 1210 1018 recusavit.
1235 990 1343 1026 Oportet
1369 992 1445 1018 enim
1470 991 1552 1018 illum
1575 999 1703 1027 regnare,
1716 992 1800 1020 donec

970 1038 1056 1070 ponat
1079 1035 1206 1062 inimicos
1229 1034 1288 1070 ejus
1312 1034 1362 1062 sub
1382 1034 1496 1070 pedibus
1525 1035 1615 1071 ejus".
1637 1037 1797 1071 Postquam

971 1079 1062 1115 igitur
1076 1079 1154 1107 venit
1169 1079 1197 1106 in
1213 1078 1310 1107 locum
1332 1079 1410 1106 hunc
1423 1081 1581 1112 terrenum,
1598 1079 1628 1106 in
1650 1079 1798 1115 regionem

972 1123 1105 1152 videlicet
1115 1123 1215 1160 procul
1232 1131 1248 1151 θ.
1258 1123 1316 1151 Deo
1331 1125 1473 1151 remotam
1485 1132 1492 1158 ;
1505 1125 1537 1151 ut
1547 1124 1625 1152 580
1642 1124 1797 1160 imperium

972 1168 1002 1196 in
1031 1171 1132 1204 gentes
1162 1167 1296 1204 accipiat,
1316 1168 1402 1203 juxta
1430 1167 1502 1195 illud
1533 1168 1638 1204 psalmi
1659 1168 1797 1196 dictum:

972 1212 1088 1241 Postulo
1103 1221 1120 1240 τι
1136 1220 1188 1247 me,
1200 1215 1226 1240 et
1235 1212 1303 1240 dabo
1318 1212 1371 1239 tibi
1379 1215 1471 1247 gentes
1482 1213 1673 1240 haereditatem
1688 1213 1799 1247 luant“;

972 1257 993 1284 ii
1014 1257 1065 1293 qui
1093 1257 1183 1292 hujus
1207 1257 1306 1285 saeculi
1331 1257 1454 1292 principi
1480 1257 1724 1292 subjiciebantur,
1740 1265 1797 1285 non

974 1301 1108 1330 homines
1129 1301 1236 1336 solum,
1253 1301 1303 1329 sed
1320 1305 1349 1330 et
1364 1303 1523 1337 potestates
1539 1302 1593 1329 sub
1616 1309 1648 1329 eo
1673 1301 1799 1328 militan-

972 1348 1026 1378 tes,
1057 1353 1180 1382 regnum
1205 1346 1300 1382 ipsius
1329 1354 1387 1374 non
1410 1346 1606 1374 admiserunt.
1632 1346 1704 1373 Nam
1730 1353 1798 1373 cum

973 1390 1103 1418 dedisset
1118 1395 1271 1426 prmcepta,
1283 1399 1316 1418 ac
1329 1390 1467 1425 jussisset
1479 1392 1511 1417 ut
1526 1398 1559 1417 ea
1574 1389 1795 1425 perﬁcerentur,

974 1443 1026 1462 nec
1055 1435 1131 1470 apud
1162 1443 1192 1462 se
1220 1435 1312 1462 otiosa
1343 1436 1522 1462 manerent:
1549 1434 1608 1461 imo
1637 1442 1704 1461 vero
1729 1442 1796 1462 cum

974 1487 1074 1507 eorum
1105 1482 1249 1515 questum
1277 1479 1449 1514 requireret,
1478 1478 1589 1514 legatos
1619 1481 1685 1514 post
1713 1477 1798 1506 illum

975 1523 1126 1559 miserunt,
1143 1524 1193 1559 qui
1218 1524 1280 1559 ejus
1305 1525 1444 1559 negarent
1459 1523 1616 1559 imperium
1641 1531 1674 1551 ac
1699 1523 1796 1550 detre-

974 1569 1096 1596 ctarent.

1012 1658 1074 1684 264.
1091 1657 1214 1691 Quinam
1230 1657 1320 1692 igitur
1335 1656 1434 1693 legati,
1446 1657 1501 1684 nisi
1517 1656 1537 1684 ii
1554 1656 1604 1692 qui
1621 1656 1722 1683 mortis
1736 1657 1802 1684 Ser-

976 1702 1085 1730 vatoris
1099 1702 1177 1729 fuere
1193 1702 1346 1729 auctores?
1368 1702 1421 1735 Qui
1439 1710 1489 1738 per
1504 1709 1619 1729 crucem
1646 1701 1802 1737 imperium

978 1747 1055 1783 quod
1089 1746 1119 1773 in
1149 1746 1292 1774 mundum
1327 1746 1425 1782 habet,
1455 1745 1624 1774 exscindere
1653 1753 1684 1773 se
1718 1753 1804 1781 posse

978 1791 1207 1826 arbitrabantur,
1225 1799 1258 1818 ac
1282 1791 1418 1818 dicebant
1443 1790 1534 1818 Pilato
1551 1798 1557 1817 :
1573 1789 1640 1817 Noli
1662 1790 1781 1817 scribere
1795 1798 1805 1818 :

978 1836 1036 1864 Rea:
1048 1836 1220 1869 Judworum,
1235 1835 1280 1863 sed
1295 1836 1361 1871 quia
1384 1835 1431 1863 ille
1446 1835 1529 1869 dixit,
1547 1836 1604 1861 (lea:
1619 1842 1681 1861 sum
1697 1834 1807 1862 Iudaeo-

977 1889 1040 1908 rum
1052 1881 1071 1907 ⁸.
1094 1882 1229 1908 Attamen
1253 1888 1354 1908 eorum
1380 1879 1429 1915 qui
1456 1878 1651 1915 prohibebant
1677 1878 1810 1914 nequitia

978 1925 1059 1961 ipsos
1084 1925 1202 1959 quidem
1231 1924 1445 1958 condemnavit,
1462 1923 1511 1951 scd
1528 1923 1578 1951 Dei
1602 1922 1724 1950 consilio
1749 1931 1808 1950 non

977 1969 1102 1997 obstitit.
1117 1969 1276 2005 Postquam
1291 1969 1368 1997 enim
1386 1969 1498 2003 politus
1514 1968 1620 1995 fuisset
1633 1975 1733 2003 regno,
1749 1975 1808 1995 ser-

977 2015 1079 2049 visque
1108 2022 1160 2049 pro
1189 2014 1333 2049 cujusque
1363 2012 1467 2040 merito
1497 2012 1614 2047 negotia
1644 2020 1676 2039 ac
1705 2011 1806 2040 munia

978 2059 1113 2087 obeunda
1128 2058 1338 2091 distribuisset,
1356 2057 1450 2084 vocari
1467 2056 1533 2084 illos
1549 2055 1650 2092 jussit,
1669 2057 1701 2082 ut
1716 2063 1804 2091 quem

978 2105 1122 2136 quaestum
1147 2102 1292 2135 fecissent,
1310 2103 1489 2137 agnosceret.
1507 2101 1542 2128 Et
1565 2100 1656 2135 primo
1672 2100 1801 2135 quidem,

978 2148 1029 2184 qui
1060 2148 1152 2175 fuerat
1176 2155 1261 2175 mnes
1286 2147 1385 2174 decem
1411 2145 1553 2179 lucratus,
1571 2144 1650 2172 dedit
1674 2146 1804 2180 potesta-

977 2195 1036 2220 tem
1053 2200 1142 2228 super
1165 2192 1264 2219 decem
1289 2191 1421 2218 civitates
1439 2198 1445 2218 :
1462 2189 1546 2217 alteri
1562 2197 1627 2216 vero
1643 2188 1693 2224 qui
1717 2196 1802 2216 mnas

978 2236 1109 2272 quinque
1138 2237 1368 2271 comparaverat,
1394 2234 1431 2262 ail
1457 2242 1463 2262 :
1489 2235 1549 2262 Eslo
1577 2241 1658 2270 super
1686 2233 1805 2269 quinque

101 2276 176 2306 λιων.
205 2279 258 2307 Τὸν
289 2277 317 2306 δὶ
345 2277 371 2306 ἐν
402 2276 538 2322 σουδαρίῳ
561 2277 697 2322 ἄπρακτον
723 2277 807 2313 αὐτὴν
820 2277 919 2314 ἀποδήι

977 2281 1097 2308 civitates
1112 2280 1145 2307 ‘°.
1161 2282 1198 2308 At
1220 2288 1288 2307 vero
1313 2287 1413 2307 mnam
1439 2279 1531 2314 jussit
1558 2277 1664 2306 auferri
1693 2277 1730 2305 ab
1757 2285 1803 2312 eo,

101 2332 177 2350 σαντα
203 2323 384 2362 ἀφαιρεθῆναι
399 2321 568 2360 προσέταξεν.
593 2323 659 2350 Ὅτε
688 2321 719 2349 8‘s
731 2323 766 2350 τὰ
779 2322 841 2361 περὶ
856 2323 919 2356 τοὺς

977 2325 1026 2361 qui
1041 2325 1137 2361 ipsam
1152 2325 1275 2353 otiosam
1297 2324 1327 2352 in
1348 2323 1467 2351 sudario
1483 2323 1626 2359 alligarat.
1642 2324 1802 2358 Postquam

132 2422 142 2439 ⁷
158 2422 170 2450 Ι
185 2422 251 2450 Gor.
265 2430 313 2457 xv,
328 2422 373 2450 25.
411 2421 422 2439 ⁸
437 2421 515 2450 Psal.
531 2429 562 2455 ιι,
578 2422 604 2449 8.
644 2421 655 2439 ⁰
669 2421 754 2449 Joan.
770 2430 830 2455 xxx,
844 2422 890 2450 21.

977 2423 1037 2451 Luc.
1053 2431 1112 2458 xu,
1127 2423 1161 2451 15
1175 2431 1241 2460 sqq.

133 2511 188 2553 ($9)
202 2511 298 2553 gods}:
311 2511 504 2553 Hepriqianus
514 2513 543 2553 et
556 2512 606 2541 alii
622 2514 753 2553 quinque
769 2523 841 2544 mss.
854 2523 922 2553 cum

100 2547 193 2587 editis,
207 2547 259 2587 iiut
274 2547 288 2575 6
302 2547 373 2587 mira
394 2547 439 2575 τὸν
463 2547 640 2587 Σωτῆραηοῖξ
650 2550 690 2587 ita
704 2547 820 2587 quoque
844 2552 920 2587 apud

101 2582 271 2622 Procopium
286 2585 342 2613 sub
357 2584 452 2622 ﬁnem
462 2582 575 2622 paginas
589 2585 643 2613 208
656 2582 841 2622 legiturfSed
852 2582 923 2615 Cur-

101 2620 187 2648 terius
203 2621 239 2648 de
254 2628 318 2656 suo,
333 2622 366 2649 ut
381 2620 454 2649 mihi
471 2621 592 2656 quidem
607 2620 732 2650 videtur.
745 2623 922 2656 emendavit,

101 2656 286 2695 scripsitque,
301 2656 368 2684 κατὰ
384 2657 478 2695 σάρκα·
504 2657 534 2685 id
556 2658 634 2693 quod
650 2658 690 2695 ita
703 2658 922 2695 interpretatur,

101 2692 171 2730 Ipse,
195 2694 332 2728 praeterea
355 2692 505 2730 secundum
527 2692 640 2722 oui-nem
665 2694 756 2730 homo,
771 2692 824 2723 e'tc.
842 2692 923 2723 Hane

102 2728 298 2764 conjecturam
312 2729 452 2771 amplecti
462 2729 569 2765 poterit
585 2730 635 2771 qui
652 2728 809 2771 voletjsed
824 2731 923 2759 existi-

105 2771 154 2803 }no
170 2772 306 2800 magnam
321 2765 609 2803 driligentiamquaari
624 2775 681 2794 non
697 2767 812 2802 debere,
829 2775 923 2803 neque

104 2798 132 2827 in
141 2798 323 2843 [lippa—neque
338 2798 520 2843 ianrocqpiiu
528 2798 754 2843 Commentario.

140 2836 196 2874 (40)
211 2836 318 2868 Addita
330 2839 376 2868 est
388 2836 492 2868 vocula
506 2836 535 2866 ἄν
551 2838 694 2868 extribus
709 2838 867 2868 codicibus.

1014 2516 1071 2551 (41)
1086 2515 1204 2552 Antiqui
1223 2517 1280 2543 tres
1297 2514 1374 2550 libri,
1389 2513 1598 2552 τοξξνᾶρχονῖος.
1668 2546 1676 2552 _
1754 2548 1760 2552 Δ

1013 2545 1069 2588 (42)
1086 2545 1205 2588 Είιξιίζει
1221 2545 1604 2588 mss.“norinrullifnpéeﬁaiq
1630 2546 1725 2588 ἄλλοι.
1746 2545 1803 2573 Alii

978 2583 1110 2624 quidam,
1126 2586 1208 2615 ἄλλοι
1232 2583 1369 2625 πρέσϐεις.
1395 2583 1465 2622 Reg.
1491 2583 1595 2614 tertius
1620 2587 1652 2612 ut
1676 2583 1706 2610 in
1732 2590 1803 2609 con-

977 2626 1070 2696 teiigj
1086 2659 1205 2687 Veteres
1221 2658 1332 2695 aliquot
1355 2657 1422 2686 libri
1439 2665 1506 2685 cum
1532 2663 1614 2684 sacro
1629 2654 1721 2686 textu,
1737 2651 1802 2689 γρά-

999 2697 1047 2723 εὸ.

978 2705 1069 2767 (θεὼ)
1086 2731 1174 2764 nam,
1198 2729 1286 2767 Γίνου,
1304 2728 1396 2767 φησίν.
1412 2728 1518 2767 Voeem
1542 2725 1676 2767 ultimam
1693 2722 1802 2767 delevi-

979 2761 1067 2800 mus,'
1080 2761 1248 2802 aliquorum
1276 2761 1418 2802 librorum
1448 2764 1545 2802 iidem-
1565 2761 1667 2789 secuti.
1697 2761 1802 2802 Statim

978 2798 1058 2837 editi,
1076 2798 1137 2837 Tt'p'
1151 2801 1214 2830 δὲ...
1239 2800 1416 2836 ἀποδήσαντι.
1443 2800 1474 2826 At
1497 2798 1628 2835 quinque
1651 2804 1736 2832 mss,
1752 2798 1802 2823 Τὸν

979 2812 1058 2837 eam,
1076 2812 1107 2830 ἰἰ
1151 2812 1214 2830 οε...

979 2837 1041 2868 δέ...
1056 2812 1144 2873 ἀποιδή
1150 2847 1238 2867 σαντα.
