1995 3142
167 155 230 187 583

167 223 266 250 autem
282 227 329 248 res
343 227 407 255 quas
426 219 462 247 ad
487 219 605 247 Judaaos
631 217 816 253 spectabant,
831 216 997 245 ordinasset
1010 217 1036 252 Α

166 267 287 302 (Tempus
315 268 355 292 est
384 264 477 298 enim,
499 263 605 298 inquit,
630 264 661 290 ut
685 263 806 297 incipiat
827 261 965 297 judicium
981 270 998 288 a

165 311 245 339 domo
275 309 382 344 Dei“),
399 310 471 336 tunc
501 307 638 335 inimicos
663 306 712 342 qui
737 306 802 342 ejus
826 307 998 334 recusarunt

166 354 324 391 imperium
345 352 436 389 jussit
455 351 485 380 in
502 351 630 380 medium
655 351 797 379 adductos
818 350 996 386 jugulari“.

167 400 242 427 Sunt
251 400 329 426 certe
341 406 398 426 non
413 396 510 433 pauci,
519 396 568 431 qui
580 395 675 424 nolint
690 396 720 422 in
735 395 790 423 hac
800 395 862 422 vita
875 402 997 430 regnare

166 452 255 479 super
270 451 301 471 se
316 442 477 471 Christum.
490 441 544 474 Qui
569 441 648 468 enim
673 440 882 476 mancipantur
897 439 996 475 impu-

166 488 258 520 ritati,
273 490 302 515 et
327 487 364 515 ab
392 487 436 514 ira
459 486 627 518 vincuntur,
648 486 677 512 et
701 484 833 512 serviunt
847 484 995 518 (avarities,

167 533 196 560 hi
213 540 302 568 super
315 540 347 559 se
367 531 525 558 Dominum
547 537 668 566 regnare
684 528 798 562 nolunt,
815 531 903 564 atque
918 528 996 564 quod

167 577 270 605 attinet
285 577 319 604 ad
343 576 472 612 ipsorum
494 574 684 609 voluntatem,
701 575 864 602 detrectant
888 581 922 600 ac
945 573 997 600 de-

167 624 326 658 precantur
340 621 435 656 ipsius
461 627 594 655 regnum.
609 618 684 646 Dicit
699 619 735 646 de
758 618 794 645 iis
810 617 902 646 Isaias
917 618 997 654 quod

166 667 226 694 sint
240 665 389 693 turbandi.
406 664 565 692 Dominum
581 663 661 690 enim
677 663 706 690 in
723 663 853 690 secundo
869 663 996 690 adventu

168 719 235 740 cum
251 709 378 738 viderint
394 709 412 736 ii
430 709 479 744 qui
501 708 590 736 vitam
606 710 775 743 trsnsegere
802 707 831 734 in
857 706 996 743 peccatis,

170 758 199 783 et
213 754 395 790 evangelicae
410 753 476 780 illos
492 753 572 788 regni
588 760 683 780 mores
698 760 751 788 pro
767 751 860 779 nihilo
877 752 996 786 duxere,

171 799 370 827 Turbabuntur
398 798 507 833 utique,
536 799 560 825 et
589 797 697 824 dolores
725 797 797 832 ipsos
827 796 998 832 occupabunt

167 845 246 880 quasi
259 843 388 870 mulieris
413 842 607 878 parturientis.
624 841 805 877 Signiﬁcavit
820 849 871 876 per
895 842 997 876 partus

168 888 283 917 dolores
298 886 408 915 doloris
431 886 510 914 illius
526 885 725 921 acerbitatem,
743 885 793 922 qui
819 894 870 921 per
894 893 996 921 pecca-

166 935 263 961 torum
280 931 490 960 conscientiam
512 939 563 958 cor
587 939 688 958 eorum
705 930 810 966 pungit
823 938 856 958 ac
871 929 994 957 sauciat.

167 978 282 1006 Etenim
312 978 415 1012 partus
444 975 537 1009 dolor,
553 977 658 1002 acutus
686 974 808 1010 quidem
833 974 916 1002 dolor
939 976 994 1009 est,

167 1022 217 1058 qui
233 1021 263 1049 in
279 1020 435 1057 precipuis
450 1020 586 1056 partibus
605 1021 737 1055 tempore
758 1020 861 1054 partus
877 1019 996 1054 corripit

166 1066 374 1102 parturientes.
393 1067 426 1093 Et
445 1066 545 1100 faciem
568 1072 657 1098 suam,
673 1063 754 1099 quasi
767 1064 890 1098 ﬂamma,
905 1066 996 1090 mula,-

168 1112 247 1139 hunt.
264 1110 417 1145 Proprium
441 1111 486 1137 est
510 1116 612 1137 eorum
627 1108 677 1144 qui
694 1108 803 1145 pudore
818 1108 994 1136 suffundun-

166 1158 228 1191 tur,
244 1157 273 1182 et
296 1155 325 1182 in
343 1154 500 1181 discrimen
524 1153 641 1189 aliquod
667 1153 837 1189 impingunt
861 1153 994 1188 inexspe-

168 1202 291 1235 ctatum,
307 1199 465 1226 immutare
486 1197 585 1226 vultus
603 1197 742 1232 colorem,
758 1198 866 1233 quippe
881 1197 930 1232 qui
945 1205 994 1225 su-

168 1244 287 1281 perﬁcie
318 1246 404 1271 tenus
438 1243 543 1271 rubore
579 1242 810 1278 perfunduntur,
843 1242 994 1278 animique

168 1289 353 1318 affectionem
368 1296 420 1324 per
439 1289 628 1324 apparentem
652 1286 733 1314 illam
758 1286 994 1314 immutationem

168 1333 311 1362 indicent.

202 1422 366 1455 265072115.
378 1421 417 1456 9.)
428 1421 495 1448 Ecce
513 1420 587 1448 enim
603 1419 660 1448 dies
678 1421 794 1448 Domini
808 1420 880 1448 venit
894 1420 994 1447 imme-

170 1466 309 1499 dicabilis,
323 1466 430 1501 furoris
444 1469 471 1492 et
484 1466 549 1499 ire;
574 1467 604 1492 nt
626 1469 712 1500 ponat
735 1465 827 1492 orbem
850 1466 933 1493 terra:
947 1464 992 1492 de-

166 1514 282 1545 sertum,
312 1514 338 1538 et
363 1514 521 1546 peccatore:
549 1509 693 1545 disperdat
720 1517 755 1537 ea:
781 1517 821 1538 eo.
851 1509 993 1545 Superius

168 1555 287 1591 quidem
308 1554 402 1582 dixit:
420 1555 509 1590 Prope
532 1557 572 1582 est
596 1554 653 1581 die:
678 1554 789 1581 Domini
811 1562 821 1581 :
845 1553 892 1581 hic
914 1561 992 1586 vero,

166 1590 229 1627 Dies
243 1600 353 1626 Domini
377 1600 460 1634 venit,
477 1603 507 1626 ut
521 1601 606 1634 ponat
624 1599 718 1626 orbem
741 1602 824 1626 terra?
844 1598 990 1626 desertum.
1008 1590 1030 1624 Ο

167 1644 196 1671 Si
211 1643 277 1678 quis
294 1644 358 1678 jam
374 1643 484 1670 tradita
506 1643 661 1678 diligenter
676 1643 819 1676 observet,
834 1642 994 1678 deprehen-

169 1696 260 1716 surus
276 1689 322 1715 est
347 1696 406 1715 non
431 1687 466 1715 de
490 1687 590 1714 eadem
616 1687 664 1714 die
694 1687 756 1715 ﬁeri
783 1695 948 1714 sermonem
964 1687 995 1714 in

170 1735 295 1769 utroque
311 1731 468 1767 prophetiae
481 1732 652 1765 fragmento.
664 1733 737 1758 Nam
753 1731 781 1758 in
794 1731 888 1766 primo
899 1739 995 1758 sermo

169 1777 203 1804 ﬁt
219 1777 255 1804 de
270 1776 388 1813 propria
402 1776 547 1811 cujusque
561 1775 825 1810 consummatione,
838 1774 911 1803 581
931 1783 995 1810 qua:

168 1830 259 1857 prope
276 1821 359 1849 adest
375 1830 381 1848 :
398 1821 428 1848 in
453 1820 554 1853 altero,
571 1820 649 1855 quod
672 1822 717 1846 est
740 1819 770 1846 in
796 1819 943 1853 manibus,
960 1820 994 1848 de

168 1866 338 1894 universali.
353 1866 419 1893 Hinc
439 1865 517 1893 enim
534 1866 621 1900 ponet
631 1864 729 1892 orbem
740 1866 822 1891 terra:
834 1864 993 1898 desertum,

166 1913 286 1946 propter
301 1911 378 1946 quod
400 1910 525 1937 infertur
537 1909 639 1944 (Vsus.
653 1909 696 1945 10)
714 1917 720 1936 :
737 1909 768 1936 Et
782 1908 874 1936 statim
894 1910 955 1937 cali
969 1913 995 1937 et

171 1955 254 1982 Orion
269 1962 325 1981 non
339 1954 441 1982 dabunt
456 1954 554 1981 lucem.
571 1955 653 1981 Forte
675 1956 772 1981 autem
797 1953 859 1981 dies
875 1953 926 1981 illa
941 1962 994 1990 pe-

167 1999 317 2027 culiariter
332 1999 441 2026 dicitur
455 1998 529 2031 dies,
547 1998 623 2034 quod
643 1997 737 2033 ipsius
753 2001 848 2026 status
864 2007 941 2026 unus
956 1999 994 2026 sit

166 2046 195 2071 et
210 2044 298 2072 idem.
311 2043 372 2071 Non
390 2043 469 2071 enim
486 2045 569 2070 nocte
584 2042 778 2076 interdicitur,
792 2051 845 2070 nec
860 2051 925 2071 eam
940 2044 994 2071 cir-

168 2088 341 2117 cumscribit
355 2095 485 2124 vespera.
501 2088 534 2115 Et
549 2088 619 2123 quis
634 2095 667 2115 ea
683 2095 746 2122 quae
763 2087 792 2114 in
808 2088 937 2116 tenebris
951 2088 993 2115 la-

165 2134 262 2166 titant,
278 2133 308 2161 in
324 2133 389 2169 ipsa
405 2132 452 2160 die
465 2133 647 2168 detegentur,
659 2132 722 2160 dies
737 2132 788 2160 illa
803 2133 864 2160 dies
878 2133 994 2169 proprie

165 2178 282 2205 dicitur.
300 2180 335 2204 At
350 2185 418 2206 vero
433 2177 494 2204 haec
506 2177 565 2205 vita
581 2185 637 2204 nox
651 2179 705 2209 est,
723 2177 751 2205 in
768 2185 827 2212 qua
842 2177 993 2205 occultan-

165 2224 214 2249 tur
228 2221 424 2257 turpitudinis
438 2229 538 2257 opera.
555 2221 635 2249 Unde
651 2223 680 2248 et
695 2220 735 2248 ait
751 2229 758 2249 :
775 2221 834 2249 No.2:
855 2229 994 2257 progressa

163 2269 216 2301 est,
233 2265 290 2293 dies
304 2269 397 2293 autem
416 2266 648 2301 appropinquavit
660 2265 691 2292 ιδ.
707 2265 782 2297 Quin
807 2267 835 2293 et
857 2266 920 2293 dies
944 2266 994 2293 ille.
1008 2277 1032 2309 D

165 2310 276 2337 dicitur
290 2310 377 2338 etiam
400 2309 637 2343 immedicabilis,
655 2309 732 2345 quod
749 2309 812 2337 dies
834 2310 940 2338 furoris
956 2310 993 2337 sit

165 2357 194 2382 et
207 2355 267 2389 irae,
286 2355 316 2382 in
328 2363 385 2390 qua
400 2354 481 2382 locus
498 2362 555 2381 non
572 2354 750 2389 relinquitur
762 2353 928 2389 placationi,
941 2363 993 2383 nec

168 2399 283 2427 medela
299 2399 361 2426 ulla
373 2399 464 2434 poenis
479 2398 508 2425 in
523 2407 557 2426 ea
571 2398 692 2426 inﬂictis
707 2398 801 2426 afferri
819 2401 923 2435 potest.
940 2401 994 2428 Ita-

166 2451 224 2480 que
240 2452 276 2472 ne
291 2443 320 2470 in
338 2442 421 2470 illum
438 2442 515 2470 diem
531 2442 701 2471 dilferamus
716 2443 925 2478 confessiones,
942 2445 992 2472 sed

204 2530 225 2547 ιι
242 2530 252 2558 I
267 2530 346 2557 Petr.
362 2536 400 2562 iv,
418 2528 462 2556 17.
501 2528 524 2545 ¹²
542 2530 608 2556 Luc.
624 2536 682 2561 xxx,
697 2528 743 2556 27.
782 2529 804 2546 ¹³
819 2529 901 2557 Rom.
914 2538 977 2564 xm,
995 2530 1039 2558 12.

201 2606 258 2642 (45)
275 2605 325 2634 Ηίο
339 2613 440 2633 vocem
454 2614 519 2642 φησι
537 2604 706 2632 addidimus
717 2613 752 2632 ex
763 2605 913 2634 codicibus
928 2606 993 2642 qui-

165 2643 392 2714 ἓέζῗὲῖιξῖείοιεθο
407 2676 537 2714 quinque
551 2673 781 2714 ΙίριῑηἘπιιδάν.
793 2676 880 2704 Editi.
897 2676 990 2714 Ἐπάν.

165 2709 232 2741 Mox
247 2709 326 2747 editi,
342 2709 444 2749 τρόπον
467 2709 517 2746 τῆς
533 2709 683 2742 πολιτείας.
699 2712 736 2740 At
755 2715 815 2740 tres
830 2721 909 2746 11185.,
927 2713 989 2749 τρό-

164 2750 279 2786 πονντῆς
293 2747 445 2786 βασιλείας.

200 2785 257 2821 (47)
272 2782 390 2822 Codices
406 2788 476 2820 tres,
492 2785 541 2812 τοῦ
556 2783 706 2822 προσώπου
729 2782 989 2822 ιρυθραινομὲνου...

166 2819 407 2858 ὶπισημαίνοντος.

636 150 833 182 APPENDlX
853 150 1019 181 OPERUM
1040 150 1074 181 S.
1097 150 1241 181 BASILII
1263 150 1404 182 MAGNI.

1813 153 1882 184 584

1053 214 1200 247 Ἰουδαίους
1228 215 1366 251 διετάξατο
1407 217 1516 254 (Καιρὸς
1543 217 1610 255 γὰρ,
1635 218 1702 256 φησὶ
1731 219 1801 254 (45),
1828 220 1889 246 τοῦ

1054 259 1183 298 ἄρξασθαι
1210 261 1241 288 τὸ
1271 260 1356 298 κρίμα
1385 261 1437 289 ἀπὸ
1464 263 1513 289 τοῦ
1541 261 1617 288 οἵ.κοῦ
1645 264 1693 289 τοῖ’)
1708 263 1798 300 Θεοῦ),
1819 262 1893 290 τότε

1051 305 1097 331 καὶ
1112 304 1176 335 τοὺς
1192 303 1321 342 ἐχθροὺς,
1336 303 1398 336 τοὺς
1413 304 1618 342 ἀρνησαμένους
1649 305 1734 333 αὐτοῦ
1754 306 1805 340 τήν
1832 307 1892 344 βα-

1051 347 1166 384 σιλείαν,
1192 347 1330 377 ἐκέλευσεν
1355 349 1488 387 ἀχθέντας
1514 349 1553 381 είς
1578 351 1609 377 τὸ
1635 350 1714 387 μέσον
1741 360 1893 389 κατασφα-

1050 397 1144 431 γῆναι.
1169 393 1275 421 Πολλοὶ
1298 396 1361 432 γοῦν
1386 394 1452 421 εἶσιν
1478 395 1504 421 οἱ
1531 393 1557 422 ἐν
1588 397 1628 431 τῷ
1655 394 1707 431 βίῳ
1730 396 1822 431 τούτῳ
1841 397 1891 432 μὴ

1050 437 1174 470 θέλοντες
1192 437 1341 476 βασιλεύειν
1358 438 1398 476 ἐφ’
1424 438 1524 466 ἑαυτῶν
1539 439 1585 466 τὸν
1604 437 1732 477 Χριστόν.
1763 441 1797 467 Οἱ
1826 440 1890 478 γὰρ

1051 483 1102 510 ὑπὸ
1117 483 1165 516 τὴν
1183 482 1307 520 πορνείαν
1327 482 1497 521 τεταγμένοι,
1522 483 1566 511 καὶ
1582 484 1608 511 οἱ
1639 484 1689 512 ὑπὸ
1713 486 1761 512 τοῦ
1786 485 1891 521 θυμοῦ

1049 527 1310 566 κατακρατούμενοι,
1334 528 1380 555 καὶ
1406 528 1456 555 ὑπὸ
1480 531 1530 563 τῆς
1551 528 1707 565 πλεονεξίας
1735 528 1894 557 δεδουλω-

1053 571 1140 608 μένοι,
1156 572 1186 599 οὐ
1203 571 1326 604 θέλουσιν
1352 572 1394 611 ἐφ’
1409 572 1521 604 ἑαυτοὺς
1537 572 1687 610 βασιλεύειν
1702 573 1746 601 τὸν
1761 574 1894 612 Κύριον,

1050 617 1094 643 καὶ
1130 614 1193 643 ὅσον
1223 616 1266 644 ἐπὶ
1294 618 1328 654 τῇ
1359 617 1460 644 ἑαυτῶν
1488 617 1654 655 προαιρίσει,
1683 621 1896 656 παραιτοῦνται

1050 660 1132 688 αὐτοῦ
1157 661 1207 695 τὴν
1236 660 1386 699 βασιλείαν.
1403 661 1468 700 Περὶ
1492 662 1595 690 τούτων
1612 663 1626 689 ὁ
1652 662 1761 694 Ἠσαίας
1791 663 1894 701 λέγει,

1051 705 1092 733 δτι
1122 706 1360 744 Ταραχθήσονται.
1376 705 1503 734 Ἐπειδὰν
1533 708 1589 743 (46)
1616 707 1667 744 γὰρ
1690 706 1782 734 ἴδωσιν
1802 707 1830 735 ἦν

1052 748 1162 788 δευτέρᾳ
1176 749 1311 787 ἐπιδημίᾳ
1325 750 1371 777 τὸν
1385 750 1485 788 Κύριον
1510 751 1536 778 οἱ
1559 750 1585 778 ἐν
1611 751 1753 789 ἁμαρτίαις
1781 753 1895 787 ξήραν-

1051 805 1104 831 τες,
1119 795 1162 822 καὶ
1181 795 1225 822 τὸν
1263 794 1434 832 εὐαγγελικὸν
1456 795 1559 833 τρύπον
1574 799 1623 830 τῆς
1649 795 1785 833 βασιλείας
1802 797 1893 833 ἐξου-

1052 837 1225 874 δενώσαντες,
1263 840 1488 877 Ταραχθήσονται
1527 839 1669 875 δηλονότι,
1702 841 1748 868 καὶ
1778 841 1891 873 ὠδῖνες

1052 883 1148 914 αὐτοὺς
1176 881 1278 919 ἕξουσιν
1317 884 1354 914 ὡς
1393 885 1519 921 γυναικὸς
1558 885 1725 920 τικτούσης·
1761 886 1802 914 Τὸ
1834 886 1890 922 ὀξὺ

1049 932 1100 963 τῆς
1125 927 1278 966 ἀλγηδόνος
1307 928 1456 964 νυσσούσης
1484 931 1573 966 αᾳτῶν
1603 930 1652 964 τήν
1682 929 1807 968 καρδίαν,

1049 973 1321 1010 κατατιτρωσκούσης
1344 973 1395 1000 ὑπὸ
1414 974 1463 1001 τοῦ
1492 972 1644 1005 συνειδότος
1669 976 1723 1002 τῶν
1751 976 1891 1013 ἁμαρτη-

1052 1019 1155 1055 μάτων,
1180 1016 1226 1045 διὰ
1249 1021 1297 1052 τῆς
1325 1016 1424 1049 ὠδῖνος
1448 1018 1610 1056 παρέστησε.
1641 1018 1691 1047 Καὶ
1707 1020 1756 1057 γὰρ
1772 1021 1792 1055 ἡ
1810 1019 1890 1052 est;

1050 1061 1159 1100 δριμεῖά
1186 1062 1227 1094 τίς
1243 1062 1313 1090 ἐστιν
1336 1061 1466 1098 ἀλγηδὼν
1491 1065 1551 1094 τοῖς
1576 1064 1766 1101 καιριωτάτοις
1798 1065 1889 1103 μέρει

1050 1118 1101 1143 σιν,
1131 1107 1157 1135 ἐν
1172 1110 1211 1143 τῷ
1225 1109 1312 1145 καιρῷ
1323 1110 1373 1142 τῆς
1387 1108 1510 1143 κυήσεως
1532 1110 1593 1139 ταῖς
1621 1109 1776 1141 τικτούσαις
1803 1109 1888 1148 ἐγγιο

1049 1152 1162 1189 νομὲνη.
1201 1152 1250 1179 Καὶ
1278 1152 1310 1179 τὸ
1347 1151 1494 1190 πρὸσωπον
1521 1152 1608 1180 αὐτῶν
1639 1152 1676 1184 ὡς
1699 1153 1766 1191 φλὸξ
1798 1165 1889 1190 μετι-

1049 1194 1190 1224 6αλοῦσιν.
1219 1195 1304 1224 Ἵδιον
1330 1198 1383 1223 τῶν
1402 1195 1633 1233 διατρεπομένων,
1662 1197 1707 1224 καὶ
1737 1197 1888 1236 ἀπροσδο-

1048 1242 1125 1277 κήτῳ
1154 1240 1234 1277 δεινῳ
1248 1240 1462 1278 περιπεσόντων,
1490 1241 1521 1268 τὸ
1544 1239 1706 1278 μεταϐαλεῖν
1721 1243 1752 1269 τὸ
1771 1245 1887 1280 χρῶμα

1048 1287 1095 1313 τοῦ
1110 1286 1270 1322 προσώπου,
1300 1285 1521 1323 ἒρυθραινόμενοι
1545 1286 1613 1313 κατᾶ
1635 1287 1684 1321 τήν
1705 1285 1884 1326 ἐπιφάνειαν,

1048 1331 1092 1358 καὶ
1108 1330 1139 1358 τὸ
1153 1333 1202 1365 τῆς
1216 1331 1310 1367 ψυχῆς
1325 1331 1411 1362 πάθος
1425 1329 1469 1358 διὸ.
1486 1331 1535 1365 τῆς
1562 1330 1776 1368 ἑπιφαινομένης
1793 1341 1884 1368 μετα.-

1049 1372 1136 1407 6ολῆς
1150 1374 1230 1410 ἐπιση
1236 1374 1374 1411 μαίνοντες
1389 1375 1457 1412 (47).

1083 1420 1146 1447 265.
1175 1418 1244 1446 Ἰδοὺ
1272 1419 1323 1456 γὰρ
1357 1419 1448 1457 ἡμιρᾳ
1484 1419 1587 1457 Κυρίου
1617 1416 1727 1457 ἔρχεται
1756 1419 1884 1456 ἀνίατος,

1050 1465 1137 1500 θυμοῦ
1160 1463 1205 1490 καὶ
1231 1464 1337 1501 ὀργῆς·
1373 1464 1457 1491 θεῖναι
1484 1464 1534 1498 τὴν
1563 1463 1728 1501 οῗκουμένην
1759 1463 1883 1502 ἔρημον,

1048 1508 1093 1535 καὶ
1121 1507 1185 1539 τοὺς
1222 1507 1405 1546 ἁμαρτωλοὺς
1449 1507 1580 1536 ἀπολέσαι
1616 1508 1642 1544 ἐξ
1667 1508 1753 1544 αὐτῆς
1771 1520 1777 1526 ·
1803 1511 1885 1538 Ἀνω

1051 1552 1097 1589 μὲν
1128 1552 1210 1579 εἶπεν
1248 1552 1344 1591 Ἐγγὺς
1383 1553 1400 1587 ἡ
1429 1552 1521 1590 ἡμέρα
1549 1553 1660 1591 Κυρίου·
1685 1553 1799 1586 ἑνταῦθα
1837 1553 1882 1582 δέ·

1048 1597 1152 1634 Ἡμέρα
1178 1597 1280 1634 Κυρίου
1296 1596 1416 1635 ἔρχεται,
1447 1599 1532 1629 θεῖναι
1559 1597 1608 1632 τήν
1637 1596 1803 1635 δίκουμὲνην
1819 1600 1883 1635 (48)

1049 1641 1162 1679 ἔρημον.
1192 1642 1224 1669 0⁸
1238 1639 1359 1679 ἀκριϐῶς
1385 1644 1478 1679 τηρῶν
1491 1641 1525 1669 τὰ
1552 1640 1751 1679 ἀποδεδομένα,
1767 1642 1882 1680 εὑρήσει

1049 1686 1090 1713 ὅτι
1120 1687 1152 1713 οὐ
1182 1685 1244 1723 περὶ
1273 1689 1323 1720 τῆς
1353 1686 1436 1721 αὐτῆς
1464 1686 1568 1724 ἡμέρας
1598 1687 1749 1726 ἀμφότεραι
1774 1688 1802 1714 αἱ
1825 1691 1881 1722 τῆς

1049 1730 1215 1769 προφητείας
1244 1730 1391 1768 περικοπαὶ
1419 1729 1586 1768 διηγοῦνται.
1605 1731 1635 1758 Ἡ
1665 1731 1712 1768 μὲν
1741 1732 1794 1770 γὰρ
1809 1741 1882 1768 προ-

1048 1775 1113 1813 τέρα
1140 1776 1202 1812 περὶ
1225 1778 1276 1809 τῆς
1301 1773 1369 1806 ἰδίας
1393 1775 1504 1803 ἑκάστου
1534 1776 1686 1807 συντελείας
1715 1775 1777 1810 ἥτις
1794 1776 1882 1814 ἰγγὺς

1048 1820 1186 1858 πάρες-τιν’
1203 1821 1221 1854 ἡ
1238 1818 1267 1847 δὲ
1282 1820 1307 1847 ἐν
1324 1819 1413 1858 χερσὶ,
1442 1820 1504 1858 περὶ
1531 1823 1581 1855 τῆς
1609 1820 1768 1855 καθολικῆς.
1793 1822 1878 1856 Θήσιι

1048 1864 1097 1901 γὰρ
1127 1863 1193 1899 αὕτη
1223 1864 1272 1898 τήν
1301 1864 1465 1901 οἰκουμένην
1481 1862 1599 1900 ἔρημον,
1616 1863 1660 1892 διὰ
1673 1866 1704 1892 τὸ
1721 1865 1879 1903 ἐπάγεσθαι,

1049 1907 1092 1936 ὅτι
1120 1909 1172 1937 Καὶ
1201 1909 1227 1936 οἱ
1254 1908 1361 1946 ἆστὲρες
1390 1910 1439 1936 τοῦ
1468 1909 1586 1947 οὐρανοῦ
1615 1909 1660 1937 καί
1689 1910 1704 1937 ὁ
1723 1911 1820 1948 Ὠρίων
1842 1911 1879 1938 οὗ

1049 1951 1166 1980 δώσουσι
1181 1955 1248 1992 φῶς.
1264 1953 1341 1990 Τάχα
1357 1951 1385 1980 δὲ
1400 1952 1491 1990 ἡμέρα
1521 1953 1627 1991 λέγεται
1651 1954 1752 1990 κυρίως
1776 1954 1880 1991 ἐκείνη,

1049 1996 1093 2025 διὰ
1107 1997 1138 2025 τὸ
1153 1997 1294 2034 ἡνωμένον
1309 2001 1359 2032 τῆς
1375 1998 1572 2029 καταστάσεως·
1604 1999 1643 2027 Οὐ
1659 1999 1710 2036 γὰρ
1731 1997 1878 2026 διακόπτε-

1047 2052 1090 2069 ται
1115 2042 1202 2076 νυκτὶ,
1233 2040 1295 2069 οὐδὲ
1318 2041 1483 2081 περιγράφει
1507 2042 1591 2077 αὐτὴν
1619 2043 1728 2080 ἑσπέρα.
1754 2044 1803 2070 Καὶ
1832 2042 1879 2070 διὰ

1047 2086 1078 2114 τὸ
1105 2088 1285 2124 φανεροῦσθαι
1324 2087 1350 2114 ἐν
1385 2086 1454 2124 αὐτῇ
1482 2086 1516 2114 τὰ
1543 2087 1650 2123 κρυπτὰ
1678 2089 1726 2115 τοῦ
1752 2088 1875 2123 σκότους,

1048 2131 1138 2168 ἡμέρα
1155 2131 1202 2168 μὶν
1227 2130 1315 2165 ἑκείνη
1340 2131 1440 2167 κυρίως
1466 2132 1706 2170 προσαγορεύεται.
1730 2132 1787 2168 Νὺξ
1803 2131 1832 2160 εὶ
1860 2134 1874 2160 ὁ

1051 2176 1108 2213 βίος
1135 2175 1224 2210 οὗτος,
1254 2175 1280 2203 ἐν
1306 2176 1328 2212 ᾧ
1353 2175 1569 2214 συγκεκάλυπται
1597 2177 1631 2204 τὰ
1657 2180 1709 2212 τῆς
1739 2177 1874 2215 αῒσχύνης

1048 2218 1112 2258 ἔργα
1151 2219 1210 2252 ὅθεν
1239 2220 1296 2255 καὶ,
1330 2221 1362 2248 Ἡ
1386 2220 1432 2256 νὺξ
1461 2222 1528 2257 (49),
1558 2221 1636 2260 φησὶ,
1662 2222 1828 2258 προέκοψεν,
1855 2223 1872 2255 ἡ

1048 2263 1077 2292 δὲ
1091 2264 1182 2302 ἠμὲρα
1207 2263 1333 2303 ἤγγικεν,
1363 2265 1466 2301 Έκείνη
1494 2264 1523 2293 δὲ
1543 2267 1561 2301 ἡ
1587 2266 1679 2304 ἡμέρα
1692 2267 1739 2294 καὶ
1769 2266 1873 2296 ἀνίατος

1048 2309 1168 2347 λέγεται,
1197 2311 1284 2346 θυμοῦ
1313 2309 1390 2349 οὖσα.
1405 2310 1450 2337 καὶ
1466 2310 1559 2348 ὀργῆς,
1589 2310 1615 2338 ἰν
1645 2311 1662 2348 ᾗ
1688 2311 1740 2339 οὐκ
1753 2310 1824 2338 ἔστιν
1838 2311 1873 2347 ἐξ·

1050 2353 1203 2390 ιλοίσασθαι,
1229 2353 1293 2382 οὐδὲ
1320 2356 1376 2382 οἷον
1400 2352 1523 2387 ἰάσασθαι
1552 2355 1616 2387 τοὺς
1645 2356 1871 2394 προσαγομὲνους

1048 2398 1090 2426 ἃττ’
1118 2399 1186 2436 αὐτῇ
1217 2400 1272 2436 (50)
1287 2399 1398 2431 πόνους.
1415 2400 1461 2434 Μὴ
1479 2401 1524 2427 οὖν
1539 2401 1736 2437 ταμιευώμεθα
1752 2400 1791 2432 εἶς
1807 2401 1871 2428 ἐκεί-

1048 2454 1095 2479 νην
1110 2444 1161 2478 τήν
1183 2443 1287 2482 ἡμίραν
1312 2445 1359 2478 τὰς
1387 2443 1610 2482 ἐξομολογήσεις,
1631 2444 1706 2473 ἀλλὰ
1729 2446 1869 2482 νοήσωμεν

1150 2642 1251 2684 _Nostri
1276 2650 1326 2671 sex
1350 2651 1434 2676 mss.,
1451 2643 1468 2678 ἡ
1483 2642 1539 2680 νύξ.
1565 2644 1653 2672 Deest
1676 2642 1818 2672 articulus
1841 2643 1866 2670 in

1045 2680 1231 2756 Ἲξῶῃὲἆῇξ
1246 2715 1275 2741 et
1297 2722 1369 2742 mss.
1386 2714 1532 2756 nonnulli,
1548 2713 1588 2756 ἐπ’
1603 2713 1706 2756 αὖ-τῇς..
1718 2714 1771 2742 ΔΙίὶ
1787 2722 1864 2756 mss,"

1046 2748 1182 2818 én’oai’itﬁ.
1203 2750 1268 2778 Mox
1296 2758 1381 2785 mss,
1405 2748 1606 2788 ταμιευώμεθα.
1630 2751 1719 2786 Editi,
1743 2748 1862 2787 ταμιευό-

1048 2795 1081 2823 με
1099 2795 1125 2815 α.

1095 2605 1142 2678 483
1157 2605 1278 2634 Codices
1293 2607 1364 2641 tres,
1379 2605 1543 2643 οἷκουμὲνην
1560 2605 1639 2642 ὅλην.

1083 2606 1251 2705 ζῖἰιίῗρεῐιιί
1276 2650 1326 2671 sex
1350 2651 1434 2676 mss,
1451 2643 1468 2678 ἡ
1483 2642 1539 2680 νύξ.
1565 2644 1638 2672 Dees
