1995 3142
195 180 253 211 891

667 180 867 211 APPENDIX
887 178 1051 210 OPERUM
1072 179 1105 209 8.
1129 179 1272 209 BASlLlI
1295 179 1437 210 MAGNI.

1847 179 1901 209 192

195 246 253 274 rati
266 246 357 280 magis
370 255 451 282 quam
466 255 568 274 aurum
581 255 637 274 non
657 248 762 274 coctum
777 255 787 274 :
802 249 828 273 st
844 246 923 274 homo
938 245 1020 272 hono-

1082 253 1128 279 μοι
1144 245 1199 279 (71)
1218 242 1324 279 μᾶλλον
1353 242 1371 277 ἢ
1401 243 1432 270 τὸ
1462 243 1575 281 χρυσίον
1605 244 1637 271 τὸ
1666 243 1780 279 ἃπυρον·
1801 243 1845 271 καὶ
1859 244 1902 270 ἂν-

196 292 274 317 ratus
285 291 340 318 erit
351 292 439 326 magis
450 299 532 326 quam
548 292 619 327 lapis
629 292 678 327 qui
692 300 727 318 ex
737 291 851 326 Suphir.
864 291 1022 325 Postquam

196 333 322 362 inductas
352 336 460 363 fuerint
491 336 664 363 tentationes
692 344 815 371 magna,
837 334 1025 369 venerintque

194 378 363 414 bellatores,
377 379 425 415 qui
443 382 512 407 sunt
528 382 620 407 totum
639 383 782 407 terrarum
798 380 897 407 orbem
912 379 1024 414 disper-

193 423 297 456 dituri,
308 425 336 450 et
348 423 397 450 ubi
411 423 550 459 depressa
562 423 648 450 fuerit
662 424 800 460 superbia
812 423 918 456 omnis,
930 423 1024 450 homi-

197 476 250 496 nes
266 467 316 503 qui
331 475 346 495 e
363 467 465 495 multis
486 470 557 495 tunc
581 468 778 500 invenientur,
796 467 927 503 nihilque
943 467 1024 494 laese-

195 512 255 539 rint
266 512 394 539 animam
407 521 458 547 per
468 512 568 540 initam
581 521 646 539 cum
660 512 769 548 iniquis
782 513 963 546 societatem,
973 512 1022 539 sed

196 557 246 592 qui
271 556 444 584 discrimina
474 557 630 584 innumera
656 566 688 583 ac
714 556 877 584 tentaminu
901 556 1024 592 experti,

195 601 286 629 animi
304 601 382 629 584
399 601 546 636 specimen
572 601 713 628 eximium
739 601 882 634 dederint,
901 601 929 628 hi
953 609 1024 628 auro

195 645 275 673 omni
291 645 368 682 quod
387 648 558 673 concoctum
577 654 634 673 non
651 646 715 678 fuit,
732 654 763 673 ac
778 645 857 672 omni
874 645 1023 681 pretiosis-

195 689 270 718 simo
287 689 384 725 lapide
395 689 445 725 qui
460 690 646 717 existimatur
661 690 690 717 in
702 689 820 725 Suphir,
834 689 963 725 reperiri,
975 688 1022 716 ho-

196 734 357 762 noratiores
374 734 463 761 futuri
480 736 559 761 sunt.
572 734 714 761 Ceterum
732 734 850 761 nomine
860 733 967 769 Suphir
983 741 1024 759 re-

196 778 313 814 gionem
330 779 488 813 quamdam
504 778 533 805 in
551 778 690 805 Indorum
706 781 791 814 gente
807 778 893 806 sitam
909 778 1024 804 videtur

195 822 337 857 indicare,
350 822 379 849 in
397 830 454 858 qua
469 821 565 849 solent
581 822 692 858 lapides
709 821 915 858 pretiosissimi
931 821 1022 857 gigni.

195 867 306 894 Aurum
323 875 390 894 vero
415 875 472 894 non
488 869 614 900 coctum,
632 867 704 894 illud
729 869 784 900 est,
801 867 878 902 quod
904 865 976 893 nihil
993 866 1022 893 in

195 919 228 940 se
242 911 372 939 materiae
389 912 533 947 ambigua:
552 914 581 939 et
602 912 706 939 alienae
720 911 860 944 continet,
877 911 926 938 sed
945 910 1021 947 quod
1041 931 1063 964 Β

195 955 295 989 simul,
312 958 345 983 ut
360 958 550 991 conspectum
574 958 629 989 est,
646 956 734 983 fidem
751 955 820 983 facit
844 955 1022 982 intuentium

195 999 298 1034 oculis,
312 999 436 1036 probum
454 1007 484 1028 se
500 1008 576 1034 esse,
588 1003 617 1028 et
631 1000 667 1028 ab
682 1009 748 1034 aere,
763 1002 814 1028 aut
829 1000 865 1027 ab
881 999 938 1027 alia
953 1007 1024 1034 qua-

194 1044 240 1072 vis
255 1044 432 1072 admistione
449 1052 566 1080 purum.

231 1097 294 1124 269.
310 1096 398 1124 Vsus.
417 1097 459 1124 13.
475 1097 544 1124 Nam
564 1097 661 1125 calum
684 1097 892 1133 iudignabitur,
909 1099 934 1124 et
949 1101 1024 1124 terra

197 1141 368 1169 concutietur
382 1150 399 1168 α
411 1141 604 1176 fundamentis
624 1142 693 1174 suis,
709 1144 820 1177 propter
838 1143 961 1177 furorem
976 1143 1025 1169 irae

198 1185 310 1213 Domini
322 1185 447 1213 Sabaoth
462 1186 491 1213 in
516 1186 564 1213 die
588 1186 648 1220 illa,
664 1194 718 1222 qua
741 1187 846 1214 venerit
859 1187 939 1221 furor
952 1186 1024 1221 ejus.

200 1230 338 1257 Creatura
357 1229 453 1257 omnis
477 1238 544 1257 cum
570 1230 693 1257 Domino
718 1233 852 1257 movetur
877 1231 912 1257 ad
938 1229 1024 1257 ultio-

203 1282 270 1301 nem
286 1274 320 1301 de
336 1273 372 1301 iis
386 1274 435 1309 qui
451 1274 479 1301 in
497 1274 592 1310 ipsum
610 1282 773 1310 peccavere,
789 1275 979 1310 expetendam
991 1275 1023 1301 κ.

203 1318 456 1351 Quemadmodum
472 1318 550 1346 enim
566 1318 671 1346 coelum
687 1318 868 1353 obstupescit
881 1321 910 1346 et
925 1318 1024 1346 inhor-

201 1365 246 1391 ret
257 1363 293 1390 ob
305 1362 472 1398 inopinatas
483 1362 654 1398 iniquitates
668 1363 779 1398 populi,
790 1371 857 1390 cum
868 1363 1024 1390 Dominum

202 1406 379 1442 derelinquit
389 1407 425 1441 ’7;
438 1407 478 1434 ita
489 1415 555 1434 eum
567 1407 674 1435 delicta
684 1415 784 1434 eorum
797 1408 846 1442 qui
858 1408 1025 1441 defecerint,

201 1451 311 1480 fuerint
326 1451 482 1487 completa,
495 1452 664 1488 veneritque
679 1452 880 1480 retributionis
899 1454 1026 1488 tempus,

201 1496 348 1532 indignari
363 1496 482 1530 dicitur,
499 1499 527 1524 et
548 1505 606 1524 una
628 1505 695 1524 cum
723 1497 769 1524 Dei
796 1496 840 1524 ira
864 1497 1026 1532 insurgere.

201 1540 257 1569 Par
271 1542 369 1568 autem
387 1541 472 1568 fuerit
496 1549 547 1576 per
562 1541 625 1568 cmli
647 1541 878 1576 indignationem
904 1540 1027 1576 intelligi

202 1585 346 1613 horrenda
357 1584 406 1612 illa
417 1584 575 1620 mala,quze
587 1586 622 1612 al)
632 1593 665 1612 eo
679 1585 834 1619 puniendis
846 1585 1026 1620 inﬂigentur.

201 1628 348 1656 Nimirum
365 1636 431 1656 cum
448 1629 636 1656 oﬁ‘undentur
648 1629 741 1656 stellis
752 1629 885 1662 tenebrae,
899 1629 1026 1656 deﬁciet-

202 1681 260 1708 que
271 1672 321 1700 lux
332 1672 413 1706 solis,
422 1681 474 1700 nec
484 1673 555 1700 luna
566 1673 694 1708 amplius
706 1673 900 1701 illustrabitur
910 1673 948 1707 ’5;
960 1681 1026 1700 cum

203 1716 380 1745 fulminibus
404 1717 653 1752 percurrentibus,
670 1717 815 1745 horrendo
830 1725 897 1744 cum
914 1718 1028 1752 fragore

203 1763 290 1789 ruent
303 1761 447 1794 tonitrua;
464 1769 529 1788 cum
546 1769 595 1788 aer
610 1761 698 1797 capiti
715 1761 874 1788 imminens
889 1762 1028 1789 obscura-

204 1806 295 1839 bitur,
312 1805 353 1832 ita
369 1808 401 1833 ut
417 1805 567 1833 cruciatus
581 1813 682 1833 eorum
699 1806 748 1841 qui
771 1806 820 1833 ira:
845 1805 952 1833 fuerint
966 1808 1028 1833 tra-

204 1850 268 1884 diti,
282 1849 360 1877 nulla
375 1858 410 1877 ex
428 1852 510 1885 parte
525 1849 662 1877 solatium
678 1852 728 1877 aut
738 1849 870 1878 levamen
881 1850 1026 1878 admittat.

202 1895 343 1922 Creatura
365 1894 442 1921 enim
460 1894 625 1922 Conditoris
641 1894 827 1926 administra,
845 1894 1030 1922 vehementer

202 1939 238 1966 ad
249 1938 367 1973 iniquos
379 1938 547 1974 plectendos
558 1939 787 1974 exasperatur",
800 1938 953 1974 mitigatur
961 1947 1029 1966 vero

202 1984 232 2010 et
247 1981 440 2016 demulcetur,
457 1982 492 2009 ad
509 1991 558 2010 eos
574 1983 623 2018 qui
648 1991 731 2010 suam
750 1983 777 2010 in
794 1983 874 2019 ipsos
891 1983 1028 2011 ﬁduciam

202 2026 396 2062 reposuerint,
413 2026 582 2055 afﬁciendos
599 2027 748 2055 beneficio.
766 2027 829 2055 Hem
845 2030 942 2056 autem
959 2036 1028 2056 con-

201 2071 320 2107 tingunt
339 2071 374 2099 ob
401 2072 528 2099 furorem
554 2072 601 2099 ira
627 2072 751 2099 Domini.
769 2072 902 2100 Obtinuit
931 2075 1027 2100 autem

202 2125 267 2144 mos
282 2116 465 2151 Soriopturae.
480 2119 512 2144 ut
526 2117 654 2144 furorem
666 2117 714 2143 iraa
726 2116 805 2144 dicat
815 2119 917 2144 aestum
929 2125 1029 2151 quem-

201 2161 283 2194 dam,
294 2163 322 2188 et
336 2168 489 2196 prunarum
507 2160 603 2195 pravis
619 2160 757 2196 operibus
772 2160 950 2188 ulciscendis
965 2161 1028 2189 ido-

203 2212 324 2231 nearum
340 2203 430 2231 veluti
447 2204 720 2232 inﬂammationem.

235 2257 298 2284 270.
317 2257 397 2285 Terra
416 2259 511 2284 autem
534 2259 703 2285 concutietur
717 2267 734 2286 a
748 2258 937 2293 fundamentis
960 2261 1027 2287 suis.

201 2301 345 2335 Declarat,
358 2304 471 2329 motum
487 2301 569 2328 illum
583 2310 639 2329 non
655 2303 785 2330 futurum
798 2311 862 2330 esse
876 2303 966 2331 levem
979 2306 1028 2331 aut
1044 2296 1066 2328 D

201 2345 364 2382 vulgarem,
376 2346 447 2373 adeo
464 2348 494 2373 ut
512 2346 665 2381 superficie
681 2349 768 2374 tenus
784 2347 834 2374 fiat
849 2348 1002 2376 concussio
1020 2357 1026 2376 :

199 2391 251 2418 sed
264 2393 347 2419 terras
359 2391 584 2418 fundamentum
601 2399 733 2419 eversum
751 2391 796 2424 iri,
809 2395 838 2419 et
850 2401 1028 2421 concussum

198 2434 284 2463 illum
299 2435 335 2463 ad
352 2443 454 2463 omnes
468 2438 551 2462 terrae
578 2437 675 2470 partes
698 2438 918 2471 perventurum.
935 2437 1029 2465 Terras

1080 293 1188 324 θρωπος
1217 287 1326 324 ἔντιμος
1352 284 1425 314 ἔσται
1457 287 1564 324 μᾶλλον
1593 289 1610 323 ἦ
1627 288 1640 315 ὁ
1658 287 1735 318 λίθος
1751 289 1766 315 ὁ
1782 287 1813 315 ἐκ
1839 291 1901 315 Σου-

1079 333 1152 370 φείρ.
1168 332 1244 360 Μετὰ
1257 333 1289 359 τὸ
1305 331 1458 369 ἐπαχθῆναι
1476 332 1540 363 τοὺς
1564 332 1704 369 μιγάλους
1725 332 1900 370 πιιρασμοὺς,

1079 376 1123 404 καὶ
1140 376 1226 404 ἐλθεῖν
1242 376 1305 407 τοὺς
1331 376 1514 414 ὁπλομάχουε
1539 376 1602 406 τοὺς
1627 376 1836 415 ἓξαφανίζοντας
1855 379 1899 412 τὴν

1080 420 1253 457 οἰκουμένην,
1280 421 1324 448 καὶ
1351 422 1419 456 μετα
1442 421 1474 448 τὸ
1489 425 1688 456 ταπεινωθῆναι
1715 424 1803 448 πᾶσαν
1825 421 1900 459 ὑπερ-

1079 465 1208 502 ηφανίαν,
1234 465 1295 492 τότε
1311 465 1338 492 οἱ
1355 465 1543 501 εὑρισκόμενοι
1560 465 1698 502 ἅνθρωποι
1725 465 1755 493 ἐκ
1778 465 1900 499 πολλῶν,

1081 509 1165 546 μηδὲν
1184 507 1327 547 βλαϐέντες
1340 510 1389 543 τήν
1415 511 1507 547 ψυχὴν
1532 510 1585 537 ἀπὸ
1605 512 1656 542 τῆς
1681 510 1750 547 πρὸς
1764 510 1829 540 τοὺς
1846 510 1902 537 ἀνό-

1081 565 1148 591 μους
1164 554 1316 587 κοινωνίας,
1332 553 1405 582 ἀλλὰ
1422 553 1466 581 διὰ
1483 555 1586 592 μυρίων
1603 557 1762 592 πειρασμῶν
1788 555 1833 582 καὶ
1859 554 1901 582 δο-

1078 599 1267 635 κιμαστηρίων
1311 599 1491 633 ἰξετασθεντες
1509 621 1516 633 ,
1548 599 1662 637 βάσανον
1711 603 1762 634 τῆς
1806 599 1902 626 una»

1079 643 1263 681 προαιρέσεως
1289 640 1387 680 ἀκριϐῆ
1415 645 1471 680 (72)
1498 642 1656 678 δεδωκότες,
1681 645 1780 676 παντὸς
1803 643 1902 681 ἀπύρου

1078 688 1194 725 χρυσίου
1210 687 1316 715 ἔσονται
1332 689 1502 724 τιμιώτεροι,
1518 688 1562 715 καὶ
1588 688 1686 719 παντὸς
1708 687 1789 720 λίθου
1803 699 1901 724 τιμιω-

1078 734 1170 765 τάτου,
1201 733 1229 763 ὃς
1257 731 1332 760 δοκεῖ
1355 733 1380 759 ἐν
1405 735 1439 769 τῇ
1468 734 1586 771 Σοοφεὶρ
1616 732 1796 770 ιύρίσκισθαι.
1813 735 1901 761 Ἔοικα

1079 776 1107 804 δὲ
1123 777 1215 814 χώραν
1245 777 1306 804 τινὰ
1335 776 1422 814 λέγειν
1453 776 1480 804 ἐν
1506 779 1547 813 τῷ
1574 774 1643 809 ἔθνει
1667 779 1707 813 ἰᾦ
1733 775 1841 813 Ἰνδικῷ
1854 778 1899 811 τὴν

1079 821 1207 860 Σουφεὶρ,
1224 822 1284 859 πιρῖ
1301 823 1332 856 ἦν
1353 822 1379 849 οἱ
1394 821 1581 858 πολυτίμητοι
1595 823 1648 848 τῶν
1665 821 1750 853 λίθων
1772 822 1900 860 πεφύκασι

1076 866 1206 903 γίνεσθαι.
1223 867 1343 902 ’Δπυρον
1370 864 1398 893 Si
1422 865 1546 903 χρυσίον,
1573 866 1603 893 τὸ
1629 865 1765 902 μηδεμίαν
1783 863 1897 904 ἀμφιϐο-

1079 910 1139 938 λίαν
1154 909 1223 946 ὕλης
1234 910 1384 947 ἀλλοτρίας
1395 908 1459 948 ἔχον
1471 909 1497 937 ἐν
1509 910 1608 946 ἑαυτῷ,
1625 910 1698 944 ἀλλ’,
1711 911 1784 946 ὁμοῦ
1798 913 1838 946 τῷ
1848 912 1898 946 (73)

1079 958 1206 994 φανῆναι,
1232 955 1323 983 πεῖθον
1348 955 1397 989 τήν
1421 953 1482 992 ὄψιν
1509 957 1562 982 τῶν
1588 954 1772 992 ὀρώντων,8τι
1792 953 1898 991 δόκιμόν

1079 998 1135 1027 ἐστι
1150 999 1195 1026 καὶ
1210 999 1305 1037 ἀμιγὲς
1321 997 1440 1036 χαλκοῦ,
1456 998 1474 1033 ἢ
1488 1010 1563 1031 τινος
1579 998 1669 1034 ἄλλης
1683 999 1849 1034 ἐπιπλοκῆς.

1114 1098 1177 1124 269.
1211 1097 1242 1125 Ὁ
1270 1096 1322 1134 γὰρ
1361 1095 1475 1134 οὐρανὸς
1503 1097 1693 1132 θυμωθήσεται
1711 1117 1718 1130 ,
1748 1096 1793 1123 καὶ
1820 1097 1837 1131 ἡ
1863 1100 1896 1134 γῆ

1080 1143 1249 1176 σεισθήσεται
1289 1141 1319 1168 ἐκ
1354 1143 1408 1167 τῶν
1446 1139 1582 1177 θεμελίων
1608 1140 1691 1175 αὐτῆς
1711 1163 1718 1176 ,
1747 1139 1792 1168 διὰ
1820 1142 1899 1177 θυμὸν

1080 1186 1164 1223 ὀργῆς
1195 1185 1296 1222 Κυρίου
1324 1182 1439 1212 Σαϐαὼθ
1467 1184 1493 1212 ἐν
1516 1186 1550 1221 τῇ
1580 1185 1680 1222 ἡμέρᾳ,
1702 1187 1720 1220 ᾖ
1746 1184 1776 1212 ἃν
1805 1185 1900 1222 ἐπέλθῃ

1080 1230 1192 1265 ὸθυμὺς
1221 1230 1315 1256 αὐτοῦ.
1347 1231 1421 1256 Πᾶσα
1445 1230 1463 1263 ἡ
1493 1229 1578 1260 κτίσις
1609 1231 1772 1267 συγκινεῖται
1798 1229 1837 1265 τῷ
1857 1233 1902 1256 Δι-

1080 1274 1166 1311 σπότῃ
1184 1273 1227 1301 ἐπὶ
1242 1274 1291 1308 τὴν
1309 1272 1446 1308 ἐκδίκησιν
1462 1276 1514 1300 τῶν
1532 1274 1570 1304 είς
1589 1273 1668 1301 αὐτὸν
1691 1274 1900 1311 ἡμαρτηκότῶν,

1081 1321 1181 1355 Ὥσπερ
1210 1317 1262 1355 γὰρ
1292 1317 1425 1353 ἐξίσταται
1453 1318 1467 1344 ὁ
1497 1317 1622 1354 οὐρανὸς,
1649 1318 1695 1345 καὶ
1726 1318 1833 1357 φρίσσει
1860 1317 1900 1345 ἐπὶ

1079 1365 1139 1392 ταῖς
1165 1360 1381 1399 ἀπροσδοκήτοις
1405 1362 1587 1400 παρανομίαις
1609 1364 1659 1389 τοῦ
1685 1361 1765 1396 λαοῦ,
1782 1362 1845 1390 ὅταν
1861 1362 1900 1399 ἰγ-

1080 1406 1265 1434 καταλιίπωσι
1294 1407 1339 1434 τὸν
1369 1406 1475 1443 Κύριον·
1505 1406 1591 1438 οὕτως
1620 1405 1727 1434 ἐπειδὰν
1758 1409 1818 1443 (74)
1838 1418 1901 1443 συμ-

1081 1451 1266 1487 πληρωθῶσιν
1291 1451 1318 1478 αἱ
1341 1450 1469 1487 ἁμαρτίαι
1495 1453 1548 1478 τῶν
1579 1451 1838 1486 ἄποστατησάντων,
1859 1451 1900 1477 καὶ

1082 1494 1149 1532 ἔλθῃ
1165 1496 1179 1522 ὁ
1195 1495 1288 1533 καιρὸς
1312 1498 1362 1530 τῆς
1387 1494 1602 1529 ἀνταποδόσιως,
1620 1496 1770 1532 θυμοῦσθαι
1799 1495 1902 1533 λᾶγεται

1082 1540 1127 1568 καὶ
1144 1538 1377 1571 συνδιανίστασθαι
1392 1541 1426 1577 τῇ
1444 1539 1514 1578 ὀργῇ
1538 1542 1587 1567 τοῦ
1603 1541 1680 1568 Θεοῦ.
1697 1541 1788 1576 Θομὸν
1814 1539 1843 1568 δὲ
1858 1540 1902 1568 οὖ-

1085 1587 1166 1623 ρανοῦ
1190 1587 1262 1611 νοεῖν
1288 1585 1343 1621 χρὴ
1368 1584 1402 1611 τὰ
1424 1585 1469 1611 ἀπ’
1493 1583 1575 1611 αὖτοῦ
1602 1581 1704 1622 φοϐερὰ
1728 1584 1903 1612 ὲπιπίπτοντα

1083 1631 1141 1660 τοῖς
1157 1627 1365 1665 κολαζομένοις,
1395 1628 1457 1656 ὅταν
1495 1629 1626 1659 σκότωσις
1658 1629 1706 1664 μὶν
1731 1628 1839 1666 γένηται
1853 1631 1901 1656 τῶν

1083 1672 1212 1711 ἀστέρων,
1229 1673 1349 1711 ἀφεγγὴς
1375 1671 1404 1700 δὶ
1429 1673 1444 1700 ὁ
1463 1671 1556 1709 ἥλιος,
1581 1674 1626 1701 καὶ
1649 1674 1667 1708 ἡ
1693 1672 1795 1708 σελήνη
1818 1673 1903 1701 οὐκέτι

1082 1717 1292 1755 πεφωτισμένψπ
1309 1717 1371 1744 ὅταν
1399 1718 1515 1753 σκηπτοὶ
1538 1716 1736 1755 διατρέχοντες,
1759 1718 1804 1745 καὶ
1827 1719 1902 1756 βρον-

1082 1763 1126 1789 ταὶ
1142 1760 1264 1801 φοϐερῶς
1287 1761 1549 1799 καταρῥηγνύμεναι·
1577 1762 1641 1790 ὅταν
1657 1763 1671 1789 ὁ
1697 1762 1762 1799 ὑπὶρ
1784 1761 1903 1801 κεφαλῆς

1083 1807 1135 1844 ἀὴρ
1152 1805 1343 1843 ὶσκοτισμένος
1361 1806 1484 1844 ὑπάρχῃ,
1510 1806 1547 1838 ὠς
1572 1806 1741 1845 πανταχόθεν
1763 1806 1902 1845 ἀπαραμύ-

1083 1852 1164 1886 θητον
1179 1850 1245 1878 εἶναι
1269 1854 1327 1882 τοῖς
1348 1853 1382 1887 τῇ
1409 1851 1479 1889 ὀργῇ
1499 1850 1731 1888 παραδιδομένοις
1745 1851 1794 1885 τὴν
1821 1851 1897 1889 βασαι

1082 1906 1138 1923 νον.
1163 1896 1194 1922 Ἣ
1208 1895 1258 1932 γὰρ
1283 1895 1381 1929 κτίσις,
1405 1898 1445 1932 τῷ
1469 1897 1613 1930 ποιήσαντι
1640 1896 1824 1932 ὑπηρετοῦσα,
1853 1895 1907 1922 ἐπι-

1082 1939 1196 1967 τείνεται
1225 1939 1272 1975 μὲν
1299 1939 1337 1971 είς
1359 1939 1474 1967 κόλασιν
1501 1940 1569 1967 κατὰ
1589 1942 1643 1967 τῶν
1667 1938 1783 1974 ἀδίκων,
1809 1939 1906 1966 ἀνίεται

1084 1983 1112 2011 δὲ
1127 1984 1164 2016 εἷς
1178 1983 1329 2021 εὐεργεσίαν
1356 1984 1423 2022 ὕπὶρ
1448 1986 1501 2011 τῶν
1527 1983 1570 2011 ἐπ’
1596 1984 1670 2020 αὐτῷ
1699 1986 1756 2020 (75)
1780 1983 1906 2012 πεποιθό-

1083 2039 1146 2057 των.
1163 2030 1253 2057 Ταῦτα
1269 2027 1297 2055 δὲ
1312 2027 1412 2065 γίνεται
1430 2027 1474 2055 διὰ
1496 2029 1582 2064 θυμὸν
1604 2028 1689 2066 ὀργῆς
1713 2029 1829 2065 Κυρίου.
1859 2031 1905 2055 83-

1086 2073 1135 2110 μὸν
1151 2072 1179 2100 δὶ
1199 2073 1284 2110 ὀργῆς
1311 2071 1398 2110 λέγειν
1423 2074 1457 2109 τῇ
1483 2075 1576 2110 Γραφῇ
1602 2073 1714 2108 σύνηθες
1737 2074 1786 2107 τήν
1811 2072 1903 2099 ἀναθυ-

1085 2117 1189 2153 μίασιν,
1203 2116 1247 2144 καὶ
1262 2117 1343 2144 οἲονεὶ
1360 2116 1450 2154 ἔξαψιν
1466 2121 1516 2152 τῆς
1533 2117 1581 2157 ἐπὶ¹
1601 2119 1636 2154 τῇ
1662 2116 1838 2145 ἀνταποδόσει
1853 2119 1902 2144 τῶν

1083 2163 1212 2198 πονηρῶν
1228 2159 1315 2199 ἔργων
1331 2162 1475 2200 γινομὲνης
1489 2161 1639 2192 κολάσεως.

1117 2260 1180 2287 270.
1197 2259 1229 2287 'H
1257 2257 1286 2286 δὲ
1311 2262 1345 2297 γῆ
1376 2259 1544 2294 σεισθήσεται
1569 2258 1600 2286 ἐκ
1621 2261 1676 2286 τῶν
1702 2259 1837 2296 Θεμιλίων
1861 2257 1902 2285 αὖ-

1081 2307 1141 2338 τῆς.
1157 2303 1305 2338 Δείκνυσιν,
1332 2303 1373 2330 ὅτι
1398 2303 1448 2330 οὐκ
1471 2303 1644 2339 ἐπιπόλαιος,
1661 2302 1724 2331 οὖδὶ
1751 2304 1867 2339 συνήθης
1888 2302 1901 2328 ὸ

1083 2347 1194 2384 σεισμὸς
1208 2345 1292 2384 ἔσται,
1309 2347 1371 2386 περὶ
1396 2348 1445 2382 τήν
1469 2347 1625 2386 ἐπιφάνειαν
1650 2350 1698 2375 τοῦ
1729 2349 1852 2386 βρασμοῦ
1865 2358 1901 2383 γιν

1082 2392 1211 2428 νομὲνου,
1243 2392 1306 2420 ἀλλ’
1333 2392 1416 2426 αὐτὴν
1441 2394 1490 2428 τὴν
1513 2391 1593 2428 ἕδραν
1619 2392 1704 2427 αὐτῆς
1727 2393 1900 2430 ἀναστρέφει,

1083 2437 1126 2464 καὶ
1145 2437 1159 2464 ὸ
1183 2436 1282 2468 κλόνος
1307 2436 1391 2471 αὐτῆς
1410 2436 1505 2465 διόλου
1529 2435 1635 2473 ἅψεται.
1662 2436 1783 2474 Θιμὲλὶα
1808 2436 1835 2464 δι
1857 2436 1902 2472 γῆς

234 2547 257 2566 ¹⁶
270 2547 339 2583 Sap.
356 2555 384 2582 v,
401 2546 446 2574 18.
483 2546 505 2564 ³⁷
520 2546 577 2574 Jer.
594 2555 626 2580 ιι,
643 2546 686 2573 12.
726 2547 748 2564 ’⁸
763 2546 866 2574 Matth.
882 2555 960 2582 xxxv,
974 2548 1019 2576 29.

1094 2550 1160 2584 Bap.
1177 2557 1206 2583 v,
1222 2548 1318 2576 18-21.

235 2660 290 2702 ςΉ)
303 2660 362 2688 Vox
377 2656 481 2694 ἔντιμοι
498 2658 600 2686 addita
618 2661 661 2686 est
681 2666 715 2686 ex
731 2658 860 2695 antiquis
876 2659 972 2688 tribus
987 2659 1021 2688 lir

197 2697 291 2767 bliii-2)
306 2730 393 2765 Editi,
409 2729 445 2759 ὡς
466 2725 575 2765 ἀκριϐῆ.
592 2729 703 2757 Vocula
726 2729 764 2760 ὡς
785 2730 815 2758 in
841 2730 950 2758 nostris
973 2739 1023 2758 sex

201 2775 272 2796 mss.
293 2767 383 2794 deest.

237 2802 294 2838 (73)
309 2801 384 2830 Editi
398 2803 438 2838 __et
461 2802 588 2838 quatuor
611 2808 696 2835 mss,
711 2800 752 2838 τό.
770 2801 844 2838 _Alii_
855 2801 913 2838 duo
937 2810 1023 2837 mss.,

199 2835 249 2875 τῳζ
262 2835 341 2867 Infra
354 2835 478 2866 codices
491 2837 548 2865 duo
572 2844 639 2865 cum
654 2837 751 2873 editis,
768 2836 810 2864 ἐὰν
837 2835 949 2874 tamen.
965 2835 1022 2866 Alii

1079 2659 1383 2702 τιυξιροινδὲγίπίλριλ·
1433 2699 1437 2702 .
1478 2695 1485 2702 .
1538 2695 1563 2702 ..
1623 2695 1635 2702 ν

1115 2697 1169 2733 (74)
1184 2697 1305 2724 Codices
1329 2695 1452 2733 aliquot,
1476 2695 1582 2723 ἐπειδὰν
1607 2695 1662 2723 οὖν.
1686 2697 1798 2733 Ibidem
1822 2695 1896 2725 editi,

1077 2734 1129 2773 τῷν
1152 2731 1427 2767 ἆποστησάντωνξΑῐ
1451 2741 1522 2761 mss.
1540 2740 1653 2766 omnes,
1668 2733 1724 2758 τῶν
1748 2731 1895 2763 ἀποστατηι

1078 2777 1302 2867 σῗξὶἒνληιίςυι
1326 2804 1384 2832 duo
1408 2803 1487 2839 libri,
1513 2803 1557 2830 ὑπ’
1581 2802 1666 2838 αὐτῷ.
1692 2803 1745 2831 Alii
1770 2805 1838 2837 tres,
1861 2798 1896 2829 εἰς

1078 2849 1124 2866 αυτ
1143 2851 1166 2867 ν.

1076 2849 1166 2868 αυτον.
