2010 3145
77 175 136 203 617

477 171 686 215 ΟΟΜΜΒΝΤ,
704 172 744 202 ΙΝ
767 171 902 202 ISAIAM

969 170 1179 202 LOPHETAM.
1203 171 1286 201 CAP.
1311 172 1387 202 XIV.

1726 171 1787 202 618

78 238 166 275 ἐμῶν.
193 236 244 264 Καὶ
284 235 387 265 ἔσονται
424 236 463 269 εἰς
497 237 689 274 καταπάτημα,
723 237 767 264 καὶ
796 236 907 275 ἀφαιρε-

969 245 1037 270 nem,
1053 239 1078 264 et
1099 238 1241 272 auferetur
1261 238 1295 265 ab
1318 238 1358 265 eis
1374 237 1477 273 jugum
1501 237 1635 273 ipsorum,
1650 239 1675 266 et
1693 238 1788 274 gloria

77 284 192 318 θήσεται
223 282 270 309 ἀπ’
298 281 386 309 αὐτῶν
412 281 427 309 ὸ
454 282 532 318 ζυγὸς
562 281 661 316 αὐτῶν,
690 281 736 309 καὶ
763 281 794 309 τὸ
825 279 906 312 κῦδος

78 326 171 354 αὐτῶν
200 325 254 353 ἀπὸ
281 326 334 353 τῶν
365 323 449 362 ὤμων
479 324 578 353 αὐτῶν.
602 325 633 354 Ὁ
664 325 710 362 μὲν
740 325 808 352 κατὰ
823 324 907 363 σάρκα

76 369 205 409 Ἰσραὴλ,
221 369 285 408 περὶ
300 371 350 402 τῆς
364 370 562 406 νενομισμένης
587 369 681 400 αὐτοῖς
705 373 757 407 γῆς
777 372 825 397 τοῦ
840 372 907 397 Θεοῦ

79 416 158 448 εἶναι,
173 415 219 442 καὶ
235 414 320 452 ὁρέων
334 413 438 442 τούτων
454 416 507 442 τῶν
522 414 623 452 γηίνων
645 415 680 450 τῇ
705 413 821 451 αἴσθητῇ
837 414 907 441 Ἰου-

78 459 143 494 δαίᾳ
156 460 224 495 (63),
240 458 286 486 τὸν
303 458 386 495 λόγον
413 455 599 494 ὑπολαμϐάνει
631 458 762 495 ὑπάρχειν
777 460 818 494 τῷ
839 468 907 496 προ-

78 505 164 542 φήτῃ·
186 503 231 530 καὶ
261 503 310 537 τήν
341 503 485 539 Ἀσσυρίαν
508 502 690 540 αῗχμάλωτον
721 503 831 540 ἀπάγειν
860 503 906 530 τὸν

77 547 204 587 Ἰσραὴλ,
223 547 300 585 ζυγὸν
326 545 452 578 δουλείας
475 547 568 578 αὐτοῖς
590 546 725 579 ἐπιθέντα·
755 548 838 583 ἡμεῖς
867 545 906 579 δὲ,

79 594 106 621 οἱ
132 593 336 630 συνεγερθὲντες
361 594 473 629 Χριστῷ
498 593 564 629 (64),
584 591 630 619 καῖ
645 591 789 629 εὐχόμενοι
805 592 838 619 τὰ
852 590 907 619 ἅνω

80 640 185 673 ζητεῖν,
211 640 265 674 γῆν
291 636 338 672 μὶν
353 635 526 672 ὀνομάζομεν
541 637 590 670 τὴν
604 634 716 673 καρδίαν
733 637 783 670 τὴν
808 635 906 670 καλὴν,

76 682 149 709 καθὰ
168 681 232 719 παρ’
247 681 330 708 αὐτοῦ
352 678 532 717 δεδιδάγμεθα
555 682 604 707 τοῦ
627 680 737 718 Κυρίου,
769 679 905 718 λέγοντος

85 727 109 755 Ο
152 724 182 752 δὲ
228 725 273 752 ἐπὶ
319 724 369 758 τὴν
412 727 465 761 γῆν
512 724 600 758 καλὴν
649 724 772 761 σπαρεὶς,
812 723 908 754 οὗντος

78 771 93 797 6
143 770 190 797 τὸν
243 767 328 806 λόγον
370 767 477 795 ἀκούων
526 769 572 795 xiii
619 769 717 800 συνιεὶς
767 778 907 806 καρποφο-

80 817 124 852 ρεῖ
152 815 209 851 (65)
236 814 282 841 καὶ
310 815 385 840 ποιεῖ
413 813 427 840 6
459 813 507 848 μὲν
533 813 646 846 ἑκατὸν,
673 814 688 840 6
714 811 743 840 δὶ
769 813 906 849 ἐξήκοντα,

79 860 94 887 6
126 858 157 886 ’ὁὶ
184 858 341 896 τριάκοντα.
357 857 406 884 Καὶ
421 856 485 894 ὅρος
501 856 547 884 οὖν
569 859 616 885 τοῦ
632 856 698 884 Θεοῦ
714 856 824 885 δύναται
839 867 909 895 χρη-

81 903 218 940 ματίζειν,
235 902 261 930 ἐν
278 903 301 938 ᾦ
325 902 363 934 εἰς
377 902 516 937 καταπάτη
523 912 559 938 μα
572 903 731 939 γενήσονται
758 902 783 929 οἱ
812 901 907 930 Ἀσσύ-
923 924 947 956 Β

186 947 192 956 ι
232 946 257 956 ID
269 947 276 956 Ι
345 945 352 956 1
418 948 429 954 υ
460 944 471 955 ι’
596 948 607 953 ε
640 946 647 956 7
689 952 699 956 -
720 949 731 954 -ι
810 946 817 955 \
834 946 843 956 Ἰ
859 946 865 956 1

80 958 151 985 ριοι,
182 947 196 974 ὁ
210 946 327 982 αὐξήσας
343 945 369 974 ἄν
384 948 443 976 τοῖς
459 944 548 983 ἔργοις
563 948 621 978 τοῖς
635 946 756 983 ἀγαθοῖς,
772 946 817 973 καὶ
834 946 908 982 λόγῳ

78 992 126 1019 καὶ
141 991 241 1030 γνώσει
265 991 332 1027 ὑπὲρ
355 990 419 1022 τοὺς
443 989 545 1020 ἄλλους
564 990 728 1026 ἀνεστηκὼς·
762 991 787 1018 ἦν
816 991 908 1027 τούτῳ

76 1035 222 1070 καταπάτη
229 1045 267 1072 μα
288 1033 392 1062 ἔσονται
417 1035 443 1062 οἱ
468 1034 577 1072 ἐχθροί.
602 1035 651 1062 Καὶ
665 1037 716 1066 πᾶς
731 1036 745 1063 6
759 1036 839 1073 ζυγὸς
853 1037 907 1063 τῶν

78 1081 234 1118 Ἀσσυρίων
260 1080 468 1119 ἀφαιρεθήσεται
494 1080 546 1107 ὑπὸ
569 1080 618 1107 τοῦ
649 1082 726 1108 Θεοῦ.
759 1081 837 1118 Μὲγα
860 1081 907 1117 μὲν

76 1126 129 1163 γὰρ
156 1125 300 1164 ἐφρόνουν,
326 1124 363 1155 ὡς
387 1126 446 1155 τοῖς
466 1123 554 1161 ὥμοις
569 1127 623 1152 τῶν
639 1125 691 1152 ἀπὸ
720 1126 768 1159 τῆς
798 1124 908 1163 μερίδος

77 1173 129 1198 τοῦ
145 1171 214 1198 Θεοῦ
228 1171 283 1197 τῶν
310 1169 461 1208 ἀνθρώπων
485 1167 681 1204 ἐπιϐαίνοντες,
708 1169 754 1196 καὶ
784 1169 835 1197 ὑπὸ
862 1169 908 1196 τὸν

77 1214 152 1242 ἴδιον
179 1214 260 1251 ζυγὸν
276 1215 417 1245 ποιοῦντες
432 1213 496 1245 τοὺς
510 1217 559 1249 τῆς
582 1213 706 1245 δουλείας
721 1216 769 1241 τοῦ
782 1216 849 1242 Θεοῦ
866 1213 910 1241 διὰ

78 1259 136 1287 τῶν
167 1259 374 1296 ἁμαρτημάτων
391 1258 624 1290 ἀπυσπασθᾶντας.
649 1259 779 1296 Ἔχοντες
795 1259 843 1286 οὗν
859 1261 908 1294 τὴν

75 1304 148 1331 κατὰ
171 1303 203 1331 τὸ
227 1303 372 1340 εἰρημινον
398 1302 497 1330 ἐλπίδα
518 1303 579 1340 περὶ
608 1305 656 1331 τοῦ
682 1303 830 1331 ἀπολέσθαι
861 1305 909 1340 μὲν

76 1348 144 1376 τοὺς
170 1347 289 1386 ἂχΘροὺς
313 1348 395 1384 ἡμῶν
420 1346 463 1374 ἰπὶ
493 1351 544 1382 τῆς
565 1351 617 1384 γῆς
632 1350 681 1375 τοῦ
696 1350 774 1380 Θεοῦ,
798 1348 842 1375 καὶ
865 1348 909 1375 ἰπὶ

77 1395 134 1419 τῶν
159 1392 245 1428 ὁρέων
267 1391 350 1418 αὐτοῦ
371 1392 656 1426 κηταπατηθήσεσθαι,
685 1392 730 1419 καὶ
758 1392 803 1419 τὸν
829 1393 909 1429 ζυγὸν

79 1437 172 1464 αὐτῶν
206 1436 454 1476 ἀφαιρεθήσεσθαι,
484 1437 527 1464 καὶ
556 1436 588 1464 τὸ
615 1437 671 1473 (66)
699 1435 790 1472 κῦδος,
816 1437 839 1472 ᾧ
863 1437 909 1464 ἔπ-

80 1481 229 1519 εγαυρίων,
260 1481 298 1511 ὡς
323 1479 506 1518 κατάρχοντες
529 1481 621 1517 ἡμῶν,
645 1480 690 1507 καὶ
718 1478 910 1516 ἰπιϐεϐηκότες

80 1527 174 1562 ἡμῖν,
204 1522 426 1563 συντριϐήσεσθαι
457 1526 524 1561 (67),
549 1526 636 1552 πάντα
663 1525 836 1562 πράττωμεν,
864 1526 910 1564 ἳνα

79 1569 182 1597 τέλεον
210 1568 299 1598 αὐτῶν
329 1569 379 1604 τὴν
408 1567 562 1596 δυναστείαν
595 1569 812 1606 ἀποσεισώμεθα.
849 1570 908 1598 Ἐὰν

80 1614 134 1651 γὰρ
158 1613 300 1651 γινώμεθα
325 1612 375 1650 ὅρη
400 1615 478 1647 Θεοῦ,
502 1614 528 1640 οἱ
557 1612 681 1650 θεμέλιοι
710 1613 793 1641 αὐτοῦ
809 1612 911 1641 ἔσονται

83 1660 112 1687 ιν
139 1659 222 1695 ἡμῖν,
246 1659 295 1685 τοῦ
318 1656 401 1695 λόγου
423 1661 475 1692 τῆς
498 1656 628 1693 ἀληθείας
653 1655 870 1694 καταϐληθὲντος
886 1659 912 1686 ὲν

80 1707 144 1735 ταῖς
169 1701 295 1741 καρδίαις
308 1703 402 1740 ἡμῶν,
430 1702 476 1730 καὶ
503 1704 557 1730 τῶν
571 1703 678 1740 ἀγαθῶν
694 1702 777 1741 ἔργων
804 1703 912 1731 ἐποικο-

83 1747 268 1784 δομουμὲνων
282 1746 418 1780 τῆπίστει
448 1748 515 1784 (68).
545 1750 591 1774 Δεῖ
612 1746 641 1774 δὲ
663 1750 787 1786 καθαρῶς
810 1748 913 1775 ἀποτά-

84 1793 183 1828 ξασθαι
197 1791 272 1828 ἤμᾶς
296 1793 331 1828 τῇ
356 1791 487 1829 ἁμαρτίᾳ,
511 1789 555 1819 ἵνα
580 1791 721 1829 ἐλεύθερον
747 1792 792 1819 τὸν
813 1792 913 1830 αὐχένα

83 1839 134 1865 τοῦ
151 1838 235 1874 ζυγοῦ
250 1835 359 1873 ἔχωμεν
373 1838 427 1863 τῶν
452 1835 614 1872 Ἀσσυρίων,
629 1836 673 1863 καὶ
691 1835 853 1873 δυνηθῶμεν
867 1847 912 1874 γι-

84 1880 181 1913 νέσθαι
204 1882 322 1918 Χριστοῦ
348 1879 508 1918 ὑποζύγιον.
535 1880 587 1908 Δύο
610 1881 660 1918 γὰρ
686 1880 782 1918 ζυγοὺς
807 1881 838 1908 οὐ
867 1881 912 1908 δυ-

961 289 1056 309 eorum
1070 281 1105 309 ab
1119 282 1242 309 humeris
1266 282 1396 317 ipsorum.
1413 282 1503 310 Israel
1520 281 1638 318 quidem
1660 282 1787 310 carnalis

962 326 997 353 de
1012 327 1089 354 terra
1104 334 1194 361 quam
1210 326 1260 354 Dei
1280 334 1344 355 esse
1363 326 1542 361 existimant,
1554 326 1647 362 deque
1662 327 1786 355 terrenis

961 369 1026 398 istis
1052 371 1200 398 montibus
1216 371 1245 398 in
1260 371 1361 398 Iudaea
1383 370 1516 398 sensibili
1541 370 1616 405 sitis,
1633 370 1710 399 dicta
1724 371 1785 399 bene

962 415 1052 442 fuisse
1063 423 1080 442 ο
1091 415 1231 451 propheta
1244 415 1417 448 arbitratur;
1431 424 1464 443 ac
1475 415 1545 450 fore,
1556 417 1589 443 ut
1600 415 1690 443 Israel
1700 416 1786 452 Assy-

962 458 1036 486 riam
1069 459 1197 487 abducat
1225 460 1254 487 in
1284 460 1505 496 captivitatem;
1535 460 1608 496 jugo
1636 460 1784 488 servitutis

961 503 1087 540 Assyriis
1115 504 1276 540 imposito:
1299 513 1353 532 nos
1376 511 1455 538 vero,
1471 504 1520 540 qui
1545 505 1784 533 consurreximus

963 555 1028 575 cum
1045 547 1169 580 Christo,
1180 549 1372 584 vovimusque
1387 549 1563 584 quaesituros
1578 557 1631 577 nos
1647 557 1710 585 quis
1721 545 1785 577 sur-

962 600 1028 620 sum
1045 587 1114 620 sunt
1125 593 1160 626 ul;
1177 601 1226 620 cor
1241 593 1350 621 bonum
1365 596 1472 621 terram
1489 594 1688 628 nominamus,
1700 596 1785 629 prout

963 644 1065 664 sumus
1081 637 1175 664 edocti
1193 638 1229 665 eb
1245 637 1307 673 ipso
1320 637 1444 666 Domino
1459 638 1591 666 dicente:
1607 639 1664 673 Qui
1677 646 1739 666 vero
1754 640 1784 666 in

962 685 1064 708 terram
1081 682 1178 709 bonam
1192 683 1347 710 seminatus
1365 684 1414 716 est,
1430 683 1475 710 hic
1496 683 1608 710 verbum
1630 683 1745 711 audiens
1759 684 1786 711 et

963 726 1128 761 intelligens,
1149 728 1270 762 fructum
1299 726 1390 763 affert,
1415 731 1440 754 et
1466 727 1546 762 facit,
1572 727 1646 755 alius
1675 727 1786 763 quidem

962 770 1149 805 centesimum,
1175 771 1249 799 alius
1274 773 1366 798 autem
1389 772 1602 806 sexagesimum,
1619 771 1695 799 alius
1717 780 1786 799 vero

963 815 1131 842 tricesimum
1141 815 1174 842 ⁵³.
1191 815 1318 850 Denique
1331 815 1377 843 Dei
1390 823 1474 843 mons
1487 816 1515 843 in
1526 824 1583 851 quo
1595 815 1786 844 conculcandi

961 859 1071 896 Assyrii
1087 862 1167 894 sunt,
1183 862 1281 896 potest
1296 859 1436 896 appellari
1452 860 1488 893 is,
1505 860 1556 896 qui
1570 860 1601 887 in
1618 860 1702 888 bonis
1719 868 1786 896 ope-

963 904 1043 931 ribus
1058 912 1248 940 progressum
1270 904 1348 938 facit,
1365 912 1456 940 seque
1478 913 1568 940 supra
1583 903 1711 940 reliquos
1726 913 1787 932 ser-

965 955 1050 976 mone
1065 947 1175 976 attollit
1196 951 1224 976 et
1248 948 1414 984 cognitione
1431 957 1437 976 :
1454 948 1484 976 in
1509 948 1563 976 hoc
1586 949 1642 976 isto
1666 948 1786 977 concul-

964 993 1048 1020 candi
1074 993 1186 1020 inimici
1210 995 1280 1020 sunt
1307 994 1340 1020 Et
1364 1000 1451 1020 omne
1476 993 1660 1029 Assyriorum
1679 993 1786 1029 jugum

963 1037 1113 1065 auferetur
1127 1045 1179 1073 per
1188 1037 1291 1065 Deum.
1303 1037 1419 1065 Etenim
1435 1045 1492 1065 non
1506 1045 1609 1073 parum
1624 1037 1788 1072 gloriaban-

963 1083 1022 1115 tur,
1033 1082 1150 1117 quodin
1163 1081 1301 1110 humeros
1314 1081 1479 1116 hominum,
1491 1081 1541 1117 qui
1551 1082 1602 1110 Dei
1619 1081 1713 1118 portio
1723 1090 1789 1110 esse

964 1126 1171 1160 censebantur,
1187 1126 1344 1160 insilirent,
1358 1135 1392 1154 ac
1411 1134 1460 1154 eos
1482 1126 1533 1162 qui
1548 1135 1565 1154 θ.
1581 1126 1630 1154 Dei
1650 1126 1789 1154 servitute

965 1179 1015 1207 per
1040 1172 1156 1207 peccata
1172 1171 1346 1202 defecerant.
1364 1171 1419 1198 sub
1439 1171 1546 1207 jugum
1563 1179 1650 1199 suum
1676 1171 1789 1207 redige-

964 1217 1039 1243 tent.
1056 1215 1155 1251 Itaque
1170 1223 1236 1243 cum
1257 1223 1409 1250 speremus
1421 1216 1506 1251 juxta
1528 1215 1558 1243 id
1584 1216 1661 1251 quod
1677 1215 1789 1244 dictum

964 1262 1019 1292 est,
1027 1259 1238 1295 disperdendos
1249 1267 1312 1287 esse
1323 1259 1459 1287 inimicos
1471 1261 1588 1287 nostros
1598 1259 1628 1287 in
1641 1262 1717 1287 terra
1727 1259 1789 1294 Dei,

964 1306 992 1331 et
1007 1304 1035 1331 in
1053 1304 1204 1331 montibus
1226 1304 1288 1338 ejus
1310 1303 1535 1336 conculcandos.
1551 1305 1695 1340 etjugum
1710 1303 1789 1339 ipso-

964 1357 1030 1376 rum
1055 1356 1118 1376 esse
1145 1348 1347 1381 auferendum,
1373 1349 1640 1384 conterendamque
1664 1347 1789 1384 gloriam

965 1401 1023 1428 qua
1033 1393 1240 1425 efferebantur,
1250 1394 1281 1420 ut
1289 1392 1338 1428 qui
1350 1393 1379 1420 in
1392 1401 1444 1420 nos
1457 1392 1790 1426 baberent,dominium,

966 1445 1077 1472 nosque
1092 1437 1283 1470 invasissent;
1301 1436 1374 1464 nihil
1386 1445 1442 1464 non
1455 1436 1662 1468 moliamur.ut
1672 1436 1790 1464 omnino

965 1481 1146 1509 excutiamus
1162 1489 1178 1508 α
1194 1481 1278 1508 nobis
1294 1489 1395 1508 eorum
1412 1481 1580 1516 imperium.
1593 1480 1673 1512 Quod
1689 1480 1714 1508 si
1729 1480 1790 1508 fue-

965 1527 1058 1553 rimus
1074 1527 1189 1552 montes
1204 1525 1264 1560 Dei,
1279 1525 1371 1560 ipsius
1388 1525 1578 1553 i'undamenta
1591 1527 1680 1553 erunt
1693 1524 1723 1552 in
1740 1533 1792 1552 no-

965 1570 1010 1597 bis
1023 1570 1063 1596 “:
1077 1569 1185 1605 quippe
1198 1569 1336 1597 cordibus
1348 1569 1457 1597 nostris
1469 1569 1658 1597 mandabitur
1667 1570 1791 1597 verbum

928 1608 948 1640 C
968 1614 1108 1646 veritatis,
1132 1622 1164 1641 ac
1193 1613 1270 1641 bona
1298 1622 1386 1649 opera
1414 1614 1442 1641 in
1473 1614 1529 1641 ﬁde
1556 1614 1791 1642 ediﬁcabuntur.

968 1659 1086 1695 Oportet
1101 1661 1199 1686 autem
1223 1659 1392 1686 renuntiare
1407 1667 1460 1686 nos
1480 1659 1592 1686 sincere
1616 1661 1744 1695 peccato,
1760 1659 1794 1685 ut

968 1704 1108 1731 liberetur
1121 1703 1218 1731 cervix
1232 1705 1333 1731 nostra
1348 1711 1364 1730 a
1377 1703 1449 1739 jugo
1464 1703 1662 1739 Assyriorum,
1674 1703 1793 1730 Christi-

969 1757 1024 1784 que
1036 1749 1206 1783 jumentum
1226 1748 1375 1784 possimus
1391 1747 1463 1776 ﬁeri.
1480 1748 1552 1775 Nam
1567 1747 1672 1775 cervici
1688 1749 1792 1775 nostris

968 1792 1079 1828 imponi
1096 1801 1153 1820 non
1170 1794 1264 1828 potest
1280 1792 1386 1827 duplex
1404 1793 1522 1828 jugum,
1540 1791 1646 1819 Christi
1663 1793 1691 1818 et
1706 1792 1792 1826 Assy-

968 1838 1013 1865 rii.
1031 1838 1094 1871 Quae
1109 1837 1187 1864 enim
1206 1837 1385 1872 ραι-Ποίμαιίο
1405 1837 1521 1872 justitiae
1544 1844 1607 1864 cum
1632 1836 1790 1872 iniquitate,

967 1886 1019 1910 aut
1035 1889 1097 1917 quas
1110 1882 1224 1909 societas
1239 1881 1295 1908 luci
1309 1881 1344 1908 rid
1359 1881 1481 1908 tenebras
1492 1881 1514 1898 ⁵⁵
1524 1880 1537 1907 ?

84 1925 167 1952 νατὸν
199 1923 350 1956 ἐπικεῖσθαι
365 1925 445 1960 ἡμῶν
460 1927 500 1960 τῷ
513 1923 659 1962 τραχήλῳ·
676 1925 721 1952 τὸν
733 1927 783 1952 τοῦ
799 1925 911 1963 Κύριοι),
924 1925 968 1953 καὶ
985 1925 1029 1953 τὸν
1044 1925 1093 1952 τοῦ
1109 1924 1263 1962 Ἀσσυρίου.
1289 1924 1334 1955 Τίς
1358 1923 1408 1961 γὰρ
1434 1924 1539 1961 μετοχή
1564 1923 1721 1961 δικαιοσύνῃ
1746 1924 1791 1951 καὶ

86 1969 202 2004 ἀνομίᾳ,
217 1967 236 2003 ἢ
251 1968 293 2000 τίς
307 1968 436 1996 κοινωνία
452 1969 522 2007 φωτὶ
536 1969 604 2005 πρὸς
619 1968 731 2004 σκότος;

121 2015 188 2042 285.
221 2012 296 2047 Αὕτη
322 2014 339 2047 ἡ
364 2013 463 2050 βουλὴ,
490 2014 521 2048 ἢν
554 2011 732 2051 βεϐούλευται
747 2013 848 2051 Κύριος
873 2014 917 2042 ἐπὶ

1007 2015 1070 2042 285.
1089 2014 1173 2042 Vsas.
1188 2014 1234 2048 26,
1249 2014 1295 2041 27.
1322 2015 1375 2042 Itoe
1396 2015 1435 2042 est
1457 2014 1612 2048 comitium,
1636 2014 1705 2049 quod
1727 2015 1798 2049 cepit

88 2059 141 2093 τὴν
165 2056 334 2093 οῗκουμὲνην
362 2055 442 2092 ὅλην,
470 2057 514 2084 καὶ
542 2057 609 2092 αὕτη
636 2058 653 2092 ή
670 2057 732 2095 χεὶρ
758 2057 850 2094 ὑψηλή
874 2058 912 2085 ἐπ

975 2060 1106 2087 Dominth
1120 2067 1204 2094 super
1222 2058 1381 2086 universum
1404 2058 1514 2085 orbem:
1537 2062 1564 2085 et
1588 2059 1628 2085 est
1651 2057 1710 2086 Ιιᾱσε
1732 2066 1797 2085 mu-

89 2102 179 2129 πάντα
203 2100 238 2128 τὰ
257 2099 320 2134 ἔθνη
345 2104 396 2135 τῆς
426 2101 611 2137 οἰκουμένης.
641 2102 675 2129 Ἃ
707 2101 759 2138 γὰρ
784 2101 798 2128 6
821 2102 884 2132 Θεὸς
905 2102 912 2128 ἐ

974 2112 1027 2131 nus
1041 2104 1148 2131 excelsa
1170 2111 1252 2138 super
1280 2111 1374 2131 omnes
1396 2107 1488 2137 gentes
1511 2103 1593 2130 totius
1617 2106 1709 2130 terra.
1727 2104 1799 2138 Quae

92 2146 172 2181 ἅγιος
202 2141 389 2182 βιῧούλευται,
417 2145 458 2175 τίς
490 2143 676 2180 διασκεδάσιη
704 2146 754 2180 τήν
788 2144 817 2172 Si
840 2147 912 2183 χεῖρε

975 2149 1050 2176 enim
1066 2149 1136 2175 Deus
1158 2151 1268 2175 sanctus
1282 2147 1411 2180 decrevit,
1427 2147 1489 2182 quis
1511 2147 1680 2182 dissipabit?
1699 2151 1725 2174 et
1738 2155 1799 2174 ma-

92 2190 177 2217 αὐτοῦ
214 2189 264 2222 τὴν
302 2188 412 2226 ὑψηλὴν
449 2188 490 2220 τίς
525 2189 707 2227 ἀποστριψει;
739 2192 836 2229 Σαφῶς
866 2189 912 2217 65t-

978 2201 1030 2220 nus
1046 2193 1104 2226 eius
1131 2193 1266 2220 excelsam
1294 2193 1355 2227 quis
1382 2192 1505 2219 avertet?
1529 2191 1682 2227 Perspicue
1706 2191 1801 2226 docet,

93 2245 198 2267 κνυσιν,
225 2233 266 2260 δτι
281 2235 364 2261 ταῦτα
379 2232 487 2270 λέγεται
515 2234 577 2270 περὶ
592 2236 646 2261 τῶν
675 2234 700 2261 ἓν
717 2233 769 2271 ὅλῃ
782 2236 816 2271 τῇ
830 2235 912 2262 οἰκου-

976 2237 1031 2265 dici
1048 2237 1109 2264 hiec
1125 2237 1160 2264 de
1175 2237 1212 2264 iis
1225 2237 1273 2272 qui
1291 2239 1358 2264 sunt
1373 2235 1403 2264 in
1419 2236 1556 2264 universo
1568 2236 1647 2271 orbe,
1659 2235 1731 2263 etin
1743 2243 1803 2263 om.

97 2279 177 2315 μένῃ,
208 2277 253 2304 καὶ
278 2276 304 2304 ἐν
331 2279 397 2304 πᾶσι
411 2280 469 2308 τοῖς
496 2276 608 2305 ἔθνεσιν·
643 2276 753 2310 οὐδενὸς
774 2278 912 2315 δυναμένοι

978 2281 1065 2309 nibus
1080 2281 1217 2317 gentibus
1234 2290 1239 2307 :
1257 2281 1299 2308 sic
1316 2283 1347 2308 ut
1363 2289 1447 2308 nemo
1462 2280 1606 2316 dissipare
1619 2279 1715 2309 valeat
1725 2280 1803 2316 quod

97 2321 273 2350 διασκεδάσαι
301 2323 367 2359 ὅπερ
393 2323 407 2349 ὁ
425 2322 490 2354 Θεὸς
516 2323 530 2350 6
560 2323 634 2360 ἅγιος
665 2321 853 2361 βεϐούλευται,
877 2335 911 2352 κα

978 2326 1055 2354 Deus
1085 2327 1206 2353 sanctus
1230 2325 1346 2359 statuit,
1361 2325 1518 2361 nullusque
1542 2325 1592 2353 Dei
1615 2333 1737 2354 manum
1753 2332 1805 2361 pro

135 2413 159 2430 ⁸³
174 2411 235 2441 Coi.
252 2420 295 2447 ιιι,
313 2412 338 2440 1.
376 2412 399 2430 ⁸³
414 2412 518 2440 Matth.
536 2421 596 2447 xm,
612 2413 657 2441 23.
696 2413 719 2431 “
733 2413 810 2441 Psal.
827 2422 912 2442 axxxv

975 2436 981 2442 .
1019 2415 1041 2432 ⁸⁸
1056 2415 1082 2442 ΙΙ
1096 2415 1159 2442 Cor.
1175 2422 1215 2449 vx,
1232 2414 1275 2441 14.

141 2510 198 2548 (63)
214 2509 336 2548 (lodices
351 2513 490 2548 quatuor,
504 2512 538 2548 τῇ
560 2510 678 2547 αἲσθητῇ
699 2509 825 2546 Ἰουδαίᾳ.
848 2513 933 2547 Editi,

103 2544 155 2580 τῆς
172 2544 288 2583 αἶθητῇς
314 2544 456 2576 Ἰοοδαίας.
473 2544 542 2580 Quae
565 2544 711 2583 scriptura
735 2544 811 2582 quin.
832 2544 935 2576 melior

103 2584 144 2611 sit
160 2585 189 2610 et
203 2582 311 2618 aptior.
327 2590 383 2610 non
400 2583 587 2611 dubitamus:
605 2582 667 2616 sed,
686 2585 718 2611 ut
733 2584 874 2617 diximus,
890 2593 934 2612 re-

104 2617 276 2647 clamabant
287 2617 358 2654 (libri
375 2619 499 2654 antiqui,

140 2655 198 2688 (64)
215 2653 303 2691 Editi,
319 2654 359 2691 τῷ
374 2653 493 2691 Χριστῷ.
508 2656 546 2682 At
560 2654 589 2682 in
606 2662 678 2682 mss.
696 2655 803 2682 nostris
820 2664 876 2683 non
894 2665 934 2683 re-

105 2690 218 2725 peritur
231 2689 383 2717 articulus.

139 2726 198 2761 (65)
214 2725 262 2752 sic
285 2733 356 2752 mss.
376 2726 478 2761 nostri.
505 2725 579 2753 Editi
608 2734 686 2760 vero,
712 2725 791 2761 οὗτᾴς
820 2725 890 2753 ἐστιν
922 2727 935 2754 ὁ

104 2759 148 2788 τὸν
178 2759 262 2799 λόγον
296 2771 348 2797 μου
376 2760 481 2788 ἀκούων
508 2761 550 2788 καὶ
582 2761 691 2796 σκνιεῖς,
711 2761 740 2792 ὃς
769 2760 802 2795 δὴ
831 2772 935 2799 καρπο-

125 2807 194 2826 οοει.

106 2807 198 2869 φοῗὲῦδ
232 2832 320 2860 Editi.
355 2833 624 2868 καταπατηθήσεσθαι
654 2832 700 2859 τὸν
736 2833 816 2870 ζυγὸν
850 2844 937 2861 αυτων

271 2897 406 2927 ΡΑτιιοι..
430 2898 485 2928 Gs.
508 2897 602 2928 XXX.

989 2513 1033 2551 καὶ
1050 2513 1275 2551 ἀφαιρεθήσεσραι
1290 2513 1330 2539 τό.
1347 2514 1383 2551 At
1400 2521 1471 2551 mss.
1489 2516 1520 2551 ut
1535 2514 1563 2541 in
1580 2515 1726 2551 contextu.

1024 2546 1079 2583 ((57)
1095 2546 1181 2582 Editi,
1194 2548 1238 2575 καὶ
1254 2546 1486 2585 συντριϐήσεσθαι.
1500 2550 1585 2578 Deest
1596 2549 1640 2576 καί
1655 2550 1685 2585 in
1701 2546 1810 2585 nostris

989 2581 1148 2621 codicibus.
1171 2581 1328 2620 Aliquanto
1353 2581 1419 2621 post
1440 2587 1530 2614 codex
1553 2594 1640 2619 unus,
1656 2581 1810 2621 δυναστείαν

989 2620 1188 2656 ἀποσειώμεθα,
1218 2617 1362 2648 Subinde-
1379 2622 1437 2648 duo
1466 2630 1546 2653 mss.,
1577 2617 1702 2656 ter-{ap
1725 2617 1810 2655 γινώ-

1013 2667 1068 2684 ιιια.

991 2662 1080 2726 mgis)
1099 2691 1214 2727 Antiqui
1245 2692 1302 2718 duo
1332 2692 1409 2727 libri,
1434 2691 1459 2717 ἐν
1489 2691 1586 2717 πίπτει.
1616 2690 1696 2718 Haud
1727 2689 1813 2727 longe

991 2723 1118 2763 quatuor
1143 2723 1225 2760 mss,
1252 2729 1331 2764 ζυγοῦ
1355 2723 1475 2764 exime.
1490 2727 1578 2764 rEriiti,
1599 2727 1722 2764 σχῶμεν.
1738 2723 1813 2764 Sub-

990 2764 1059 2791 inde
1087 2766 1146 2792 tres
1175 2762 1431 2798 masqﬂpﬁw‘iqt.
1460 2763 1534 2790 Editi
1563 2765 1591 2791 et
1615 2762 1686 2800 Heg.
1704 2762 1815 2799 primus

991 2810 1071 2836 ημιν.

1619 2897 1658 2928 20
