2010 3145
133 178 193 208 661

539 181 742 212 COMMENT.
765 182 805 212 IN
829 182 964 214 lSAlAM
987 183 1243 214 PROPHETAM.
1265 183 1350 214 CAP.
1375 183 1455 215 XVI.

1785 181 1844 211 662

129 244 278 281 κλαυθμὸς
292 245 342 279 τῆς
358 245 483 282 ἀμπέλου
505 244 616 283 Σεϐαμὰ
636 248 775 284 γενήσεται
801 248 838 279 ὡς
861 248 963 284 ἀπομα-

1022 249 1108 277 hama
1122 250 1186 284 erit,
1211 252 1311 286 utpote
1337 258 1400 286 quae
1426 248 1638 282 immarcuerit,
1665 247 1761 283 sitque
1785 247 1846 283 igni

133 289 292 326 ρανθιίσης,
309 289 355 317 καὶ
370 291 436 327 πυρὶ
454 290 612 327 μελλούσης
631 291 839 329 παραδίδοσθαι.

168 335 233 362 312.
252 334 328 362 Μετὰ
343 336 422 362 τοῦτο
447 335 514 372 πρὸς
542 335 592 369 τὴν
616 334 758 364 Μωαϐῖτιν
783 336 888 374 λέγεται
903 347 908 352 ·
925 337 965 364 Τὰ

133 377 233 415 δένδρα
263 389 311 405 σου
341 376 487 406 κατέϐαλεν
519 377 635 408 Ἐσεϐὼν
665 380 710 407 καὶ
735 380 865 416 Ἐλεαλή.
888 381 962 410 Οὐκ-

133 425 180 449 οὖν
221 423 255 450 τὰ
298 422 394 460 δένδρα
432 427 481 458 τῆς
525 422 698 455 Μωαϐίτιδος
732 423 890 460 ὴἙσεδὼν
918 426 962 452 καὶ

135 466 258 501 Ἐλεαλὴ
275 465 418 496 κατέϐαλε.
431 467 461 495 Τί
479 466 507 495 δὲ
531 468 575 495 καὶ
604 468 657 496 ἀπὸ
685 469 788 497 τούτων
820 469 961 506 δηλοῦται,

133 512 200 549 φέρε
228 513 297 539 κατὰ
325 512 356 539 τὸ
385 510 495 539 δυνατὸν
522 514 961 551 παραστήσωμεν.Ἑρμηνεύεται

132 556 151 590 ὴ
172 555 220 592 μὶν
247 553 378 590 Ἐσεϐὼν,
405 554 544 593 λογισμοί·
562 558 579 592 ἡ
605 556 634 584 δὲ
654 557 783 593 Ἐλεαλὴ,
809 561 875 586 Θεοῦ
899 558 961 586 ἀνά-

132 597 222 632 ϐασις.
254 597 458 628 Καταεάλλεται
497 600 541 628 οὖν
577 600 701 638 ἄμπελος
735 601 887 639 ἀλλοτρία,
916 604 959 630 καὶ

132 643 231 682 δένδρα
261 644 311 672 ὅσα
339 645 391 672 οὐκ
417 644 556 682 ἐφύτευσεν
574 646 588 672 ὁ
605 648 698 685 Πατὴρ
728 647 742 674 ὁ
763 647 900 685 οὐράνιος,
916 648 960 675 καὶ

132 689 312 727 ἀνατρέπεται
329 690 346 723 ὴ
361 688 454 728 φυτεία
474 691 528 716 τῶν
553 689 714 726 ἑτεροδόξων
743 691 794 719 ὑπὸ
822 691 961 730 λογισμῶν

135 732 226 770 ὀρθῶν
242 733 287 760 καὶ
302 736 351 768 τῆς
368 732 465 760 ἀνόδου
480 736 530 768 τῆς
544 734 612 772 πρὸς
642 736 705 763 Θεὸν
737 735 856 773 ὑψούσης
885 738 959 773 ἡμᾶς

131 776 168 804 δι’
198 776 286 815 ἔργων
316 777 436 815 ἀγαθῶν.
466 777 605 816 Μακάριος
648 779 693 806 οὖν
734 779 802 817 ἀνὴρ
831 780 862 807 οὗ
890 780 960 808 ἐστιν

131 822 283 859 ἀντίληψις
323 823 406 850 αὐτοῦ
445 823 502 859 (10)
530 825 602 861 παρὰ
642 827 699 860 σοῦ,
730 822 870 856 ἀναϐάσεις
912 836 960 852 σου

129 866 158 894 ἐν
174 869 208 903 τῇ
225 865 324 905 καρδίᾳ
353 867 492 895 αὐτοῦ.“0
520 867 565 894 οὖν
595 867 667 906 ἔχων
696 869 740 896 ἐπὶ
768 870 817 904 τὴν
847 869 958 907 καρδίαν

132 911 218 939 αὐτοῦ
233 912 282 943 τὰς
295 914 343 939 τοῦ
374 914 440 939 Θεοῦ
469 910 623 948 ἀναϐάσεις,
639 914 683 941 καὶ
707 916 761 941 τῶν
786 915 881 942 ἑαυτοῦ
910 913 958 942 λο-
975 933 997 966 Β

207 958 219 963 η
262 955 268 964 Ί
332 955 353 966 I‘
503 957 510 966 I
625 956 637 966 κ
709 959 716 966 \
752 956 764 966 II
871 960 877 966 ι
924 962 936 966 μ-

131 958 242 993 γισμῶν
259 955 416 993 ἐπιμέλειαν
431 957 606 993 ποιούμενος,
623 956 735 989 δυνατὸς
751 956 823 986 ἔσται
850 960 882 987 τὰ
905 962 958 987 τῶν

131 999 300 1038 ἑτεροδόξων
331 1001 558 1040 καταστρέφεσθαι
596 1001 728 1039 δόγματα⁷
757 1006 845 1035 κακῶς
875 1015 959 1043 πεφυ-

130 1045 262 1081 τευμίνα,
290 1045 336 1072 καὶ
377 1045 420 1073 ἐπ’
445 1045 551 1083 ὀλέθρῳ
583 1050 819 1086 καρποφοροῦντα.
848 1049 960 1076 Ἔπειτα

133 1100 230 1129 φησιν,
248 1089 290 1117 δτι
316 1090 379 1117 Ἐπὶ
407 1092 449 1126 τῷ
477 1091 599 1128 θερισμῷ
625 1101 672 1118 σου
701 1092 745 1119 καὶ
775 1092 818 1119 ἐπι
833 1095 873 1128 τῷ
896 1103 959 1130 τρυ-

133 1136 214 1171 γητῷ
256 1144 304 1161 σου
346 1136 539 1170 καταπατήσω,
569 1136 612 1162 καὶ
651 1136 739 1164 πάντα
780 1139 960 1164 καταπεσοῦν-

133 1188 191 1205 ται.
208 1177 319 1212 Ἐπειδὴ
335 1179 385 1216 γὰρ
401 1179 430 1206 ὃν
447 1182 545 1216 θερίζει
561 1183 645 1214 σῖτον,
661 1181 705 1208 καὶ
720 1181 748 1208 ὃν
764 1184 848 1219 τρυγᾷ
877 1181 960 1217 οἶνον,

137 1222 269 1254 ἐναντίως
283 1222 378 1260 ἔχουσι
392 1224 432 1260 τῷ
446 1223 520 1260 ἄρτῳ
539 1226 579 1260 τῷ
603 1225 759 1262 στηρίζοντι
782 1225 892 1264 καρδίαν
915 1226 962 1253 ἀν-

137 1267 264 1304 θρώπου,
281 1266 325 1294 καὶ
342 1266 408 1304 οἴνῳ
422 1270 461 1304 τῷ
474 1268 643 1307 εὐφραίνοντι
659 1268 770 1307 καρδίαν
794 1271 937 1308 ἀνθρώπου
954 1279 960 1286 ·

137 1311 178 1343 ὡς
194 1311 296 1349 ἀγαθὸς
311 1313 326 1339 ὁ
342 1312 404 1343 Θεὸς
420 1315 509 1347 πατεῖ,
525 1313 575 1340 οὐκ
603 1313 653 1341 ἐῶν
680 1314 798 1352 γενέσθαι
825 1316 928 1354 τροφὴν
945 1316 962 1350 ἢ

135 1356 224 1383 ποτὸν
242 1359 300 1387 τοῖς
316 1355 351 1383 δι’
368 1355 476 1394 ἄγνοιαν
499 1360 549 1391 τῆς
565 1359 628 1395 παρ’
642 1358 729 1386 αὐτῶν
757 1357 862 1397 βλάϐης
887 1358 963 1387 ἀδια-

135 1399 241 1437 κρίτως
258 1401 500 1439 προσφερομένοις.
533 1401 594 1429 Ἐπὶ
624 1401 668 1429 οὖν
697 1405 737 1439 τῷ
766 1406 887 1441 θερισμῷ
916 1414 962 1431 σου

133 1445 182 1472 καὶ
209 1444 249 1480 τῷ
276 1447 406 1482 τρυγητῷ
434 1455 482 1472 σου
508 1448 701 1482 καταπατήσω,
730 1448 774 1475 καὶ
802 1449 889 1475 πάντα
916 1459 962 1476 πε-

136 1491 262 1517 σοῦνται.
279 1489 393 1517 Δύναται
408 1492 489 1517 τοῦτο
504 1490 548 1517 καὶ
564 1491 632 1529 πρὸς
653 1491 684 1518 τὸ
709 1493 863 1528 σωματικὸν
889 1492 962 1520 oi’xo-

135 1533 235 1570 δομεῖν
253 1535 308 1570 (11)
325 1535 410 1570 ἡμᾶς,
427 1534 468 1562 ὅτι
483 1533 586 1562 πολλοὶ
603 1535 628 1563 ἒν
657 1539 716 1567 ταῖς
739 1537 832 1575 χερσὶν
853 1535 962 1575 ἔχοντες

134 1580 187 1613 τήν
207 1579 345 1618 συλλογὴν
362 1582 415 1607 τῶν
429 1583 551 1617 καρπῶν,
568 1581 653 1619 ἀθρόᾳ
666 1582 719 1609 τινὶ
735 1582 829 1619 πληγῇ
852 1582 881 1610 ἐκ
910 1593 962 1621 χα-

135 1624 227 1658 λάζης
243 1624 260 1658 ἢ
278 1614 407 1660 ἐέᾶλλης
420 1614 494 1655 τινδς
512 1614 848 1663 μαπιγοςίἀπώλεσανιτὰ
876 1614 960 1665 πρδσ-
977 1614 998 1648 C

136 1668 295 1705 δοκώμενα,
313 1667 358 1696 διὰ
384 1669 415 1696 τὸ
444 1669 593 1707 ἀχάριστον
622 1671 667 1698 καὶ
695 1671 884 1699 πλεονεκτικὸν
908 1675 961 1699 τῶν

137 1713 306 1751 ἀνθρώπων,
323 1713 372 1741 οὐκ
387 1713 508 1741 ἰάσαντο·
524 1717 572 1742 τοῦ
586 1717 652 1742 Θεοῦ
674 1715 713 1747 εἷς
739 1715 887 1744 ἀπόλαυσιν
914 1716 964 1744 αὖ-

135 1760 198 1788 τοῖς
215 1757 355 1796 ἀφικέσθαι
373 1759 439 1794 (12).

177 1803 241 1830 313.
272 1802 324 1830 Καὶ
354 1802 500 1840 ἀρθήσεται
531 1803 680 1842 ευφροσύνη
718 1805 763 1832 καὶ
803 1805 965 1844 ἀγαλλίαμα

139 1846 173 1874 bc
201 1848 255 1874 τῶν
289 1846 481 1883 ἀμπελώνων·
512 1848 556 1876 καὶ
583 1848 613 1876 οὐ
644 1849 681 1885 μή
721 1850 965 1888 εὐφρανθήσονται,

138 1891 188 1918 καὶ
219 1891 250 1919 οὐ
281 1891 319 1927 μή
347 1892 513 1927 πατήσουσιν
550 1893 620 1920 οἶνον
659 1893 697 1924 εἰς
733 1894 766 1921 τὰ
803 1894 963 1930 ὑπολήναι’

140 1935 279 1962 πέπαυται
294 1937 356 1972 γάρ.
373 1937 459 1972 Ἥρθη
489 1937 535 1972 μὲν
560 1937 608 1964 οὗν
631 1937 784 1976 εὐφροσύνη
809 1939 854 1966 καὶ
881 1939 965 1976 ἀγαλ-

139 1979 232 2016 λίαμα
274 1980 303 2007 ἐκ
343 1982 400 2007 τῶν
438 1980 621 2017 ἀμπελώνων.
651 1982 784 2020 Ἀφῃρέοη
817 1984 868 2011 ἀπὸ
917 1987 965 2011 τοῦ

140 2024 255 2062 Ἰσραὴλ
281 2025 298 2059 ἠ
331 2024 456 2062 βασιλεία
496 2028 545 2053 τοῦ
587 2029 665 2060 Θεοῦ,
691 2027 736 2054 καὶ
778 2026 858 2063 ἆδόθη
897 2027 966 2060 ἔθνει

138 2070 266 2096 ποιοῦντι
293 2068 356 2100 τοὺς
386 2069 506 2107 καρποὺς
533 2070 626 2099 αὐτοῦ.
643 2070 757 2099 Δύναται
773 2071 801 2099 δὲ
829 2073 873 2100 καὶ
899 2074 967 2100 κατὰ

138 2113 174 2140 τὸ
205 2113 361 2149 σωματικὸν
386 2117 505 2146 νοεῖσθαι
535 2116 552 2149 ἡ
583 2114 664 2151 λέξις,
695 2116 736 2142 δτι
765 2115 867 2153 α’ρεται
895 2120 967 2144 πᾶσα

141 2156 295 2195 εὐφροσύνη
323 2159 376 2185 τῶν
404 2157 509 2195 ἀθρόως
541 2159 749 2198 ἀφαιρουμένων
775 2162 823 2192 τὰς
861 2161 905 2189 ἐπὶ
932 2163 966 2198 τῇ

143 2200 300 2239 συγκομιδῇ
326 2204 379 2230 τῶν
411 2203 624 2241 γεωργουμένων
654 2204 780 2236 ἐλπίδας.
814 2206 848 2233 ’Ἠ
874 2205 966 2240 ἐπειδὴ

143 2245 270 2282 ἄμπελον
287 2246 399 2283 εἴπαμεν
415 2247 460 2275 τὸν
475 2247 561 2285 ψευδῆ
578 2249 671 2287 λόγον,
688 2248 798 2277 δύναται
815 2248 843 2277 δὲ
866 2251 968 2286 νοηθῆ-

1018 293 1170 322 tradenda.
1425 313 1429 316 -

1054 338 1115 365 312.
1139 338 1248 366 Deinde
1272 339 1411 367 adversus
1437 338 1625 366 Moabitidem
1650 336 1779 364 dicitur:
1796 336 1846 363 Ar-

1019 382 1097 410 bores
1112 385 1175 410 tuas
1201 383 1298 419 dejecit
1320 383 1424 412 Eubon
1447 387 1471 410 et
1494 383 1594 410 Eleale.
1619 381 1730 409 Esebon
1755 380 1846 416 igitur

1017 429 1046 454 et
1062 427 1157 455 Eleale
1173 427 1289 456 arbores
1306 428 1473 456 Moabitidis
1487 429 1663 455 everterunt.
1689 424 1763 458 Quid
1789 433 1841 451 au-

1016 473 1075 499 tem
1095 472 1174 500 hisce
1188 473 1284 500 verbis
1301 472 1588 507 indicetur,egedum
1605 479 1656 506 pro
1671 469 1747 497 virili
1759 477 1845 504 expo-

1017 524 1133 544 namus.
1144 517 1256 545 Esebon
1273 517 1402 552 quidem,
1413 517 1490 552 quod
1506 517 1542 543 ad
1558 514 1684 543 nominis
1699 514 1843 549 interpre-

1016 560 1157 588 totianem
1174 562 1286 594 attinet,
1303 563 1386 589 sonat
1415 561 1605 596 cogitationem
1620 569 1629 586 :
1646 558 1740 587 Eleale
1765 566 1843 590 vero,

1016 606 1064 633 Dei
1073 603 1230 633 ascensum.
1248 606 1349 641 Itaque
1363 605 1432 633 vitis
1445 605 1550 640 aliena,
1566 608 1594 632 et
1610 604 1726 632 arbores
1751 611 1844 638 quas-

1016 657 1132 686 cunque
1149 651 1232 678 Pater
1246 650 1374 678 ccelestis
1391 658 1449 678 non
1463 648 1798 686 plantavit,dejieiuntur
1808 647 1840 674 ἐς

1016 697 1046 722 at
1060 697 1142 722 rectae
1156 695 1374 722 ratioinationes
1398 698 1427 722 et
1450 702 1590 722 ascensus
1615 693 1663 728 qui
1688 700 1740 728 per
1764 691 1841 718 bona

1016 747 1104 773 opera
1118 739 1153 766 ad
1170 741 1261 766 Deum
1278 748 1332 766 nos
1347 739 1454 774 evehit,
1470 738 1680 774 plantationem
1705 737 1840 764 evertunt

1015 783 1268 812 heterodoxorum.
1295 784 1420 812 Proinde
1435 784 1538 811 Beatus
1552 783 1595 810 vir
1609 782 1688 817 cujus
1701 785 1741 809 est
1756 781 1839 807 auxi-

1016 828 1084 855 lium
1099 829 1158 864 ejus
1173 829 1222 856 abs
1238 833 1265 856 te
1282 837 1288 856 :
1305 836 1477 856 ascensione:
1491 832 1545 855 tua:
1569 828 1599 854 in
1620 826 1698 854 corde
1722 826 1781 860 ejus
1804 825 1837 852 “l.

1015 873 1153 908 Quisquis
1169 873 1259 909 igitur
1275 873 1303 900 in
1320 881 1371 900 suo
1382 873 1468 900 corde
1480 873 1568 900 habet
1578 870 1628 899 Dei
1639 870 1836 904 escensiones,

1015 919 1043 944 et
1057 916 1212 952 diligenter
1227 925 1296 945 suas
1312 918 1446 944 observat
1471 916 1673 952 cogitationes,
1699 916 1837 950 dogmata

1014 961 1218 989 haereticorum
1244 961 1318 989 male
1333 961 1473 997 plentate,
1489 964 1518 989 et
1532 958 1710 996 perniciosos
1723 960 1836 986 fructus

1014 1005 1165 1033 aﬁ‘erentia
1189 1008 1318 1033 evertere
1334 1006 1439 1041 poterit
1454 1007 1482 1033 et
1496 1012 1674 1040 expugnare.
1692 1004 1834 1039 Deinceps

1014 1051 1078 1078 ait:
1095 1051 1295 1078 Massamtuam
1317 1052 1344 1078 et
1369 1049 1535 1077 vindemiam
1557 1051 1638 1076 tuam
1661 1047 1833 1081 conculcabo,

1015 1101 1040 1122 et
1054 1096 1148 1122 omnia
1162 1095 1310 1123 concident.
1327 1094 1399 1122 Nam
1416 1095 1533 1130 quando
1550 1093 1628 1129 quod
1644 1093 1766 1120 demetit
1775 1093 1837 1120 fru-

1016 1141 1160 1173 mentum,
1177 1142 1206 1166 et
1221 1139 1298 1175 quod
1322 1139 1484 1167 vindemiat
1508 1139 1620 1173 vinum,
1646 1137 1839 1165 adversantur

1016 1185 1078 1210 tum
1091 1184 1158 1219 pani
1170 1183 1219 1219 qui
1229 1183 1384 1211 conﬁrmat
1397 1191 1446 1211 cor
1455 1182 1665 1216 hominis,tum
1681 1181 1747 1209 vino
1763 1181 1839 1216 quod

1017 1227 1144 1255 leitiﬁcat
1154 1236 1203 1255 cor
1213 1227 1342 1255 hominis
1353 1228 1393 1255 ιτς
1409 1230 1486 1255 Deus
1501 1229 1601 1263 utpote
1617 1227 1711 1254 bonus
1726 1234 1759 1253 ea
1774 1233 1840 1261 pro-

1018 1272 1180 1305 culcat,nec
1195 1272 1225 1300 in
1241 1272 1340 1300 cibum
1355 1274 1406 1300 aut
1421 1274 1521 1307 potum
1537 1272 1638 1299 cedere
1654 1270 1725 1298 sinit
1740 1270 1776 1297 iis
1789 1269 1840 1305 qui

1018 1318 1158 1345 damnum
1172 1317 1249 1352 quod
1262 1317 1388 1344 atterunt
1398 1316 1688 1352 ignorantes,temero
1698 1317 1724 1341 et
1736 1314 1839 1340 incon-

1017 1362 1093 1389 sulte
1109 1364 1207 1389 essent
1221 1369 1255 1389 ea
1271 1361 1429 1397 sumpturi.
1454 1361 1555 1396 Itaque
1578 1361 1689 1387 Massam
1711 1361 1788 1385 tuam
1812 1361 1838 1385 et

1016 1406 1185 1434 vindemiam
1213 1408 1292 1433 tuum
1315 1405 1493 1439 conculcabo,
1518 1408 1543 1432 et
1567 1404 1658 1432 omnia
1684 1402 1836 1430 concident.

1017 1453 1077 1478 Hoc
1091 1451 1178 1478 etiam
1195 1451 1229 1478 ad
1242 1451 1363 1478 verbum
1380 1451 1475 1485 potest
1490 1449 1573 1476 nobis
1588 1450 1726 1484 praestare
1745 1447 1837 1474 aediﬁ-

1018 1495 1253 1530 ontionem.quod
1269 1503 1325 1522 non
1341 1494 1425 1529 pauci
1440 1494 1502 1528 jam
1519 1493 1667 1520 fructuum
1691 1491 1837 1519 collectio-

1017 1548 1084 1568 nem
1112 1539 1141 1566 in
1159 1539 1295 1566 manibus
1310 1538 1463 1571 habentes,
1477 1537 1598 1573 inopina
1612 1536 1737 1572 quadam
1754 1535 1840 1571 plaga

1018 1592 1070 1620 per
1084 1584 1258 1619 grandinem
1272 1582 1315 1610 vel
1332 1582 1410 1610 aliud
1428 1582 1552 1618 quodvis
1568 1581 1716 1617 ﬂagellum
1739 1588 1840 1616 exspe-

1017 1628 1142 1656 ctatione
1158 1636 1212 1655 sua
1227 1628 1352 1655 fraudati
1367 1627 1427 1654 sint
1439 1635 1445 1654 :
1457 1627 1566 1662 quippe
1581 1627 1616 1653 ob
1632 1626 1784 1653 hominum
1799 1625 1842 1652 in-

1017 1676 1133 1708 gratum
1150 1673 1280 1700 animum
1294 1675 1381 1708 atque
1395 1671 1558 1706 avaritiam,
1575 1671 1693 1699 eosdem
1719 1669 1755 1697 iis
1779 1677 1842 1705 per-

1018 1718 1074 1745 frui
1091 1720 1166 1745 Deus
1183 1725 1240 1745 non
1257 1717 1337 1744 sinit.

1054 1807 1116 1835 313.
1140 1807 1173 1834 Et
1196 1807 1306 1834 tolletur
1321 1806 1421 1834 latitia
1435 1808 1461 1833 et
1475 1805 1626 1833 exsultatio
1642 1804 1678 1832 de
1692 1804 1800 1831 vineis:
1817 1807 1843 1830 et

1018 1860 1073 1880 non
1089 1852 1269 1884 laetabuntur,
1286 1859 1371 1886 neque
1383 1850 1526 1878 calcabunt
1540 1850 1635 1877 vinum
1650 1850 1677 1876 in
1694 1848 1843 1876 torculari-

990 1916 997 1923 .
1021 1898 1070 1924 bus
1087 1905 1093 1924 :
1110 1897 1212 1924 etenim
1225 1898 1352 1924 cessavit.
1369 1895 1403 1922 Et
1417 1904 1484 1922 vero
1500 1894 1616 1922 sublata
1631 1896 1675 1922 est
1690 1893 1789 1921 laetitia
1813 1894 1841 1920 et

1020 1941 1174 1969 exsultatio
1188 1949 1202 1968 e
1216 1940 1319 1968 vineis.
1336 1941 1378 1967 Ab
1393 1939 1553 1967 Israelitico
1576 1939 1681 1974 populo
1709 1938 1840 1966 ablatum

1020 1988 1064 2013 est
1079 1993 1201 2021 regnum
1219 1985 1311 2018 Dei,et
1327 1985 1428 2012 datum
1445 1987 1489 2012 est
1503 1983 1582 2020 genti
1598 1983 1714 2011 facienti
1730 1984 1842 2010 fructus

1020 2030 1084 2064 ejus
1100 2029 1132 2056 ".
1149 2029 1246 2056 Potest
1262 2029 1351 2056 etiam
1368 2028 1429 2056 hinc
1443 2028 1589 2055 sententia
1603 2028 1697 2062 accipi
1719 2027 1754 2054 ad
1778 2034 1844 2054 ver-

1021 2075 1102 2108 bum,
1119 2081 1152 2101 eo
1167 2073 1245 2108 quod
1259 2073 1391 2100 aufertur
1405 2072 1506 2099 Iastitia
1518 2071 1615 2099 omnis
1632 2071 1667 2099 ab
1681 2071 1727 2104 iis,
1744 2070 1794 2106 qui
1810 2071 1846 2098 de

1022 2127 1073 2155 spe
1088 2118 1195 2154 segetis
1210 2117 1378 2153 colligendae
1398 2116 1493 2144 subilo
1518 2116 1668 2143 decidunt.
1694 2117 1752 2142 Aut
1777 2114 1846 2150 quia

1021 2164 1135 2191 vineam
1152 2162 1281 2190 diximus
1297 2170 1361 2189 esse
1376 2169 1540 2189 sermonem
1557 2160 1737 2192 mendacem,
1751 2160 1848 2194 potest

1023 2207 1147 2243 intelligi
1164 2206 1296 2234 laetitiam
1313 2214 1347 2234 ex
1361 2206 1433 2234 falsa
1447 2205 1527 2233 omni
1543 2205 1668 2233 scientia
1682 2203 1790 2232 animis
1801 2203 1848 2231 de-

1024 2254 1171 2287 ceptorum
1189 2251 1313 2278 inditam
1330 2250 1392 2278 tolli
1408 2252 1437 2278 et
1450 2249 1568 2284 auferri,
1585 2249 1663 2284 quod
1679 2257 1696 2276 a
1710 2248 1768 2276 vite
1784 2255 1849 2283 pro-

141 2301 188 2318 ναι
206 2292 272 2327 (13),
288 2291 329 2319 ὅτι
344 2293 362 2326 ἡ
378 2291 430 2319 ἀπὸ
451 2293 540 2328 πάσης
563 2292 742 2331 ψευδωνύμου
769 2295 894 2332 γνώσεως
923 2295 963 2332 ἐγ-

1025 2297 1098 2325 l'ects
1113 2297 1162 2330 sit,
1179 2304 1242 2331 qum
1257 2295 1362 2322 laetitias
1378 2296 1530 2330 ingenerat
1544 2294 1681 2330 speciem,
1699 2302 1756 2321 non
1772 2292 1850 2320 veri-

141 2335 276 2372 γινομένη
291 2338 350 2367 τοῖς
366 2336 553 2373 ἠπατημένοις
567 2337 730 2377 εὐφροσύνη,
747 2339 783 2370 ὡς
800 2339 852 2366 ἀπὸ
881 2339 967 2376 ἀμπέ-

144 2379 197 2407 λου
214 2381 390 2418 γεωργούσης
403 2382 548 2420 φαντασίαν
563 2382 739 2421 εὐφροσύνης,
756 2383 820 2422 οὐχὶ
845 2383 873 2412 δὲ
898 2383 967 2419 ἀλή-

142 2425 217 2451 θειαν
245 2425 410 2463 ἀφαιρεῖται,
441 2426 479 2457 ὡς
511 2426 608 2464 μηκᾶτι
637 2428 703 2455 εἶναι
733 2428 796 2460 τοὺς
824 2429 968 2466 ἀπατωμέ-

141 2479 219 2500 νους.
235 2468 332 2498 Οὐκέτι
347 2469 399 2508 γὰρ
425 2470 653 2509 εὐφρανθήσονται
681 2471 724 2500 ἐπὶ
746 2475 803 2504 τοῖς
829 2473 969 2511 ἐλεγχθεῖ-

142 2524 187 2541 σιν
203 2514 228 2541 οἱ
243 2513 375 2552 πρότερον
392 2514 459 2543 αὐτὰ
483 2516 674 2552 θαυμάζοντες,
691 2516 753 2545 οὖδὶ
781 2519 969 2556 γεωργήσουσι

1024 2342 1124 2373 tatem,
1141 2342 1174 2367 ut
1190 2348 1225 2367 ne
1241 2339 1379 2375 deinceps
1394 2339 1571 2366 inducantur
1587 2339 1616 2365 in
1634 2345 1772 2366 errorem.
1783 2337 1847 2364 Non

1023 2385 1101 2413 enim
1117 2384 1137 2411 ii
1151 2383 1330 2412 laetabuntur
1345 2383 1473 2420 amplius
1484 2383 1519 2411 ob
1532 2391 1565 2411 ea
1576 2391 1700 2419 quorum
1716 2381 1849 2418 coarguti

1024 2429 1161 2465 sunt,qui
1178 2430 1278 2457 eadem
1296 2429 1377 2464 prius
1393 2429 1613 2456 admirabantur
1630 2436 1636 2455 :
1654 2435 1748 2463 neque
1763 2434 1849 2454 uvam

1024 2473 1190 2502 Mabiticam
1205 2473 1347 2507 oxcolent,
1370 2474 1419 2510 qui
1445 2474 1522 2509 quod
1547 2473 1689 2501 damnum
1714 2471 1788 2500 615
1816 2479 1851 2498 ex

1025 2526 1058 2546 ea
1083 2519 1193 2546 accedit
1217 2518 1396 2551 bibentibus,
1420 2517 1585 2546 didicerint.
1603 2519 1735 2545 Fortasse
1750 2517 1849 2543 autem

179 2602 202 2620 ⁸⁸
218 2603 321 2631 Matth.
337 2611 383 2638 xv,
401 2604 444 2632 13.
483 2605 505 2623 κ
518 2605 594 2633 Psal.
611 2614 727 2641 Lxxmr,
742 2607 769 2635 6.
808 2608 830 2625 ⁸⁷
845 2607 923 2636 Psal.
940 2616 963 2636 Cl

1038 2607 1081 2635 15.
1121 2607 1143 2625 ⁴⁸
1159 2607 1261 2635 Matth.
1278 2615 1337 2642 XXI,
1354 2606 1398 2634 43.

180 2692 381 2758 (lOIVAntitgui
397 2698 456 2724 tres
470 2694 804 2732 libri,az’n€p.Aliquanto
813 2700 879 2734 post
888 2697 970 2731 editi,

180 2738 224 2755 ουν
240 2727 338 2758 εἰωντ
359 2743 371 2758 c
386 2730 492 2758 ιπὶτὴν
514 2730 624 2758 καρδίαν
650 2734 698 2758 τοῦ
723 2736 790 2758 egon
818 2731 969 2758 ἀναϐάσεις.

144 2727 159 2768 δ
174 2727 224 2768 οὖν
240 2727 312 2767 ἔχων
323 2727 371 2763 τὶς
386 2730 430 2759 ἰπὶ
442 2732 492 2766 τὴν
514 2727 624 2768 καρδίαν
650 2727 710 2759 τοῦ”
723 2736 790 2761 Θεοῦ
814 2727 970 2765 ὶναῦάσειςί

144 2766 183 2806 Α)
199 2766 273 2807 mss;
286 2769 320 2795 ut
334 2768 364 2807 in
380 2770 516 2797 contextu
533 2766 608 2807 {ubi
624 2768 767 2807 libentius
783 2769 972 2807 legeremJn‘t

144 2800 300 2840 rﬁuapdlq,
316 2803 343 2840 si
358 2812 409 2840 per
421 2807 532 2832 veteres
547 2803 637 2840 libros
654 2805 762 2834 liceret.

184 2837 240 2874 (11)
260 2837 409 2876 Scriptum
424 2839 590 2869 invenimus
611 2839 642 2868 in
669 2841 784 2870 duobus
812 2841 974 2880 codicibus,

1027 2696 1191 2732 οἰκονομεῖν,
1207 2697 1350 2731 ordinare,
1366 2697 1486 2732 referre.

1065 2726 1125 2770 (12)’
1141 2726 1259 2770 Antiqui
1285 2726 1443 2770 treSZIiBri,
1469 2729 1618 2768 ἀφικέσθαι.
1640 2727 1722 2755 Alius
1749 2726 1850 2763 codex,

1028 2768 1163 2809 ἀφίεσθαι,
1180 2768 1302 2809 relinqui
1316 2768 1351 2796 ad
1367 2775 1458 2809 us_um.

1065 2807 1118 2843 (13)
1135 2806 1229 2834 Codex
1245 2813 1334 2838 unus,
1349 2805 1480 2834 νοεῖσθαι.
