2010 3145
138 159 199 188 869
756 161 873 192 LIBER
895 161 946 193 DE
968 161 1236 192 VlRGINITA'I‘E.
1788 160 1852 190 6'10

138 226 312 261 episcopum
329 226 420 255 fuisse
435 227 564 256 declarat
588 227 651 255 haec
671 227 818 256 salutandi
841 228 933 256 Letoii
959 236 989 256 re

1024 236 1044 263 ),
1060 226 1215 254 ἐπισκόπων
1241 227 1368 263 ὁμόψυχε
1393 226 1503 262 Λητόϊε,
1520 227 1662 254 unanimis
1686 225 1757 253 mihi
1780 226 1852 253 inter

138 270 277 306 episcopo:
292 271 375 299 Letoi.
393 272 445 299 Sed
463 275 558 300 tamen
575 273 602 300 S.
619 272 727 301 Basilio
743 272 803 300 haec
819 272 1001 300 elucubratio
1017 272 1136 300 attribui
1154 280 1211 300 non
1227 274 1339 308 potest;
1356 272 1445 307 idque
1459 271 1663 300 Tillemontius
1679 279 1735 299 non
1753 272 1785 298 ut
1800 278 1852 306 pro

141 314 268 342 habilem
285 316 496 351 conjecturam,
514 318 564 344 sed
581 320 614 344 ut
630 325 690 344 rem
707 318 882 345 necessariis
897 317 1075 353 exploratam
1095 316 1257 344 rationibus
1273 316 1411 344 defendit.

178 359 240 386 Non
258 359 353 387 solum
371 361 449 388 enim
465 361 532 389 huic
549 362 683 398 scriptori
700 370 818 390 summa
833 364 876 389 est
892 370 958 390 cum
976 362 1084 389 Basilio
1100 361 1165 397 styli
1185 360 1406 394 dissimilitudo,
1418 361 1468 388 sed
1484 360 1570 388 etiam
1589 359 1682 388 multa
1696 361 1853 395 pertractat

138 403 270 436 incaute,
283 413 347 440 quas
364 413 429 432 cum
446 406 609 440 virgineum
627 407 766 442 pudorem
786 407 964 442 imaginibus
981 414 1038 433 non
1055 405 1167 433 decoris
1183 405 1338 441 inquinare
1354 405 1477 441 possint,
1495 413 1547 432 nec
1563 404 1755 440 semetipsum
1772 403 1852 430 Basi-

138 448 209 483 lius,
228 457 281 476 nec
298 449 419 477 lectores
434 449 463 477 in
479 451 624 485 ejusmodi
651 450 814 486 periculum
840 451 1024 486 conjecisset.
1052 450 1181 478 Providit
1204 450 1266 486 ipse
1292 450 1417 485 scriptor
1432 451 1470 484 (η.
1486 450 1542 485 65),
1560 458 1590 477 se
1617 449 1645 476 in
1662 447 1851 476 oii‘ensionem

138 492 277 529 pluribus
294 496 460 528 venturum,
475 503 508 522 ac
525 495 744 531 reprehensioni
761 495 889 523 occurrit
905 495 958 522 hoc
975 495 1098 522 rationis
1113 497 1272 529 momento,
1286 494 1363 529 quod
1380 494 1470 530 virgo,
1484 494 1508 521 si
1526 494 1611 522 modo
1628 501 1684 520 non
1702 492 1741 520 sit
1758 493 1852 528 impu-

135 536 197 565 bis.
214 537 288 565 nihil
305 545 405 566 eorum
424 547 485 574 quas
502 539 537 566 ad
554 539 677 567 masculi
691 541 824 567 naturam
842 539 998 575 pertinent,
1016 539 1140 575 ignoret.

175 581 232 609 Sed
248 581 339 617 petita
354 589 388 609 ex
404 582 478 618 stle
495 585 667 619 argumenta
693 584 794 611 multis
819 583 892 611 tanti
917 591 981 611 esse
1005 592 1063 611 non
1079 583 1225 616 videntur,
1240 585 1272 610 ut
1288 582 1492 618 prsejudicatas
1517 581 1669 618 opiniones
1690 581 1850 618 deponant.

139 625 194 653 Hic
208 629 306 653 autem
324 626 479 654 manifesta
493 630 538 655 est
552 629 718 663 temporum
736 628 940 663 repugnantia,
957 628 1035 664 quod
1051 627 1166 654 nullum
1183 635 1303 662 prorsus
1330 626 1464 662 litigandi
1489 626 1584 654 locum
1611 626 1760 661 relinquit.
1778 625 1850 654 Nam

137 669 260 697 Letoius
274 670 469 699 Melitinensis
485 672 650 708 episcopus,
667 672 712 700 cui
731 676 919 708 nuncupatus
934 675 979 700 est
1003 672 1078 699 liber
1089 672 1126 699 De
1142 680 1205 699 vera
1221 672 1395 706 virginitate,
1412 670 1547 707 pluribus
1573 673 1638 706 post
1652 669 1752 697 Basilii
1769 676 1848 697 mor-

135 716 199 742 tem
216 715 301 742 annis
327 715 362 742 ad
388 715 462 743 hanc
489 716 661 752 dignitatem
687 718 826 752 pervenit.
844 717 912 752 Ejus
926 718 1061 745 decessor
1076 715 1192 744 Otreius
1207 716 1339 743 interfuit
1354 716 1488 743 secunda)
1514 716 1624 751 synodo
1650 714 1850 742 mcumsnicm-

137 767 206 794 qua:
224 759 470 794 perhonoriﬁcum
487 761 522 788 de
538 761 617 788 illius
633 761 689 788 ﬁde
701 761 849 797 judicium
866 761 942 795 fecit,
955 769 1081 797 eumque
1097 760 1125 788 in
1145 759 1261 788 Pontica
1276 759 1393 788 dioecesi
1409 769 1475 788 cum
1490 759 1619 787 llelladio
1635 758 1805 787 Caesariensi
1822 760 1851 786 ct

136 803 279 838 Gregorio
295 803 426 840 Nysseno
441 804 530 832 veluti
546 805 694 840 quoddam
709 809 842 833 centrum
859 805 1076 834 communionis
1090 804 1254 832 constituit.

174 847 270 874 Sensit
284 847 420 883 Dupinus
436 848 526 883 hujus
547 849 712 885 argumenti
729 851 854 885 pondus,
872 858 925 878 nec
939 853 1038 878 tamen
1062 849 1161 884 cessit,
1178 850 1228 877 sed
1244 851 1294 876 aut
1315 848 1446 876 Letoium
1464 849 1595 876 nondum
1622 847 1712 875 fuisse
1736 846 1850 882 episco-

136 899 223 926 pum,
241 899 306 918 cum
325 891 384 919 hzeo
400 892 425 920 ei
443 896 614 928 nuncupata
629 893 822 928 elucubratio,
839 896 890 922 aut
910 903 960 930 pro
980 894 1076 922 Letoio
1100 894 1256 930 legendum
1272 901 1336 920 esse
1352 893 1474 921 Otreium
1495 892 1652 920 existimat.
1670 892 1767 919 Prima
1782 899 1850 918 eru-

136 935 191 962 diti
206 935 259 962 viri
275 936 445 971 conjectura
465 937 639 973 proﬂigatur
655 947 688 966 ex
703 939 799 966 verbis
815 939 902 966 modo
918 938 1024 971 citatis,
1040 939 1183 966 unanimis
1197 938 1267 965 mihi
1289 939 1363 965 inter
1386 939 1523 973 episcopos
1540 937 1623 964 Letoi.
1640 936 1736 964 Altera
1752 938 1851 963 autem

135 987 171 1007 ex
185 987 220 1006 eo
235 987 341 1015 genere
356 983 410 1014 est,
428 983 503 1016 quod
523 981 558 1008 ab
573 983 711 1010 omnibus
727 991 848 1018 prorsus
865 982 978 1017 explodi
994 982 1108 1017 debeat,
1124 986 1153 1009 et
1169 991 1184 1010 a
1200 990 1230 1010 re
1246 982 1347 1009 critica
1362 982 1479 1018 penitus
1496 983 1647 1009 facessere.

173 1023 254 1051 Nihil
271 1032 369 1052 moror
393 1025 525 1059 Suidam,
542 1027 591 1062 qui
616 1026 725 1054 librum
749 1027 786 1054 De
810 1028 972 1062 virginitate
987 1027 1128 1062 scriptum
1147 1035 1163 1054 a
1178 1026 1284 1054 Basilio
1309 1029 1530 1054 commemorat.
1548 1026 1645 1061 Longe
1665 1025 1758 1059 major
1782 1024 1850 1051 Gre-

136 1068 212 1104 gorii
244 1068 418 1096 Nazianzeni
447 1070 617 1105 auctoritas,
634 1071 720 1106 cujus
750 1071 919 1099 testimonio
935 1071 1128 1099 Combeﬁsius
1151 1073 1179 1098 et
1203 1070 1336 1106 Dupinus
1366 1070 1509 1098 nituntur.
1526 1069 1580 1098 Sed
1612 1077 1678 1097 cum
1694 1068 1850 1104 Gregorius

136 1112 250 1147 scripta
279 1112 380 1140 Basilii
404 1112 516 1147 laudat,
545 1115 652 1149 quibus
675 1114 873 1151 virginitatem
897 1123 962 1142 vere
986 1115 1080 1142 colere
1107 1114 1239 1149 docebat,
1255 1115 1372 1149 Regula:
1395 1113 1515 1149 indicat,
1532 1122 1597 1149 quas
1625 1112 1698 1140 nihil
1728 1120 1848 1148 prorsus

137 1155 257 1189 habent,
275 1157 353 1192 quod
370 1165 427 1185 non
444 1158 480 1185 ad
496 1158 638 1193 optimam
654 1159 815 1187 excolendas
830 1159 1006 1195 virginitatis
1025 1159 1167 1187 rationem
1192 1159 1344 1194 pertineat.
1363 1161 1456 1195 Atque
1470 1158 1587 1186 etiamsi
1603 1159 1750 1185 constaret
1764 1156 1848 1184 Basi-

135 1199 209 1227 lium
229 1200 373 1237 singulari
389 1210 477 1237 opera
491 1203 528 1230 De
543 1204 706 1239 virginitate
721 1204 892 1240 scripsisse;
909 1212 1011 1232 verum
1026 1203 1097 1231 illud
1115 1212 1188 1240 opus
1204 1203 1430 1231 desiderandum
1448 1205 1534 1237 esset,
1546 1203 1668 1230 minime
1679 1210 1747 1229 vero
1762 1201 1846 1234 illud,

133 1245 215 1281 quod
230 1244 260 1272 in
277 1245 417 1275 manibus
432 1246 588 1281 habemus,
604 1248 703 1283 efﬁngi
720 1248 745 1276 ei
761 1247 791 1276 in
807 1250 867 1276 tam
893 1248 1050 1276 manifesta
1067 1247 1133 1284 styli
1150 1248 1393 1276 dissimilitudine
1417 1251 1445 1276 et
1467 1250 1635 1284 temporum
1652 1245 1848 1281 discrepantia

135 1289 269 1318 deberet.

884 1451 893 1459 .
915 1428 993 1456 ΠΕΡΙ
1012 1429 1079 1456 ΤΗΣ

402 1509 482 1557 ΕΝ
539 1510 867 1559 ΠΑΡΘΕΝΙΑ
919 1510 1211 1558 ΑΛΗΘΟΥΣ
1266 1510 1584 1558 ΑΦΘΟΡΙΑΣ

596 1606 688 1634 ΠΡΟΣ
711 1606 860 1634 ΛΗΤΟΙΟΝ
881 1606 1083 1634 ΕΠΙΣΚΟΙΙΟΝ
1102 1606 1308 1634 namnam:
1329 1605 1397 1642 (30).

922 1745 1065 1775 LIBER

371 1810 453 1857 DE
499 1811 667 1859 VEBA
722 1810 1136 1859 VIBGINITATIS
1194 1809 1619 1868 INTEGBITATE,

653 1896 698 1923 AD
719 1896 860 1924 LETOIUM
878 1886 1124 1924 MELITINENSEll!
1142 1895 1342 1923 EPISCOPUM.

176 2025 204 2053 4.
221 2026 255 2054 Οἱ
273 2027 320 2063 μὲν
344 2026 447 2054 ποΑλοὶ
473 2029 526 2054 τῶν
552 2028 598 2055 τὸν
612 2027 729 2066 νυμφίον
744 2029 825 2064 ἡμῶν
841 2029 897 2065 (31)
920 2039 968 2056 πε·
985 2051 989 2064 Α

1061 2029 1179 2057 6181.
1196 2029 1329 2064 Plerique
1357 2037 1423 2056 cum
1450 2028 1568 2055 videant
1596 2035 1787 2063 quoscunque
1816 2035 1851 2054 ex

140 2070 294 2107 ριιπόντων
317 2071 444 2109 Χριστὸν,
470 2072 549 2102 ὅσους
566 2072 579 2099 ὁ
604 2072 730 2110 οὐράνιος
746 2071 815 2109 ἔρως
834 2073 903 2111 πρὸς
917 2073 967 2107 τὴν

1024 2073 1124 2109 sponsi
1148 2073 1239 2100 nostri
1257 2073 1365 2100 Christi
1391 2072 1551 2100 cultoribus
1567 2071 1693 2099 coelestia
1716 2079 1798 2098 amor
1813 2072 1848 2098 ad

137 2116 188 2142 τοῦ
202 2114 291 2143 καλοῦ
305 2115 466 2150 κατανόησιν
477 2114 603 2153 ἔτρωσεν,
621 2115 708 2148 ἄλλοις
724 2118 787 2155 παρ’
802 2116 900 2149 ἄλλοις
912 2118 968 2154 (32)

138 2161 189 2186 τοῦ
214 2159 301 2187 καλοῦ
329 2160 376 2191 τὰς
406 2159 479 2192 istac
507 2160 676 2198 ἀσκουμὲνας
702 2161 728 2188 ἐν
755 2163 789 2198 τῇ
819 2161 968 2198 Ἐκκλησίᾳ

141 2202 256 2237 ἰδόντες,
288 2203 314 2230 οἱ
342 2204 388 2240 μὲν
416 2204 466 2238 τῆς
494 2204 639 2242 παρθενίας
667 2204 777 2242 ὕμνους,
808 2205 834 2232 οἱ
863 2203 891 2232 δὲ
913 2207 965 2233 τῶν

139 2247 281 2282 νηστείαις
295 2258 325 2275 τε
347 2247 392 2275 καὶ
416 2249 577 2286 χαμευνίαις
603 2249 815 2284 ὑπωπιαζόντων
830 2249 861 2277 τὸ
888 2252 968 2285 σῶμα

141 2291 278 2329 Ξγκώμια,
295 2291 378 2320 ἄλλοι
394 2291 423 2319 δὶ
444 2293 475 2320 τὸ
502 2293 695 2331 μεγαλόψυχον
718 2294 967 2331 τῶν.πιπρασκόν-

141 2346 198 2363 των
214 2334 259 2363 διὰ
272 2337 318 2364 τὸν
336 2336 435 2372 Κύριον
460 2337 492 2364 τὰ
517 2337 674 2375 ὑπάρχοντα
696 2338 887 2374 θαυμάζοντες,
903 2337 967 2369 τοὺς

141 2379 270 2412 ἐπαίνους
293 2380 319 2408 ἐν
341 2383 437 2419 μακρῷ
463 2380 656 2420 δϊεξέρχονται·
683 2382 737 2420 οὐχ
760 2382 835 2413 ὅπως
854 2381 965 2410 ἕκαστον

145 2425 264 2461 μετιέναι
293 2426 427 2462 προσήκει
452 2428 505 2453 τῶν
535 2426 699 2464 εἰρημένων,
724 2426 868 2465 ἀναγκαῖον
898 2429 965 2454 εἶναι

140 2468 276 2497 διδάσκειν
291 2469 425 2506 οἰόμενοι,
448 2469 522 2498 ἀλλὰ
544 2470 608 2502 τοὺς
632 2471 757 2502 ἐπαίνους
781 2473 834 2499 τῶν
857 2471 966 2509 εἰρημι-

139 2525 192 2541 νων
209 2513 248 2545 εἰς
271 2515 322 2549 τήν
343 2516 392 2541 τοῦ
414 2513 500 2542 καλοῦ
523 2516 666 2553 προκοπὴν
691 2516 748 2552 (33)
775 2515 857 2552 μόνον
874 2516 964 2553 ἀρκεῖν

177 2577 419 2616 (ξολ-Μελιτηνῇςε-
431 2577 485 2616 Sie_
498 2579 661 2616 reperimus
685 2579 715 2607 in
739 2578 855 2616 duobus
870 2577 968 2616 Regiis

142 2612 351 2656 codicibusnet
361 2612 794 2656 Qolhertinof‘iiabetmutraque
808 2613 897 2642 editio
912 2612 968 2641 Ve-

140 2652 211 2685 neta
235 2651 264 2675 et
289 2648 471 2685 Parisiensis,
494 2648 626 2685 Μιλίτης.
644 2651 691 2679 Sic
715 2648 804 2678 etiam
831 2658 908 2685 unus
935 2658 969 2677 ex

140 2684 417 2723 Regiiscodic'ibus.
431 2688 490 2723 Quo
502 2685 550 2723 alii
568 2683 668 2715 itidem
681 2687 773 2723 Regii,
788 2683 949 2723 Μελιεινῆςρ

174 2693 241 2748 εὲιιδ
257 2693 417 2712 conicinus.
431 2693 490 2713 υυο
502 2693 550 2713 aui
568 2693 668 2715 itidem
681 2693 773 2723 ttegu,
788 2693 949 2719 Μελιτινης.

174 2722 186 2762 (,
206 2721 232 2751 1)
247 2718 377 2762 Νυιὲφίρν
390 2720 482 2762 ἡμῷν,
499 2721 592 2762 Editip
617 2723 793 2762 Pa_ris_iensi_s_
816 2720 966 2762 addit,_1_bv

138 2755 283 2787 ἀθάνατον.
298 2755 353 2783 Sed
372 2755 429 2784 haec
444 2758 552 2785 desunt
573 2759 603 2786 in
628 2759 755 2788 editione
769 2757 880 2786 Veneta
893 2759 922 2785 et
936 2757 966 2784 in

139 2792 275 2828 quinque
289 2791 437 2828 veteribus
452 2793 546 2822 libris.

173 2825 235 2864 (32f
250 2826 317 2864 ﬂap’
333 2825 441 2858 ἄλλοις.
455 2828 527 2858 Tres
551 2830 666 2859 codices
689 2838 774 2864 mss.,
790 2827 832 2856 ἐπ’
857 2825 966 2858 ἄλλοις.

1022 2119 1140 2146 virtutis
1156 2117 1434 2154 contemplationem
1451 2116 1603 2150 sauciavit,
1621 2116 1693 2144 alios
1706 2115 1780 2143 alias
1795 2115 1850 2143 vir-

1022 2162 1094 2190 tutis
1115 2162 1227 2198 species
1255 2170 1387 2190 exercere
1418 2162 1447 2188 in
1477 2160 1619 2194 Ecclesia;
1649 2160 1699 2188 alii
1728 2159 1849 2195 quidem

1022 2206 1199 2243 virginitatis
1215 2206 1334 2240 laudes;
1352 2206 1401 2234 alii
1417 2214 1483 2233 vero
1499 2213 1598 2233 eorum
1616 2204 1664 2240 qui
1683 2203 1806 2240 jejuniis
1821 2206 1849 2231 et

1023 2250 1207 2278 chameuniis
1223 2259 1328 2286 corpus
1344 2250 1498 2286 castigant,
1515 2249 1660 2282 encomia;
1683 2248 1732 2276 alii
1749 2250 1847 2276 autem

1023 2294 1292 2330 magnanimitatem
1317 2303 1418 2322 eorum
1449 2293 1598 2329 admirati,
1620 2293 1671 2329 qui
1695 2292 1848 2321 facultates

1021 2339 1151 2367 vendunt
1163 2342 1281 2375 propter
1292 2339 1461 2374 Dominum,
1470 2347 1569 2367 eorum
1582 2338 1727 2374 prmconia
1737 2337 1848 2373 prolixo

1022 2391 1156 2412 sermone
1172 2386 1410 2420 prosequuntur:
1425 2391 1481 2411 non
1499 2383 1645 2419 quomodo
1659 2382 1847 2418 unumquod-

1021 2436 1076 2464 que
1096 2436 1208 2461 eorum,
1225 2437 1287 2464 quis
1312 2427 1452 2461 diximus,
1469 2427 1658 2456 excolendum
1684 2427 1731 2461 sit,
1749 2435 1849 2455 neces-

1021 2473 1132 2501 sarium
1150 2473 1353 2501 existimantes
1369 2473 1483 2506 docere,
1499 2473 1550 2500 sed
1565 2472 1643 2500 solas
1658 2471 1761 2500 laudes
1777 2471 1849 2499 satis

1020 2525 1085 2545 esse
1108 2517 1144 2544 ad
1166 2516 1284 2544 virtutis
1309 2517 1468 2552 profectum
1499 2517 1649 2544 ducentes.
1667 2516 1725 2552 Ego
1749 2518 1847 2544 autem

1025 2579 1090 2606 Mox
1107 2586 1183 2614 unus
1199 2586 1232 2606 ex
1247 2577 1352 2614 Regiis,
1367 2577 1392 2604 ἐν
1407 2579 1467 2608 ταῖς
1481 2576 1651 2614 ἐκκλησίαις.

1060 2614 1116 2650 (33)
1135 2613 1189 2644 Εἷς.
1208 2634 1213 2641 .
1235 2611 1388 2648 προῖιοπήν,
1411 2614 1538 2649 Legitur,
1555 2613 1654 2650 πρὸς...
1675 2611 1847 2650 προτροῃήν,

1024 2647 1067 2676 mil
1079 2652 1189 2677 virtutis
1214 2651 1434 2684 incitamentum,
1450 2647 1480 2677 in
1498 2647 1592 2677 tribus
1618 2647 1714 2683 Regiis
1739 2647 1846 2676 Codici-

1024 2685 1080 2726 bus
1094 2688 1123 2714 et
1137 2685 1394 2726 Colbertinozguaa
1410 2686 1556 2726 scriptura
1571 2684 1625 2711 etsi
1641 2684 1737 2726 prima
1750 2684 1847 2726 specie

1023 2721 1096 2751 satis
1121 2721 1274 2749 commoda
1298 2721 1423 2755 videtur,
1448 2720 1521 2748 nihil
1549 2723 1646 2747 tamen
1671 2720 1847 2748 mutandum

1024 2757 1104 2792 duxi,
1142 2758 1190 2785 uia
1205 2757 1314 2785 auctori
1335 2757 1424 2784 hu'us
1440 2755 1535 2791 operis
1557 2763 1614 2783 non
1636 2757 1696 2783 tam
1713 2755 1845 2792 proposi-

1024 2796 1086 2820 tum
1102 2766 1138 2820 a3
1154 2793 1292 2820 virtutem
1308 2764 1540 2820 amplectendam
1555 2790 1677 2820 hortari.
1692 2800 1781 2820 uuam
1797 2791 1844 2820 iis.

1023 2796 1086 2821 tum
1097 2790 1138 2821 ad
1154 2793 1292 2829 virtutem
1308 2790 1540 2828 amplectendam
1555 2790 1677 2829 hortari,
1692 2790 1781 2829 quam
1797 2791 1844 2825 iis,

1023 2829 1073 2864 qui
1083 2829 1144 2864 jam
1159 2828 1287 2865 amplexi
1301 2827 1380 2864 sunt,
1395 2828 1539 2863 precepts
1553 2827 1678 2856 tradere.
