2010 3145
92 148 149 177 673

713 146 831 177 LIBER
852 145 905 176 DE
925 144 1196 177 VIRGINITATE.

1744 148 1804 177 674

93 215 197 253 φθάσας
212 214 228 241 ὁ
246 213 330 251 λόγνς
344 212 473 248 ὑπέδειξε,
489 213 534 241 καὶ
559 213 666 251 προϊὼν
693 211 731 240 ἔτι
761 213 922 251 σαφέστερον

988 213 1046 240 iam
1063 213 1416 249 consequatur.Quoniam
1431 214 1522 249 igitur
1536 214 1805 250 virginitas,veram

95 258 185 294 δείξει,
200 260 253 285 τοῦ
268 258 337 285 κατὰ
348 258 440 295 ψυχὴν
459 257 580 294 ἀφθόρου
595 255 717 288 κάλλους
733 255 780 293 (δι’
798 256 813 284 ’ὁ
834 256 878 283 καὶ
894 256 927 283 τὰ

96 303 226 340 σώματος
259 302 411 330 ἰκπονεῖται
445 301 530 337 καλὰ)
559 300 629 329 ἐστίν
660 301 793 338 ἐξαίρετος
810 310 816 316 ·
845 301 870 328 οἱ
899 299 928 328 δὶ

96 346 203 375 πολλοὶ
231 349 273 382 τῷ
303 346 414 383 ὀνόματι
444 349 494 381 τῆς
517 346 662 384 παρθενίας
679 345 754 382 μόνῳ
769 346 825 382 (43)
841 355 925 383 προσ-

98 393 222 430 έχοντες,
240 390 318 418 οὐδέν
333 400 359 418 τι
372 392 421 425 τῆς
448 389 571 426 ἀληθοῦς
597 390 741 428 παρθενίας
767 390 926 428 φροντίζου-

97 447 122 464 σι
153 437 211 472 (44)
226 445 233 451 ·
253 434 299 463 διὰ
323 435 396 462 τουτ’
413 435 578 472 ἀναγκαίως,
594 436 683 470 οἶμαι,
699 436 758 465 τοῖς
786 434 831 461 τὸν
861 433 926 471 ὑπὲρ

97 480 244 515 παρθενίας
275 479 402 517 στέφανον
425 480 539 506 ποθοῦσι
565 477 670 515 λαϐεῖν,
693 479 867 517 ὑποφωνῆσαι
894 479 928 506 τὰ

99 525 190 553 ἐνόντα
207 523 354 552 σπουδάσω
380 525 447 560 (45),
464 523 501 554 ὡς
517 522 547 551 ἃν
565 525 603 560 μὴ
627 523 662 550 δι’
687 524 796 561 ἄγνοιαν
821 522 927 560 ἀμελή-

100 580 192 600 σαντες
223 571 273 596 τοῦ
312 568 523 606 προηγουμένου
560 568 667 601 καλοῦ,
696 567 928 605 προσαναλώσωσι

102 615 148 650 μὲν
164 615 199 650 τῇ
214 616 266 647 τῆς
285 613 450 650 θεραπαίνης
475 611 587 648 δουλείᾳ
611 613 697 640 πάντα
720 613 765 639 τὸν
795 612 867 650 βίον,
884 611 928 639 διὰ

99 658 127 686 δὶ
151 658 183 685 τὸ
216 655 357 693 μηδέποτε
384 657 433 690 τὴν
462 655 601 684 δέσποιναν
628 656 730 691 ταύτης
756 657 927 694 θεραπεῦσαι,

98 703 141 730 καὶ
156 702 209 736 τὴν
223 703 274 728 τοῦ
297 701 426 737 σώματος
450 701 594 739 παρθενίαν
620 701 651 728 οὐ
675 701 866 737 κοσμουμένην
889 703 928 737 τῷ

98 750 145 782 τῆς
172 744 282 774 ἔνδοθεν
299 746 355 782 (46)
371 744 479 781 κάλλει,
499 746 566 781 μετὰ
587 744 713 777 πολλοὺς
739 744 854 783 ἱδρῶτας
880 748 927 780 ζη-

102 792 255 828 μιωθῶσιν.
272 791 330 818 Ἵνα
346 789 390 817 οὖν
409 792 500 829 σαφῶς
522 788 633 817 ἕκαστον
659 792 712 817 τῶν
738 790 927 817 συντεινόντων

99 835 165 874 πρὸς
181 835 215 862 τὸ
230 837 281 868 τῆς
311 833 431 869 ἀληθοῦς
447 832 592 871 παρθενίας
621 832 724 864 κάλλος
755 833 837 873 ὀφθῇ,
854 834 926 872 φέρι,

100 881 168 918 πρὸς
184 879 248 907 τίνα
264 879 365 906 σκοπὸν
382 879 399 913 ἡ
416 877 548 915 παρθένος
563 877 691 917 ἀφορῶσα
721 879 789 914 (47),
801 879 851 913 τήν
870 879 927 906 ἑαυ-

99 927 149 957 τῆς
169 923 320 960 παρθενίαν
345 923 430 957 ἀσκεῖ,
448 923 640 960 θεωρήσωμεν.
657 922 733 950 Οὕτω
756 923 807 960 γὰρ
832 923 861 950 ἃν
888 922 929 962 ἐφ’

101 969 214 996 ἑκάστου
232 967 386 1002 κινήματος
398 967 494 1001 αὐτῆς,
512 965 565 994 ε’ίτε
588 966 657 1004 πρὸς
681 967 735 999 τὸν,
751 965 929 1004 προκείμενον

103 1012 201 1051 βάλλει
227 1011 341 1045 σκοπὸν,
364 1009 411 1039 εἶτ’
437 1009 508 1038 ἄλλο
533 1011 697 1049 προθεμένη,
714 1011 781 1048 πρὸς
802 1010 871 1039 ἄλλο
901 1010 929 1038 δὶ

103 1057 221 1095 ἀφιεῖσα,
238 1057 287 1083 τοῦ
310 1055 368 1082 καθ’
397 1055 494 1089 ἑαυτὴν
521 1057 623 1082 σκοποῦ
646 1055 767 1093 ἀποχεῖ,
783 1055 873 1092 ὥσπερ
902 1055 928 1082 ἐν

103 1101 192 1138 αἰθρίᾳ
224 1099 406 1135 ἱδόντες,τήν
433 1100 470 1130 ὡς
494 1099 605 1134 ἀληθῶς
634 1100 764 1138 παρθένον
791 1098 821 1127 ἂν
847 1110 928 1127 κατα-

102 1145 239 1182 μάθωμεν
245 1167 252 1173 .

134 1192 164 1218 3.
180 1190 304 1217 ’Ἅνωθεν
321 1187 361 1222 δὶ,
379 1188 415 1219 ὡς
430 1185 490 1226 ἔχει
505 1190 561 1226 (48)
582 1188 686 1227 φύσεως
713 1189 744 1216 τὸ
764 1188 834 1223 θῆλυ
863 1189 931 1226 πρὸς

101 1236 131 1263 τὸ
155 1234 246 1273 ἄρῥιν,
265 1233 291 1261 εἴ
318 1232 424 1271 βούλει,
438 1232 657 1270 ἐπισκεψώμεθα,
670 1232 715 1260 ’ίνα
736 1233 781 1260 καὶ
806 1233 851 1260 τὸν
880 1237 930 1268 τῆς

102 1279 247 1316 παρθενίας
274 1278 376 1306 σκοπὸν
406 1278 537 1316 εὖκρινῖυς
574 1278 737 1316 ἀναφανέντα
765 1276 930 1314 κατίδωμεν.

106 1325 148 1360 Ἐξ
166 1323 271 1361 ὀλίγων
290 1324 342 1361 γὰρ
367 1325 420 1350 τῶν
445 1323 561 1360 πρώτων
589 1323 676 1356 ζώων,
692 1322 811 1359 καθάπερ
840 1320 869 1349 ἔκ
894 1333 931 1349 τι-

106 1379 157 1396 νων
171 1368 362 1406 πρωτοτύπων
389 1367 564 1404 σπερμάτων,
576 1367 621 1394 τὸν
643 1367 745 1403 κόσμον
763 1367 776 1394 ὁ
793 1371 930 1405 Δημιουρ-

105 1414 153 1451 γὸς
183 1412 332 1450 πληρῶσαι
361 1410 491 1447 θελήσας,
506 1412 619 1438 ἑκάστου
649 1412 696 1447 μὲν
725 1410 812 1442 έίδους
842 1411 929 1447 ζώων,

106 1458 227 1494 καθάπερ
254 1456 317 1484 τινὰ
347 1455 409 1492 μίαν
439 1455 524 1493 ῥίζαν,
539 1456 589 1490 τήν
615 1457 663 1483 τοῦ
688 1458 845 1492 σωματικοῦ
861 1455 931 1490 ζώου

107 1501 179 1529 ἰδέαν
193 1500 220 1536 ἐξ
236 1501 325 1538 ἀρχῆς
341 1497 506 1528 κατεϐάλετο
522 1500 590 1536 (49),
607 1500 716 1534 Ταύτην
737 1498 767 1526 δὲ
791 1499 829 1530 εἷς
852 1499 929 1538 ἅῤῥεν

105 1557 133 1574 τε
146 1547 193 1574 καὶ
209 1545 292 1580 θῆλυ,
308 1545 362 1572 ἀπὸ
376 1547 424 1572 τοῦ
440 1543 553 1581 λογικοῦ
570 1544 640 1578 ζώου
664 1542 715 1576 ἕως
744 1543 787 1572 ἐπὶ
814 1546 865 1571 πᾶν
896 1545 930 1572 εἶ-

981 256 1062 284 illam
1080 257 1191 290 dico,ut
1203 257 1265 292 jam
1282 258 1408 285 breviter
1423 258 1577 293 przemissa
1591 259 1807 287 demonstravit

982 301 1084 334 oratio,
1097 303 1125 329 et
1140 301 1329 336 progrediens
1345 302 1441 329 adhuc
1457 302 1566 330 clarius
1581 303 1805 339 demonstrabit,

981 345 1155 381 incorrupta:
1181 346 1210 372 in
1228 345 1328 373 anima
1353 345 1583 381 pulchritudinis
1609 348 1727 383 propria
1750 351 1805 384 est,

981 392 1100 426 propter
1114 398 1204 426 quam
1227 391 1255 417 et
1270 389 1400 425 corporis
1417 393 1589 418 exercentur
1611 391 1749 427 praeclare
1765 393 1806 420 fa-

981 434 1136 467 cta;multi
1153 436 1251 462 autem
1266 434 1376 462 nomini
1393 435 1570 471 virginitatis
1586 435 1641 463 soli
1659 437 1807 464 attenden-

980 480 1035 511 tes,
1053 478 1164 506 nullam
1179 487 1252 506 veras
1277 478 1457 514 virginitatis
1480 488 1581 507 curam
1598 483 1705 517 gerunt
1720 489 1727 514 ;
1743 490 1807 517 pro-

981 525 1080 559 pterea
1099 523 1274 557 necessario,
1292 526 1325 551 ut
1349 524 1464 560 opinor,
1480 533 1530 552 eos
1555 525 1606 561 qui
1631 526 1808 561 virginitatis

981 575 1118 595 coronam
1135 567 1271 603 consequi
1287 568 1420 603 cupiunt,
1437 577 1490 604 pro
1503 568 1614 596 viribus
1630 570 1809 598 submonere

982 611 1119 645 conabor,
1136 614 1167 639 ut
1177 620 1213 639 ne
1225 612 1384 640 inscienter
1395 613 1574 649 praecipuum
1587 613 1698 642 bonum
1715 615 1807 650 negli-

982 658 1095 692 gentes,
1112 658 1204 684 totam
1229 656 1320 684 vitam
1337 657 1367 684 in
1384 657 1496 684 ancillae
1524 657 1604 685 cultu
1622 661 1809 693 consumant,

982 702 1010 727 et
1017 707 1049 728 eo
1061 701 1138 736 quod
1150 709 1297 736 nunquam
1308 700 1388 729 illius
1399 701 1549 729 dominam
1562 701 1808 736 coluerint,etiam

982 745 1112 780 corporis
1121 745 1320 781 virginitatem
1342 754 1398 773 non
1410 748 1579 774 exornatam
1596 746 1726 775 interiori
1743 748 1808 783 pul-

983 788 1149 817 chritudine
1165 792 1231 825 post
1245 789 1355 817 multos
1371 790 1494 818 sudores
1510 790 1657 819 amittant.
1666 791 1702 819 Ut
1718 792 1809 828 igitur

983 833 1059 862 clare
1075 834 1192 869 singula
1214 835 1250 861 ad
1266 843 1338 862 νει-ω
1353 835 1533 871 virginitatis
1558 835 1808 871 pulchritudinem

984 878 1137 906 attinentia
1151 881 1388 915 cernantur,age,
1405 880 1554 915 quodnam
1571 880 1607 907 ad
1625 881 1809 916 propositum

983 922 1064 959 virgo
1089 923 1262 959 respiciens,
1279 931 1363 950 suam
1388 923 1484 959 ipsius
1509 923 1703 960 virginitatem
1728 933 1809 953 exer-

984 969 1056 1002 ceat,
1065 967 1295 996 consideremus.
1311 967 1356 995 Sic
1371 967 1449 996 enim
1468 968 1497 995 in
1513 968 1638 1004 singulis
1653 968 1732 997 illius
1749 977 1809 997 mo-

983 1012 1074 1046 tibus,
1088 1014 1187 1040 utrum
1204 1012 1238 1039 ad
1262 1012 1445 1048 propositum
1470 1012 1606 1040 collineet
1620 1022 1754 1049 scopum,
1772 1022 1809 1042 an

984 1054 1063 1083 aliud
1080 1055 1135 1082 sibi
1152 1058 1365 1091 proponens,et
1380 1056 1436 1084 alio
1451 1056 1601 1091 jaculans,
1618 1066 1634 1085 a
1648 1066 1702 1085 suo
1715 1059 1810 1094 ipsius

984 1099 1132 1135 proposito
1148 1099 1273 1134 aberret,
1288 1103 1430 1136 tanquem
1448 1101 1478 1128 in
1495 1109 1599 1129 sereno.
1613 1101 1678 1130 luce
1693 1103 1810 1131 intuen-

984 1146 1039 1178 tes,
1053 1152 1188 1179 quamam
1201 1152 1267 1171 vere
1276 1144 1357 1180 virgo
1381 1144 1431 1177 sit,
1447 1153 1622 1181 cognoscere
1636 1147 1809 1182 poterimus.

1019 1188 1045 1216 3.
1063 1188 1106 1216 Ab
1117 1188 1229 1224 origine
1240 1190 1338 1217 autem
1355 1190 1500 1225 quomodo
1515 1198 1550 1217 ex
1561 1193 1667 1219 natura
1677 1199 1742 1220 sese
1756 1192 1809 1220 ha-

985 1233 1052 1260 beat
1067 1233 1174 1261 femina
1189 1233 1224 1261 ad
1241 1233 1392 1268 marem,si
1406 1234 1446 1262 ita
1460 1234 1567 1271 placet,
1580 1235 1811 1272 consideremus,

986 1279 1018 1305 ut
1028 1279 1057 1305 et
1067 1277 1243 1314 virginitatis
1254 1286 1377 1314 scopum
1390 1278 1528 1307 distincte
1541 1279 1729 1316 explanatum
1746 1289 1812 1308 con-

985 1322 1157 1358 spiciamus.
1173 1325 1212 1350 Ex
1238 1323 1338 1358 paucis
1363 1323 1441 1351 enim
1467 1324 1574 1360 primis
1596 1325 1809 1359 animantibus,

985 1368 1127 1402 tanquam
1145 1375 1179 1394 ex
1194 1367 1342 1402 primariis
1358 1368 1535 1403 quibusdam
1551 1369 1726 1405 seminibus,
1741 1377 1809 1398 cum

986 1411 1131 1439 mundum
1146 1411 1264 1439 Creator
1278 1412 1401 1448 implere
1416 1412 1519 1446 vellet;
1538 1414 1681 1449 cujusque
1703 1414 1810 1449 speciei

985 1454 1258 1490 animalium,quasi
1274 1464 1364 1483 unam
1381 1457 1539 1492 quamdam
1556 1457 1811 1493 radicem,corpo-

986 1499 1055 1527 ralis
1066 1499 1202 1527 animalis
1215 1500 1338 1527 formam
1350 1500 1386 1527 ab
1397 1500 1481 1527 initio
1491 1501 1744 1529 constituit.Hanc
1758 1510 1810 1530 au-

985 1546 1044 1571 tem
1061 1544 1097 1571 ab
1114 1543 1235 1571 animali
1252 1544 1389 1571 rationali
1411 1553 1506 1580 usque
1520 1545 1555 1572 ad
1574 1553 1690 1572 omnem
1707 1546 1810 1573 bruto-

105 1589 150 1622 δος
165 1590 272 1628 ἀλόγου
287 1591 356 1626 (50),
372 1589 461 1626 τεμὼν
477 1589 521 1616 καὶ
537 1589 567 1616 τὸ
582 1590 653 1623 θῆΛυ
668 1592 766 1625 τμῆμα
779 1591 829 1616 τοῦ
854 1588 930 1628 ἄρρε-

988 1597 1051 1616 rum
1075 1587 1249 1615 animalium
1267 1588 1405 1624 speciem,
1421 1596 1487 1616 cum
1503 1589 1533 1616 in
1559 1598 1670 1617 marem
1686 1592 1714 1618 et
1731 1591 1812 1618 temi-

103 1645 147 1667 νος
171 1634 367 1672 ἐργασάμενος,
382 1634 489 1672 οἶστρον
521 1634 568 1670 μὲν
597 1633 701 1669 ἑκάστῳ
727 1635 853 1670 τμήματι
881 1637 930 1669 τῆς

104 1679 169 1717 πρὸς
187 1677 303 1714 ἄλληλα
318 1677 482 1714 συμπλοκῆς
509 1677 626 1715 ἄρρητον
640 1679 674 1714 τῇ
705 1677 780 1716 φύσει
809 1678 929 1713 ἐνέθηκε.

101 1723 206 1751 Τούτων
225 1723 284 1760 (51)
298 1721 327 1750 δὲ
340 1722 374 1750 τὰ
394 1722 596 1759 ἀποσχιστθὲτα
616 1720 760 1757 ἀλλήλων,
776 1725 834 1754 ταῖς
852 1723 933 1760 ἀσχέ-

101 1779 158 1799 τοις
180 1770 232 1796 τοῦ
256 1764 358 1805 ἔρωτος
391 1767 492 1804 μίξεσιν
523 1765 660 1802 ἀλλήλοις
699 1765 874 1803 συμπλέκων,
901 1767 931 1794 ἐκ

101 1817 148 1848 τῆς
169 1811 350 1849 συμπλοκῆς,
366 1811 434 1839 ἅπαν
456 1810 527 1842 κίδος
554 1812 630 1845 ζώων
650 1813 709 1842 ταῖς
733 1810 762 1838 tu
787 1812 840 1839 τῶν
865 1822 931 1847 προ-

103 1855 225 1895 αγόντων
253 1855 403 1894 βλαστάνον
427 1858 532 1894 γοναῖς,
550 1854 584 1882 δι’
599 1855 697 1886 αἰῶνος
712 1855 769 1891 (52)
784 1854 929 1891 πληθύνει,

101 1902 272 1938 Αὖξάνεσθε,
300 1900 405 1939 λέγων,
433 1900 478 1928 καὶ
517 1899 698 1934 πληθύνεσθε,
728 1899 773 1927 καὶ
813 1899 930 1937 πληρώ-

102 1957 164 1974 σατε
180 1947 231 1980 τήν
247 1948 310 1982 γῆν,
326 1944 406 1973 Οὕτω
423 1943 451 1971 δὶ
465 1944 510 1971 τὸν
527 1943 640 1980 κόσμον,
657 1943 742 1982 φημὶ,
753 1944 797 1980 ἀφ’
813 1945 872 1975 ἑνὸς
882 1947 931 1972 τοῦ

100 1990 196 2027 Ἀδὰμ
235 1989 384 2026 ἀνθρώπων
427 1989 533 2027 γένους⁷
563 1989 622 2016 καθ’
652 1989 754 2016 ἅπασαν
784 1989 840 2025 (53)
868 1993 931 2025 γῆν,

105 2035 216 2073 μυρίαις
245 2034 330 2062 ἇθνῶν
363 2033 505 2073 διαφοραῖς
542 2032 762 2070 πεπληρωμένον
789 2032 930 2061 ἀποδεῖσαι

100 2080 279 2118 τροθὲμινος·
294 2078 339 2117 ἀφ’
354 2078 413 2109 ἑνὸς
443 2076 472 2105 δὲ
487 2077 598 2105 ἑκάστου
617 2079 670 2104 τῶν
696 2075 805 2115 ἀλόγων
831 2075 931 2114 ε’ίδους,

101 2125 169 2152 κατὰ
189 2123 238 2152 τὸν
256 2122 353 2159 ὅμοιον
367 2123 469 2160 τρόπον
484 2120 657 2160 τετραπόδων
681 2128 711 2149 τε
733 2122 778 2149 καὶ
800 2121 930 2160 ἑρπετῶν,

103 2167 141 2196 ἔτι
157 2167 188 2196 δὲ
202 2169 317 2203 πτηνῶν
334 2177 364 2195 τι
386 2167 431 2195 καὶ
456 2169 575 2202 νηκτῶν,
591 2165 636 2193 καὶ
659 2165 780 2197 συνόλως
806 2166 930 2194 ἁπάντων

106 2214 194 2248 ζώων,
216 2213 369 2249 ἀμυθήτοις
395 2210 478 2243 ἰδίαις
498 2211 720 2248 πλημμυροῦντα
742 2210 856 2249 ὀφθῆναι
887 2216 931 2243 θε-

105 2257 202 2293 λήσας,
218 2259 253 2294 τῇ
276 2257 323 2293 μὶν
348 2255 490 2291 δυναστείᾳ
517 2257 566 2283 τοῦ
592 2255 703 2294 ἄῤῥενος
733 2254 875 2283 ὑποτάττει
901 2256 932 2283 τὸ
950 2272 973 2304 D

105 2302 185 2336 θῆλυ,
201 2303 238 2338 τῇ
256 2299 284 2328 δὶ
298 2302 346 2328 τοῦ
372 2300 471 2336 θήλεος
491 2299 589 2336 ἡδονῇ,
604 2299 754 2331 τιθασσεύει
781 2299 813 2327 τὸ
843 2298 932 2338 ἄῤῥιν·

105 2347 135 2374 τὸ
152 2347 200 2383 μὶν
217 2345 273 2373 ἀπὸ
287 2348 338 2380 τῆς
355 2345 473 2382 πλευρᾶς
494 2347 543 2372 τοῦ
568 2343 679 2383 ἅρρενος
702 2343 881 2381 εἰλημμένον,
898 2345 934 2377 ὡς

143 2402 153 2419 ⁸
168 2401 242 2429 Gen.
257 2408 278 2434 1,
294 2400 341 2427 28.

144 2453 200 2489 (43)
221 2452 320 2489 Μόνῳ.)
330 2452 412 2481 Unus
429 2452 519 2480 codex
535 2460 603 2487 ms.,
620 2450 659 2489 ἔτι
677 2450 770 2487 μόνον.

156 2486 201 2525 lii)
217 2486 411 2525 Φροντίζουσι.
428 2490 560 2525 Unusﬁex
577 2488 685 2524 Regiis,
702 2486 901 2525 φροντίζον-εις.

156 2521 201 2556 45)
220 2521 382 2551 mmmam.
399 2524 538 2553 Nonnulli
555 2521 681 2556 codices,
703 2521 865 2552 ἱάπούδασα.

112 2596 125 2622 0
145 2561 201 2605 (ἆῤ)
217 2561 274 2594 Τῆς
297 2559 414 2587 ἔνδοθεν.
450 2560 531 2588 Unus
560 2569 594 2588 ex
624 2559 719 2595 Regiis
748 2560 839 2594 addit,
869 2569 938 2597 παρ-

128 2605 219 2622 avitae.

128 2605 219 2626 ενειας.

145 2633 201 2668 (47)
222 2632 383 2669 Ἀφορῶσοιἒ
399 2634 460 2669 Duo
477 2630 697 2669 ςῃεεηρφιεισαἶ

144 2664 201 2703 (48)
217 2664 334 2709 νΑνειρρεν
362 2665 400 2700 δὲ,
416 2664 654 2709 ὡς-ἔχειζΤόιυε
670 2667 732 2709 hic‘
745 2667 829 2709 locus
857 2667 940 2709 deest

112 2703 139 2730 in
163 2703 316 2731 nonnullis
329 2712 401 2730 mss.
419 2703 569 2731 codicibus
586 2711 680 2739 usque
698 2704 734 2731 ad
754 2703 815 2739 haec
839 2703 938 2737 verba,

112 2747 174 2774 quae
196 2741 336 2774 leguntur
363 2748 445 2767 num.
463 2740 489 2775 4,
507 2738 617 2773 Ἐπειδή
633 2736 679 2766 οὖν
707 2741 778 2766 θεῖον
795 2736 880 2770 ὅντως
894 2738 938 2766 καὶ

112 2775 157 2808 τῆς
173 2775 394 2813 ἀχράντορμθιε.

146 2808 399 2848 (49)“”Κατιϐἀλετο,
425 2811 470 2839 Sic
493 2811 581 2840 editio
611 2813 721 2839 Veneta
752 2813 781 2840 et
807 2810 940 2847 plerique

985 1641 1053 1660 nam
1084 1632 1242 1667 divisisset,
1260 1641 1293 1660 ac
1309 1633 1447 1660 feminam
1473 1633 1596 1661 masculi
1626 1637 1811 1669 segmentum

985 1677 1139 1710 effecisset,
1155 1676 1310 1705 stimulum
1334 1677 1429 1705 mutui
1455 1678 1623 1714 complexus
1654 1680 1812 1716 unicuique

985 1724 1136 1758 segmento
1160 1729 1299 1749 arcanum
1316 1724 1420 1749 natura
1444 1721 1561 1750 indidit.
1580 1723 1643 1751 Haec
1658 1731 1725 1752 vero
1740 1724 1781 1752 ita
1796 1733 1813 1752 a

986 1774 1016 1794 se
1032 1765 1155 1793 invicem
1173 1765 1298 1793 discissa
1313 1766 1478 1802 irrequietis
1489 1767 1598 1795 amoris
1610 1768 1810 1803 permistioni-

984 1810 1040 1838 bus
1056 1810 1133 1838 inter
1147 1819 1178 1838 se
1193 1810 1382 1846 complicans,
1399 1819 1433 1838 ex
1449 1811 1602 1847 complexu
1618 1820 1734 1840 omnem
1745 1813 1811 1841 ani-

985 1855 1108 1882 malium
1125 1854 1252 1890 speciem
1276 1863 1310 1882 ex
1326 1858 1543 1883 antecessorum
1572 1857 1683 1884 semine
1703 1857 1811 1892 germi-

985 1902 1105 1927 nantem
1122 1907 1172 1934 per
1188 1899 1295 1927 saecula
1318 1899 1505 1936 multiplicat,
1522 1901 1593 1928 dum
1615 1901 1655 1928 ait
1673 1909 1678 1928 :
1697 1901 1814 1930 Crescite

985 1949 1011 1972 at
1024 1944 1265 1980 multiplicamini,
1281 1948 1307 1971 ιιι
1314 1945 1415 1979 replete
1430 1949 1536 1972 terram
1550 1945 1580 1972 ⁵⁸.
1590 1945 1638 1973 Sic
1655 1947 1808 1981 mundum,

985 1989 1120 2025 inquam,
1137 1989 1218 2016 οδω
1233 1989 1269 2016 ab
1295 1997 1352 2017 uno
1366 1997 1400 2016 ex
1415 1989 1543 2017 humano
1570 1998 1676 2026 genere
1691 1992 1813 2025 Adamo,

985 2041 1037 2069 per
1053 2032 1221 2060 universam
1238 2035 1357 2066 terram,
1374 2033 1539 2061 innumeris
1565 2035 1697 2070 gentium
1722 2036 1814 2064 varie-

985 2078 1095 2105 tatibus
1111 2077 1251 2105 rel‘ertum
1267 2078 1422 2105 ostendere
1437 2078 1549 2113 volens,
1566 2081 1594 2106 et
1610 2079 1645 2106 ab
1663 2088 1720 2107 uno
1737 2082 1765 2107 et
1781 2088 1815 2108 ex

987 2130 1162 2158 unaquaque
1187 2121 1350 2149 belluarum
1367 2122 1464 2157 specie
1488 2122 1624 2150 similiter
1640 2132 1706 2150 cum
1722 2123 1813 2152 innu-

986 2167 1075 2195 meris
1090 2167 1327 2202 quadrupedum,
1344 2167 1507 2202 reptilium,
1523 2167 1813 2201 volatilium,natati-

986 2211 1102 2246 lium,et
1113 2211 1245 2238 omnium
1256 2210 1374 2238 omnino
1387 2211 1571 2246 animalium,
1586 2212 1688 2240 formis
1700 2215 1815 2240 scaten-

988 2258 1048 2283 tem
1062 2255 1163 2283 volens
1188 2263 1328 2291 apparare
1354 2263 1360 2282 :
1378 2256 1469 2283 maris
1485 2256 1604 2291 quidem
1622 2257 1759 2293 potestati
1775 2258 1815 2285 fe-

989 2301 1101 2328 minam
1116 2300 1248 2336 subjicit,
1265 2300 1431 2327 masculum
1457 2309 1523 2328 vero
1538 2301 1651 2329 feminae
1667 2302 1817 2337 voluptate

989 2344 1142 2374 demulcet.
1158 2347 1190 2372 In
1206 2352 1264 2380 quo
1280 2344 1398 2380 quidem
1415 2345 1444 2372 id
1461 2346 1537 2381 quod
1554 2354 1569 2373 ο
1585 2346 1709 2374 masculi
1726 2346 1817 2374 latere

993 2451 1108 2481 codices
1125 2458 1198 2486 mss.
1214 2450 1310 2478 Editio
1326 2449 1510 2486 Parisiensis,
1526 2450 1721 2481 κατεϐάλλετο.

1028 2488 1086 2523 (50)
1101 2485 1229 2523 Ἀλόγου.
1245 2486 1291 2514 Sic
1306 2486 1393 2523 editio
1420 2487 1530 2516 Veneta
1553 2492 1582 2517 et
1604 2489 1719 2518 codices
1745 2498 1817 2518 mss.

993 2521 1088 2552 Editio
1105 2521 1290 2559 Parisiensis,
1307 2521 1417 2559 ἄλογον.

1028 2560 1085 2595 (51)
1100 2557 1217 2585 Τούτων.
1235 2559 1297 2586 Duo
1324 2557 1407 2594 mss,
1423 2558 1523 2595 τούτῳ.
1537 2560 1618 2588 Alius
1647 2561 1682 2588 ad
1713 2560 1818 2595 margi-

993 2604 1072 2629 nem,
1086 2596 1180 2621 ταῦτα.

1029 2632 1085 2667 (52)
1102 2629 1283 2667 Δι’ᾼαῖῶνος.
1314 2630 1451 2667 Utraque
1481 2631 1581 2667 editio,
1612 2629 1646 2656 δι’
1671 2630 1818 2667 ἑνόςηρει·

994 2665 1080 2695 unum
1095 2665 1278 2702 multiplicat.
1299 2666 1353 2693 Sed
1371 2665 1452 2701 sequi
1465 2666 1624 2694 maluimus
1640 2674 1690 2693 sex
1703 2666 1819 2702 eodices

993 2711 1076 2739 mss.,
1089 2701 1214 2739 quorum
1230 2704 1328 2730 tamen
1346 2710 1422 2729 unus
1436 2702 1471 2729 ad
1490 2702 1651 2736 marginem
1663 2701 1751 2729 habet
1761 2702 1821 2729 vul-

996 2742 1096 2775 gatam
1109 2739 1274 2766 lectionem.

1029 2777 1088 2811 (53)
1105 2774 1167 2806 Καθ’
1183 2774 1297 2800 ἅπασαν.
1308 2772 1462 2811 ‘Nonnulli
1488 2772 1612 2811 codices,
1635 2772 1704 2800 κατὰ
1722 2775 1818 2801 πᾶσαν.

993 2806 1057 2841 ΜόΧ
1077 2806 1135 2840 δυο
1152 2819 1236 2844 mss,
1251 2807 1472 2846 πεπληρωμένον
1489 2806 1631 2844 ἐπιδεῖξαι.
