2010 3145
113 159 170 190 685

726 159 840 191 LIBER
862 159 912 189 DE
936 157 1202 189 VIRGINITATE.

1759 158 1819 189 686

114 228 165 253 τῶν
193 227 297 265 σοφῶν,
326 226 371 254 καὶ
395 227 462 254 κατὰ
476 227 556 254 τοῦτο
579 226 714 261 ἷσότητες.
743 227 787 258 Ὦς
816 226 868 263 γὰρ
894 224 938 253 διὰ

995 226 1109 261 copiam
1125 226 1257 253 ciborum
1279 225 1466 254 recalcitrans
1482 234 1576 262 equus
1591 226 1700 258 noster,
1716 225 1821 253 vitiose

114 270 220 304 πλῆθος
234 273 342 308 τροφῶν
359 272 417 306 (93)
432 272 601 307 ἀποσκιρτῶν
635 273 715 308 ἡμῶν
729 272 742 298 ὁ
754 270 850 305 ἵππος,
864 272 937 309 φέρει

85 315 91 321 ’
113 317 203 345 κακῶς
231 313 286 350 ὅπη
317 314 445 352 βούλεται
459 315 503 343 τὸν
520 315 642 354 ἡνίοχον·
656 315 730 343 οὕτω
746 314 780 342 δι’
802 312 938 352 ὑπερϐάλ-

114 357 211 386 λουσαν
229 357 332 386 ἔνδειαν
348 360 416 397 πρὸς
432 360 481 394 τήν
498 360 680 398 προκειμένην
695 363 745 395 τῆς
763 360 861 397 ἀρετῆς
877 358 938 386 ὁδὸν

114 401 267 438 ἰμποδίζει.
284 403 335 430 Καὶ
351 403 441 441 ὥσπερ
471 403 501 431 οὐ
524 403 566 432 δεῖ
590 407 649 436 ταῖς
678 403 796 435 πολλαῖς
824 406 938 442 τροφαῖς

111 450 208 476 τοῦτον
224 447 376 484 πιαίνοντα,
400 450 460 479 ταῖς
482 451 536 476 τῶν
564 448 755 487 σκιρτημάτων
776 449 859 476 αὐτοῦ
875 449 938 475 ἀτα-

112 492 179 527 ξίαις
197 493 361 520 κακοπαθεῖν
373 492 420 520 τὸν
434 493 560 531 ἡνίοχον,
590 493 634 521 καὶ
651 495 810 531 ἀπανταχου
826 493 938 530 περιφε-

113 542 204 573 pacem.
229 537 296 572 πρὸς
322 537 372 571 τήν
397 536 505 572 ζέουσάν
525 548 554 565 τε
578 538 622 565 καὶ
653 536 826 574 δύσκαμπτον
857 537 939 564 αὐτοῦ

113 580 226 616 δύναμιν
241 580 382 614 παντελῶς
398 581 447 609 οὐκ
462 581 618 620 ἀντέχοντα·
651 582 738 614 οὕτως
755 581 819 610 οὐδὲ
832 582 882 616 τήν
897 581 938 608 ἐπ’

112 625 210 662 ἀρετὴν
236 623 298 652 ὁδὸν
327 625 373 653 σὺν
399 626 489 662 τούτῳ
518 626 625 654 ὁδεῦσαι
654 627 832 664 προθέμενον,
857 626 938 661 ὑπερ-

113 666 256 707 ϐαλλούσῃ
288 669 373 705 ἐνδείᾳ
401 671 469 706 πρὸς
484 671 515 698 τὸ
531 670 643 708 ἀχρεῖον
660 671 754 705 ato-:05,
781 671 864 709 φημὶ,
889 671 939 704 τήν

113 712 227 751 δύναμιν
242 711 406 743 καταϐαλεῖν
423 715 490 751 (94)
505 714 549 743 ’ίνα
566 716 604 751 μή
631 715 835 752 ἐξασθενήσαντι
848 714 938 751 τούτῳ

112 757 350 795 προσδεδεμένας,
375 759 508 795 ἀνήνυτον
536 760 602 797 ὑπὶρ
631 759 713 787 αὐτοῦ
742 759 864 799 ὑπομένῃ
890 759 937 786 τὸν

111 803 205 830 πόνον·
225 804 290 839 μήτ’
315 803 417 841 ἰγεῐραι
446 802 486 831 ἔτι
509 804 698 832 καταπεσόντα
713 804 781 841 πρὸς
809 805 854 831 τὸν
879 802 939 841 δρό-

115 858 163 883 μον
178 846 339 884 δυνάμενος,
369 849 433 885 μήτ’
448 848 555 884 ἀφεῖναι
573 849 624 876 ὑπὸ
637 852 687 884 τῆς
707 848 775 883 πρὸς
791 849 871 876 αὐτὸν
888 859 937 887 φυ-

113 895 189 944 σικῆς
216 892 342 944 σχὲσεως,
368 892 612 944 συγχωρούμενοςί
632 893 694 944 ἀλλ’
707 893 748 944 ἀεὶ
780 893 826 944 μὲν
848 892 937 944 τούτῳ
954 911 977 944 Β

113 935 155 963 διὰ
168 938 218 971 τὴν
234 937 377 965 κοινωνίαν
407 938 552 967 συσαὲνειν.
569 938 614 965 καὶ
629 937 690 975 περῖ
705 938 755 973 τήν
780 937 936 974 ἐπιμέλιιαν

111 983 157 1013 τῆς
187 981 279 1019 ὑγείας
307 982 389 1009 αὐτοῦ
417 985 557 1014 πονεῖσθαι
586 982 813 1020 ἀναγκαζόμενος·
843 985 882 1018 τῷ
909 981 937 1009 δὲ

113 1026 148 1061 μή
165 1025 238 1064 ἔχειν
256 1026 384 1063 σθεναρὸν
413 1027 459 1054 τὸν
475 1028 533 1063 (95)
562 1027 631 1065 πρὸς
655 1027 704 1062 τὴν
720 1027 866 1066 γυμνασίαν
882 1029 935 1053 τῶν

111 1067 319 1098 ἐπιϐαλλόντων
332 1073 372 1107 τῷ
388 1069 485 1108 δρόμῳ
503 1071 734 1109 ὑπηρετούμενον,
751 1070 785 1098 δι’
800 1071 935 1108 άμελετη-

112 1115 167 1141 σίαν
185 1113 286 1142 λοιπὸν
301 1115 335 1142 τὰ
363 1114 457 1143 πολλὰ
472 1119 520 1150 τῆς
537 1116 639 1147 οἰκείας
660 1116 814 1151 ἐπιστήμης
840 1117 936 1143 ἑαυτοῦ

110 1156 254 1186 ἐκϐάλλων
280 1161 346 1195 (96).
377 1160 483 1187 Οὐκοῦν
512 1159 570 1187 ἐπεὶ
598 1159 638 1187 δεῖ
664 1161 696 1187 τὸ
725 1160 846 1199 συμφυὶς
867 1162 934 1197 ἡμῖν

111 1202 216 1241 ὄχημα,
235 1205 305 1240 μήτε
330 1203 450 1236 ἀνιὲντας
477 1204 555 1239 ἄγαν,
575 1205 639 1241 μήτ’
664 1205 697 1232 αὗ
713 1205 794 1232 πάλιν
810 1203 936 1243 σφοδρῶς

110 1247 306 1284 ἐπιτείνοντας,
332 1249 400 1287 πρὸς
426 1249 471 1276 τὸν
487 1252 536 1284 τῆς
567 1249 664 1286 ἀρετῆς
680 1247 781 1286 δρόμον
796 1250 935 1287 προάγειν,

110 1290 152 1319 διὰ
165 1294 249 1320 τοῦτο
278 1294 412 1330 προσήκει
428 1293 473 1320 καὶ
488 1293 537 1327 τὴν
562 1293 734 1328 κατάστασιν,
751 1294 787 1324 ὡς
803 1293 871 1332 ἔχιι,
888 1296 937 1321 τοῦ

111 1338 248 1373 σώματος,
273 1337 319 1365 καὶ
344 1337 393 1369 τὰς
423 1337 572 1373 ποιότητας
601 1340 654 1365 τῶν
681 1341 789 1377 τροφῶν
815 1339 936 1376 θεωρεῖν,

109 1383 153 1422 καὶ
183 1381 333 1422 ἀκμάζοντι
365 1382 412 1418 μὶν
440 1384 481 1422 τῷ
509 1381 617 1422 σώματι
631 1382 676 1410 καὶ
703 1383 805 1420 θέρμης
821 1386 936 1422 φυσικῆς

110 1419 288 1456 πλεονάζοντι
316 1421 435 1459 ἐκισχιῖν
460 1421 511 1457 ἔτι,
536 1425 582 1449 καὶ
609 1421 654 1450 διὰ
681 1419 738 1450 τῶν(
763 1419 871 1460 τροφῶν
897 1423 936 1458 ἐξ-

110 1468 189 1497 ωθεῖν
205 1465 236 1492 τὸ
252 1465 407 1503 θερμὸν,’ίνα
424 1466 462 1503 μή
478 1467 495 1502 ἢ
507 1466 684 1504 πολυχύμοις
697 1468 809 1506 τροφαὶς
825 1468 874 1502 τήν
891 1467 936 1494 οὖ-

111 1521 155 1537 σαν
178 1511 237 1546 (97)
261 1509 291 1538 ἐκ
315 1510 421 1547 φύσεως
447 1509 569 1547 πιμελήν
583 1511 614 1538 ἰκ
629 1512 789 1550 προσθήκης
806 1512 937 1547 αὐξήσαν-

110 1565 160 1590 τες,
192 1554 210 1589 ἢ
225 1557 260 1591 τῇ
275 1557 323 1582 τοῦ
340 1555 413 1582 οἷ’νου
430 1555 540 1593 ἐγχυσει
558 1556 667 1590 ζέουσαν
681 1558 729 1583 τοῦ
746 1557 871 1593 σώματος
885 1558 934 1592 τήν

994 270 1125 305 aurigam
1148 271 1202 297 fert
1226 279 1400 306 quocunque
1417 270 1492 304 vult;
1507 270 1548 298 ita
1563 270 1600 297 ob
1628 270 1749 297 nimiam
1775 270 1820 297 in-

994 315 1090 342 ediam
1101 315 1136 342 ad
1148 315 1332 350 propositum
1345 315 1461 343 virtutis
1474 315 1528 343 iter
1542 315 1753 350 impedimento
1764 316 1818 342 est.

993 359 1246 391 Quemadmodum
1258 359 1336 387 enim
1348 368 1405 386 non
1420 361 1544 395 oportet,
1556 362 1588 386 ut
1600 359 1735 393 pluribus
1746 359 1820 387 cibis

994 403 1078 430 illum
1095 403 1243 439 saginans,
1260 403 1436 431 inordinatis
1450 403 1544 439 ipsius
1562 403 1687 431 saltibus
1702 406 1820 431 vexetur

994 447 1106 483 auriga,
1130 453 1158 475 et
1182 455 1419 483 quoquoversum
1445 448 1678 481 circumferetur,
1700 448 1819 476 fervidis

993 491 1074 519 illius
1090 494 1118 519 et
1134 491 1286 519 indomitis
1301 491 1413 519 viribus
1428 493 1547 520 omnino
1563 492 1670 520 cedens
1687 500 1693 519 :
1711 492 1752 520 ita
1767 501 1820 520 nec

993 536 1110 563 virtutis
1135 535 1191 563 iter
1215 544 1281 563 cum
1297 545 1329 563 eo
1359 544 1497 572 peragere
1516 538 1661 564 statutum
1688 536 1818 571 habenti,

993 580 1086 607 nimia
1109 580 1218 613 inedia,
1234 589 1267 607 ex
1284 589 1342 616 qua
1365 580 1479 608 inutilis
1495 581 1554 615 fiat,
1570 580 1644 608 vires
1666 581 1730 616 ejus
1754 581 1819 609 dico

993 623 1192 660 frangendas:
1215 632 1250 651 ne
1276 624 1319 651 illi
1348 624 1498 652 debilitate
1527 624 1677 660 alligatus,
1701 625 1818 653 irritum

994 669 1087 704 ipsius
1103 677 1191 696 causa
1212 669 1355 696 sustineat
1379 667 1525 703 laborem;
1542 677 1593 696 nec
1614 671 1676 704 jam
1701 669 1818 705 lapsum

993 713 1102 748 erigere
1118 714 1154 741 ad
1170 722 1289 740 cursum
1304 713 1414 748 valens,
1427 722 1479 740 nec
1494 713 1672 749 dimittendi,
1685 714 1720 741 ob
1738 717 1821 742 uatu-

993 757 1083 785 ralem
1099 766 1167 785 cum
1189 766 1222 785 eo
1242 758 1493 793 conjunctionem,
1509 757 1677 786 facultatem
1695 757 1818 792 habens,

993 803 1043 830 sed
1061 810 1177 838 semper
1192 803 1310 838 quidem
1336 811 1394 830 una
1420 811 1487 830 cum
1502 810 1535 830 eo
1550 811 1677 838 gemere,
1693 810 1726 830 ac
1740 802 1819 842 illius

991 846 1170 875 valetudinis
1185 855 1256 875 cura
1266 849 1384 875 coactus
1399 846 1546 881 laborare;
1558 850 1586 874 et
1600 855 1633 875 eo
1645 847 1722 882 quod
1739 847 1818 875 inva-

993 891 1052 919 lido
1074 893 1174 919 utatur
1197 892 1233 919 ad
1259 891 1495 931 exercitationem
1521 891 1685 919 officiorum
1713 900 1819 920 cursus

994 935 1140 970 ministro,
1158 935 1363 972 per_desidiam
1380 936 1517 972 deinceps
1540 944 1678 971 magnam
1694 937 1818 972 propria:

993 981 1102 1016 peritiae
1136 982 1247 1016 partem
1278 980 1425 1008 amittens.
1453 980 1529 1008 625
1559 981 1699 1012 Quoniam
1730 980 1820 1016 igitur

991 1027 1115 1060 oportet,
1128 1026 1160 1051 ut
1182 1026 1289 1052 natura
1313 1025 1469 1060 conjuncto
1496 1024 1647 1052 nobiscum
1673 1025 1818 1060 vehiculo,

990 1076 1042 1095 nec
1059 1067 1186 1095 nimium
1203 1068 1366 1096 relaxantes
1381 1068 1522 1103 habenas,
1536 1077 1587 1096 nec
1612 1078 1716 1097 rursus
1732 1070 1819 1097 vehe-

992 1114 1105 1140 menter
1116 1112 1285 1146 retinentes,
1294 1113 1329 1140 ad
1342 1112 1459 1140 virtutis
1475 1121 1594 1141 cursum
1608 1114 1816 1149 procedamus;

992 1149 1145 1193 propterea
1158 1157 1302 1191 convenit,
1315 1159 1343 1185 et
1358 1159 1469 1185 statum
1484 1157 1613 1193 corporis
1625 1161 1652 1185 et
1662 1157 1819 1194 qualitates

991 1201 1123 1229 ciborum
1146 1201 1343 1234 considerare,
1360 1210 1393 1229 ac
1407 1202 1509 1238 vigens
1535 1202 1652 1238 quidem
1669 1211 1776 1238 corpus
1792 1206 1820 1230 et

992 1245 1117 1273 naturali
1143 1245 1237 1274 calore
1262 1246 1358 1274 adhuc
1383 1246 1539 1274 abundans
1563 1246 1708 1281 cohibere,
1725 1249 1754 1274 et
1769 1255 1820 1283 per

990 1290 1231 1326 cibos‘depellere
1246 1290 1388 1324 calorem;
1406 1299 1441 1318 ne
1457 1290 1531 1318 cibis
1542 1290 1661 1327 plurimi
1677 1292 1756 1319 succi
1770 1300 1819 1319 na-

990 1334 1116 1362 turalem
1133 1335 1342 1371 pinguedinem
1364 1335 1582 1364 accessionibus
1602 1338 1753 1371 augentes,
1769 1340 1819 1363 aut

990 1379 1049 1406 vini
1075 1379 1224 1407 inlusione
1243 1380 1385 1407 fervidum
1416 1380 1545 1416 corporis
1569 1380 1694 1414 vigorem
1722 1379 1817 1408 adhuc

991 1424 1085 1459 magis
1110 1423 1309 1457 incendentes,
1327 1424 1490 1451 secundum
1510 1424 1675 1452 Graacorum
1699 1424 1818 1460 sapien-

991 1471 1048 1494 tem
1067 1475 1129 1495 vere
1144 1467 1242 1502 ignem
1260 1468 1319 1504 igni
1336 1468 1554 1496 admoveamus.
1566 1468 1620 1496 Sed
1633 1468 1741 1503 vigenti
1757 1468 1818 1504 qui-

991 1512 1058 1539 dem
1072 1514 1100 1540 et
1116 1513 1241 1540 naturali
1258 1512 1351 1539 calore
1366 1513 1543 1540 redundanti
1559 1521 1666 1548 purum
1681 1522 1716 1541 ex
1731 1513 1816 1541 fonti-

991 1556 1070 1584 tibus
1094 1555 1211 1584 laticem
1240 1559 1437 1592 temperanter
1459 1557 1660 1592 infundamus,
1677 1557 1817 1586 fervidam

111 1599 201 1636 ἄκμὴν
222 1598 263 1626 ’ἐτι
281 1598 387 1636 μᾶλλον
402 1600 555 1637 ἐξάψαντες,
571 1601 639 1628 κατὰ
652 1601 698 1629 τὸν
723 1603 776 1628 τῶν
795 1600 936 1636 Ἐλλήνων

995 1604 1101 1629 naturae
1117 1601 1266 1628 flammam
1280 1601 1426 1629 contraria
1439 1609 1583 1637 aquarum
1595 1602 1621 1629 vi
1638 1602 1819 1639 restinguen-

113 1645 204 1683 σοφὸν,
218 1646 272 1681 πῦρ
294 1642 380 1675 ὅντως
395 1644 440 1672 ἐπὶ
459 1647 512 1682 πῦρ
528 1645 711 1682 όχετιόοψινι
739 1645 819 1673 Ἀλλ’
848 1646 935 1683 ἀκμά-

113 1691 183 1722 ζοντι
217 1689 264 1724 μὲν
281 1689 326 1715 καὶ
343 1688 445 1726 θίρμης
461 1693 575 1728 φυσικῆς
593 1690 776 1728 περιττεύοντι
792 1691 822 1718 τὸ
838 1690 868 1718 ἐκ
883 1701 936 1726 πη-

111 1735 163 1770 γῶν
186 1734 305 1770 καθαρὸν
322 1733 428 1771 ῥεῖθρον
452 1735 600 1773 σωφρόνως
627 1734 860 1772 ἐποχετεύσωμεν,
886 1735 936 1769 τὴν

112 1777 136 1804 ἂν
151 1779 186 1814 τῇ
203 1777 281 1816 φύσει
308 1778 417 1812 ζέουσαν
447 1776 538 1817 φλόγα
563 1781 596 1816 τῇ
613 1781 660 1806 τοῦ
676 1778 773 1810 ὕδατος
799 1780 939 1807 ἀντιπαθεῖ

115 1820 228 1858 δυνάμει
243 1822 497 1860 καταμαραίνοντες,
528 1824 571 1850 καῖ
600 1824 668 1861 πρὸς
691 1824 721 1851 τὸ
736 1828 840 1862 ἥμερον
856 1827 896 1860 τῷ
911 1824 936 1851 ἐν

113 1868 178 1902 ἡμῖν
208 1866 287 1904 λόγῳ
302 1868 358 1903 (98)
380 1870 535 1905 κιρνῶντες·
562 1865 719 1906 παρηϐὦντι
737 1867 765 1896 δὲ
780 1869 823 1896 καὶ
842 1869 938 1907 μαραί-

114 1910 219 1947 νομὲνῳ
233 1911 284 1945 τήν
302 1910 332 1939 ἐκ
345 1914 398 1938 τῶν
413 1915 520 1950 τροφῶν
534 1913 580 1940 καὶ
606 1915 654 1940 τοῦ
669 1912 793 1950 πόματος
811 1914 938 1951 βοήθειαν

115 1956 263 1993 σύμμαχον
281 1956 464 1993 ἐπεισάξωμεν
587 1957 619 1984 οὗ
635 1957 684 1991 τήν
700 1954 840 1992 ποσότητα
856 1957 939 1994 μόνον

113 2001 164 2026 τῶν
191 2010 297 2039 τροφφν
327 2001 487 2039 ἁπανταχοῦ
515 2001 645 2039 πρὸς’τὴν
663 2000 776 2038 δύναμιν
800 2002 941 2041 φρονίμως

117 2044 286 2081 μετροῦντες,
314 2043 388 2072 ἀλλὰ
414 2045 525 2080 καὶτήν
541 2046 675 2081 ποιότητα
703 2046 821 2082 μάλιστα
850 2049 939 2085 σοφῶς

115 2086 307 2126 ἐπικρίνοντες.
334 2087 401 2116 Οὐδὲ
430 2090 482 2127 γὰρ
510 2092 544 2126 τῇ
569 2088 665 2125 ἔξωθεν
693 2089 823 2128 φαντασίᾳ
837 2091 939 2118 τούτων

118 2132 197 2167 μόνον
215 2133 395 2170 προσὲξομεν,
412 2133 485 2162 ἀλλὰ
498 2134 543 2161 καὶ
559 2136 608 2169 τήν
626 2134 652 2162 ἐν
668 2137 707 2171 τῷ
726 2135 800 2172 βάθει
826 2134 940 2172 δύναμιν

116 2176 218 2204 τούτων
263 2177 381 2214 μάλιστα
424 2181 514 2218 σοφῶς
557 2180 596 2216 (1)
633 2179 868 2216 κατοπτεύσομεν·
900 2180 941 2208 ότι

119 2220 148 2248 οὐ
175 2222 341 2259 σπερμάτων
373 2222 455 2259 μόνον
485 2233 535 2257 τε,
565 2224 610 2251 καὶ
639 2223 769 2262 ὀσπρίων,
797 2224 869 2252 ἀλλά
896 2226 941 2253 καὶ

117 2269 169 2293 τῶν
201 2266 332 2303 λαχάνων
371 2267 442 2295 ἐστὶν
481 2267 531 2295 οὐκ
568 2267 659 2306 ὀλίγα,
695 2268 712 2296 ἃ
738 2269 768 2296 οὐ
797 2270 865 2296 κατὰ.
891 2270 941 2304 τὴν

959 2251 981 2283 D

990 1649 1046 1679 tes,
1063 1648 1173 1673 etcum
1197 1654 1230 1673 eo
1255 1645 1333 1682 quod
1357 1645 1454 1674 lenius
1478 1648 1533 1681 est,
1550 1646 1639 1674 insita
1663 1647 1748 1675 nobis
1772 1656 1817 1675 ra-

991 1691 1071 1718 tione
1095 1690 1251 1718 miscentes
1265 1699 1270 1717 :
1288 1690 1452 1718 senescenti
1469 1693 1567 1718 autem
1584 1693 1612 1718 et
1628 1692 1819 1720 marcescenti

992 1736 1197 1771 adjumentum
1221 1744 1254 1762 ex
1279 1736 1352 1763 cibis
1376 1739 1405 1764 et
1428 1739 1498 1771 potu
1523 1736 1740 1774 adhibeamus:
1758 1745 1816 1764 non

993 1780 1187 1816 quantitatem
1200 1780 1295 1808 solum
1305 1780 1436 1808 ciborum
1451 1780 1678 1816 ubiqueviribus
1693 1782 1818 1816 pruden-

993 1827 1036 1852 ter
1055 1825 1219 1857 metientes,
1235 1825 1285 1852 sed
1313 1825 1439 1852 maxime
1452 1824 1623 1860 qualitatem
1650 1825 1743 1860 ipsam
1768 1833 1815 1852 sa-

993 1869 1107 1905 pienter
1122 1869 1331 1897 discernentes.
1343 1869 1443 1904 Neque
1462 1868 1539 1897 enim
1553 1869 1687 1896 exteriori
1704 1872 1814 1897 tantum

993 1913 1112 1940 illorum
1141 1913 1246 1949 speciei
1276 1913 1478 1946 attendemus,
1495 1914 1545 1941 sed
1574 1914 1663 1941 etiam
1693 1913 1820 1941 maxime

994 1965 1082 1992 quam
1097 1957 1154 1985 vim
1178 1957 1259 1985 intus
1275 1957 1412 1992 habeant,
1429 1958 1588 1993 prudenter
1607 1959 1820 1993 spectabimus;

994 2002 1064 2038 quia
1079 2010 1137 2029 non
1165 2002 1260 2030 solum
1287 2002 1434 2029 seminum
1459 2005 1487 2030 et
1510 2002 1707 2038 leguminum,
1724 2004 1774 2031 sed
1791 2006 1820 2030 et

995 2047 1107 2074 olerum
1124 2046 1268 2074 nonnulla
1284 2048 1366 2080 sunt,
1383 2055 1447 2082 quae
1466 2047 1496 2074 in
1513 2047 1594 2074 cibos
1610 2048 1750 2081 adhibita,
1767 2048 1822 2075 etsi

995 2090 1119 2119 exterior
1134 2091 1246 2126 species
1268 2090 1349 2118 utilis
1374 2090 1499 2124 videtur,
1515 2099 1573 2118 non
1597 2094 1693 2118 tamen
1719 2095 1822 2118 ascuue

995 2136 1030 2164 ad
1044 2135 1189 2171 placidam
1201 2135 1443 2170 gubernationem
1456 2138 1590 2171 prosunt,
1603 2136 1651 2162 sed
1665 2138 1694 2162 et
1704 2135 1823 2162 intimas

996 2188 1099 2208 carnes
1115 2179 1279 2208 vellicantia
1302 2188 1335 2207 ac
1361 2180 1491 2215 pruritus
1506 2183 1534 2207 et
1555 2179 1738 2207 titillationes
1761 2181 1824 2207 elﬁ-

997 2224 1115 2259 cientia,
1129 2233 1184 2251 non
1203 2223 1301 2251 minus
1317 2232 1405 2259 quam
1416 2232 1479 2259 quae
1496 2232 1551 2251 sua
1565 2226 1669 2256 sponte
1685 2223 1826 2259 fugienda

998 2273 1080 2304 sunt,
1096 2270 1222 2297 latenter
1236 2277 1358 2305 corpora
1377 2269 1513 2296 inﬁciunt
1526 2272 1554 2296 et
1569 2270 1753 2304 perturbant.

120 2309 216 2344 ἔξωθεν
230 2309 308 2345 δόξαν
324 2311 393 2347 πρὸς
407 2312 456 2346 τήν
473 2311 576 2350 ἥμερον
593 2311 740 2350 ἡνιόχησιν
757 2313 794 2344 εἰς
807 2315 907 2352 τροφὰς
928 2318 967 2352 τῷ
983 2315 1092 2350 ἀσκητῇ
1116 2313 1235 2349 καθάπαξ
1261 2310 1460 2349 συμϐάλλεταί,
1492 2311 1566 2340 ἀλλὰ
1589 2313 1619 2340 τὸ
1642 2316 1695 2340 τών
1719 2315 1825 2350 σαρκῶν

123 2354 204 2390 βάθος
219 2354 374 2391 ἀμύσσοντα
387 2367 417 2383 τε
432 2357 476 2384 καὶ
491 2356 655 2394 κνισμώδεις
669 2357 876 2396 γαργαλισμοὺς
891 2359 1070 2396 ἐμποιοῦντα,
1089 2358 1138 2385 οὐκ
1153 2356 1265 2385 ἔλαττον
1281 2359 1335 2385 τῶν
1350 2357 1460 2385 αὐτόθεν
1477 2360 1608 2397 φευκτῶν,
1635 2358 1702 2385 κατά
1725 2359 1756 2385 τὸ
1781 2357 1826 2385 λι-

124 2397 209 2434 ληθός
226 2398 354 2432 ἐπιθολοῖ
368 2401 412 2428 καὶ
427 2401 553 2440 ταράσσει
568 2403 600 2430 τὰ
615 2402 737 2439 σώματα.

154 2445 180 2472 9.
210 2444 309 2482 Διόπερ
338 2444 401 2473 οὖδὶ
428 2449 487 2478 τοῖς
516 2446 594 2475 ἁλσὶν
610 2446 704 2479 ἁπλῶς
723 2447 767 2475 καὶ
790 2447 944 2488 ἀδιαφόρως

122 2488 294 2525 χρησόμεθα,
320 2489 409 2527 ὥσπερ
431 2489 520 2523 ἐνίους
535 2494 589 2519 τῶν
615 2492 726 2527 ἀσκήσει
753 2493 943 2530 προσιχόντων

158 2569 358 2615 (ί)3)οΤρΧοφῶν.
378 2573 461 2600 Unus
485 2581 520 2600 ex
538 2573 647 2610 Regiis,
674 2573 780 2608 σιτίων,
814 2577 842 2602 et
867 2582 946 2610 mox,

126 2603 198 2642 augur
206 2603 352 2642 βούλεται.

158 2638 217 2677 (94)
247 2638 426 2680 καταϐαλεῖν.
452 2644 523 2680 Tres
549 2653 633 2680 mss.,
658 2641 851 2672 καταϐάλλειν.
884 2647 947 2673 Mox

125 2684 258 2716 unuse):
267 2677 380 2716 _Regii_s,
397 2678 540 2716 ὑπομείνῃ.

160 2711 217 2746 (95)
241 2711 377 2750 Σθινᾶρὸν
399 2711 458 2743 τόν]
479 2711 611 2749 Quatuor
632 2725 703 2744 mss.
729 2724 796 2744 cum
821 2716 949 2744 editione

125 2746 235 2787 Yeneta
252 2746 378 2786 σθεναρὸν
393 2751 435 2787 τό.
449 2746 532 2780 Alius
547 2751 789 2787 codextcrecvapbv
808 2751 836 2779 τὸ
858 2753 947 2787 σῶμα.

132 2760 235 2775 veneta
252 2760 378 2786 συεναρον
393 2760 435 2779 το.
449 2760 532 2780 Altus
547 2760 646 2787 couex,
663 2760 741 2783 σθινα
761 2760 789 2779 ον
808 2762 836 2779 το
858 2762 911 2787 σωμ

126 2782 336 2829 Ibidgrn'gnu’s‘
346 2794 382 2829 ex
399 2784 727 2829 Βθῇίὶβι-ἐπιὸαλλᾷντων
738 2760 860 2824 ἕρόμων.
894 2822 911 2829 μ

163 2819 219 2858 (95)
239 2818 414 2850 Έκοάλλων.
433 2818 481 2852 Sic
500 2818 562 2852 'duo
591 2823 705 2854 codices
734 2818 820 2860 nisi,
845 2822 950 2852 melius

1035 2451 1061 2477 9.
1079 2449 1173 2481 Quare
1188 2456 1241 2475 nec
1257 2447 1369 2476 salibus
1392 2447 1565 2484 simpliciter
1581 2456 1614 2476 ac
1629 2448 1829 2476 indifferenter

999 2496 1128 2528 utemur,
1149 2492 1399 2528 quemadmodum
1425 2493 1582 2521 nonnullos
1607 2493 1739 2521 aeceticte
1764 2492 1828 2521 vita:

1001 2581 1091 2610 quam
1105 2572 1191 2607 editi,
1205 2569 1339 2599 ἐκϐαλών.
1354 2573 1468 2601 Habent
1496 2573 1585 2600 iidem
1603 2573 1730 2606 codices,
1745 2568 1827 2598 αὐτοῦ

1002 2609 1096 2639 ὶπιστή
1103 2619 1167 2639 μης.

1182 2642 1272 2681 οὖσαν.
1290 2644 1371 2681 Unus
1386 2652 1419 2672 ex
1434 2643 1606 2681 Βεεὶἰεηήν
1623 2641 1745 2681 ζνοῦσαν.

1041 2677 1093 2715 (98)
1110 2682 1189 2716 Τῷ...
1207 2679 1292 2716 λόγῳ.
1311 2680 1391 2707 ldem
1408 2677 1497 2707 code}
1511 2677 1694 2716 τοῦ...λόγου,
1708 2686 1770 2706 cum
1785 2677 1826 2705 ιε-

1003 2717 1091 2745 nitate
1106 2717 1199 2744 insita
1214 2716 1292 2743 nobis
1307 2717 1430 2744 rationis
1443 2715 1648 2751 permiscentes:

1040 2753 1095 2788 (99)
1112 2748 1455 2788 Ἑπνιισάξωμενχοοάίοοὲ
1478 2750 1624 2788 nonnulli,
1640 2748 1824 2786 ιπεισάξομεν.

1041 2790 1079 2823 (1)
1096 2787 1201 2828 Σοφῶς.
1218 2787 1357 2815 Nonnulli
1372 2787 1496 2822 codices,
1513 2787 1638 2819 συνετῶς.
