2010 3145
222 146 281 177 687

221 212 369 240 studiosos
385 211 524 245 vidimus,
541 211 592 247 qui
613 212 649 239 ob
671 219 818 239 summam
837 208 1045 238 abstinentiam

220 256 319 284 omnia
327 255 447 290 quidem
458 256 612 291 rejicerent
622 256 783 291 pulmenta,
792 255 863 283 solis
871 257 968 282 autem
978 262 1045 281 cum

219 309 295 337 pane
311 300 422 329 salibus
442 308 494 336 pro
510 301 589 328 omni
611 303 764 328 uterentur
779 299 975 328 condimento.
992 297 1045 325 Ne-

220 353 277 381 que
293 345 323 373 hi
339 345 479 373 nimirum
503 345 672 381 intelligunt
687 345 774 378 sales,
793 353 858 372 cum
883 345 990 371 natura
1005 343 1044 369 fe-

220 389 309 417 cundi
326 389 395 423 sint,
411 393 440 417 et
455 390 585 425 pruritus
601 389 715 425 corpori
736 389 861 425 pariant,
879 387 945 423 plus
962 389 1044 414 emto-

219 434 260 462 ris
276 435 310 462 ad
327 434 478 462 libidinem
506 442 627 470 corpora
646 435 772 461 irritare.
790 433 871 465 Quod
895 433 919 460 si
945 433 974 459 in
999 431 1046 458 his

219 479 371 507 sumendis
387 479 473 506 debet
484 479 632 515 sapienter
645 479 679 506 ad
698 478 880 514 propositum
896 485 983 505 usum
997 484 1046 503 au-

217 524 282 560 riga
305 523 426 558 versari,
440 523 532 551 multo
559 523 653 559 magis
674 523 703 550 in
725 523 864 550 arborum
890 521 1044 552 fructibus.

216 568 394 604 qualitatum
411 577 478 596 cum
494 568 531 595 iis
547 576 610 602 qua:
633 568 785 595 manifeste
801 566 884 594 noxia
900 570 978 599 sunt,
995 574 1046 592 co-

216 613 383 648 gnationem
398 613 534 640 convenit
548 613 714 640 discernere
732 620 738 639 :
756 612 798 639 ita
820 614 853 639 ut
873 611 982 646 ubique
998 618 1045 637 so-

217 657 278 684 lum
294 658 329 684 ad
346 657 435 685 vitam
453 657 652 684 necessarium
670 657 767 684 cibum
790 656 947 691 prudenter
962 654 1045 681 adhi-

217 702 351 737 beamus,
363 702 552 730 obsoniorum
567 704 665 729 autem
678 701 854 737 exquisitam
872 700 907 728 ad
919 699 1047 735 volupta-

218 747 257 774 tis
271 746 424 774 illecebras
435 747 608 774 suavitatem
621 746 820 782 repudiemus.
834 745 910 772 Nam
925 744 949 772 si
961 744 1045 779 panis

219 799 269 818 cor
285 791 413 818 hominis
427 791 583 818 conﬁrmat
593 791 626 824 εν,
637 799 692 818 non
706 792 819 826 oportet
835 789 981 825 copiosius
997 796 1045 815 ne-

220 835 347 864 cessario
363 835 426 863 cibo
441 836 597 863 obsonium
611 835 760 863 adhibere.
773 837 842 861 Nam
859 841 912 861 nec
925 832 1043 866 salium,

221 880 272 917 qui
296 880 380 916 panis
404 880 625 908 condimentum
649 882 728 914 sunt,
744 881 859 907 tantum
886 878 1044 912 sumimus,

221 928 366 962 quantum
383 925 475 961 panis.
493 926 575 958 Quod
591 925 616 952 si
633 933 717 952 nemo
737 927 853 952 tantum
868 921 1046 951 condimenti

221 972 365 1005 quantum
381 970 458 997 626
474 969 554 997 illius
579 969 631 1002 rei,
648 970 733 1004 cujus
757 970 801 996 est
825 968 1045 995 condimentum

221 1016 367 1048 assumat;
393 1015 538 1049 quomodo
567 1013 758 1041 obsoniorum
787 1021 875 1040 usum
900 1011 1046 1047 praecipuo

220 1059 284 1086 cibo
300 1059 492 1094 copiosiorem
508 1058 676 1086 adhibebit?
691 1058 753 1085 Non
774 1057 852 1085 enim
878 1057 937 1084 haec
962 1055 1046 1091 panis

219 1112 285 1131 vere
306 1103 491 1131 condimenta
507 1105 604 1138 erunt,
620 1103 670 1131 sed
696 1111 799 1130 rursus
823 1102 929 1129 horum
944 1100 1047 1128 condi-

222 1153 352 1175 mentum
378 1147 473 1183 panis.
490 1149 529 1174 Ac
553 1147 770 1182 imprudentem
793 1154 896 1174 rursus
920 1145 975 1173 alia
1000 1153 1046 1172 ra-

222 1193 300 1220 tione
315 1195 422 1228 gustus
441 1192 574 1227 aurigam
601 1200 651 1227 per
675 1191 862 1219 obsoniorum
879 1190 1046 1217 varietatem

223 1237 260 1265 ad
288 1236 462 1272 voluptatem
490 1235 618 1272 pelliciet
646 1243 653 1264 :
684 1244 716 1263 ac
745 1236 814 1262 inde
840 1233 1047 1270 comperietur,

225 1282 303 1318 quod
326 1289 377 1317 per
398 1281 463 1308 vita:
492 1280 623 1308 asceticzn
651 1280 886 1308 exercitationem
916 1278 1001 1314 fugit,
1018 1278 1046 1304 id

224 1334 329 1354 rursus
352 1326 498 1361 persequi.
516 1325 767 1357 Quemadmodum
789 1324 879 1359 igitur
903 1324 933 1351 in
957 1325 1046 1350 tetra-

224 1371 343 1404 chordo,
360 1373 393 1397 ut
403 1370 491 1397 verbo
506 1369 614 1403 dicam,
631 1369 705 1396 bona
720 1371 765 1396 est
786 1368 955 1409 harmonia;
973 1375 1046 1402 quo-

223 1415 302 1444 niam
318 1423 353 1443 ex
369 1417 494 1450 quatuor
517 1414 681 1449 elementis,
697 1416 773 1441 terra
797 1416 825 1440 et
848 1421 924 1449 aqua
938 1414 967 1439 et
982 1420 1047 1440 aere

222 1462 250 1488 et
265 1461 333 1496 igne
349 1462 484 1487 constant
501 1461 600 1486 nostra
623 1467 752 1494 corpora,
770 1457 914 1493 indigenti
927 1457 1046 1493 quidem

220 1513 274 1540 per
301 1504 381 1531 cibos
407 1512 522 1539 semper
546 1503 746 1537 auxiliabitur,
777 1502 969 1530 redundantis
992 1510 1046 1529 au-

220 1550 290 1581 tem,
307 1549 484 1576 detrahendo
501 1550 528 1576 et
544 1549 579 1575 ad
602 1547 823 1575 exercitationes
839 1547 983 1578 ducendo,
1000 1549 1044 1581 ty-

220 1593 374 1621 rannidem
390 1593 519 1620 emolliet
536 1601 542 1619 :
559 1601 616 1619 non
641 1593 820 1628 quantitates
845 1591 941 1618 solum
958 1590 1046 1618 calidi

221 1637 250 1665 id
266 1637 350 1664 nobis
365 1640 394 1664 et
407 1637 516 1672 frigidi,
533 1637 583 1664 sed
609 1636 696 1664 etiam
719 1636 788 1664 sicci
804 1637 833 1663 et
847 1635 961 1663 humidi
977 1643 1048 1670 qua-

222 1682 322 1709 litates
346 1682 485 1717 probans.
502 1682 540 1708 Ac
566 1680 630 1708 aliis
645 1680 764 1716 quidem
791 1680 826 1707 ad
852 1680 1047 1715 quantitatem

223 1726 345 1758 addens,
363 1725 428 1753 aliis
454 1733 520 1752 vero
547 1724 714 1758 detrahens,
730 1727 759 1751 et
784 1724 856 1751 alias
881 1724 1048 1758 intendens,

225 1770 297 1799 alias
314 1778 379 1798 vero
402 1770 552 1797 remittens
568 1769 631 1795 vita:
647 1769 781 1796 instituto
796 1768 962 1803 qualitates,
974 1768 1047 1796 alias

235 1816 397 1848 mmutans,
422 1813 494 1841 alias
523 1821 600 1844 vero,
625 1821 688 1848 quae
717 1813 881 1852 secundum
909 1815 1046 1840 naturam

222 1861 302 1891 sunt,
319 1866 505 1891 conservans,
517 1858 558 1885 sic
574 1859 611 1884 ab
621 1857 700 1884 omni
716 1856 1043 1891 dissonantialiberum,

221 1905 346 1939 apteque
361 1902 548 1937 instructum,
562 1909 670 1935 revera,
681 1901 901 1928 tetrachordum
914 1901 1044 1937 corporis

219 1947 312 1974 nostri
328 1947 363 1974 ad
386 1945 503 1973 virtutis
526 1947 712 1980 concentum,
727 1945 832 1972 animas
856 1945 1042 1981 praeparabit.

216 1992 312 2026 Atque
333 1991 394 2018 htec
416 1990 535 2026 quidem
561 1989 596 2017 de
619 1992 725 2025 gustus
749 1989 861 2017 ratione
882 1989 960 2017 dicta
983 1990 1043 2017 sint

215 2038 334 2072 propter
348 2043 409 2070 eos,
421 2034 471 2070 qui
487 2034 516 2061 in
532 2033 720 2069 virginitatis,
733 2033 776 2061 vel
792 2034 890 2069 potius
905 2033 934 2060 in
950 2034 1040 2062 totiu

214 2080 333 2108 virtutis
349 2078 495 2107 curriculo
511 2081 692 2106 exercentur.

251 2169 293 2195 10.
306 2169 512 2196 Demonstrant
528 2169 636 2201 autem,
645 2167 894 2202 quemadmodum
908 2167 1038 2203 corporis

213 2213 243 2239 in
255 2213 384 2240 animam
395 2212 562 2239 dominatus
574 2212 609 2239 ad
620 2212 733 2239 virtutis
744 2211 968 2247 acquisitioncm
982 2212 1037 2239 im-

700 143 898 176 APPENDIX
919 143 1081 174 OPEHUM
1105 145 1139 174 S.
1161 143 1302 175 BASlLll
1323 143 1460 176 MAGNI.

1849 149 1898 180 688

1062 210 1087 242 Α
1104 208 1280 245 ἐθεασάμεθα,
1312 207 1348 236 δι’
1385 206 1542 247 ὑπερϐολὴν
1572 208 1732 248 ἐγκρατείας,
1766 211 1828 239 ἅπαν
1860 214 1898 250 μὶν

1101 254 1314 290 παρωσαμένους
1342 253 1519 291 προσέψημα,
1551 254 1651 290 μόνους
1667 253 1694 282 δὲ
1720 255 1823 288 τούτους
1847 259 1902 294 μετὰ

1101 299 1149 324 τοῦ
1174 297 1255 335 ἄρτου
1283 297 1341 324 ἀντὶ
1370 299 1471 329 παντὸς
1495 298 1732 337 προσφερομένους
1756 299 1900 337 ἡδύσματος.

1101 342 1140 370 Οὐ
1157 345 1261 369 συνιᾶσι
1277 341 1305 369 δὲ
1323 341 1373 380 ἄρα
1392 343 1435 370 καὶ
1467 343 1553 380 οὗτοι,
1584 343 1624 371 ὅτι
1640 344 1746 381 γόνιμοι
1760 346 1823 372 κατὰ
1836 346 1901 383 φύσιν

1102 386 1271 424 ὑπάρχοντις
1287 387 1331 414 καὶ
1348 386 1518 424 ὀδαξησμοὺς
1541 391 1581 424 τῷ
1610 389 1714 426 σώματι
1736 389 1900 427 ἰμποιοῦντες,

1103 430 1209 467 μᾶλλον
1225 434 1277 458 τῶν
1295 430 1388 459 ἄλλων
1404 433 1472 469 πρὸς
1488 432 1535 464 τὰς
1552 433 1637 470 μίξεις
1655 433 1688 461 τὰ
1710 435 1811 470 σώματι
1835 435 1903 473 ἐριθί-

1102 479 1201 510 ζουσιν.
1219 476 1251 504 Ei
1269 475 1291 504 δ’
1306 476 1332 504 ἄν
1348 476 1509 508 τούτοιςδεῖ
1539 481 1628 516 σοφῶς
1648 479 1715 515 πρὸς
1737 480 1784 514 τὴν
1804 488 1901 518 προκιμ

1102 523 1185 557 μένην
1218 521 1311 559 χρείαν
1331 522 1376 549 τὸν
1393 521 1510 560 ἡνίοχον
1544 521 1713 560 διαγίνεσθαι,
1728 523 1821 560 πολλῷ
1833 524 1902 552 πλέον

1099 568 1152 593 τῶν
1170 565 1328 603 ἀκροόρῦων
1342 567 1391 600 τήν
1405 567 1474 605 πρὸς
1488 568 1521 594 τὰ
1536 567 1766 604 ὁμολογουμένως
1781 568 1901 606 βλάπτον-

1098 621 1132 638 τα
1160 611 1311 648 συγγένειαν
1354 613 1408 638 τῶν
1447 613 1603 647 ποιοτήτων
1632 614 1762 649 προσήκει
1790 612 1902 651 φυλοκρι-

1100 658 1152 682 νιῖν
1183 657 1232 690 (2),
1258 655 1416 693 ἁπανταχοῦ
1445 656 1492 691 μὶν
1522 656 1554 682 τὸ
1583 656 1725 693 ἀναγκαῖον
1751 660 1798 691 τῆς
1814 662 1903 696 τροφῆς

1099 699 1167 737 πρὸς
1186 700 1257 734 ζωὴν
1275 700 1354 735 μόνον
1370 700 1511 738 φρονίμως
1525 700 1711 738 ἐγκρίνοντας,
1727 703 1778 729 τῶν
1795 701 1820 729 δὲ
1834 712 1902 739 προσ-

1101 744 1248 780 εψημάτων
1262 744 1311 778 τήν
1328 745 1541 781 ἐπινενοημᾶνην
1564 746 1602 782 (3)
1631 745 1772 773 κολακείαν
1795 747 1856 784 πρὸς
1878 747 1904 773 τὰ

1100 787 1203 823 ἡδονῆς
1218 788 1330 816 δελίατα
1345 789 1544 820 ἀποπτύοντας.
1575 789 1607 818 Ei‘
1635 790 1687 827 γὰρ
1704 788 1783 827 ἄρτος
1806 789 1900 828 καρδίαν

1100 833 1245 869 ἀνθρώπου
1270 834 1400 871 στηρίξει,
1418 833 1448 860 οὗ
1465 832 1505 860 δεῖ
1531 833 1614 861 πλέον
1644 836 1692 861 τοῦ
1714 835 1850 872 ἀναγκαίου
1863 838 1902 869 τῆς

1099 881 1203 916 τροφῆς
1231 878 1262 905 τὸ
1286 877 1452 915 προσίψημα
1473 878 1582 912 ἀλόγως
1611 879 1813 918 προσφέρεσθαι.
1841 879 1902 906 Ἐπιὶ

1104 920 1174 958 μηδὲ
1188 921 1252 953 τοὺς
1267 921 1346 956 ἅλας,
1362 921 1472 959 ἥδυσμα
1487 924 1536 950 τοῦ
1550 921 1632 960 ἄρτου
1651 923 1826 961 ὑπάρχοντας,
1841 922 1902 954 ἴσους

1101 966 1232 1001 ποσότητι
1249 968 1287 1003 (4)
1305 967 1372 1003 μετὰ
1385 966 1433 994 τοῦ
1445 966 1529 1004 ἄρτου
1541 967 1769 1004 παραληψόμιθα.
1786 968 1814 995 El
1825 967 1849 996 δὶ
1863 968 1903 995 οὐκ

1101 1009 1130 1038 ἄν
1146 1022 1188 1042 τις
1201 1010 1259 1038 ἴσον
1275 1011 1306 1038 τὸ
1322 1011 1429 1048 ἄρτυμα
1451 1014 1491 1047 τῷ
1515 1012 1546 1038 οὗ
1575 1010 1812 1050 παραλαμϐάνεται
1836 1011 1902 1050 ἄρτυ-

1103 1067 1140 1092 μα
1152 1056 1373 1093 προσινὲγκοιτο,
1389 1058 1448 1087 πῶς
1464 1055 1494 1083 ἄν
1509 1067 1551 1088 τις
1571 1056 1771 1088 πλιονάςουσαν
1794 1058 1838 1092 τὴν
1859 1059 1902 1084 τῶν

1101 1100 1321 1137 προσεψημάτων
1352 1100 1468 1138 χριίαν,
1503 1104 1553 1136 τῆς
1580 1102 1790 1139 προηγουμένης
1815 1104 1903 1139 τροφῆς

1101 1143 1276 1182 παραλάϐοι;
1307 1145 1404 1174 Οὐκέτι
1418 1146 1469 1183 γὰρ
1498 1143 1572 1173 ἔσται
1586 1148 1670 1173 ταῦτα
1685 1149 1732 1174 τοῦ
1751 1145 1827 1184 ἄρτου
1848 1146 1903 1180 ἀλη-

1103 1191 1157 1220 θῶς
1187 1190 1397 1225 προσεψήματα,
1425 1187 1498 1216 ἀλλὰ
1521 1190 1535 1216 ὁ
1563 1188 1642 1226 ἄρτος
1663 1190 1793 1218 ἀνάπαλιν
1804 1190 1902 1218 τούτων.

1102 1233 1153 1260 Καὶ
1169 1234 1282 1268 λήσεται
1311 1231 1394 1260 πάλιν
1419 1233 1498 1269 ἄλλῳ
1513 1233 1591 1271 λόγῳ
1606 1235 1623 1268 ἠ
1640 1237 1730 1272 γεῦσις
1746 1244 1902 1272 κατασοφισα-

1104 1278 1183 1314 μὲνη,
1200 1275 1244 1304 διὰ
1258 1280 1307 1312 τῆς
1323 1277 1464 1309 ποικιλίας
1490 1280 1544 1305 τῶν
1574 1277 1660 1315 ὄψων,
1678 1279 1746 1316 πρὸς
1760 1277 1853 1314 ἡδονήν
1867 1278 1903 1305 τὸν

1101 1322 1229 1359 ἡνίοχον·
1259 1322 1316 1349 εἶτα
1344 1321 1463 1354 ἐντιῦθεν
1479 1323 1664 1360 ιὺρεθήσεται,
1681 1324 1695 1350 '6
1711 1323 1799 1362 φεύγει
1814 1322 1853 1350 διὰ
1864 1326 1903 1357 τῆς

1102 1366 1250 1401 ἀσκήσεως,
1279 1365 1361 1393 πάλιν
1392 1365 1509 1394 διώκων.
1539 1367 1654 1403 Οὐκοῦν,
1672 1367 1760 1405 ὥσπιρ
1779 1367 1803 1395 ἂν
1825 1377 1903 1404 τετρα-

1101 1409 1196 1448 χόρδῳ
1223 1411 1271 1446 (5).
1299 1409 1438 1438 συνελόντι
1463 1411 1552 1449 φάναι,
1582 1411 1669 1449 ἀγαθή
1687 1412 1809 1450 ἁρμονία,
1825 1409 1902 1444 ἐπειδὴ

1101 1455 1131 1482 ἐκ
1144 1455 1290 1493 τεττάρων,
1305 1459 1356 1492 γῆς
1384 1455 1428 1482 καὶ
1458 1454 1567 1490 ὕδατος,
1597 1455 1679 1494 ἀέρος
1708 1467 1736 1484 τε
1758 1456 1801 1484 καὶ
1823 1456 1902 1494 πυρὸς,

1101 1500 1260 1535 συνέστηκεν
1291 1501 1370 1536 ἡμῶν
1399 1500 1432 1527 τὰ
1460 1501 1583 1537 σώματα,
1613 1503 1652 1537 τῷ
1682 1502 1728 1538 μὶν
1749 1499 1903 1528 ἐνδέοντιδιιὶ

1101 1546 1153 1572 τῶν
1178 1547 1289 1583 τροφῶν
1305 1545 1344 1572 ἀεὶ
1377 1545 1520 1582 βοηθήσει,
1548 1546 1598 1573 τοῦ
1614 1544 1643 1572 ὃὶ
1667 1545 1857 1580 πλεονάζοντος
1876 1547 1902 1578 τῆ

1061 1577 1083 1610 C
1104 1577 1250 1627 ὑφαιρέσειι,
1277 1589 1320 1616 καὶ
1338 1577 1407 1627 προς
1423 1577 1479 1620 ,τας
1492 1577 1641 1627 γυμνασίας
1655 1590 1761 1628 ἀγωγῇ,
1776 1577 1821 1624 τὴν
1837 1577 1905 1617 δυνσξ

1104 1633 1193 1661 στείαν
1223 1632 1346 1670 μαλάξει·
1375 1633 1405 1660 οὐ
1433 1634 1480 1665 τὰς
1493 1633 1641 1669 ποιότητας
1657 1635 1740 1672 μόνον
1755 1637 1800 1662 τοῦ
1813 1634 1835 1662 ἐν
1850 1635 1905 1670 ἡμῖν

1104 1679 1205 1714 Θιρμοῦ
1220 1689 1249 1706 τε
1276 1678 1321 1705 καὶ
1336 1680 1454 1716 ψυχροῦ,
1470 1677 1543 1706 ἀλλὰ.
1556 1679 1601 1706 καὶ
1617 1679 1666 1710 τὰς
1683 1680 1824 1714 ποιότητας
1837 1679 1905 1715 ξηροῦ

1101 1732 1130 1749 τε
1144 1724 1189 1749 καὶ
1218 1723 1299 1760 ὑγροῦ
1329 1721 1495 1758 δοκιμάζων.
1524 1723 1572 1750 Καὶ
1588 1726 1646 1755 ταῖς
1666 1724 1714 1760 μὶν
1731 1724 1768 1755 εἷς
1784 1723 1904 1758 ποσότητα

1101 1767 1267 1803 προστιθεὶς,
1294 1768 1348 1793 τῶν
1377 1765 1406 1794 δὶ
1423 1767 1553 1805 ὑφαιρῶν,
1579 1769 1622 1795 καὶ
1639 1770 1696 1796 τῶν
1712 1769 1758 1805 μὶν
1773 1768 1903 1800 ἐπιτείνων,

1100 1813 1153 1838 τῶν
1168 1809 1196 1838 δὲ
1224 1811 1307 1842 ἀνιεὶς
1323 1809 1367 1838 ’διὰ
1380 1814 1429 1845 τῆς
1445 1811 1552 1849 ἀγωγῆς
1566 1812 1614 1844 τὰς
1629 1813 1788 1848 ποιότητας,
1814 1807 1904 1840 καὶτὰς

1102 1856 1149 1892 μὲν
1165 1855 1348 1890 ἐξαλλάσσων,
1363 1856 1412 1887 τὰς
1428 1854 1457 1884 δὲ
1471 1856 1539 1884 κατὰ
1553 1857 1630 1896 φύσιν
1646 1860 1750 1895 τηρῶν,
1774 1856 1839 1884 οὕτω
1859 1856 1902 1882 πά-

1099 1910 1150 1935 σης
1184 1900 1364 1937 ἀναρμοστίας
1400 1899 1625 1939 ἀπηλλαγμένον,
1666 1902 1836 1941 εὐάρμοστον,
1870 1900 1901 1930 ὡς

1097 1945 1217 1981 ἀληθῶς,
1246 1946 1277 1973 ἰὸ
1305 1945 1486 1984 τετράχορδον
1514 1949 1562 1974 τοῦ
1586 1947 1714 1984 σώματος
1728 1949 1815 1984 ἡμῶν,
1831 1944 1901 1986 φημὶ,

1097 1990 1164 2027 πρὸς
1177 1991 1226 2025 τὴν
1242 1992 1290 2018 τοῦ
1309 1990 1395 2018 καλοῦ
1422 1987 1569 2028 μελῳδίαν,
1591 1994 1624 2028 τῇ
1656 1992 1735 2030 ψυχῇ
1758 1991 1902 2030 ιῦτρεπίσει.

1095 2035 1185 2063 Ἀλλὰ
1197 2037 1280 2063 ταῦτα
1297 2035 1342 2072 μὶν
1360 2037 1428 2072 ἡμῖν
1445 2035 1483 2067 εἷς
1495 2036 1542 2063 τὸν
1556 2039 1605 2071 τῆς
1621 2036 1740 2074 γιύσεως
1753 2037 1847 2075 τρόπον
1860 2034 1902 2071 (6),

1096 2078 1139 2106 διὰ
1153 2079 1216 2111 τοὺς
1232 2079 1270 2110 εἷς
1283 2080 1328 2106 τὸν
1347 2080 1413 2118 ὗπὶρ
1442 2080 1587 2117 παρθενίας
1608 2079 1712 2118 δρόμον
1736 2083 1783 2118 (7),
1809 2078 1901 2116 μᾶλλον

1095 2122 1124 2150 δὲ
1139 2123 1204 2161 ὑπὶρ
1221 2123 1304 2158 αὐτῆς
1321 2123 1390 2160 ὅλης
1406 2125 1504 2162 ἀρετῆς
1520 2124 1715 2162 ἀσκουμένους,
1732 2125 1852 2163 εἰρήσθω.

1131 2170 1172 2196 10.
1189 2166 1373 2196 Ὑποδείκνυσι
1403 2167 1438 2204 δ’,
1463 2169 1516 2204 ὃτι,
1534 2170 1572 2200 ὡς
1593 2170 1610 2204 ἡ
1630 2172 1680 2197 τοῦ
1703 2170 1824 2206 σώματος
1845 2167 1901 2195 κατὰ

1092 2215 1141 2245 τῆς
1167 2214 1260 2250 ψυχῆς
1273 2211 1413 2240 δυναστεία
1428 2213 1496 2251 πρός
1511 2214 1561 2248 τὴν
1577 2216 1625 2241 τοῦ
1640 2213 1730 2242 καλοῦ
1749 2217 1837 2249 κτῆσιν
1860 2211 1900 2247 ἰμ-

1062 896 1084 928 Β

212 2257 381 2292 pedimento
397 2259 450 2291 est,
468 2257 508 2283 sic
529 2265 632 2283 rursus
648 2256 840 2288 debilitatem,
852 2265 908 2284 non
925 2256 1039 2285 valente

1100 2256 1190 2288 πόδιος
1204 2257 1316 2294 γῖνιται·
1334 2258 1406 2286 οὕτω
1430 2257 1561 2286 ἀνάπαλιν
1583 2260 1597 2294 ἡ
1623 2259 1755 2293 ἀσθενεία,
1781 2258 1810 2286 οὐ
1831 2256 1899 2284 δυνα-

212 2301 342 2337 corporis
357 2301 553 2328 instrumento
569 2301 672 2327 animm
688 2300 841 2328 desideriis
858 2301 1037 2336 ministrare,

209 2346 326 2373 virtutis
337 2353 457 2373 cursum
470 2345 666 2381 supprimere.
677 2345 738 2372 Non
750 2346 828 2372 enim
841 2345 935 2381 magis
947 2346 1038 2373 sarci-

210 2398 247 2418 na
259 2389 404 2423 carnium,
417 2389 520 2417 animis
537 2397 648 2425 pennas
659 2389 695 2416 ad
708 2389 766 2417 ima
777 2389 1036 2426 detrahens,quam

243 2439 265 2456 "9
279 2439 356 2466 Psal.
372 2446 432 2473 om,
447 2439 490 2466 15.

242 2488 280 2523 (2)
296 2485 486 2524 Φυλοκρινεῖν.
502 2486 548 2514 Sic
578 2486 682 2524 Regius
711 2487 801 2514 codex
828 2487 908 2515 2879.
940 2487 1027 2524 Editi,

206 2523 385 2561 φιλοκρινιῖν.
403 2523 555 2561 Scriptura.
571 2523 704 2561 quam_in
727 2525 895 2561 contentum
917 2523 1030 2561 recepi-

205 2558 528 2601 mus,;eonﬁrmaturin
545 2559 622 2586 notis
636 2559 671 2585 ad
689 2558 840 2593 epist.237,
850 2567 883 2586 ex
896 2558 1030 2594 pluribus

207 2596 274 2624 aliis
291 2596 374 2623 locis.

240 2628 533 2675 (3)]βπιιεγοημένην-
563 2631 635 2675 395:
662 2629 836 2675 (ξίξίὲςέβῖθι
861 2628 1029 2675 fremi-

203 2664 348 2701 manu
363 2664 446 2694 idem
458 2667 548 2693 codex
564 2665 637 2692 satis
666 2665 829 2695 commode.
860 2664 1029 2702 δελεάσματα

203 2702 400 2736 ἀποπτύοντας,
423 2711 487 2738 quae
510 2702 656 2738 scriptura
682 2701 766 2738 longe
787 2703 901 2729 videtur
927 2705 1027 2738 praefe-

203 2740 294 2766 renda
313 2736 444 2773 vulgatae,
462 2736 674 2774 ὑποπτεύοντας,
697 2737 873 2765 obsoniorum
901 2736 1028 2774 acquisi-

202 2777 263 2802 tam
277 2772 442 2802 suavitatem
456 2778 610 2809 suvpeclam
626 2772 768 2809 habentes.

239 2810 278 2848 (4)
299 2809 445 2846 Ποσότητι.
463 2807 509 2838 Ita
521 2818 592 2838 mss.
616 2808 757 2845 quinque,
773 2807 858 2845 Editi,
875 2809 1025 2846 ποσότητα,

1095 2302 1175 2338 μᾶνου
1191 2302 1381 2340 ὑπηρετεῖσθαι
1396 2305 1444 2330 τοῦ
1460 2305 1617 2340 σωματικοῦ
1640 2303 1758 2341 ὀργάνου
1782 2305 1837 2333 ταῖς
1856 2303 1898 2334 τῆς

1092 2347 1186 2383 ψυχῆς
1210 2346 1386 2384 προθυμίαις,
1412 2348 1458 2374 τὸν
1482 2347 1550 2385 πρὸς
1572 2347 1606 2374 τὰ
1630 2347 1703 2375 καλὰ
1722 2346 1822 2385 δρόμον
1835 2343 1899 2373 ἐκκό-

1091 2401 1162 2419 πτει.
1182 2389 1267 2419 Οὖδὶν
1283 2391 1334 2428 γὰρ
1353 2390 1458 2428 μᾶλλον
1472 2392 1490 2426 ἠ
1508 2389 1638 2428 μολιϐὃίς
1660 2393 1700 2429 (8)
1718 2394 1771 2420 τῶν
1797 2391 1898 2429 σαρκῶν,

1105 2489 1156 2530 ’(5)
1179 2488 1222 2515 'Ev
1236 2486 1423 2551 τετραχόρδῳ.
1439 2489 1487 2517 Sic
1503 2489 1581 2517 idem
1592 2489 1703 2551 Reqius
1720 2491 1807 2532 codex
1823 2487 1897 2516 modo

1105 2528 1204 2551 italus.
1222 2525 1305 2551 Edm.
1333 2534 1350 2551 κ
1363 2524 1561 2551 τετοαγόοδου.
1579 2527 1637 2551 Pau
1653 2535 1670 2551 ο
1689 2529 1755 2551 post
1768 2526 1840 2551 idem
1855 2531 1896 2551 co-

1087 2525 1210 2563 οἰῐδιιυε.Δ
1222 2524 1305 2563 Edit'i,
1319 2524 1350 2551 ἐκ
1363 2524 1561 2563 τετραχόρδου.
1579 2524 1670 2554 Paulo
1686 2529 1755 2562 post
1768 2526 1840 2554 idem
1855 2531 1896 2551 co-

1086 2562 1150 2594 dex,
1164 2559 1231 2597 πρὸς
1245 2560 1278 2587 τὰ
1292 2559 1436 2597 γυμνάσια.

1121 2597 1158 2632 (ὃ)
1173 2595 1374 2633 ΤρόπονζΜεε.
1388 2599 1524 2632 quatuor,
1552 2596 1648 2630 τόπον,
1673 2597 1707 2625 de
1729 2601 1818 2633 gustus
1838 2596 1894 2625 loco,

1085 2632 1281 2677 sivemmat‘eria
1292 2633 1461 2677 ad’lgustum
1480 2633 1655 2677 pertinpnte.

1119 2668 1159 2703 (7)
1176 2668 1229 2710 Alli.
1238 2667 1307 2710 τοὺς.
1316 2666 1356 2710 εἷξ
1368 2667 1414 2694 τὸν
1424 2666 1688 2710 _61rE_p...“§p_6'pov.
1698 2703 1705 2710 ‘
1721 2669 1767 2710 Sic
1793 2667 1893 2710 C_olber-

1085 2701 1164 2740 tinus
1179 2705 1269 2732 codex
1283 2707 1312 2731 et
1341 2704 1398 2732 duo
1423 2701 1516 2740 Regii.
1547 2701 1634 2739 Editi,
1664 2702 1710 2731 διὰ
1727 2703 1790 2735 τοὺς
1803 2701 1892 2738 ὑπὲρ...

1083 2736 1322 2839 ὃρζέλοίἱόλιϐξδίις·
1339 2775 1385 2803 Sic
1403 2784 1475 2804 mss.
1503 2775 1647 2804 nonnulli.
1663 2775 1745 2804 Unus
1760 2783 1792 2804 ex
1806 2771 1891 2810 Regii!

1084 2820 1119 2839 μο
1143 2808 1210 2839 ιϐός.
1227 2812 1314 2839 Editi.
1332 2808 1456 2839 μολιϐίς.

1084 2808 1210 2847 μολιϐός.
1227 2811 1314 2846 Editi,
1332 2808 1456 2848 μολιϐίς.
