2010 3145
193 180 248 211 69!

664 180 862 212 APPENDIX
885 175 1047 211 OPERUM
1072 179 1105 210 S.
1127 179 1270 209 BASILII
1293 179 1426 210 MAGNI.

1845 178 1902 209 692

194 247 341 275 omlestem
350 255 469 275 cursum
479 247 536 275 iste
547 248 903 284 adscriptus,imprudens
912 247 947 275 ob
956 255 1021 274 con-

1084 244 1168 282 τέρους
1185 244 1318 282 βαλόντος
1333 245 1400 281 (14),
1416 243 1463 272 καί
1481 245 1554 282 παρά
1580 247 1629 272 τοῦ
1657 245 1830 283 ἀγωνοθέτου
1858 245 1903 272 καὶ

195 291 298 320 silium
315 292 438 320 rationis
454 300 566 328 expers,
576 301 633 320 non
651 293 737 320 modo
753 292 827 320 nihil
842 300 1022 328 eorum,quze

196 336 231 364 ad
248 337 378 365 stadium
401 337 559 373 pertinent,
590 338 749 372 prudenter
774 337 946 370 exercuerit,
972 337 1022 364 sed

196 381 285 409 etiam
302 390 381 415 eum,
398 381 448 417 qui
470 382 526 418 ipsi
542 382 578 409 ad
603 389 721 409 cursum
746 381 854 409 servire
870 381 1022 414 debuerat,

197 425 299 462 inique
313 427 502 462 oppresserit,
531 434 564 453 ac
579 426 773 462 semetipsum
802 426 891 453 simul
908 433 973 453 cum
991 433 1024 452 eo

196 470 287 499 stulte
301 471 444 498 everterit.
470 472 652 506 Quapropter
667 470 832 498 necessario
854 470 901 497 his
921 470 970 506 qui
987 469 1023 497 ad

195 516 333 543 virtutem
365 515 597 550 comparandam
622 523 729 550 corpus
745 515 900 550 castigant,
918 515 1023 542 iterum

197 560 350 588 clamanus
367 568 373 587 :
391 562 431 588 Ne
444 559 564 587 declines
589 559 623 586 ad
646 559 788 586 dexteram
816 563 864 586 aut
890 559 927 586 ad
951 560 1024 586 sini-

195 609 282 632 stram
296 605 328 630 ⁵ο.
353 604 606 636 Quemadmodum
624 603 702 631 enim
726 604 761 631 ad
788 603 948 639 ingluviem
979 603 1026 630 de-

197 649 310 676 ﬂectere
326 648 524 684 periculosum
541 650 596 681 est,
611 648 652 675 ita
666 648 832 676 vehementi
848 648 945 675 inedia
961 656 1024 675 cor-

197 701 252 729 pus
268 701 301 721 eo
317 693 459 729 redigere,
486 695 518 720 ut
538 693 574 720 ob
597 692 829 720 imbecillitatem
855 692 959 720 inutile
976 693 1026 727 sit,

196 746 263 765 vere
279 740 323 764 est
338 745 354 764 a
368 737 478 765 ratione
494 736 786 764 alienissimum.Non
803 734 881 764 enim
900 738 964 773 ipsa
976 745 1027 773 per

199 790 230 810 se
247 782 424 809 abstinentia
436 790 451 808 a
466 781 782 817 ventrisvoluptatibus
794 781 902 809 bonum
915 781 1024 812 est.sed

199 826 270 862 quia
285 827 320 854 ad
336 826 475 853 virtutem
501 827 730 861 comparandam
756 826 878 854 confert.
903 826 985 858 Quod
1001 826 1025 853 si

200 871 286 905 cujus
301 877 390 898 causa
406 871 614 898 abstinentiam
635 870 769 898 ciborum
786 870 936 906 eligimus,
953 870 1025 898 illud

198 915 408 942 vehementiori
425 915 604 942 abstinentia
613 915 834 951 negligimus,in
843 915 1024 943 contrarium

199 959 335 994 nobis,ob
350 959 482 986 animum
494 959 616 987 rationis
628 959 919 995 expertem,instituti
933 960 1025 988 forma

198 1005 328 1032 vertetur
344 1012 350 1031 :
368 1004 515 1040 siquidem
525 1012 582 1032 non
594 1004 657 1040 jam
669 1004 705 1032 ob
717 1004 895 1032 tabefactum
911 1006 1026 1032 etever-

199 1056 265 1076 sum
282 1048 511 1076 instrumentum
529 1056 579 1084 per
594 1048 732 1076 lectiones
748 1051 776 1076 et
791 1057 892 1085 preces
907 1049 1026 1077 assidue

198 1092 307 1120 versari
324 1101 390 1120 cum
421 1096 476 1120 Deo
502 1093 674 1128 poterimus,
691 1096 741 1120 aut
758 1093 788 1120 in
814 1093 954 1121 fratribus
977 1094 1026 1129 ju-

200 1137 305 1166 vandis
324 1137 455 1164 ofﬁcium
479 1137 597 1165 virtutis
619 1137 789 1173 adimplere.
820 1140 940 1173 Uportet
957 1145 1026 1173 ergo

200 1182 289 1210 etiam
306 1181 435 1216 corporis
451 1190 551 1209 curam
568 1189 677 1217 gerere.
695 1190 752 1209 non
769 1184 888 1217 propter
908 1190 1026 1217 corpus,

203 1226 252 1254 sed
262 1225 496 1253 utmiuisterium
506 1227 541 1253 ad
552 1225 768 1262 philosophiam
776 1226 1027 1259 habeamus,Fieri

203 1270 280 1298 enim
307 1279 366 1297 non
396 1272 501 1306 potest,
532 1273 564 1298 ut
592 1270 642 1305 qui
672 1270 866 1298 ministerium
897 1271 1027 1305 corporis

203 1316 372 1351 promptum
389 1318 417 1342 et
432 1315 599 1350 expeditum
616 1315 650 1342 ad
669 1314 884 1350 philosophiam
901 1323 958 1342 non
975 1315 1026 1342 ha-

203 1359 283 1393 bent,
299 1360 330 1388 hi
344 1359 386 1387 vel
411 1359 586 1387 lectionibus
609 1359 799 1394 philosophia:
824 1360 1028 1394 comparandae

203 1404 316 1432 idoneis
328 1412 412 1440 pares
423 1403 538 1438 sint,vel
555 1403 687 1431 animum
705 1404 733 1430 in
750 1412 869 1439 corpore
885 1403 1027 1439 languen-

201 1449 262 1476 tem
278 1449 354 1477 628
371 1449 405 1476 ad
428 1448 607 1484 precandum
633 1448 840 1475 convenienter
864 1448 1027 1482 intendant,

201 1491 246 1520 vel
261 1493 379 1520 omnino
396 1492 558 1528 quidquam
575 1500 676 1520 eorum
689 1501 752 1527 quas
764 1492 799 1519 ad
811 1492 1027 1528 philosophiam

203 1536 338 1570 attinent,
355 1537 389 1564 ad
405 1545 490 1564 suam
506 1537 708 1572 ipsorum,aut
724 1537 758 1564 ad
775 1545 886 1572 eorum,
904 1538 1027 1573 quibus-

202 1589 270 1608 cum
286 1581 346 1608 vita
361 1582 528 1608 communis
543 1583 596 1614 est,
615 1581 771 1609 utilitatem
794 1585 961 1617 operentur.
979 1583 1027 1610 Id-

204 1625 281 1652 eirco
297 1625 393 1660 inquit
409 1633 415 1652 :
433 1625 540 1658 Castigo
555 1633 651 1660 corpus
667 1633 767 1659 meum,
783 1628 811 1652 et
826 1627 853 1652 in
869 1627 1028 1654 servitutem

206 1669 302 1704 redng
316 1669 350 1696 ⁶¹.
370 1670 524 1704 [nsurgere
538 1669 614 1696 enim
631 1670 731 1697 volens
757 1670 785 1696 in
816 1670 968 1698 dominum
995 1671 1030 1698 ob

208 1713 340 1740 carnium
356 1713 685 1748 vigorem,abstiuentiaz
703 1713 798 1749 plagis
814 1714 842 1741 in
860 1715 1030 1743 servitutem

208 1757 318 1793 redigo,
336 1757 519 1785 dominatum
530 1765 636 1792 cogens
648 1758 880 1793 agnoscereNon
897 1759 973 1786 enim
989 1759 1031 1786 sic

207 1802 278 1830 illud
295 1803 376 1836 ferio,
393 1802 498 1838 inquit,
513 1804 545 1829 ut
559 1802 761 1830 immoderatis
770 1803 862 1838 plagis
879 1803 982 1830 inutile
994 1805 1030 1831 ad

206 1847 377 1874 servitutem
392 1846 584 1879 efﬁciam,sed
601 1847 628 1873 id
646 1846 717 1873 mihi
734 1847 762 1873 in
779 1847 950 1882 castigando
962 1857 1030 1883 pro-

207 1891 349 1926 positum,
361 1891 436 1918 utin
453 1891 620 1918 servitutem
638 1890 768 1926 redigam
785 1891 820 1918 ad
839 1892 1032 1920 ministerium

207 1935 326 1963 domino
342 1935 551 1963 exhibendum.
570 1935 624 1968 Qui
642 1937 740 1962 autem
758 1936 829 1963 adeo
847 1936 951 1964 inediis
966 1945 1029 1964 ser-

206 1987 275 2007 vum
291 1979 435 2013 verberat,
451 1982 483 2007 ut
499 1988 555 2007 non
573 1980 667 2007 solum
684 1979 798 2008 inutilis
814 1980 849 2008 ad
860 1981 967 2008 domini
977 1981 1030 2009 mi-

206 2023 373 2057 nisterium,
389 2024 439 2052 sed
457 2026 485 2052 et
500 2024 555 2051 sibi
572 2024 636 2060 ipse
651 2032 734 2059 opem
752 2024 825 2052 ferre
841 2033 899 2052 non
916 2026 1026 2061 possit;

206 2067 277 2103 quid
294 2068 374 2095 aliud
394 2068 597 2104 semetipsum,
627 2068 683 2095 nisi
708 2077 824 2096 servum
851 2070 925 2096 servi
943 2071 1027 2104 facit;

204 2112 328 2140 Necesse
343 2114 387 2140 est
402 2113 479 2140 enim
497 2115 528 2140 ut
544 2121 610 2140 cum
637 2113 695 2147 iam
712 2120 818 2148 corpus
841 2115 948 2142 servire
970 2123 1027 2142 non

203 2157 308 2192 possit,
325 2157 374 2184 sed
393 2158 429 2184 ob
446 2157 626 2184 debilitatem
644 2157 807 2185 resolutum
824 2158 873 2192 sit,
889 2159 1027 2187 dominus

203 2200 228 2227 ei
243 2201 361 2233 serviat,
378 2201 487 2236 quippe
503 2201 550 2235 qui
573 2209 689 2236 semper
718 2202 745 2228 in
763 2202 927 2230 ministerio
948 2203 1027 2231 illius

201 2243 366 2272 infirmitati
384 2244 547 2272 exhibendo
563 2244 685 2279 laboret,
702 2254 755 2273 nec
771 2247 830 2281 jam
848 2255 967 2274 suorum
981 2248 1024 2283 ip-

1079 290 1151 327 παρᾶ
1167 292 1221 316 τῶν
1247 291 1348 321 θεατῶν
1381 289 1554 326 στιζομὲνην¹
1572 288 1613 316 ὅτι
1638 290 1705 327 πρὸς
1727 288 1830 327 δρόμον
1860 289 1904 317 οὖ-

1079 335 1169 370 ράνιον
1201 334 1279 364 οὗτος
1309 332 1550 371 ἀπογραψάμενος,
1568 331 1646 361 ἔλαθε
1672 332 1706 361 δι’
1730 333 1859 371 ἀλογίαν,
1875 333 1906 361 οὗ

1081 378 1163 415 μόνον
1180 377 1256 405 οὐδὲν
1272 380 1324 405 τῶν
1341 378 1409 415 πρὸς
1424 378 1457 405 τὸ
1473 376 1581 405 στάδιον
1602 377 1743 416 φρονίμως
1775 378 1905 413 ἀσκήσας,

1079 422 1152 450 ἀλλὰ
1166 423 1211 449 καὶ
1227 423 1271 449 τὸν
1288 423 1356 459 πρὸς
1373 421 1476 458 δρόμον
1493 422 1566 458 αὐτῷ
1589 421 1731 450 δουλεῦσαι
1760 422 1908 458 ὀφείλοντα

1079 466 1180 497 ἀδίκως
1208 464 1384 501 καταϐαλὼν,
1408 467 1452 494 καὶ
1484 464 1522 494 ἔτι
1549 467 1640 494 ἑαυτὸν
1669 466 1760 503 τούτῳ
1782 467 1908 502 ἀνοήτως

1080 512 1327 549 συγκαταστρέψας.
1346 511 1392 539 Διὸ
1407 511 1560 549 ἀναγκαίως
1575 515 1634 543 τοῖς
1651 510 1695 539 διὰ
1709 512 1758 546 τήν
1774 514 1822 539 τοῦ
1851 513 1908 550 (15)

1080 557 1167 583 καλοῦ
1191 559 1286 591 κτῆσιν
1323 555 1508 591 ὑπωπιάζοτσι
1539 557 1571 583 τὸ
1596 559 1676 592 σῶμα
1694 555 1777 583 πάλιν
1796 557 1908 595 ὑποφω-

1079 603 1186 637 νοῦμεν·
1218 601 1264 635 Μή
1294 600 1422 638 ἐκκλίνῃς
1452 600 1491 632 εἷς
1516 601 1549 628 τὰ
1576 599 1648 637 δεξιά
1676 602 1693 636 ἢ
1723 600 1762 631 εἷς
1790 601 1824 628 τα
1848 601 1908 638 ἀρι-

1080 645 1169 681 στερά,
1187 646 1231 676 Ὠς
1259 646 1311 683 γᾶρ
1335 645 1367 672 τὸ
1395 646 1432 676 εἷς
1461 645 1675 683 γαστριμαργίαν
1702 645 1826 672 ἐκκλῖναί
1851 645 1908 673 ἐστι

1080 689 1214 728 χαλεπὸν,
1230 689 1301 716 οὕτω
1325 689 1357 717 τὸ
1382 688 1427 717 διὰ
1449 689 1644 726 ὲπιτεταμένης
1673 690 1824 727 κακουχίας
1850 691 1910 726 (16)

1081 735 1119 765 εἰς
1137 733 1289 772 ἀχρηστίαν
1307 733 1341 761 δι’
1357 733 1494 765 ασθενείας
1509 734 1540 761 τὸ
1569 737 1649 771 σῶμα
1677 732 1853 770 καταϐαλεῖν,
1869 735 1909 766 ὡς

1081 778 1193 813 ἀληθῶς
1208 778 1394 816 ἀλογώτατον.
1412 778 1451 806 Οὐ
1467 779 1518 816 γὰρ
1536 777 1569 805 δι’
1587 779 1684 812 ἑαυτὴν
1696 780 1713 813 ἡ
1731 779 1824 816 ἀποχή
1852 781 1908 806 τῶν

1080 826 1130 857 τῆς
1159 823 1275 861 γαστρὸς
1298 821 1406 857 ἡδονῶν
1435 823 1489 850 ἐστι
1519 822 1614 859 καλὸν,
1633 822 1696 850 ἀλλ’
1711 824 1752 850 ὅτι
1773 824 1842 860 πρὸς
1857 825 1908 858 τήν

1080 869 1129 894 τοῦ
1152 867 1238 895 καλοῦ
1263 871 1358 902 κτῆσιν
1373 865 1571 904 συμϐάλλεται.
1588 868 1620 895 Εἰ
1641 866 1669 895 δὲ
1694 866 1728 895 δι’
1744 868 1758 895 ὃ
1777 869 1827 902 τήν
1856 868 1910 895 ἀπ-

1081 913 1151 950 οχήν
1167 912 1392 950 τῶνξβρωμάτων
1410 912 1580 950 ἐγκρίνομεν,
1595 913 1693 940 τούτου
1707 911 1751 940 διὰ
1770 916 1822 948 τῆς
1847 913 1908 940 ἔπι-

1079 957 1229 992 τεταμένης
1240 957 1349 994 ἀποχῆς
1364 955 1550 993 ἀμελήσομεν,
1567 957 1607 988 εἲς
1621 957 1652 984 τὸ
1676 956 1794 984 ἐναντίον
1824 958 1907 994 ἡμῖν,

1082 1001 1132 1028 ὑπὸ
1161 999 1284 1039 ἀλογίας,
1300 1004 1350 1036 τῆς
1378 1001 1491 1038 ἀγωγῆς
1512 1002 1526 1028 ὁ
1549 1001 1634 1032 τόπος
1663 1002 1908 1040 περιτραπήσεται”

1081 1045 1171 1073 οὐκέτι
1184 1046 1231 1082 μὲν
1248 1044 1292 1073 διὰ
1306 1046 1355 1080 τὴν
1374 1045 1496 1081 σύντηξιν
1514 1046 1558 1073 καὶ
1574 1047 1752 1084 παρατροπήν
1763 1049 1813 1074 τοῦ
1825 1047 1910 1083 ὀργά·

1080 1101 1128 1117 νου
1143 1089 1178 1117 δι’
1193 1090 1412 1128 ἀναγνωσμάτων
1425 1100 1454 1118 τε
1469 1090 1514 1117 καὶ
1531 1090 1620 1128 εὐχῶν
1645 1089 1754 1127 ὁμιλεῖν
1779 1093 1819 1126 τῷ
1848 1094 1910 1127 Θεῷ

1081 1133 1251 1171 δυναμένοις,
1269 1132 1330 1162 οὔτε
1346 1134 1414 1172 πρὸς
1427 1135 1477 1169 τὴν
1496 1135 1550 1171 (17)
1564 1137 1617 1162 τῶν
1635 1134 1760 1173 ἀδελφῶν
1783 1135 1909 1162 εὐποιίαν

1080 1182 1119 1215 τῷ
1135 1179 1213 1215 καλῷ
1227 1178 1383 1208 ὑπακούειν.
1401 1180 1461 1217 Χρή
1478 1178 1524 1206 οὖν
1545 1179 1590 1206 καὶ
1606 1179 1734 1216 σώματος
1749 1179 1908 1216 ἐπιμέλειαν

1081 1226 1228 1259 ποιεῖσθαι,
1244 1223 1274 1250 οὐ
1295 1222 1339 1251 διὰ
1352 1223 1384 1251 τὸ
1400 1225 1492 1259 σῶμα,
1509 1222 1572 1251 ἀλλ’
1588 1223 1747 1262 ὑπηρεσίαν,
1764 1224 1850 1261 φημὶ,
1866 1235 1911 1263 φι-

1082 1268 1199 1306 λοσοφία
1227 1268 1398 1304 κτωμένους.
1428 1267 1575 1295 Ἀδύνατον
1600 1269 1650 1306 γὰρ
1678 1269 1727 1303 τὴν
1760 1268 1911 1306 ὑπηρεσίαν

1081 1315 1129 1339 τοῦ
1145 1313 1272 1348 σώματος
1291 1312 1398 1347 εὐήνιον
1412 1312 1480 1350 πρὸς
1496 1312 1659 1349 φιλοσοφίαν
1687 1313 1724 1348 μή
1749 1310 1876 1350 ἔχοντας,
1892 1313 1910 1347 ἢ

1082 1357 1273 1394 ἀναγνώσμασι
1295 1356 1458 1395 φιλοσόφοις
1473 1357 1593 1395 ἀρκέσαι,
1609 1357 1627 1391 ἢ
1652 1357 1696 1384 τὸν
1726 1359 1789 1384 νοῦν
1819 1356 1911 1385 ἐνατα-

1081 1402 1181 1429 νοῦντα
1205 1404 1244 1437 τῷ
1272 1401 1377 1438 σώματι
1403 1401 1471 1438 πρὸς
1495 1401 1579 1439 εὐχὴν
1599 1400 1713 1432 δεόντως
1730 1404 1875 1437 συντεῖναι,

1083 1445 1205 1477 συνόλως
1220 1456 1245 1472 τι
1260 1448 1314 1473 τῶν
1339 1445 1490 1484 φιλοσοφίᾳ
1518 1443 1722 1473 ἐπιϐαλλόντων
1746 1445 1785 1477 εἴς
1815 1446 1912 1473 ἑαυτοῦ

1083 1491 1126 1518 καὶ
1142 1493 1195 1518 τῶν
1212 1490 1417 1517 κοινωνούντων
1431 1492 1470 1525 τῷ
1496 1489 1548 1527 βίῳ
1577 1486 1708 1528 ὠφέλειαν
1737 1490 1910 1528 ἐργάσασθαι.

1083 1535 1129 1562 Διὸ
1144 1535 1306 1569 Ὑπωπιάζω
1339 1545 1390 1571 μου
1418 1534 1448 1561 τὸ
1477 1536 1566 1570 σῶμα,
1584 1535 1662 1573 φησὶ,
1685 1533 1729 1561 καί
1761 1533 1910 1571 δουλαγω-

1082 1581 1133 1616 γῶ.
1159 1579 1401 1614 Κατεξανίστασθαι
1445 1579 1496 1616 γὰρ
1538 1577 1574 1605 δι’
1600 1578 1690 1615 ἀκμὴν
1717 1581 1771 1606 τῶν
1802 1582 1910 1616 σαρκῶν

1084 1626 1132 1651 τοῦ
1158 1623 1290 1651 δεσπότου
1321 1622 1490 1660 βουλόμενον
1519 1625 1578 1654 τοῖς
1600 1626 1649 1658 τῆς
1675 1623 1832 1660 ἐγκρατείας
1862 1624 1912 1650 ὑπ-

1086 1668 1182 1699 ωπίοις
1199 1667 1379 1705 δουλαγωγῶ,
1395 1667 1584 1704 ἐπιγινώσκειν
1599 1669 1649 1702 τὴν
1665 1666 1820 1695 δεσποτείαν
1847 1679 1912 1695 συν-

1086 1713 1253 1750 αναγκάζων.
1271 1712 1309 1740 Οὐ
1339 1713 1390 1750 γὰρ
1421 1711 1507 1743 οὕτως
1537 1711 1602 1740 αὐτὸ
1631 1711 1714 1741 παίω.
1731 1713 1825 1750 φησὶν,
1843 1713 1913 1740 ὥστε

1084 1760 1143 1788 ταῖς
1161 1758 1290 1795 ἀμέτροις
1316 1756 1438 1794 πληγαῖς
1462 1755 1601 1794 ἄχρηστον
1625 1756 1692 1794 πρὸς
1715 1757 1764 1790 τὴν
1786 1755 1914 1784 δουλείαν

1084 1801 1284 1836 ποιῆσέι,ἁλλ’
1308 1802 1322 1829 ὁ
1349 1801 1449 1832 σκοπός
1476 1812 1523 1838 μοι
1550 1803 1598 1828 τοῦ
1629 1801 1796 1835 ὑπωπιάζειν
1827 1801 1912 1837 ἐστὶν,

1081 1846 1127 1873 ’ἱνα
1157 1845 1365 1883 δουλαγωγήσω
1392 1848 1473 1873 τοῦτο
1502 1846 1570 1884 πρὸς
1609 1845 1757 1883 ὑπηρεσίαν
1785 1849 1837 1880 τῆς
1868 1845 1910 1874 δε-

1084 1891 1267 1921 σποτείας.Ὁ
1289 1889 1318 1918 δὲ
1343 1890 1381 1921 εἷς
1409 1892 1536 1917 τοσοῦτον
1565 1890 1673 1917 τύπτων
1703 1893 1760 1921 ταῖς
1793 1889 1910 1922 ἐνδείαις

1083 1935 1127 1962 τὸν
1158 1934 1267 1970 δοῦλον,
1293 1934 1362 1962 ὥστε
1400 1935 1437 1971 μὴ
1477 1935 1559 1971 μόνον
1591 1933 1729 1972 ἄχρηστον
1760 1935 1830 1972 πρὸς
1858 1936 1910 1970 τὴν

1084 1979 1229 2017 ὑπηρεσίαν
1253 1982 1301 2007 τοῦ
1330 1978 1461 2007 δεσπότου
1488 1978 1619 2017 γενέσθαι,
1646 1978 1718 2007 ἀλλά
1745 1980 1790 2006 καὶ
1822 1980 1909 2016 ἑαυτῷ

1083 2023 1220 2051 ἀδυνατεῖν
1247 2024 1384 2061 ἐπαρκεῖν,
1403 2024 1429 2050 τί
1457 2023 1538 2058 ἄλλο,
1563 2024 1580 2058 ἢ
1612 2022 1710 2050 δοῦλον
1738 2023 1831 2050 ἑαυτὸν
1861 2025 1910 2051 τοῦ

1084 2067 1184 2096 δούλου
1199 2070 1255 2105 (18)
1276 2068 1444 2103 πεποίηκεν;
1461 2068 1578 2105 Ἀνάγκη
1593 2068 1643 2106 γὰρ
1662 2068 1760 2104 μηκέτι
1784 2069 1833 2104 μὶν
1860 2067 1910 2095 δυ-

1082 2113 1199 2149 ναμένου
1234 2112 1371 2140 δουλεύειν
1400 2115 1448 2140 τοῦ
1481 2113 1621 2148 σώματος,
1648 2112 1690 2139 ὑπ’
1715 2113 1852 2143 ἀσθενείας
1881 2112 1910 2140 δὶ

1081 2157 1256 2195 παρειμένοι),
1273 2158 1317 2185 τὸν
1336 2156 1468 2192 δεσπότην
1491 2156 1582 2192 τούτῳ
1607 2155 1756 2189 δουλεύειν,
1775 2157 1816 2184 ἀεὶ
1846 2157 1908 2195 περὶ

1080 2203 1131 2236 τὴν
1148 2202 1293 2239 ὑπηρεσίαν
1320 2202 1403 2229 αὐτοῦ
1425 2204 1475 2234 τῆς
1502 2200 1638 2233 ἀσθενείας
1664 2200 1847 2237 πονούμενον,
1864 2201 1909 2228 καὶ

1081 2246 1170 2274 οὐκέτι
1189 2247 1235 2282 μὶν
1251 2249 1304 2273 τῶν
1320 2247 1378 2273 καθ’
1394 2247 1486 2273 ἑαυτὸν
1503 2245 1588 2283 ἔργων
1607 2247 1717 2282 μνήμην
1742 2246 1909 2280 ποιήσασθαι

201 2288 265 2316 sius
281 2288 449 2316 muniorum
466 2289 637 2316 meminisse
653 2290 756 2325 possit,
774 2298 806 2318 ac
822 2293 913 2318 totam
938 2292 1025 2319 vitam

1084 2291 1323 2330 συγχωρούμενον,
1340 2290 1425 2318 πάντα
1440 2289 1469 2318 δὲ
1483 2291 1528 2318 τὸν
1546 2289 1603 2328 βίον
1623 2289 1721 2317 τούτου
1746 2289 1907 2327 προσδαπα-

201 2331 232 2360 in
248 2341 281 2360 80
297 2333 426 2360 curando
440 2335 606 2361 consumat.

237 2386 280 2413 12.
297 2386 401 2414 Carnis
416 2386 506 2422 igitur
525 2395 625 2414 curam
652 2395 751 2424 gerere
767 2396 824 2416 non
855 2388 1028 2424 simpliciter

200 2430 362 2466 prohibuit,
390 2430 439 2458 sed
467 2431 501 2458 ad
531 2432 784 2467 concupiscentiae
810 2433 916 2468 inquit.
933 2434 1027 2466 Quare

200 2475 277 2511 quod
293 2475 323 2503 in
337 2475 476 2504 carnibus
489 2476 672 2512 concupiscit
686 2479 713 2504 et
730 2476 893 2513 voluptates
903 2478 1024 2513 appetit,

234 2551 257 2569 °°
271 2551 356 2579 Deut.
373 2559 401 2586 v,
418 2551 463 2580 32.
502 2551 522 2569 ⁶¹
540 2551 551 2579 Ι
567 2551 631 2580 Cor.
648 2561 686 2587 xx,
702 2552 747 2580 27.

233 2626 291 2661 (Μ)
305 2624 447 2656 Βαλόντος.
461 2625 507 2652 Sic
524 2627 584 2661 tres
600 2634 671 2653 mss.
688 2627 797 2661 quibus
819 2627 894 2655 favet
910 2627 1025 2657 Colber-

198 2660 290 2698 tinus,
308 2662 335 2688 in
352 2669 409 2697 quo
426 2661 544 2698 legitur,
558 2660 737 2696 ἐμοαλόντος.
755 2663 839 2698 Editi,
859 2661 1022 2698 βάλλοντος.

199 2697 342 2724 Videntur
356 2700 454 2725 autem
472 2697 531 2724 hazc
547 2698 635 2725 verba
651 2706 703 2726 suo
719 2697 862 2726 excidisse
877 2699 958 2727 loco:
971 2708 1024 2728 nec

197 2731 277 2773 ullus
293 2733 349 2794 piri;
360 2733 542 2778 sensus,nisi
555 2732 835 2772 legamus,n19iroﬁ
852 2734 1021 2771 ἀγωνοθέτου

197 2777 278 2794 του...
316 2778 331 2794 α
353 2779 439 2794 οντοα.

195 2769 278 2795 τοῦ...
297 2769 439 2799 βαλόντος,

495 2804 566 2845 ῌοε,
581 2805 662 2845 2819,
674 2806 725 2845 τοῦ
739 2803 836 2845 όντως.
854 2806 916 2834 Non
929 2807 1022 2835 multo

198 2837 265 2874 post
279 2837 356 2867 idem
373 2840 448 2874 cod.,
470 2837 639 2876 Scaipnst
659 2841 696 2872 εἰς
713 2842 756 2870 τά.

1082 2338 1179 2364 νῶντα.

1119 2391 1162 2417 12.
1176 2391 1229 2423 Τῆς
1258 2389 1302 2417 οὖν
1333 2389 1432 2425 σαρκὸς
1458 2388 1587 2426 πρόνοιαν
1618 2388 1655 2425 μὴ
1686 2390 1826 2419 ποιεῖσθαι
1854 2387 1907 2425 οὐχ

1083 2433 1177 2465 ἁπλῶς
1207 2433 1372 2472 ἀπεφήνατο³
1395 2432 1458 2461 ἀλλ’
1475 2433 1513 2464 είς
1538 2431 1694 2469 ἐπιθυμίας,
1717 2431 1810 2470 φησίν.
1827 2433 1906 2460 ’Ὼστι

1082 2479 1113 2506 τὸ
1131 2479 1178 2514 μὲν
1195 2478 1392 2515 ἐπιθυμητικὸν
1408 2477 1453 2506 καὶ
1469 2477 1619 2517 φιλήδονον
1645 2479 1697 2505 τῶν
1724 2479 1833 2514 σαρκῶν
1864 2475 1906 2504 διὰ

1116 2630 1171 2665 (16)
1189 2629 1237 2656 Διά
1251 2627 1446 2665 ἐπιτιταμένης
1471 2628 1631 2665 κακουχίας.
1649 2628 1728 2655 Idem
1756 2627 1858 2661 codex,
1873 2625 1904 2662 τῇ

1080 2663 1256 2701 ἐπιτεταμένῃ
1271 2663 1416 2701 κακουχίᾳ.

1117 2675 1256 2701 ιτεταμενῃ
1271 2675 1354 2691 κακον
1382 2675 1416 2699 ια.

1115 2702 1171 2736 (47)
1189 2700 1258 2730 Οὔτε
1268 2701 1335 2736 πρὸς
1346 2674 1407 2736 τζζν.
1426 2700 1512 2728 Deest
1528 2700 1623 2736 prima
1637 2708 1690 2736 vox
1705 2698 1750 2736 _in
1775 2698 1904 2736 editione

1078 2733 1197 2764 Veneta.
1211 2733 1327 2772 Legitur
1338 2733 1499 2764 in'duobus
1515 2733 1650 2770 mss.,mi
1666 2733 1735 2771 πρὸς
1752 2734 1815 2768 τήν,
1827 2733 1903 2768 quod

1078 2774 1178 2801 eodem
1196 2774 1282 2800 redit.

1114 2810 1170 2845 (18)
1190 2807 1372 2845 T068061».
1387 2809 1470 2835 Unus
1485 2807 1561 2841 cod.,
1578 2807 1616 2842 τῷ
1637 2803 1741 2840 δούλῳ.
1759 2804 1840 2832 Infra
1865 2804 1902 2831 le-

1076 2843 1216 2880 gendam,
1235 2843 1292 2882 βίον
1305 2844 1405 2879 τούτῳ.
