2010 3145
190 154 249 186 695

659 155 857 186 APPENDIX
879 153 1041 185 OPEBUM
1065 152 1096 184 S.
1120 152 1263 183 BASILII
1286 151 1423 182 MAGNI.

1839 150 1894 181 696

191 221 241 249 sed
253 220 332 248 omni
343 220 478 248 custodia
487 229 537 248 cor
548 229 635 248 suum
649 229 780 254 servans,
792 221 833 248 ita
845 223 876 248 ut
888 228 940 248 nec
951 226 1019 247 voce

1084 216 1148 245 ma
1160 217 1232 255 πάσῃ
1247 217 1356 256 φυλακῇ
1370 218 1418 252 νήν
1435 217 1532 251 ἑαυτῆς
1544 215 1655 254 καρδίαν
1671 214 1857 253 τηροῦσαν.ὡς
1867 214 1894 242 ἂν

191 265 273 292 illius
283 264 432 301 proﬂuens
443 273 540 293 sermo
549 265 696 301 voluptate
705 265 867 293 auditorem
878 263 1022 292 sermonis

192 309 304 337 inﬁciet
319 318 325 336 :
338 318 390 337 nec
405 318 510 337 rursus
525 310 708 337 extrinsecus
722 310 757 337 ad
773 318 859 337 aures
873 309 909 337 ab
924 308 1022 343 aliquo

193 354 366 391 perveniens
383 361 491 387 sermo,
507 362 556 381 cor
571 354 652 381 illius
668 354 703 381 ad
720 354 909 390 cupiditatem
926 352 1022 388 exagi-

193 401 243 427 tet.
261 398 341 426 Idem
358 398 436 426 enim
452 401 481 426 et
498 398 526 425 in
543 401 662 434 aspectu
690 399 784 426 facere
809 398 954 432 convenit,
971 405 1023 424 nec

193 443 386 479 aspicientem
403 443 537 478 molliter,
550 451 586 471 ne
600 443 746 478 ejusmodi
763 445 882 479 aspectu
895 442 1026 478 volupta-

193 488 234 515 tis
246 487 390 524 imagines
401 491 502 515 contra
516 496 547 515 se
557 487 699 514 immittat
714 487 880 515 videntibus
891 496 897 514 ι
909 495 961 514 nec
977 494 1024 513 ex-

195 532 341 560 trinsecus
362 532 451 560 misso
471 535 591 568 aspectu
608 532 736 568 contingi
753 540 783 559 se
799 532 971 567 patientem,
987 539 1023 558 ne

196 576 326 611 eo,velut
338 576 430 612 ignito
446 577 574 612 quodam
591 575 702 611 jaculo,
718 577 747 603 in
769 576 853 604 corde
870 583 1021 612 percussa,

198 621 233 648 ad
241 620 398 656 voluptatis
407 621 550 656 imagines
559 621 741 648 inﬂammata
749 623 861 648 uratur.
870 621 930 648 Eris
939 622 1025 650 enim,

198 665 305 700 inquit,
316 665 390 692 velut
402 673 497 692 servus
508 665 604 700 jaeula
620 673 761 699 percussus
777 666 807 692 in
818 666 912 700 jecore
921 667 953 693 “.
970 666 1025 693 Sed

198 711 317 736 externu
323 717 351 736 m
358 709 476 744 quidem
489 709 544 745 ipsi
550 717 583 737 us
593 709 706 737 obtutui
712 710 938 746 respondentem
946 717 1028 746 aspe-

198 755 278 781 ctum
292 753 379 780 debet
392 753 429 781 ab
445 753 544 781 anima
559 753 709 790 repellere,
721 762 808 782 suum
825 756 922 782 autem
940 763 1010 790 aspe
1020 770 1026 775 -

200 800 280 826 ctum
295 797 441 833 pudicitiae
453 798 578 826 indicem
591 798 758 827 videntibus
770 798 915 827 exhibere.
929 801 1028 827 Potest

198 842 276 870 enim
287 842 330 870 vel
346 842 553 878 palpebrarum
565 843 709 871 curiosior
723 846 820 871 motus
833 843 986 871 stimulare
1001 847 1029 871 et

199 889 287 914 castro
302 886 448 914 concitare
464 887 499 914 ad
515 887 706 923 voluptatem,
722 895 772 923 per
788 896 874 923 quam
891 888 951 933 haec
968 889 1029 915 ani‘
1044 901 1068 933 Β

201 939 280 959 mam
296 931 479 959 concutiunt.
490 931 543 959 Ubi
559 932 637 960 enim
653 932 720 960 visae
743 932 838 968 ipsius
854 931 946 960 oculis
962 932 1029 969 pul-

201 975 363 1003 chritudini
380 975 517 1004 obtutum
538 977 645 1004 acriter
659 977 801 1013 defigens,
812 976 894 1005 velut
909 977 938 1005 in
955 986 1031 1011 cera,

204 1020 246 1047 ita
255 1019 285 1047 in
298 1020 396 1048 anima
405 1020 553 1056 voluptate
561 1021 690 1049 emollita
701 1022 840 1056 imagines
848 1023 916 1050 visas
931 1023 1032 1050 formae

205 1064 403 1100 impresserit;
421 1066 531 1093 recedit
539 1066 657 1101 quidem
669 1074 702 1093 ac
712 1074 844 1094 seorsum
855 1069 901 1094 est
911 1067 935 1094 is
947 1075 963 1094 a
974 1075 1032 1102 quo

208 1109 353 1145 imagines
369 1110 517 1144 profectae;
534 1110 679 1146 impressa
702 1113 799 1138 autem
825 1111 924 1139 animo
939 1111 1033 1139 forma

205 1152 297 1187 illius,
307 1153 357 1190 qui
372 1154 454 1182 visus
469 1157 524 1189 est,
542 1155 577 1182 ad
595 1163 683 1191 opera
698 1155 753 1191 ipsi
767 1155 968 1184 convenientia
983 1164 1031 1183 ur-

205 1205 278 1234 gens
289 1206 416 1234 semper,
427 1199 556 1227 animam
568 1199 747 1235 imaginibus
761 1200 844 1227 ludit.
856 1200 964 1228 Idcirco
977 1201 1032 1228 vir-

203 1242 265 1278 gini
281 1242 424 1279 principio
433 1243 552 1278 quidem
564 1251 750 1279 summopere
759 1245 918 1272 cavendum
932 1247 985 1279 est,
996 1252 1031 1272 ne

203 1286 342 1323 cuiquam
354 1287 495 1315 acriorem
513 1288 616 1324 inﬁgat
627 1289 774 1320 obtutum,
787 1291 838 1316 aut
853 1289 877 1316 si
894 1289 1029 1322 infixerit,

202 1331 348 1359 contraria
358 1332 384 1359 vi
396 1332 524 1360 nitentes
533 1332 662 1368 imprimi
676 1333 820 1369 imagines
828 1342 845 1360 a
854 1342 885 1361 se
898 1333 1029 1370 repellat,

203 1375 245 1403 ita
257 1377 290 1403 ut
300 1375 382 1404 nulla
392 1376 505 1412 species
520 1385 658 1412 corporea
671 1377 819 1404 diuturnis
831 1377 962 1406 stimulis
978 1379 1030 1406 im-

203 1419 357 1456 primatur.
371 1420 451 1452 Quod
468 1420 494 1448 si
516 1420 676 1456 aliquando
691 1422 856 1457 contigerit,
868 1424 900 1449 ut
915 1422 1029 1458 impru-

203 1463 276 1492 dens
291 1473 388 1492 rerum
405 1473 611 1501 corporearnm
634 1465 778 1502 imagines
806 1467 962 1502 suscipiat;
979 1475 1029 1495 eas

202 1508 350 1536 continuis
363 1509 506 1537 bonarum
519 1518 616 1538 rerum
628 1511 879 1539 recordationibus
892 1511 921 1539 in
933 1512 1029 1547 seipse

199 1552 297 1581 delere
322 1553 422 1587 debet;
438 1554 549 1589 species
575 1563 591 1582 a
615 1563 754 1591 corporea
778 1556 881 1590 forma,
897 1556 977 1584 velut
996 1558 1024 1584 in

199 1604 275 1629 cera,
292 1597 466 1632 impressas,
482 1599 571 1626 animi
588 1599 622 1626 ad
640 1599 738 1627 divina
752 1600 942 1628 conversione
957 1601 1026 1628 abo-

197 1640 296 1676 lendo,
319 1649 416 1669 rerum
442 1645 538 1670 autem
565 1647 732 1671 sanctarum
761 1645 873 1680 species
897 1646 1026 1673 assiduis

201 1685 443 1714 meditationibus
459 1686 655 1714 inscribenda.
667 1688 748 1720 Quod
761 1688 785 1716 si
798 1691 951 1725 susceptas
964 1698 1028 1725 spe-

199 1729 259 1757 cies
277 1737 448 1765 permanere
462 1731 591 1766 integras
606 1731 635 1758 in
655 1732 765 1766 animo,
782 1735 923 1768 tanquam
940 1734 968 1760 in
985 1733 1025 1761 si-

198 1773 282 1809 gillo,
306 1774 419 1808 siverit;
451 1783 569 1803 necesse
598 1778 653 1807 est,
670 1778 703 1803 ut
730 1776 828 1804 animo
857 1778 934 1805 circa
949 1779 1027 1806 680

198 1818 374 1853 impressam
399 1819 524 1847 formam
541 1823 693 1856 occupato,
708 1823 812 1849 caetera
837 1822 936 1850 omnia
952 1823 1026 1850 bona

197 1862 278 1898 virgo
294 1863 447 1899 despiciat,
459 1866 488 1892 et
503 1865 537 1892 ad
559 1864 748 1893 inharentem
767 1866 894 1902 speciem
910 1875 1027 1903 semper

199 1915 354 1942 suspensa,
366 1907 523 1937 libidinose
533 1910 570 1937 ad
587 1910 796 1945 perimendum
808 1911 955 1939 incitetur.
968 1914 1026 1939 Nec

197 1950 251 1978 tali
266 1951 428 1987 quidquam
446 1953 573 1988 prodest,
588 1962 695 1989 corpus
710 1963 726 1981 a
741 1955 970 1990 cogitationibus
986 1956 1027 1983 in-

198 1998 369 2031 corruptum
381 2004 580 2031 servare,cum
595 1998 694 2026 anima
704 1999 890 2035 immissisfin
901 2008 964 2028 eam
976 2009 1028 2036 per

198 2040 299 2068 oculos
315 2042 463 2076 corporeis
485 2042 594 2071 amoris
610 2042 809 2079 voluptatibus
830 2052 947 2081 semper
961 2053 1025 2073 cor«

199 2087 364 2121 rumpatur.
382 2086 459 2114 Metu
473 2086 551 2114 enim
566 2087 611 2115 vel
630 2088 742 2123 pudore
758 2097 810 2116 nec
826 2089 890 2116 sine
904 2089 1025 2117 simula-

198 2129 278 2157 tione
294 2130 422 2158 retinens
437 2134 667 2167 praaconceptam
680 2133 716 2159 de
728 2141 759 2160 se
774 2133 925 2161 exterioris
935 2134 1026 2169 virgi-

199 2173 300 2201 nitatis
316 2173 496 2209 opinionem.
513 2184 605 2211 eaque
622 2177 726 2204 nudari
744 2178 914 2205 indecorum
931 2178 1027 2206 existi-

199 2225 295 2252 mans,
317 2218 397 2246 illam
422 2218 490 2246 colit
518 2222 546 2247 et
574 2223 749 2249 conservat:
766 2222 816 2249 sed
847 2222 1026 2258 incorporeis

1079 263 1147 298 μήτε
1167 261 1211 289 διὰ
1226 265 1318 300 φωνῆς
1335 261 1436 296 ταύτης
1451 261 1535 298 λόγος
1550 261 1634 298 ῥυεὶς,
1651 260 1718 298 πρὸς
1735 259 1837 295 ἡδονὴν
1853 259 1895 286 τὸν

1077 306 1210 340 ἀκουστὴν
1236 308 1285 333 τοῦ
1315 306 1398 344 λόγου
1428 305 1587 344 φαρμάξειε,
1620 305 1683 341 μήτ’
1708 302 1804 340 ἔξωθεν
1825 303 1896 334 αὖθις

1078 349 1123 377 διὰ
1136 353 1184 385 τῆς
1201 350 1286 383 ἀκοῆς
1302 350 1383 388 λόγος
1398 351 1471 388 παρά
1485 360 1558 380 τινος
1574 349 1710 386 ἆμπεσὼν,
1726 350 1776 383 τὴν
1788 347 1896 385 καρδίαν

1078 395 1162 429 αὐτῆς
1192 395 1260 433 πρὸς
1283 394 1426 431 ἐπιθυμίαν
1452 395 1576 431 κυμήνῃ.
1601 393 1680 422 Οὕτω
1704 393 1753 430 γὰρ
1783 392 1827 419 καὶ
1856 391 1898 418 ἐπὶ

1078 441 1126 466 τοῦ
1152 438 1310 477 βλέμματος
1336 440 1468 476 προσήκει
1493 441 1597 472 ποιεῖν,
1625 438 1687 474 μήτ’
1712 435 1899 474 έμῧλέπουσαν

1082 483 1280 521 μαλακῶς,⁷ίνα
1308 485 1346 520 μή
1363 483 1466 518 ήδονῗες
1489 482 1641 520 ἰνδάλματα
1663 481 1708 510 διὰ
1721 483 1820 510 τούτου
1843 485 1900 511 τοῖς

1080 529 1163 566 ὁρῶσι
1198 529 1257 556 καθ’
1302 529 1399 563 ἑαυτῆς
1429 527 1612 565 ἀποστέλλῃ·
1643 528 1712 564 μήτε
1745 528 1776 553 τὸ
1806 524 1900 563 ἔξωθεν

1080 573 1256 609 πεμπόμενον
1287 573 1400 611 βλέμμα
1425 573 1553 604 ἅπτεσθαι
1581 572 1665 607 αὐτῆς
1695 573 1903 609 συγχωροῦσα-ι,

1081 618 1118 648 ὡς
1135 618 1164 645 ἃν
1195 619 1232 654 μή
1257 618 1377 655 καθάπερ
1401 618 1453 644 τινὶ
1470 616 1709 655 πεπυρακτωμένῳ
1727 615 1802 654 βέλει
1816 615 1904 652 τούτῳ

1081 663 1130 696 τὴν
1147 661 1257 699 καρδιίαν
1275 663 1418 700 βληθεῖσα,
1436 663 1504 698 πρὸς
1528 662 1591 693 τοὺς
1611 665 1661 696 τῆς
1684 659 1788 696 ἡδονῆς
1805 661 1905 691 τύπους

1083 705 1260 743 διακαιομένη
1285 707 1448 742 ἀνάπτηται.
1473 708 1541 743 "Em
1645 706 1716 743 γὰρ,
1743 705 1838 744 φησὶν,
1868 705 1905 736 ὡς

1082 749 1181 789 ἔλαφος
1208 750 1351 788 τοξεύματι
1380 751 1529 789 πεπληγὼς
1569 750 1607 781 εἴς
1631 751 1662 777 τὸ
1688 751 1762 785 ἧπαρ
1781 771 1788 778 .
1819 748 1907 778 Ἀλλὰ

1081 796 1112 823 τὸ
1130 796 1176 832 μὲν
1193 793 1288 831 ἔξωθεν
1313 795 1456 823 ἀντίτυπον
1481 798 1515 832 τῇ
1541 796 1605 833 παρ’
1619 795 1716 830 ἰαυτῆς
1740 795 1788 830 θέᾳ
1803 793 1844 822 δεῖ
1858 795 1905 828 τῆς

1083 841 1174 877 ψυχῆς
1189 839 1397 877 ἀποκρούεσθαι,
1412 840 1442 868 τὸ
1458 839 1487 867 δέ
1503 839 1586 874 αὐτῆς
1602 839 1779 878 σωφροσύνης
1793 839 1908 875 μήνυμα

1082 887 1139 915 τοῖς
1155 885 1239 922 ὁρῶσι
1264 884 1404 922 παρέχειν.
1420 885 1520 913 Ἱκανὸν
1539 886 1594 920 (26)
1619 884 1670 921 γὰρ
1691 884 1737 910 καὶ
1764 883 1906 922 βλεφάρων

1086 929 1228 966 περίεργος
1252 929 1368 965 κίνησις,
1397 929 1534 965 μυωπίσαι
1557 939 1587 956 τι
1600 929 1645 956 καὶ
1668 929 1722 964 (27)
1738 930 1908 965 παροιστρῆ-

1087 985 1130 1001 σαι
1146 974 1213 1011 πρὸς
1229 972 1342 1009 ἡδονὴν,
1356 974 1398 1011 ὑφ’
1415 975 1447 1008 ἧς
1471 975 1554 1001 ταῦτα
1578 971 1654 1000 σοϐςῖ
1665 973 1714 1007 τὴν
1733 974 1786 1008 (28)
1803 972 1907 1009 ψυχήν.

1087 1020 1169 1047 Ὅταν
1184 1019 1237 1055 γὰρ
1252 1021 1291 1054 τῷ
1305 1021 1364 1049 τοῖς
1381 1018 1535 1056 ὀφθαλμοῖς
1557 1018 1641 1052 αὐτῆς
1657 1017 1764 1056 ὀφθέντι
1787 1015 1866 1052 καλῴ
1879 1017 1910 1043 τὸ

1087 1061 1166 1099 ὄμμα
1194 1063 1323 1099 ἐμπαθῶς
1353 1063 1522 1100 ίπερείσασα,
1550 1062 1672 1099 καθάπερ
1702 1061 1726 1088 έν
1758 1064 1849 1098 κηρῷ,
1875 1062 1908 1097 τῇ

1089 1108 1140 1135 ὑπὸ
1155 1111 1204 1142 τῆς
1230 1106 1332 1142 ἡδονῆς
1361 1106 1534 1144 μαλαχθείσῃ
1559 1106 1647 1144 ψυχῇ,
1664 1105 1727 1137 τοὺς
1745 1106 1849 1136 τύπους
1862 1108 1911 1140 τῆς

1087 1153 1213 1190 ὀφθείσης
1242 1151 1313 1184 ἰδίας
1339 1152 1364 1179 έν
1394 1153 1476 1189 ἑαυτῇ
1505 1151 1689 1188 ἄπομάξηται,
1716 1151 1912 1188 ἀνακέχώρηκε

1088 1198 1147 1234 μὶν,
1170 1198 1215 1225 καὶ
1240 1198 1298 1225 καθ’
1322 1197 1414 1224 ἔαυτόν
1439 1196 1510 1223 ἐστιν
1536 1197 1550 1223 ὁ
1575 1197 1692 1231 ποιήσας
1718 1197 1775 1231 (29)
1790 1195 1853 1226 τοὺς
1869 1194 1912 1221 τύ-

1086 1252 1165 1276 πους,
1181 1241 1456 1280 ἐναποσφραγισθεῖσα
1481 1239 1509 1268 δὲ
1533 1243 1567 1277 τῇ
1591 1239 1694 1276 διανοίᾳ
1717 1242 1765 1267 τοῦ
1782 1239 1910 1278 ὀφθέντος

1085 1287 1102 1321 ὴ
1120 1285 1188 1320 ἰδέα,
1214 1286 1282 1321 πρὸς
1301 1286 1335 1313 τὰ
1364 1286 1462 1320 ἑαυτῆς
1490 1283 1553 1323 ἔργα
1577 1284 1718 1323 ἐγκειμένη
1749 1284 1790 1311 ἀεὶ
1813 1294 1911 1322 φαντα-

1085 1333 1141 1358 σιοῖ
1162 1331 1212 1365 τὴν
1233 1332 1337 1368 ψυχήν.
1363 1331 1410 1358 Διὸ
1436 1329 1477 1357 δεῖ
1502 1329 1622 1366 μάλιστα
1652 1330 1698 1365 μὶν
1727 1330 1777 1363 τὴν
1809 1329 1907 1366 ἀρχὴν,

1087 1374 1182 1412 μηδενὶ
1199 1375 1290 1405 ἀτενὲς
1317 1375 1366 1409 τὴν
1389 1375 1518 1413 παρθένον
1546 1371 1702 1402 ἐπιϐάλλειν
1727 1374 1759 1401 τὸ
1784 1372 1875 1410 ὄμμα,
1891 1373 1908 1407 ἢ

1085 1417 1306 1455 ἐπιϐάλλουσαν,
1333 1419 1470 1455 ἀντιτύπῳ
1495 1417 1609 1454 δυνάμει
1637 1417 1700 1449 τους
1731 1418 1909 1455 βιαζομένους

1085 1464 1269 1499 έντυπωθῆναι
1297 1464 1471 1502 χαρακτῆρας
1502 1463 1598 1497 ἑαυτῆς
1628 1462 1839 1500 ἀποκρούεσθαι,
1872 1462 1908 1492 ὡς

1084 1509 1114 1536 ἂν
1131 1508 1267 1545 μηδεμίαν
1284 1509 1443 1545 σωματικὴν
1461 1506 1531 1535 ἰδέαν
1547 1506 1672 1545 χρονίαις
1698 1510 1747 1541 τῆς
1766 1507 1908 1542 συνηθείας

1084 1551 1227 1585 ἐπιϐολαῖς
1242 1552 1439 1587 ἑντυπώσηται.
1456 1553 1517 1580 Ἐὰν
1544 1550 1572 1579 δὲ
1594 1562 1647 1579 που
1663 1549 1755 1588 συμϐῇ
1777 1550 1908 1581 λαθόντας

1082 1599 1136 1624 τῶν
1166 1599 1328 1633 σωματικῶν
1364 1598 1419 1633 (30)
1441 1595 1592 1633 ἐγγενέσθαι
1615 1595 1679 1626 τοὺς
1707 1595 1821 1629 τύπους,
1850 1598 1908 1625 ταῖς

1080 1644 1132 1669 τῶν
1157 1641 1250 1670 καλῶν
1271 1641 1396 1679 συνεχέσι
1423 1642 1544 1677 μνήμαις
1566 1640 1678 1670 τούτους
1699 1639 1725 1675 ἐξ
1740 1639 1827 1674 αὐτῆς
1842 1640 1909 1677 ἀφα-

1080 1687 1174 1721 νίζειν·
1199 1686 1263 1716 τοὺς
1293 1686 1339 1722 μὶν
1365 1685 1438 1723 παρὰ
1463 1688 1513 1720 τῆς
1537 1688 1695 1721 σωματικῆς
1722 1682 1795 1716 ἰδέας
1812 1684 1906 1722 ἐγγρα.

1081 1730 1187 1769 φέντας,
1203 1730 1322 1768 καθάπερ
1345 1729 1371 1757 ἐν
1395 1732 1484 1767 κηρῷ,
1508 1731 1543 1766 τῇ
1569 1729 1612 1756 έπὶ
1636 1729 1669 1756 τὰ
1690 1729 1748 1756 θεῖα
1766 1730 1907 1765 μεταθέσει

1080 1777 1128 1802 τοῦ
1142 1775 1190 1802 νοῦ
1205 1774 1417 1812 ἆπαλςίφουσαν,
1441 1774 1506 1804 τοὺς
1530 1773 1559 1801 δὲ
1582 1776 1635 1801 τῶν
1658 1773 1742 1811 ἁγίων
1767 1777 1827 1804 ταῖς
1844 1773 1906 1809 περὶ

1081 1819 1147 1847 αὐτὰ
1173 1820 1380 1855 πεπονημέναις
1409 1818 1534 1857 θεωρίαις
1563 1818 1759 1857 ἐγγράφουσαν.
1786 1818 1849 1847 Ἐὰν
1879 1817 1908 1845 δὲ

1080 1864 1143 1895 τοὺς
1158 1863 1350 1901 έγγενομένους
1374 1863 1442 1900 αὐτῇ
1466 1863 1567 1894 τύπους
1584 1862 1709 1900 ἐμμένειν
1726 1864 1785 1900 (31)
1807 1862 1906 1899 ἀθραύ-

1081 1919 1160 1940 στους
1175 1908 1294 1945 καθάπερ
1311 1908 1336 1935 έν
1360 1906 1486 1947 σφραγῖδι
1509 1909 1544 1940 τῆ
1571 1906 1676 1943 διανοίᾳ
1700 1907 1774 1943 ἐάσῃ,
1800 1908 1902 1944 ἀνάγκη

1081 1953 1142 1991 περὶ
1158 1954 1206 1987 τὴν
1222 1953 1459 1990 ἐκσφραγισθεῖσαν
1481 1951 1552 1980 ίδέαν
1577 1953 1623 1980 τὸν
1638 1955 1700 1979 νοῦν
1729 1952 1907 1990 ἀσχολούμε-

1081 2009 1138 2032 νον,
1154 1998 1188 2025 τὰ
1205 1998 1253 2034 μὲν
1280 1997 1354 2025 ἄλλα
1375 1998 1463 2025 πάντα
1486 1996 1557 2024 καλὰ
1579 1999 1711 2034 παρορᾷν,
1729 1997 1796 2034 πρὸς
1813 1995 1842 2024 δὲ
1857 1997 1906 2031 τὴν

1081 2045 1129 2077 τῆς
1145 2043 1256 2078 ἐνούσης
1273 2041 1346 2074 ἰδέας
1360 2041 1503 2080 φαντασίαν
1521 2042 1689 2078 ὖπτοημίνον
1713 2041 1766 2077 ἀεὶ,
1782 2042 1844 2078 περὶ
1857 2042 1907 2075 τήν

1082 2087 1231 2115 ἀπόλαυσιν
1262 2087 1343 2115 αὐτοῦ
1379 2088 1437 2123 (32)
1465 2087 1595 2123 ἐμπαθῶς
1623 2086 1823 2122 καταγίνεσθαι.
1855 2086 1907 2114 Καὶ

1082 2131 1160 2160 aestv
1174 2132 1263 2167 ὤνησε
1286 2133 1334 2166 τὴν
1357 2131 1498 2166 τοιαύτην,
1514 2132 1545 2158 τὸ
1570 2133 1650 2167 σῶμα
1666 2129 1834 2168 ἀδιάφθορον
1848 2133 1906 2161 ταῖς

1081 2177 1213 2208 ἐπινοίαις
1243 2176 1430 2215 φυλάσσουσαν
1451 2199 1457 2209 ,
1489 2176 1538 2210 τὴν
1572 2174 1601 2203 δὲ
1635 2176 1726 2213 ψυχὴν
1764 2175 1835 2212 πρὸς
1863 2175 1909 2207 τὰς

1081 2221 1279 2252 ἀποσταλείσας
1295 2220 1336 2248 ἐπ’
1351 2221 1434 2255 αὐτὴν
1461 2219 1504 2248 διὰ
1526 2222 1575 2247 τοῦ
1601 2219 1759 2258 βλέμματος
1787 2222 1837 2247 τοῦ
1854 2230 1907 2247 σω-

196 2262 384 2297 cogitationis
396 2263 533 2292 manibus
543 2264 781 2300 inseparabiliter
788 2267 937 2303 complexa
946 2276 1024 2301 eum,

1084 2269 1198 2302 ματικοῦ
1214 2265 1314 2303 ἔρωτος
1340 2264 1441 2300 ἡδονὰς
1465 2265 1507 2292 ἀεὶ
1536 2264 1726 2303 φθιιρομένην.
1745 2261 1830 2300 Φόϐῳ
1854 2264 1904 2301 γαρ

197 2313 283 2341 quem
301 2306 358 2334 sibi
374 2307 552 2343 impressum
564 2311 592 2336 et
608 2309 789 2345 insculptum
807 2313 896 2344 amat,
910 2320 1026 2347 semper

197 2349 282 2378 illum
298 2357 397 2379 secum
413 2351 595 2387 circumlert;
612 2355 640 2381 et
655 2362 719 2389 qum
741 2363 862 2391 corpore
887 2364 1025 2393 peragere

235 2414 258 2432 “
272 2414 356 2442 Prov.
372 2423 422 2449 v11,
438 2417 484 2444 22.

200 2518 212 2530 ν
234 2485 292 2522 (25)
307 2485 384 2522 Ἕσῃ.
405 2487 454 2516 Sic
469 2495 541 2516 mss.
558 2491 586 2516 et
600 2489 690 2517 editio
706 2490 824 2519 Veneta.
841 2491 1025 2525 Parisiensis,

199 2531 264 2548 εστι.

233 2557 291 2598 (2_6)
304 2557 422 2598 Ἱκανόν..
431 2559 476 2586 Sic
491 2560 656 2598 reperimus
681 2561 710 2588 in
732 2562 863 2598 quinque
877 2562 1025 2591 veteribus

199 2593 292 2621 libris.
311 2594 399 2629 Edriti,
416 2594 508 2629 ἱκανή.

217 2630 293 2670 ,(27)
308 2628 375 2692 Kay,
385 2631 432 2658 Sic
449 2640 520 2659 mss.
537 2634 566 2659 et
581 2632 670 2660 editio
695 2632 811 2660 Veneta.
837 2633 928 2661 Editio
945 2635 1024 2661 Pari-

217 2673 317 2692 iensis.
352 2675 387 2692 ια.

198 2673 317 2697 mensis,
334 2673 387 2693 οια.

232 2701 289 2734 (28)
306 2699 387 2728 Σοϐιῖ
402 2702 463 2736 τήν.
480 2702 527 2730 Sic
545 2711 615 2731 mss.
634 2703 720 2736 Editi,
738 2700 867 2730 σοϐεῖται.

233 2737 289 2773 (29)
304 2738 367 2768 Καθ’
381 2737 473 2764 ἑαυτόν
489 2737 560 2765 ἐστιν
577 2739 591 2765 ὁ
608 2739 734 2773 ποιήσας.
751 2739 795 2767 Sic
811 2740 899 2767 editio
916 2740 1024 2768 Veneta

197 2773 226 2809 et
242 2771 372 2809 plerique
387 2782 459 2802 mss.
474 2775 650 2803 Rarisiensis
665 2771 766 2809 editio,
782 2775 841 2802 καθ’
856 2775 934 2802 έαιυτό
952 2775 1023 2804 ἐστιν

199 2804 214 2832 8
228 2804 258 2833 τὶ
271 2806 302 2834 τὸ
317 2804 443 2842 ποιῆσαν.

1082 2311 1100 2345 ἢ
1116 2309 1190 2338 αἰδοῖ
1217 2313 1266 2344 τῆς
1296 2308 1495 2348 προειληφυίας
1525 2309 1593 2336 κατά
1620 2309 1670 2342 τήν
1701 2307 1796 2344 ἔξωθεν
1813 2309 1908 2346 παρθε-

1080 2355 1137 2383 νίαν
1164 2353 1243 2390 δόξης
1267 2355 1323 2391 μεθ’
1347 2354 1515 2392 ὑποκρίσεως
1541 2353 1676 2390 ἐχομένη,
1691 2353 1782 2380 καὶτὸ
1797 2363 1907 2390 γυμνω-

1118 2490 1172 2526 (30)
1186 2491 1244 2516 Τῶν
1266 2491 1440 2525 σωματικῶν.
1465 2489 1546 2517 Unus
1572 2497 1605 2517 ex
1635 2490 1732 2525 Regiis
1757 2489 1907 2517 codicibus

1076 2526 1156 2562 juvit
1172 2527 1207 2554 ad
1233 2526 1450 2554 emendandum
1466 2526 1542 2560 quod
1565 2533 1650 2562 prave
1666 2526 1695 2562 in
1719 2526 1810 2562 editis
1830 2526 1906 2561 lege-

1079 2559 1179 2594 batur,
1194 2563 1234 2596 τῷ
1249 2563 1407 2597 σωματικῷ.
1425 2559 1505 2597 Idem
1531 2559 1619 2597 codex
1644 2561 1742 2593 habet,
1759 2560 1782 2597 εί
1800 2559 1829 2588 δὲ
1844 2559 1905 2589 που.

1079 2598 1144 2625 Mox
1160 2595 1498 2633 quatuor'mssﬁprortE
1523 2596 1605 2627 αὐτῆς
1629 2597 1749 2629 habent,
1766 2596 1791 2623 ἐν
1815 2597 1905 2633 ἑαυτῇ.

1079 2632 1274 2663 Colbertinus.
1295 2633 1320 2668 ἐξ
1337 2632 1420 2667 αὐτῆς
1437 2632 1533 2667 αὐτήν.

1115 2670 1169 2704 (31)
1186 2667 1341 2704 Ἐμμὲνειν.
1358 2669 1497 2697 Nonnulli
1519 2668 1643 2700 codices,
1659 2667 1758 2703 μένειν.
1776 2671 1805 2695 et
1829 2676 1904 2702 mox,

1079 2703 1325 2741 ἰνσφραγισοὲῖσαν.

1113 2715 1122 2730 τ
1145 2715 1325 2741 ραγισυεισαν.

1113 2715 1167 2780 (32)
1185 2739 1283 2780 Αὐτου.
1303 2742 1337 2768 Et
1355 2739 1568 2780 editiq‘lepeta
1581 2741 1610 2780 e_t
1624 2741 1735 2767 veteres
1750 2738 1818 2766 libri
1835 2747 1903 2766 con-

1077 2773 1210 2805 sentiunt
1224 2777 1253 2804 in
1269 2777 1324 2805 hac
1339 2785 1417 2805 voce.
1434 2775 1521 2811 Editi,
1535 2773 1629 2808 αὐτῆς.
