2010 3145
164 131 224 162 699

639 137 839 170 APPENDIX
860 138 1023 171 OPERUM
1045 138 1078 169 S.
1101 137 1242 169 BASILII
1263 137 1401 169 MAGNI.

1816 139 1876 171 700

170 201 330 230 admodum
344 203 423 230 enim
439 211 506 232 cum
525 203 624 239 ignem
639 204 800 241 tangimus,
817 205 902 242 signa
915 205 994 242 ignis
1008 217 1016 240 λ

1068 203 1160 241 μάτων
1180 203 1284 241 καθαρὰ
1313 201 1446 240 εὐρεθείη.
1475 204 1519 234 Ὠς
1534 204 1584 242 γὰρ
1610 204 1658 231 τοῦ
1682 204 1767 241 πυρὸς
1795 195 1879 231 ἀπτό-

170 253 221 281 per
235 245 395 281 impressas
408 247 492 275 nobis
503 248 675 276 adustiones
685 249 857 285 accipimus,
867 257 920 277 nec
930 249 994 277 ﬁeri

170 292 276 326 potest,
294 294 326 318 ut
340 291 389 327 qui
406 292 503 327 ignem
521 301 610 321 manu
625 293 734 330 tetigit,
745 302 846 330 puram
863 294 899 322 ab
915 293 996 321 illius

167 335 195 362 vi
209 336 312 363 urendi
325 345 444 364 manum
456 338 608 372 ostendat;
621 339 670 366 sed
683 338 806 374 pustula
818 339 918 367 statim
931 339 998 374 post

168 380 280 407 tactum
296 384 462 417 surgentes,
480 391 514 410 ac
529 391 586 410 non
610 383 673 410 sine
689 383 787 411 dolore
803 383 947 411 ferventes
963 390 997 410 ac

172 426 325 459 micantes,
338 426 435 454 ulcera
450 435 516 454 mox
526 430 667 463 eruptura
678 428 863 462 denuntiant,
876 428 997 463 autjam

173 470 318 506 impressa
330 471 428 498 manui
441 471 505 499 dira
514 474 674 500 cernuntur
687 472 799 500 ulcera:
812 473 853 500 sic
865 472 926 500 ﬁeri
940 480 997 500 non

175 517 281 550 potest.
298 518 330 542 ut
345 515 394 551 qui
414 515 604 544 libidinosum
623 517 719 553 ignem
736 517 875 553 attigerit,
891 525 998 552 purum

173 559 209 587 ab
221 559 302 587 illius
312 560 405 595 signis
417 569 537 588 manum
549 563 699 595 ostendat;
712 562 762 589 sed
772 561 815 589 vel
828 562 928 589 eodem
942 569 999 588 m0-

172 603 208 631 dc
224 612 257 631 ac
273 605 301 631 in
319 612 425 632 manus
447 607 537 640 tactu,
552 605 676 641 pustulas
692 605 766 634 clam
784 605 813 634 in
830 606 916 633 corde
932 614 998 633 sur-

173 650 286 684 gentes,
298 648 366 676 dirze
389 649 497 676 amoris
520 651 766 685 perturbationes,
778 651 889 678 fervent
899 653 928 678 et
943 650 998 677 mi-

173 694 252 724 cant,
267 700 301 719 ac
317 693 551 722 intolerabilibus
564 695 691 722 motibus
706 697 877 729 aestuantes,
889 694 999 731 peccati

173 737 273 765 ulcera
283 739 419 773 protinus
429 741 569 774 eruptura
580 739 764 774 minitantur,
772 741 891 775 autjam
905 742 999 767 totum

175 789 224 809 cor
239 780 320 809 intus
331 782 528 810 exulceratum
540 784 708 812 ostendunt.
721 785 798 819 Ignis
809 784 886 812 enim
899 792 1000 812 accen-

175 833 227 853 sus
243 828 297 860 est,
310 825 416 862 inquit,
430 827 458 855 in
475 829 612 856 omnibus
628 829 786 857 membris:
805 828 1001 865 quodcunque

175 872 273 898 autem
289 870 440 905 invaserit,
452 872 591 900 radicitus
602 873 705 909 perdit.
716 873 809 906 Quare
819 882 885 901 cum
897 874 926 901 in
937 881 998 901 om-

176 914 265 942 nibus
277 916 417 943 membris
430 915 507 952 ignis
519 917 568 944 ille
579 919 765 951 accendatur,
777 917 824 945 his
836 918 886 954 qui
902 918 1004 945 volunt

177 967 284 995 purum
307 960 343 987 ab
372 961 576 989 exustionibus
605 970 712 998 corpus
740 962 886 995 exhibere,
897 970 1003 990 caven-

177 1003 247 1031 dum
262 1006 307 1032 est
321 1012 338 1031 a
352 1004 482 1039 cujusvis
503 1006 627 1034 membri
644 1009 734 1042 tactu,
747 1015 783 1034 ne
804 1015 957 1035 accensam
973 1006 1003 1034 in

177 1048 309 1075 membro
320 1048 378 1076 vim
389 1049 478 1085 ignis,
492 1058 542 1085 per
558 1053 667 1078 tactum
685 1060 742 1079 non
753 1051 849 1079 solum
865 1051 894 1079 in
911 1059 1003 1079 mem-

181 1092 233 1120 bro
249 1093 326 1128 quod
341 1093 497 1129 tetigerint,
509 1095 560 1122 sed
576 1095 604 1123 in
621 1098 681 1123 toto
703 1104 832 1132 corpore,
847 1104 880 1123 ac
895 1096 924 1123 in
941 1096 1005 1132 ipsa

182 1137 282 1165 anima
290 1138 463 1173 suscipiant.
471 1139 542 1167 Nam
553 1140 577 1167 si
586 1141 709 1168 caudam
719 1140 817 1176 aliquo
828 1143 1006 1168 tantummo-

183 1180 220 1208 do
231 1182 375 1216 serpentis
386 1184 535 1218 tangente,
547 1186 644 1220 caput,
659 1184 713 1212 etsi
728 1185 757 1212 in
770 1185 866 1213 medio
877 1185 1006 1220 positum

182 1226 333 1261 tantopere
344 1226 443 1260 distat,
456 1229 552 1255 tamen
566 1228 601 1256 ad
619 1229 728 1257 factum
744 1229 772 1256 in
787 1229 880 1257 cauda
894 1232 1006 1256 tactum

183 1270 284 1297 statim
309 1272 489 1299 convertitur
504 1281 511 1300 :
526 1275 554 1300 et
569 1273 594 1300 si
610 1274 692 1309 pedis
718 1274 810 1301 nostri
836 1273 927 1309 digito
952 1274 1008 1300 im-

185 1314 332 1350 pingente,
349 1316 446 1351 capilli
462 1316 492 1344 in
508 1318 602 1353 capite
624 1318 725 1346 statim
751 1318 819 1346 recti
836 1319 1006 1354 eriguntur;

184 1361 262 1386 certe
277 1359 452 1388 libidinosus
475 1363 582 1393 tactus.
598 1363 686 1390 etiam
703 1363 727 1391 si
742 1363 772 1390 in
789 1371 877 1391 manu
892 1365 1008 1390 tantum

185 1404 246 1439 ﬂat,
261 1407 360 1432 tamen
376 1413 393 1432 a
407 1407 502 1441 capite
517 1415 607 1442 usque
622 1408 656 1435 ad
673 1409 817 1435 extremos
833 1415 958 1444 ungues,
973 1407 1009 1435 ad

186 1456 307 1476 sensum
335 1449 505 1486 voluptatis,
520 1459 571 1486 pro
594 1452 741 1487 tangentis
766 1454 851 1484 nutu,
868 1451 1011 1488 pertrahit

185 1500 302 1528 corpus.
316 1493 349 1520 Et
360 1495 609 1529 quemadmodum
621 1495 695 1532 lapis
710 1496 740 1523 in
756 1497 889 1524 cisternas
902 1504 1009 1532 aquam

186 1537 347 1572 conjectus,
362 1546 419 1566 non
436 1539 530 1567 solum
545 1540 726 1575 adjacentem
742 1549 824 1576 aquae
841 1543 963 1577 partem,
980 1540 1009 1568 in

1053 258 1139 285 μενοι,
1169 247 1203 275 τὰ
1230 248 1371 284 σήμαντρσ
1397 249 1446 275 τοῦ
1474 248 1559 285 πυρὸς
1578 246 1623 275 διὰ
1645 250 1698 276 τῶν
1727 247 1878 286 ἐγγινομι-

1051 303 1101 320 νων
1206 293 1274 329 ἡμῖν
1301 293 1460 328 καυοτήρων
1491 291 1637 330 δεχόμεθα,
1666 293 1709 320 καὶ
1731 293 1877 330 ἀμήχανον

1052 337 1125 375 χειρὶ
1159 337 1245 372 πυρὸς
1283 336 1464 375 ὶφαψάμενον,
1503 337 1619 374 καθαρὰν
1652 340 1703 372 τῆς
1729 341 1877 372 καυστικῆς

1052 381 1188 419 ἐνεργείας
1214 381 1312 408 τούτου
1327 380 1410 418 δεῖξαι
1430 382 1479 416 τὴν
1510 384 1601 420 χεῖρα,
1618 381 1682 409 ἀλλ’
1696 382 1714 416 ἢ
1731 381 1876 421 φλυκτίδες

1052 428 1087 463 τῇ
1102 427 1157 465 ἀφῇ
1174 425 1279 463 ἀθρόως
1295 425 1487 460 ἂπαναστᾰσαι,
1514 426 1558 453 καὶ
1591 425 1711 463 ὀδυνηρὰ
1727 426 1834 461 ζέουσαί
1849 438 1877 454 τε

1053 470 1097 498 καί
1127 470 1287 510 σφύζουσαι,
1314 469 1381 505 ἕλκη
1400 470 1515 508 ῥαγῆναι
1533 472 1588 507 (40)
1605 470 1682 502 εὐθὺς
1707 470 1876 505 ἀπειλοῦσιν,

1053 516 1071 550 ἢ
1088 514 1142 550 ἤδη
1159 515 1294 554 φθάσαντα
1320 514 1345 542 ἐν
1372 517 1406 552 τῇ
1436 515 1510 552 χειρὶ
1536 516 1620 553 πικρὰ
1639 516 1733 553 ὁρᾶται
1749 516 1784 542 τὰ
1796 514 1875 551 ἓΛκη·

1054 559 1141 592 οὕτως
1170 560 1314 597 ἀμήχανον
1329 559 1459 598 ἐρωτικοῦ
1487 560 1571 597 πυρὸς
1600 559 1783 599 ἐφαψάμενον,
1799 566 1879 592 καθα-

1055 604 1103 642 ρὰν
1119 606 1174 632 τῶν
1196 604 1294 632 τούτου
1319 605 1481 642 σημάντρων
1506 605 1556 638 τήν
1572 605 1642 643 ἁφὴν
1657 603 1798 639 ἐπιδεῖξαι·
1815 604 1879 632 ἀλλ’

1054 650 1072 684 ἢ
1099 648 1168 676 κατᾶ
1181 649 1213 676 τὸ
1228 648 1326 685 ὅμοιον
1341 652 1391 683 τῆς
1405 648 1472 676 κατὰ
1486 649 1534 683 τὴν
1551 652 1633 686 χεῖρα
1645 649 1726 688 ἁφῆς,
1744 648 1879 687 φλυκταῖ-

1054 704 1097 721 ναι
1126 695 1160 730 τῇ
1176 688 1275 730 καρδίᾳ
1289 693 1427 730 λαθραίως
1453 693 1641 728 ἰπαναστᾶσαι,
1670 693 1703 720 τὰ
1722 693 1808 731 πικρὰ
1831 695 1880 720 τοῦ

1055 735 1156 777 ἔρωτος
1172 739 1258 773 πάθη,
1278 737 1365 772 ζίουσί
1389 748 1419 765 τε
1443 737 1489 765 καὶ
1514 737 1654 776 σφύζουσι,
1682 737 1728 764 καὶ
1753 737 1880 776 ἀσχέτοις

1055 782 1178 820 παλμοῒς
1202 782 1394 820 συνεχόμεναι,
1422 783 1456 809 τὰ
1483 785 1533 816 τῆς
1563 781 1696 820 ἁμαρτίας
1711 781 1779 817 ἕλκη
1798 781 1880 820 ῥαγῆ-

1055 838 1096 854 ναι
1126 826 1206 858 εὐθὺς
1221 825 1391 861 ἀπειλοῦσιν,
1407 825 1425 860 ἢ
1441 824 1495 861 ἤδη
1512 826 1580 861 ὅλην
1596 825 1762 862 ὴλκωμὲνην
1780 825 1808 853 ἐν
1824 826 1881 862 (41)

1058 871 1133 910 βάθει
1160 871 1210 905 τὴν
1238 869 1350 909 καρδίαν
1379 869 1506 898 δείκνυσι.
1526 872 1582 908 Πῦρ
1609 869 1660 908 γάρ
1688 869 1744 897 ἐστι
1769 869 1882 906 καιόμε-

1057 927 1114 952 νον,
1144 915 1236 954 φησὶν,
1261 915 1305 943 ἰπὶ
1319 916 1427 942 πάντων
1441 917 1495 942 τῶν
1513 913 1615 951 μελῶν”
1633 915 1664 942 οὗ
1680 912 1703 942 δ’
1718 913 1748 941 ἃν
1765 914 1879 951 ἰπὲλθῃ,

1058 961 1088 989 ἐκ
1104 961 1186 999 ῥιζῶν
1211 959 1362 988 ἀπώλεσεν.
1387 960 1467 987 Ὥστε
1493 959 1587 994 ἄπειδὴ
1616 959 1660 986 ἰπὶ
1688 959 1798 986 πάντων
1827 961 1881 986 τῶν

1060 1005 1151 1043 μελῶν
1179 1004 1234 1032 tam
1258 1005 1290 1032 τὸ
1318 1006 1371 1042 πῦρ
1399 1006 1480 1031 τοῦτο
1495 1005 1654 1040 καιόμενον,
1668 1006 1726 1034 τοῖς
1751 1003 1885 1041 προθεμέ-

1059 1060 1115 1081 νοις
1143 1049 1261 1087 καθαρὸν
1276 1050 1419 1086 καυτήρων
1435 1049 1467 1076 τὸ
1484 1050 1564 1084 σῶμα
1584 1047 1716 1076 δεικνύναι
1732 1047 1882 1086 φυλακτέον

1060 1095 1188 1122 ἅπτεσθαι
1213 1104 1287 1124 τινος
1310 1095 1364 1121 τῶν
1392 1093 1493 1129 μελῶν·
1521 1092 1568 1120 ’ίνα
1595 1093 1633 1130 μὴ
1649 1093 1699 1127 τὴν
1714 1092 1758 1120 ἰπὶ
1783 1091 1885 1129 μέλους

1059 1139 1206 1175 καιομένην
1223 1139 1280 1175 (42)
1307 1137 1439 1175 ἐνέργειαν
1468 1140 1516 1165 τοῦ
1533 1137 1630 1175 πυρὸς,
1659 1136 1704 1164 διὰ
1728 1140 1779 1171 τῆς
1803 1137 1885 1176 ἁφῆς,

1061 1184 1111 1211 οὑκ
1123 1182 1166 1210 ἐπὶ
1194 1184 1243 1210 τοῦ
1259 1182 1358 1220 μέρους
1374 1181 1455 1218 μόνον
1487 1182 1517 1209 οὗ
1531 1181 1648 1218 ἥψαντο,
1676 1180 1740 1209 ἀλλ’
1766 1181 1806 1213 εἷς
1822 1181 1886 1209 ὅλον

1061 1228 1091 1255 τὸ
1116 1229 1207 1263 σῶμα,
1229 1226 1274 1254 καὶ
1290 1226 1328 1258 εἷς
1343 1227 1427 1261 αὐτὴν
1442 1227 1492 1260 τήν
1516 1226 1609 1263 ψυχὴν
1626 1224 1838 1261 καταδίξωνται.
1855 1225 1885 1254 Εἰ

1061 1272 1112 1310 γὰρ
1126 1272 1175 1307 τῆς
1205 1270 1286 1308 οὐρᾶς
1301 1281 1342 1302 τις
1360 1271 1442 1308 μόνον
1455 1272 1503 1297 τοῦ
1530 1269 1618 1309 ὄφεως
1642 1270 1742 1307 ἥψατο.
1773 1270 1820 1297 καὶ
1842 1281 1886 1297 το-

1063 1316 1152 1352 σούτῳ
1173 1316 1255 1353 μήκει
1270 1315 1297 1343 ἐν
1314 1314 1389 1352 μέσῳ
1403 1317 1451 1342 τοῦ
1467 1315 1592 1351 σώματος
1609 1316 1626 1349 ἡ
1642 1314 1748 1353 κεφαλὴ
1764 1315 1888 1354 ἀφεστώ-

1063 1371 1106 1397 σα,
1136 1360 1213 1397 ὅμως
1241 1361 1308 1397 πρὸς
1322 1361 1372 1395 τὴν
1387 1359 1412 1388 ἐν
1427 1361 1462 1396 τῇ
1479 1359 1545 1397 οὗρᾷ
1557 1359 1705 1397 γενομὲνην
1722 1360 1792 1398 ἁφὴν
1811 1358 1886 1391 εὐθὺς

1064 1405 1261 1444 ἐπιστρέφεται·
1291 1403 1335 1431 καὶ
1365 1404 1388 1432 εί
1402 1406 1451 1432 τοῦ
1466 1403 1491 1431 ἐν
1515 1404 1556 1439 τῷ
1571 1401 1634 1430 ποδὶ
1651 1405 1732 1439 ὴμῶν
1753 1402 1887 1430 δακτύλου

1064 1449 1310 1488 προσπταίσαντος,
1340 1449 1367 1475 αἱ
1382 1448 1408 1476 ἐν
1433 1450 1467 1485 τῇ
1482 1446 1588 1487 κεφαλῇ
1603 1447 1696 1485 τρίᾸες
1714 1447 1793 1485 ὀρθαὶ
1810 1447 1888 1479 εὐθὺς

1064 1494 1264 1522 ἐπανίστανται·
1292 1492 1338 1520 καὶ
1366 1493 1383 1527 ἡ
1410 1492 1534 1529 ἐμπαθὴς
1562 1492 1669 1523 πάντως
1684 1493 1739 1528 (43)
1755 1491 1824 1531 ἁφὴ,
1841 1490 1888 1519 κᾶν

1065 1538 1091 1567 ἐν
1111 1540 1146 1576 τῇ
1174 1537 1248 1576 χειρὶ
1262 1537 1371 1575 γένηται
1389 1537 1482 1573 μόνον,
1514 1537 1566 1564 ἀπὸ
1581 1535 1703 1575 κεφαλῆς
1719 1534 1772 1568 ἓως
1799 1535 1888 1573 ἄκρων

186 1588 276 1616 quam
292 1581 405 1617 cecidit,
422 1583 557 1619 exagitat,
574 1585 624 1612 sed
640 1585 728 1612 etiam
744 1585 817 1613 alios
832 1593 866 1613 ex
881 1585 947 1613 aliis
963 1593 1009 1612 οι·-

1066 1582 1185 1621 ὀνύχωῦ,
1215 1581 1291 1618 ὅμως
1307 1581 1374 1619 πρὸς
1388 1581 1439 1615 τὴν
1454 1579 1625 1615 συναίσθησιν
1640 1583 1690 1614 τῆς
1705 1578 1808 1614 ἡδονῆς
1824 1579 1891 1607 κατὰ

186 1625 238 1652 bes
252 1625 393 1659 excitans,
405 1635 498 1662 usque
510 1628 545 1655 ad
562 1631 692 1656 extrema
707 1629 773 1656 illos
788 1629 936 1657 interdum
953 1629 1011 1665 agi-

185 1669 276 1697 tando
292 1670 443 1705 perducit:
461 1672 501 1699 ita
516 1671 691 1700 libidinosus
707 1673 901 1709 aspectus,ve1
915 1681 1011 1701 sermo

188 1713 346 1749 voluptatis
370 1715 557 1744 eﬂ'eminatus
582 1716 735 1750 illecebris,
752 1717 781 1744 in
809 1717 929 1753 virginis
949 1717 1013 1745 ani-

189 1765 278 1791 mam,
304 1759 382 1786 velut
410 1759 439 1786 in
469 1760 578 1788 undam
606 1761 796 1796 purissimam
826 1762 1014 1790 vehementer

189 1801 323 1838 illapsus,
339 1803 411 1832 alias
426 1812 460 1832 ex
476 1804 540 1832 aliis
561 1806 730 1840 amatorias,
748 1809 780 1833 ut
804 1806 834 1833 in
860 1806 1014 1842 profundo,

190 1847 319 1875 excitans
341 1848 543 1884 cogitationes,
560 1849 724 1885 perculsam
750 1850 831 1878 illius
856 1851 904 1886 qui
931 1859 1014 1886 aspe-

190 1893 270 1919 ctum
286 1893 421 1927 conjecit,
437 1893 566 1930 imagine
580 1897 672 1922 totam
689 1894 818 1924 animam
834 1895 939 1931 quatit.

1065 1627 1158 1655 τὸτοῦ
1173 1625 1313 1663 ἀψαμίνυυ
1339 1622 1490 1661 σύμϐολον,
1520 1623 1642 1652 συνὲλκει
1661 1624 1691 1651 τὸ
1719 1626 1810 1660 σῶμα,
1838 1624 1888 1652 Καὶ

1066 1672 1104 1703 ὡς
1121 1670 1199 1698 λίθου
1216 1669 1300 1708 βολὴ,
1312 1669 1381 1697 κατὰ
1393 1671 1442 1696 τοῦ
1457 1668 1482 1696 ἐν
1502 1670 1537 1705 τῇ
1557 1667 1688 1705 δεξαμενῇ
1701 1667 1800 1699 ὕδατος
1816 1679 1892 1705 γινο-

1069 1717 1148 1753 μένη,
1178 1715 1210 1742 οὐ
1238 1714 1270 1742 τὸ
1298 1713 1495 1751 παρακείμενον
1528 1713 1609 1751 μὲρυς
1622 1714 1671 1740 τοῦ
1689 1711 1787 1743 ὕδατος
1804 1711 1892 1745 καθ¹δ

1067 1761 1207 1788 πέπτωκεν
1225 1760 1238 1786 ὁ
1255 1758 1330 1790 λίθος
1356 1759 1437 1795 μόνον
1463 1757 1600 1795 κυμαίνει,
1630 1756 1694 1785 ἀλλ’
1717 1756 1823 1789 ἄλλους
1854 1757 1895 1784 ἐπ’

1069 1804 1166 1835 ἄλλοις
1184 1803 1302 1834 κύκλους
1327 1804 1383 1840 (44)
1410 1803 1623 1837 ἐπαναστήσατα,
1648 1800 1701 1834 ἕως
1724 1803 1779 1828 τῶν
1804 1801 1891 1839 ἄκρων

1067 1849 1181 1879 τούτους
1210 1845 1265 1880 ἔσθ’
1293 1847 1337 1875 ὅτε
1365 1847 1533 1884 κυμαίνουσα
1560 1846 1629 1884 ἄγει·
1661 1846 1747 1877 οὕτως
1763 1845 1894 1884 ἐρωτικὸν

1075 1893 1197 1932 βλέμμα,
1225 1892 1243 1927 ἢ
1272 1891 1355 1930 λόγος
1383 1891 1484 1926 ἡδονῆς
1497 1890 1682 1928 τεθηλυμὲνος
1707 1889 1894 1928 μειλίγμασιν,

191 1935 231 1967 είς
244 1936 294 1970 τὴν
308 1939 357 1971 τῆς
371 1938 504 1973 παρθάνου
518 1939 623 1976 ψυχὴν,
641 1939 731 1974 ὥσπερ
748 1939 786 1970 εἷς
797 1939 913 1977 καθαρὸν
928 1938 1000 1977 ὕδωρ
1015 1937 1140 1978 σφοδρῶς
1157 1937 1294 1974 ἐμπεσὼν,
1310 1935 1396 1967 ἄλλοις
1411 1936 1451 1964 ἐπ’
1468 1935 1555 1967 ἄλλας
1569 1937 1625 1972 (45)
1641 1935 1782 1973 ἐρωτικὰς,
1810 1935 1848 1966 ὡς
1870 1935 1895 1962 ἓν

196 1978 282 2015 βυθῷ,
298 1979 409 2018 ἐγείρων
426 1980 542 2017 ἐννοίας,
559 1982 627 2018 ὅλην
645 1983 730 2017 αὐτὴν
746 1985 814 2022 πρὸς
825 1984 875 2018 τὴν
890 1985 938 2010 τοῦ
955 1982 1108 2021 βάλλοντος
1124 1981 1268 2021 φαντασίαν
1284 1981 1437 2018 πληγεῖσαν
1453 1980 1591 2016 κυμαίνει.

231 2025 274 2052 15.
285 2025 466 2062 Quaqropter
475 2029 588 2063 oportet
598 2027 771 2063 maxime,ut
778 2028 859 2064 virgo
867 2030 929 2056 tum
939 2037 1020 2064 aspe-

193 2071 260 2097 ctus
275 2072 338 2098 tum
353 2071 433 2099 vocis
447 2071 615 2106 blanditias,
629 2081 692 2108 quis
707 2073 851 2109 pestiferae
863 2073 1020 2109 voluptatis

193 2123 338 2143 venenum
350 2118 430 2149 sunt,
443 2125 459 2144 a
474 2116 601 2152 propriis
616 2118 753 2145 sensibus
765 2126 852 2153 quam
868 2118 945 2146 032
960 2117 1020 2146 lon-

195 2159 317 2195 gissime
332 2159 467 2195 repellat;
490 2161 625 2188 auditum
642 2161 760 2197 quidem
780 2161 861 2189 intus
875 2167 956 2190 casta
970 2170 1019 2190 coo

185 2200 335 2239 'gitatione
349 2204 501 2238 obserans,
513 2205 614 2233 oculos
636 2208 732 2234 autem
748 2215 783 2234 ex
797 2214 884 2234 sexus
909 2207 1019 2242 pudore

194 2247 291 2275 sciens
303 2250 441 2276 avertere.
452 2248 525 2276 Nam
537 2249 562 2276 si
577 2249 666 2277 semel
681 2258 732 2285 per
741 2250 841 2278 oculos
852 2253 880 2278 et
894 2259 980 2279 aures
989 2250 1019 2278 in
1036 2244 1059 2276 Ι)

195 2291 324 2320 animam
345 2292 458 2320 aditum
483 2293 644 2327 inveniant,
656 2294 735 2322 aliud
760 2294 954 2324 blandimenti
970 2303 1018 2332 ge-

196 2344 264 2370 nus,
275 2345 381 2373 nempe
396 2345 549 2373 manuum,
559 2339 673 2366 socium
690 2343 952 2376 assumcntes,qua3
967 2349 1021 2368 sua

196 2383 266 2409 sunt
277 2381 406 2417 profecto
418 2382 556 2417 temporis
571 2391 726 2419 progressu
743 2385 903 2420 perficient.
915 2386 1021 2417 Quem-

196 2426 355 2454 admodum
371 2426 450 2454 enim
464 2434 532 2455 cum
548 2427 668 2456 militari
684 2429 803 2457 cohorte
818 2429 976 2457 adveniens
991 2428 1021 2456 in

197 2471 301 2499 urbem
318 2471 412 2506 miles,
425 2472 544 2500 domum
558 2473 614 2501 sibi
632 2474 668 2502 ad
683 2473 878 2503 habitandum
894 2483 1023 2510 quoquo-

196 2523 313 2544 versum
329 2516 474 2545 circuiens
491 2517 626 2553 inquirit,
643 2527 677 2547 ac
691 2519 735 2547 vel
754 2519 866 2548 foribus
882 2519 908 2547 vi
924 2518 1023 2547 exclu-

233 2625 290 2662 (39)
299 2626 514 2665 _'Ewwcpévcuv.
531 2627 669 2656 Nonnulli
686 2627 811 2661 codices,
825 2627 1019 2665 ἐγγενομένων,

196 2666 223 2690 et
239 2661 325 2699 paulo
344 2661 420 2698 post,
438 2661 609 2699 φλυκταῖναι.

234 2698 291 2734 (40)
306 2697 449 2736 Ῥαγῆναι(
464 2698 552 2726 Paulo
577 2701 642 2736 post
665 2699 766 2736 eadem
792 2708 845 2736 vox
869 2699 1019 2736 repetitur.

199 2733 230 2761 In
247 2733 446 2772 utroqueiloco
462 2743 513 2762 sex
539 2733 667 2772 codices,
679 2735 797 2768 habent,
814 2733 942 2772 ῥαγεῖσᾶι.
966 2735 1019 2763 Sed

199 2768 305 2796 melius
320 2769 504 2799 Colbertinus
516 2779 583 2799 cum
599 2770 696 2799 editis.

236 2804 293 2841 (41)
307 2805 361 2833 ‘Ev.
378 2806 544 2843 Prsapositio
563 2807 664 2836 addita
677 2815 713 2836 ex
727 2806 862 2843 pluribus
877 2816 950 2836 mel.

1112 2028 1155 2055 15.
1181 2026 1227 2053 Διὸ
1253 2024 1295 2053 δεῖ
1326 2024 1444 2062 μάλιστα
1458 2025 1508 2059 τήν
1533 2024 1664 2061 παρθινον
1678 2022 1724 2054 τάς
1739 2033 1768 2050 τε
1785 2021 1831 2050 διὰ
1845 2025 1897 2050 τῶν

1077 2070 1244 2109 βλεμμάτων
1268 2070 1313 2097 καὶ
1335 2072 1384 2104 τῆς
1413 2072 1504 2106 φωνῆς
1531 2067 1683 2101 κολακείας,
1713 2070 1764 2102 τῆς
1788 2073 1898 2106 φθειρο-

1074 2117 1155 2144 ποιοῦ
1171 2113 1273 2150 ἡδονῆς
1298 2114 1440 2152 φάρμακον
1465 2112 1556 2148 οὔσας,
1581 2114 1635 2139 τῶν
1653 2110 1729 2139 ἰδίων
1745 2111 1897 2146 αἴσθήσεων

1074 2161 1111 2191 ὡς
1141 2159 1311 2198 πορῥωτάτω
1340 2158 1483 2186 ιλαύνειν·
1523 2157 1572 2191 τὴν
1603 2157 1649 2194 μὲν
1680 2157 1764 2191 ἀκοὴν
1795 2156 1899 2184 ἔνδοθεν

1075 2206 1196 2245 σώφρονι
1224 2204 1352 2243 λογισμῷ
1367 2203 1600 2242 ἀποφράττουσαν,
1616 2202 1680 2233 τοὺς
1696 2201 1724 2229 δὲ
1739 2201 1898 2240 ὀφθαλμοὺς

1074 2250 1252 2289 ἀποστρεφειν
1280 2249 1349 2277 κατὰ
1376 2248 1454 2286 φύσιν
1481 2248 1675 2286 γινώσκουσαν.
1704 2247 1766 2276 ’Ὁτι
1783 2245 1815 2273 ἂν
1832 2247 1897 2282 ἅπαξ

1074 2294 1110 2324 δι’
1138 2294 1287 2333 ὀφθαλμῶν
1318 2294 1365 2321 καὶ
1393 2293 1477 2328 ἀκοῆς
1505 2291 1548 2320 ἰπὶ
1577 2292 1626 2326 τήν
1655 2291 1747 2328 ψυχὴν
1778 2290 1897 2328 πάροδον

1074 2337 1192 2375 λάϐωσι,
1218 2340 1262 2366 καὶ
1291 2339 1341 2374 τὴν
1359 2338 1450 2375 ἑτέραν
1468 2337 1564 2365 λοιπὸν
1581 2335 1625 2364 διὰ
1638 2339 1688 2371 τῆς
1705 2335 1800 2373 χειρὸς
1814 2334 1896 2363 κολα-

1075 2384 1148 2412 κείαν
1164 2382 1299 2421 συνὲριθον
1328 2379 1544 2421 προσλαϐοῦσαι,
1559 2381 1594 2408 τὰ
1621 2381 1722 2408 ἑαυτῶν
1737 2380 1849 2412 πάντως
1862 2381 1898 2415 τῷ

1076 2428 1171 2467 χρόνῳ
1186 2428 1355 2466 ἐργάσονται,
1384 2427 1428 2458 Ὦς
1456 2427 1507 2464 γὰρ
1534 2425 1601 2462 μετὰ
1625 2427 1674 2453 τοῦ
1703 2426 1896 2462 στρατιωτικοῦ

1076 2473 1213 2510 τάγματος
1241 2471 1350 2503 ἐπιστὰς
1379 2473 1413 2504 τῆ
1435 2469 1515 2498 πόλει
1531 2471 1546 2498 ὃ
1561 2470 1741 2506 στρατιώτης,
1758 2468 1846 2497 οίκίαν
1863 2468 1897 2499 είς

1081 2517 1166 2555 μονὴν
1183 2517 1270 2553 ἑαυτῷ
1295 2516 1409 2555 περιιὼν
1423 2515 1450 2543 ἐν
1463 2514 1557 2551 κύκλῳ
1573 2516 1659 2550 ζητεῖ,
1674 2513 1718 2541 καὶ
1734 2513 1752 2548 ἢ
1769 2512 1896 2541 ἀποκλει-

1112 2628 1169 2665 (ῼ)
1183 2626 1407 2665 gemmane
1422 2633 1494 2665 mss.
1511 2624 1674 2665 sex._Editi,
1683 2623 1830 2665 ἕειμὲνην.

1112 2658 1168 2697 (43)
1182 2658 1374 2694 ΙΙάντως.’8ἰο
1395 2662 1510 2690 codices
1532 2669 1550 2688 a
1571 2658 1745 2688 Gombeﬁsio
1769 2658 1850 2687 citati
1873 2659 1898 2685 et

1077 2698 1126 2726 alii
1143 2697 1287 2726 nonnulli.
1304 2697 1391 2733 Editi,
1407 2697 1516 2727 παντός.

1112 2735 1169 2770 (44)
1185 2733 1318 2770 Κύκλυυς.
1334 2728 1474 2770 Nonnulli
1490 2728 1751 2770 ουςίἰοοις,κύκλοιςἴ

1112 2736 1157 2770 (44
1185 2736 1318 2764 Κύκλους.
1334 2736 1474 2762 Nonnulli
1490 2736 1615 2765 codices,
1628 2736 1751 2761 κύκλοις.

1112 2736 1169 2815 (45)
1180 2768 1301 2815 ςἈλλας.
1314 2769 1453 2815 Nopnulli
1468 2768 1593 2801 codices,
1607 2765 1715 2796 ἃλλαις.
1733 2766 1797 2795 Mox
1812 2773 1897 2799 unus,

1076 2805 1144 2842 πρὸς
1159 2805 1217 2838 τὰς.
1223 2827 1229 2835 .
1235 2828 1242 2836 .
1257 2805 1414 2846 φαντασίας.
