2010 3145
182 172 242 203 703

662 167 862 201 APPENDIX
883 166 1047 199 OPERUM
1069 167 1103 198 S.
1127 166 1264 199 BASILlI
1285 167 1422 199 MAGNI.

1833 173 1891 203 7οι

185 238 252 266 lius.
260 239 331 265 Nam
343 237 422 265 vocis
432 238 462 265 et
471 237 623 265 oculorum
633 237 731 264 tactus
742 235 778 263 ad
791 241 933 262 manuum
949 235 1011 261 tac-

1068 242 1166 270 γοντας
1182 233 1315 270 ἁμαρτίαν
1328 236 1388 265 τοῖς
1404 233 1449 262 διὰ
1467 235 1569 263 τούτων
1598 246 1627 264 τε
1652 236 1698 264 καὶ
1728 236 1754 264 ἐν
1783 238 1892 269 τούτοις

183 285 246 310 tum
259 282 370 310 sensim
384 281 537 317 ducithsi
550 283 647 309 autem
661 288 763 308 omnes
773 279 804 307 hi
817 281 923 312 tactus,
935 278 1014 306 velut

183 327 213 354 in
229 329 332 354 catena
355 334 389 354 ex
404 334 469 354 sese
490 326 615 353 invicem
640 325 717 359 nexi,
734 324 813 352 illius
838 326 947 358 tactus,
963 322 1013 359 qui

184 373 230 399 est
244 371 274 398 in
289 370 399 398 carnali
416 369 661 406 copula,pronubi
677 369 832 396 ﬁunt.Non
849 367 930 396 solus
945 375 1014 403 ergo

183 415 233 443 ille
248 417 355 446 tactus.
371 415 421 451 qui
438 415 472 442 ad
490 414 637 442 carnalem
657 413 793 450 copulam
809 413 946 449 pertinet,
963 411 1013 439 sed

184 468 271 488 omne
282 468 376 496 genus
392 458 587 487 multiformis
600 461 748 492 tactus,ex
763 465 820 493 quo
834 457 931 485 omnis
947 464 1014 492 spe-

184 505 242 532 cies
259 513 310 540 per
321 513 426 532 sensus
439 502 696 538 nascitur,virgini
712 502 869 538 diligenter
880 502 1014 529 incorru-

185 552 268 586 ptum
282 549 457 576 servandum
474 550 530 582 est,
540 550 573 574 ut
584 548 621 574 ab
634 547 728 574 oculis
739 550 768 574 et
778 554 847 575 voce
858 549 886 573 et
894 545 1014 581 reliquis

183 593 341 630 voluptatis
354 593 484 620 motibus
495 592 611 620 eminus
622 592 730 620 missas
741 591 886 619 scintillas
897 592 1014 618 contra-

183 637 234 665 riis
251 638 400 673 pudicitiae
416 637 536 665 ﬂatibus
547 637 749 672 exstinguene,
761 635 848 664 simul
861 635 949 663 etiam
967 643 1012 662 ac-

181 690 301 710 censam
318 683 353 710 ab
370 682 428 709 illis
440 682 591 709 ﬂammam
602 681 761 717 prudenter
771 680 937 715 exstinguat
950 689 958 712 ;
969 678 1013 706 vel

182 727 280 763 potius
296 726 393 754 nullas
421 726 541 753 omnino
569 726 735 762 suscipiens
751 725 911 761 voluptatis
926 725 1013 758 faces,

183 779 336 807 nunquam
353 779 474 807 prorsus
489 771 593 798 habeat
617 770 647 798 in
676 770 816 798 carnibus
840 776 1014 797 succensam

181 815 341 852 voluptatis
358 815 612 852 ﬂammam.Virgo
629 815 719 852 igitur
737 815 774 842 sit
790 814 912 850 virginis
926 815 955 841 et
965 821 1015 840 au-

183 860 266 888 ditus
281 863 309 888 et
319 863 468 896 aspectus,
481 869 514 887 ac
530 862 627 888 tactus
641 860 730 888 etiam
747 862 775 886 et
789 858 886 886 omnis
904 861 1013 886 motus.

1069 275 1216 316 σφαλερῶς
1232 278 1288 314 (52)
1299 277 1422 310 ὀλίσθοις
1437 279 1628 316 mxumam.
1644 282 1703 308 Ὅτι
1728 282 1745 315 ἡ
1776 282 1825 317 μὶν
1849 281 1892 309 διὰ

1069 325 1162 360 φωνῆς
1176 321 1221 349 καὶ
1239 321 1405 359 βλεμμάτων
1420 324 1474 362 ἀφή
1491 324 1535 351 ἐπὶ
1558 325 1608 359 τήν
1631 328 1686 352 τῶν
1712 328 1813 364 χειρῶν
1843 325 1892 354 λα-

1069 365 1170 403 θραίως
1187 365 1284 395 ὁδεύει.
1302 367 1386 394 Δῦται
1403 367 1432 395 δὶ
1455 372 1548 403 πᾶσαι,
1560 369 1597 401 ὡς
1625 370 1652 397 ἐν
1677 370 1772 397 ἁλύσει
1801 369 1892 406 ἀλλη-

1069 409 1125 438 λων
1139 409 1279 448 ἐχόμεναι,
1295 415 1346 446 τῆς
1371 413 1439 440 κατὰ
1465 414 1516 447 τήν
1542 414 1704 450 συμπλοκὴν
1728 415 1800 453 ἁφῆς
1825 425 1892 453 προ-

1069 455 1216 493 μνήστριαι
1230 455 1358 494 γίνονται.
1375 457 1413 484 Οὔ
1430 457 1493 494 μίαν
1512 457 1558 485 οὖν
1580 459 1630 492 τὴν
1651 459 1718 486 κατᾶ
1739 460 1789 494 τὴν
1822 460 1894 496 μίξιν

1068 499 1138 538 ἆφήν
1169 499 1263 536 μόνον,
1284 499 1348 528 ἀλλ’
1376 501 1441 529 ὅλον
1470 502 1499 529 τὸ
1526 502 1603 540 γένος
1630 506 1680 538 τῆς
1710 502 1892 543 πολυμόρφου

1068 544 1149 578 ἁφῆς,
1165 543 1190 580 ἐξ
1206 546 1239 579 ἧς
1254 545 1286 572 τὸ
1300 548 1351 572 πᾶν
1366 545 1436 577 εἶδος
1460 545 1504 574 διὰ
1523 549 1577 574 τῶν
1607 548 1758 583 αἰσθήσεων
1788 549 1893 586 φύιται,

1068 590 1102 626 τῇ
1120 589 1246 625 παρθᾶνῳ
1274 589 1414 626 ἆπιμὲλῶς
1441 589 1559 629 ἄφθορον
1584 591 1744 631 φυλακτέον·
1757 591 1804 620 ’ἶνα
1832 592 1895 625 τοὺς

1068 632 1122 660 ἀπὸ
1150 632 1300 670 ὀφθαλμῶν
1329 635 1373 661 καὶ
1401 639 1494 673 φωνῆς
1523 636 1567 664 καὶ
1595 639 1648 664 τῶν
1685 636 1791 665 λοιπῶν
1827 638 1893 674 πρὸς

1068 676 1169 712 ἡδονὴν
1185 679 1343 715 κινημάτων
1357 679 1500 717 πόρρωθεν
1526 679 1720 717 πεμπομένους
1745 683 1895 718 σπινθῆρας

1069 722 1247 760 σωφροσύνης
1283 723 1451 755 ἀντιπνοίαις
1489 722 1669 760 σϐεννύουσα,
1699 725 1743 753 καὶ
1781 726 1831 760 τήν
1870 726 1895 761 ἰξ

1069 766 1159 793 αὖτῶν
1181 766 1371 804 ἀναπτομένην
1397 769 1530 806 πυρκαϊὰν
1560 770 1703 808 φρονίμως
1728 768 1894 798 συναποσόέ-

1069 820 1114 848 σῃσ
1134 811 1240 847 μᾶηλον
1257 810 1286 839 δὲ
1305 811 1350 839 ’ίνα
1366 811 1436 848 μηδὲ
1449 813 1506 849 (53)
1520 815 1570 848 τὴν
1595 814 1684 851 ἀρχὴν
1707 813 1894 852 παραδεξαμέ-

1069 866 1102 890 νη
1118 859 1168 890 τῆς
1197 854 1300 891 ἡδονῆς
1324 857 1358 884 τὰ
1377 856 1539 894 ἐναύσματα,
1559 856 1629 894 μηδὲ
1650 858 1701 896 ἔχῃ
1729 858 1802 890 ὅλως
1830 859 1895 887 ποτὶ

183 904 208 932 ιν
237 906 296 935 ταῖς
328 903 418 939 σαρξὶν
449 904 611 942 ἀναφθεῖσαν
641 907 691 938 τῆς
717 902 820 938 ἡδονῆς
849 903 898 936 τὴν
924 899 1066 938 πυρκαϊάν.
1098 899 1234 937 Παρθένος
1263 900 1308 928 οὖν
1338 899 1539 939 ἔστω(54)τῆς
1555 903 1688 939 παρθένου
1704 903 1749 930 καὶ
1773 905 1791 938 ἡ
1822 904 1891 938 ἀκοὴ

182 949 274 976 καὶτὸ
295 947 418 986 βλέμμα⁷
435 948 473 976 ἔνι
489 947 517 975 δὲ
531 949 549 983 ἡ
566 948 620 987 ἁφὴ
635 947 680 975 καὶ
695 947 761 975 ὅλον
775 947 805 974 τὰ
819 947 933 983 κίνημα.

220 995 247 1022 6.
264 994 403 1022 Ornanda
414 997 512 1022 autem
524 996 569 1021 est
580 1002 653 1021 veras
673 993 851 1030 virginitatis
867 994 927 1020 tota
943 991 1009 1027 pul-

1101 990 1145 1018 46.
1162 992 1305 1026 Κοσμῆσαι
1334 989 1363 1018 δὲ
1390 1001 1441 1026 της
1468 991 1580 1026 ἀληθῶς
1605 992 1738 1030 παρθένου
1768 993 1824 1028 (55)
1852 991 1891 1019 δεῖ

184 1038 331 1071 ehritudo,
348 1041 381 1066 ut
396 1047 449 1066 nec
466 1038 629 1066 naturalem
646 1037 894 1074 pulchritudinem
911 1038 1010 1064 osten-

183 1085 246 1111 tare
263 1083 445 1116 studeat,nec
461 1083 541 1111 illius
557 1083 759 1118 expers,cultu
774 1082 855 1110 illam
867 1081 1009 1117 exquirat.

183 1127 359 1155 lndecorum
376 1127 454 1155 enim
471 1128 601 1164 profecto
616 1130 662 1155 est
675 1126 824 1163 virgini,et
838 1127 874 1154 ab
889 1125 1010 1161 integri-

184 1173 255 1205 tate,
272 1180 359 1207 quam
384 1173 548 1208 profitetur,
564 1172 705 1205 alienum,
722 1171 765 1199 vel
787 1171 960 1207 gloriantem
976 1170 1012 1197 de

186 1216 264 1244 datis
274 1219 432 1244 aCreatore
440 1217 476 1244 ad
487 1217 619 1244 decorem
635 1216 826 1251 ornamentis,
843 1224 876 1243 ac
888 1215 1013 1250 superbe

186 1260 386 1294 ambulantes,
401 1263 434 1288 ut
454 1261 493 1288 ita
509 1261 616 1296 dicam,
642 1261 679 1288 ob
703 1262 897 1292 venustatem,
914 1259 1013 1295 plures

186 1307 332 1333 amatores
353 1305 399 1334 sui
425 1305 556 1341 corporis
581 1305 610 1332 in
636 1313 819 1333 communem
836 1304 936 1332 conari
951 1303 1013 1331 rui-

186 1358 255 1377 nam
271 1349 442 1386 impellere;
459 1349 504 1377 vel
519 1352 665 1377 carentem
680 1348 1012 1383 venustate,condimen-

189 1397 252 1422 tum
266 1394 424 1430 voluptatis
440 1394 788 1429 eernentibus,exquisito
803 1393 934 1434 corporis
949 1392 1013 1420 cul-

187 1441 231 1473 tu,
247 1438 406 1466 elaborare.
422 1439 495 1466 Nam
513 1447 565 1467 nec
589 1439 683 1474 prima
697 1441 809 1466 castam
831 1438 948 1466 exhibet
963 1445 1013 1465 co-

186 1484 370 1520 gitationem,
386 1485 456 1512 dum
472 1485 507 1512 de
528 1484 673 1512 Creatoris
697 1492 792 1520 opere,
809 1486 951 1520 tanquam
978 1483 1013 1512 de

186 1528 305 1564 proprio
319 1529 456 1564 praeclare
471 1529 547 1557 facto
563 1529 717 1565 gloriatur,
732 1531 760 1557 et
775 1529 852 1565 quod
872 1529 902 1556 in
918 1531 1013 1557 certa-

186 1580 254 1600 men
271 1581 306 1600 ne
321 1573 488 1607 inducatur,
505 1583 521 1601 a
537 1574 658 1602 Domino
673 1574 745 1610 petit
761 1583 767 1601 :
784 1576 826 1602 Ne
839 1574 1012 1608 inducas,in-

187 1616 303 1653 quiens,
318 1625 368 1645 nos
390 1619 421 1645 in
447 1619 625 1646 tenlaiiamm
639 1620 672 1651 7°,
689 1619 718 1646 in
743 1619 816 1646 illud
832 1619 1013 1646 amatoribus

186 1661 339 1711 trahendis
355 1662 544 1698 semetipsam
560 1665 658 1711 aperte
673 1662 908 1711 conjicit.Neque
923 1663 1010 1711 etiam
1028 1677 1049 1711 C

188 1705 289 1741 altera,
299 1707 369 1734 dum
386 1715 474 1742 quam
487 1715 543 1735 non
553 1707 663 1743 accepit
676 1707 705 1734 in
722 1715 841 1743 corpore
854 1707 1013 1743 voluptatis

185 1750 364 1785 illecebram,
380 1759 444 1778 eam
462 1751 627 1786 spuriarum
645 1751 806 1779 formarum
823 1751 967 1779 lenocinio
982 1752 1011 1779 in

184 1794 344 1830 perniciem
369 1803 452 1822 suam
482 1795 616 1823 accersit.
633 1795 762 1831 Utraque
784 1798 881 1823 autem
897 1795 1011 1832 impru-

184 1839 257 1867 dens
273 1839 373 1866 datum
388 1848 405 1867 ο.
422 1842 477 1867 Deo
494 1840 603 1867 bonum
620 1842 723 1875 praeter
746 1839 929 1876 propositum
945 1849 1011 1868 sco-

185 1891 256 1919 pum
273 1884 386 1911 evertit.
404 1886 541 1912 Formosa
556 1884 675 1920 quidem
691 1884 796 1912 animae
812 1884 1008 1920 pulchritudi-

184 1935 250 1955 nem
268 1928 397 1964 corporis
409 1928 507 1963 specie
518 1927 607 1956 stulte
623 1929 823 1965 depraedatnr;
837 1938 901 1965 quae
912 1932 1012 1957 autem

183 1974 373 2007 apparentem
389 1973 521 2008 corporis
537 1973 752 2001 deformitatem
768 1974 863 2001 instar
882 1974 1010 2009 praesidii

184 2016 220 2044 ad
236 2016 412 2052 virginitatis
428 2017 591 2045 custodiam
609 2017 732 2054 accepit,
748 2026 812 2046 eam
829 2019 938 2054 spuriis
953 2018 1011 2046 ἴοι-η

185 2061 253 2094 mis,
273 2060 398 2089 insidias
422 2062 536 2098 sibiipsi
565 2064 695 2095 struens,
711 2063 797 2098 pra've
822 2065 1010 2091 transmutat.

183 2106 288 2133 Contra
304 2106 465 2142 oportebat,
483 2109 515 2134 ut
529 2106 587 2134 ista
602 2107 810 2143 temporariam
827 2110 1010 2135 venustatem

184 2151 471 2186 spernens,corporis
486 2151 734 2186 pulchritudinem
747 2161 803 2180 non
813 2152 1009 2180 adversariam

185 2194 290 2222 animae
306 2194 585 2230 pulchritudini,sed
603 2195 711 2231 potius,
720 2197 743 2224 si
759 2197 800 2224 ita
815 2205 869 2224 usu
886 2197 1010 2231 eveniat,

185 2239 362 2273 adjutricem
377 2239 515 2273 efﬁceret,
525 2240 654 2276 corporis
671 2242 816 2268 amatores
829 2241 865 2269 ad
881 2241 1011 2269 animam

184 2282 368 2310 transferens
381 2292 387 2310 :
406 2282 496 2311 altera
509 2292 577 2312 vero
592 2284 621 2311 in
638 2285 713 2312 veris
728 2285 813 2313 bonis
830 2285 920 2314 nihilo
935 2286 1011 2314 infe-

185 2326 256 2360 rior,
272 2327 469 2355 tentationutn
496 2328 651 2362 vacuitate,
667 2337 755 2365 quam
775 2329 894 2365 opinata
916 2331 1011 2358 defor-

185 2371 274 2398 mitas
291 2371 483 2406 afferebat,ad
501 2372 660 2408 tranquille
672 2373 858 2402 excolendam
875 2374 948 2402 senii
964 2383 1011 2402 ex-

184 2417 296 2451 pertem
313 2415 564 2451 pulchritudinem
581 2419 761 2452 uteretur,ex
777 2426 832 2453 quo
843 2418 1014 2447 immortali-

221 2496 243 2516 το
259 2496 363 2524 Matth.
379 2505 419 2530 v1,
436 2497 478 2525 13.

222 2573 277 2609 (52)
294 2572 600 2615 Σ-φαλρροῖςκιιοῌωεε.
614 2577 744 2613 quinque
756 2579 784 2605 et
794 2576 869 2606 alius
885 2578 1015 2606 secunda

187 2617 287 2648 manu.
305 2609 389 2648 E'diti,
408 2609 562 2648 σφαλερῶς.

201 2680 207 2686 1
224 2645 279 2686 (β3)
295 2645 382 2687 91ηδέἰ
399 2645 447 2687 Sic
463 2645 536 2687 mss.
554 2656 613 2676 sex.
634 2648 728 2676 Editio
751 2650 872 2681 Veneta,
890 2649 940 2684 μή.
958 2651 1013 2677 Pa-

185 2682 331 2715 risiensis,
349 2682 387 2717 μὴ
404 2682 498 2710 οἲονεί.

223 2717 392 2757 (Sitiﬁm.
411 2720 456 2757 sic
479 2720 536 2757 duo
556 2719 675 2757 codices
702 2729 719 2748 a
739 2719 912 2757 Qembeﬁsio
933 2720 1013 2748 citati

187 2753 216 2778 et
245 2752 295 2778 alii
324 2755 470 2782 nonnulli.
486 2755 573 2789 Editi,
598 2753 682 2783 ἓτται.
704 2755 888 2783 Colbcrtinus
913 2757 1012 2790 codex,

188 2785 323 2813 Παρθενία
339 2788 394 2813 οὖν.

213 2795 323 2817 αροινια
339 2795 394 2817 ουν.

219 2822 276 2860 (55)
289 2823 348 2858 Τῆς
386 2823 500 2862 ἀληθῶς
536 2825 690 2864 παρθένου.
727 2827 861 2863 Quinque
897 2827 1013 2856 codices

1065 1033 1132 1061 ελον
1147 1034 1179 1062 τὸ
1193 1033 1308 1068 κάλλος,
1322 1034 1368 1063 ’ίνα
1385 1037 1455 1072 μήτε
1466 1039 1507 1072 τῷ
1530 1039 1636 1075 φυσικῷ
1660 1036 1757 1064 κάλλει
1781 1036 1890 1073 ἐμπομ-

1065 1078 1156 1106 πεύειν
1172 1078 1320 1116 σπουδάζῃ,
1339 1081 1409 1116 μήτε
1437 1081 1589 1119 ἀμοιροῦσα
1614 1081 1712 1109 τούτου
1743 1080 1889 1108 καλλωπί-

1067 1124 1156 1157 ζεσθαι
1173 1123 1247 1160 θέλῃ,
1265 1125 1399 1162 Ἀπρεπὶς
1413 1125 1464 1163 γάρ
1488 1126 1525 1156 ὡς
1554 1125 1666 1160 άληθῶς
1691 1127 1725 1162 τῇ
1753 1125 1890 1163 παρθένῳ,

1065 1169 1110 1195 καὶ
1139 1171 1189 1203 τῆς
1219 1167 1459 1206 ἐπαγγελλομένης
1488 1169 1618 1208 ἀφθορίας
1641 1169 1800 1207 ἀλλότριον,
1815 1170 1889 1205 τὸ,ἢ

1067 1210 1282 1250 ἰναϐρυνομάνην
1311 1216 1370 1246 τοῖς
1399 1213 1556 1251 δεδομένοις
1585 1215 1652 1252 πρὸς
1678 1214 1788 1254 εὐφυίαν
1818 1215 1891 1252 παρὰ

1066 1259 1115 1284 τοῦ
1136 1260 1254 1292 ποιητοῦ
1269 1262 1452 1296 χαρακτῆρσι,
1467 1260 1512 1286 καὶ
1541 1259 1782 1295 ἧμπομπιύουσαν,
1801 1259 1890 1296 ὥσπερ

1067 1298 1146 1340 ἔφην,
1174 1302 1214 1338 τῷ
1243 1301 1351 1336 κάλλει,
1380 1302 1509 1336 πὶείονας
1535 1303 1646 1341 ἐραστὰς
1685 1306 1733 1331 τοῦ
1763 1303 1890 1340 σώματος

1068 1345 1106 1377 εἷς
1123 1346 1211 1374 κοινὸν
1229 1346 1388 1382 σπουδάζειν
1404 1350 1505 1385 πτῶμα
1528 1351 1623 1383 κινεῖν,
1639 1349 1656 1383 ἢ
1687 1349 1725 1385 μή
1755 1348 1890 1385 εὐστοχή-

1068 1401 1151 1418 σασαν
1166 1389 1294 1422 εὐειδείσις
1309 1392 1377 1428 (56),
1394 1390 1501 1429 ἄρτυμα
1515 1391 1618 1427 ἡδονῆς
1642 1395 1700 1423 τοῖς
1729 1392 1816 1428 ὁρῶσι
1841 1392 1889 1426 τήν

1068 1434 1189 1463 ιπίνοιαν
1203 1437 1251 1463 τοῦ
1266 1435 1467 1473 καλλωπισμοῦ
1482 1436 1727 1475 πραγματεύεσθαι.
1744 1434 1815 1465 Οὔτε
1841 1436 1890 1474 γὰρ

1067 1481 1085 1515 ἡ
1105 1481 1201 1518 πρώτη
1232 1480 1358 1519 σώφρονα
1386 1479 1502 1508 δείκνυσι
1530 1480 1674 1519 λογισμὸν,
1704 1480 1748 1508 ἐπὶ
1773 1483 1814 1516 τῷ
1841 1479 1890 1508 τοῦ

1067 1526 1184 1560 ποιητοῦ
1199 1523 1270 1563 ἔργῳ
1285 1524 1323 1556 ὡς
1339 1524 1382 1552 ὶπὶ
1399 1524 1460 1562 ἰδίῳ
1487 1525 1679 1562 κατορθώματι
1703 1524 1890 1563 θρυπτομένη,

1066 1569 1111 1597 καὶ
1127 1569 1165 1600 εἷς
1181 1569 1210 1596 ὃν
1228 1570 1265 1606 μὴ
1282 1569 1442 1607 εἰσαχθῆναι
1467 1570 1568 1607 ἀγῶνα,
1585 1569 1629 1597 διὰ
1650 1573 1701 1604 τῆς
1729 1569 1814 1606 εὐχῆς
1845 1570 1890 1597 τὸν

1067 1613 1236 1651 ἀγωνοθέτην
1270 1613 1432 1651 παρακαλεῖ,
1462 1615 1508 1648 Μή
1546 1615 1701 1651 εἷσενάγκῃς
1736 1616 1811 1650 ἡμᾶς
1853 1614 1891 1645 ἐς

1067 1658 1229 1696 πειρασμὸν,
1246 1656 1373 1694 διομᾶνη,
1389 1658 1428 1689 εἰς
1450 1661 1545 1686 τοῦτον
1574 1657 1656 1686 δι’ὧν
1688 1658 1753 1690 τοὺς
1778 1657 1890 1694 ἐραστὰς

1068 1702 1224 1737 ιπισπᾶται,
1238 1702 1334 1736 ἑαυτήν
1363 1705 1510 1742 προφανῶς
1525 1703 1692 1730 συνωθοῦσα.
1709 1701 1774 1732 Οὐδ’
1790 1704 1808 1737 ἡ
1835 1701 1891 1730 δευ-

1066 1746 1140 1784 τέρα,
1156 1747 1170 1774 ’ὀ
1188 1747 1226 1783 μὴ
1243 1744 1325 1774 ἔλαϐε
1341 1745 1437 1783 δᾶλεαρ
1453 1746 1496 1774 ἐπὶ
1524 1751 1575 1782 τῆς
1602 1749 1651 1774 τοῦ
1672 1747 1800 1784 σώματος
1823 1745 1891 1782 ἡδο-

1066 1795 1124 1826 νῆς,
1140 1793 1220 1818 τοῦτο
1234 1790 1325 1822 νόθοις
1344 1794 1462 1829 μορφαῖς
1478 1792 1536 1819 καθ’
1551 1792 1649 1826 ἑαυτῆς
1671 1791 1890 1829 μαγγανεύουσα.

1066 1835 1195 1868 Λανθάνει
1219 1834 1243 1863 δ’
1262 1836 1375 1875 Eua-cipe
1394 1837 1426 1864 τὸ
1452 1835 1527 1868 δοθὲν
1551 1836 1624 1874 παρὰ
1645 1839 1693 1864 τοῦ
1709 1838 1776 1864 Θιοῦ
1806 1835 1889 1864 καλὸν

1065 1881 1138 1920 παρὰ
1158 1882 1202 1909 τὸν
1229 1881 1408 1920 προκείμινον
1436 1883 1537 1910 σκοπὸν
1572 1881 1773 1921 διαφθείρουσα.
1800 1882 1851 1909 Καὶ
1872 1882 1889 1915 ἡ

1066 1925 1173 1961 εὐειδὴς
1187 1926 1218 1954 τδ
1233 1929 1283 1962 τῆς
1299 1928 1393 1965 ψυχῆς
1407 1926 1510 1958 κάλλος
1523 1925 1568 1954 διὰ
1582 1929 1630 1954 τοῦ
1643 1926 1710 1954 χοιτᾶ
1730 1928 1811 1963 σῶμα
1825 1926 1890 1954 (irrc-

1065 1982 1123 2002 πως
1149 1970 1336 2008 λυμαινομένη
1351 1973 1417 2008 (57),
1433 1971 1478 1999 καὶ
1500 1973 1518 2006 ἡ
1545 1972 1594 2006 τήν
1619 1970 1748 1998 δοκοῦσαν
1767 1973 1818 1998 τοῦ
1837 1970 1889 1998 σώ-

1068 2026 1150 2053 ματος
1166 2016 1302 2055 ἀμορφίαν
1317 2015 1426 2055 ἐφόδιον
1442 2017 1566 2055 φυλακῆς
1584 2020 1636 2051 τῆς
1659 2016 1726 2043 κατὰ
1749 2016 1800 2050 τὴν
1821 2025 1889 2052 παρ-

1066 2061 1155 2088 θενίαν
1170 2058 1301 2097 λαϐοῦσα,
1316 2060 1354 2092 είς
1371 2058 1521 2095 ἐπιϐουλὴν
1543 2061 1641 2096 ἑαυτῆς
1665 2060 1766 2096 ταύτην
1793 2061 1888 2090 νόθους

1068 2107 1185 2143 μορφαῖς
1200 2108 1291 2136 κακῶς
1309 2104 1543 2142 μεταπλάττουσα.
1560 2104 1635 2134 Ἔδει
1651 2103 1679 2133 δὲ
1697 2106 1729 2133 τὸ
1744 2104 1890 2140 ἀνάπαλιν,

1065 2150 1115 2184 τὴν
1133 2150 1180 2186 μὲν
1195 2152 1244 2177 τοῦ
1260 2149 1428 2188 προσκαίρου
1457 2149 1578 2182 κάλλους
1603 2152 1834 2188 καταφρονοῦσαν,
1853 2149 1890 2185 μή

1067 2193 1198 2230 ἐμπόδιον
1211 2194 1243 2222 τὸ
1255 2196 1303 2222 τοῦ
1319 2195 1447 2231 σώματος
1463 2193 1567 2226 κάλλος
1580 2195 1627 2222 τοῦ
1641 2198 1691 2229 τῆς
1707 2192 1892 2232 ψυχῆς,ἀλλὰ

1065 2239 1202 2277 συνεργὸν,
1218 2237 1248 2266 ἂν
1265 2238 1337 2266 οὕτω
1352 2249 1404 2266 που
1434 2236 1579 2276 συμϐαίνῃ,
1593 2242 1739 2273 ποιεῖσθαι,
1755 2238 1821 2269 τοὺς
1843 2239 1891 2265 τοῦ

1065 2284 1193 2321 σώματος
1209 2284 1322 2321 ἐραστὰς
1337 2284 1380 2312 ἐπὶ
1401 2286 1451 2319 τήν
1472 2285 1564 2322 ψυχὴν
1591 2283 1792 2321 μεταφέρουσαν
1809 2292 1816 2298 ·
1842 2283 1890 2316 τήν

1067 2327 1096 2357 δὲ
1119 2327 1203 2366 μηδὲν
1219 2327 1331 2356 ἔλαττον
1347 2329 1373 2357 ὲν
1404 2332 1463 2360 τοῖς
1490 2327 1575 2360 ὅντως
1603 2328 1699 2359 καλοῖς
1724 2327 1890 2367 φιρομᾶνην,

1066 2374 1126 2409 τὴν,
1156 2372 1200 2400 διὰ
1224 2374 1274 2408 τὴν
1298 2375 1483 2410 νομιζομένην
1510 2372 1624 2410 ἀειδίαν,
1652 2371 1809 2410 ἀοχλησίαν
1840 2374 1891 2399 τῶν

1067 2419 1242 2456 πειρπσμῶν,
1258 2417 1382 2456 γαλήνην
1397 2419 1538 2455 ἀσκήσεώς
1566 2419 1616 2445 τοῦ
1644 2417 1741 2456 ἀγήρω
1769 2416 1891 2447 κάλλους

1070 2585 1155 2623 φερε,
1171 2579 1221 2611 τῆς
1236 2576 1347 2612 ἀληθῶς
1361 2575 1516 2614 παρθενίας,
1531 2579 1582 2606 aut
1608 2579 1657 2612 τῆς
1678 2575 1800 2612 ἀληθοῦς
1823 2587 1892 2614 παρ-

1069 2613 1325 2691 ξέὑειδείας.
1342 2649 1390 2677 Sic
1415 2657 1487 2678 mss.
1513 2649 1654 2685 quinque,
1671 2648 1779 2677 melius
1804 2657 1893 2685 quam

1069 2683 1156 2720 editi,
1167 2683 1283 2715 εὖοδῐας.

1104 2718 1159 2757 (57)
1175 2719 1380 2757 Δυμαινομὲνη.
1408 2721 1503 2748 Codex
1532 2720 1637 2756 Regius
1776 2718 1893 2755 μολυνο-

1070 2755 1266 2821 μιίὲηίοίοίιιιο
1281 2757 1352 2793 legit
1366 2756 1540 2785 Ambrosius
1565 2755 1617 2792 qui
1641 2756 1778 2790 reddidit,
1796 2757 1892 2792 inqut-

1066 2801 1105 2820 ηα
1121 2814 1128 2820 .
