2010 3145
215 158 273 190 ’707

691 153 886 187 APPENDIX
907 154 1069 187 OPERUM
1092 155 1125 186 8.
1148 151 1288 185 BASlLll
1311 153 1446 185 MAGNI.

1860 153 1919 184 708

215 226 294 254 Talis
309 227 406 253 autem
424 224 528 260 placet,
545 222 661 259 qualem
677 222 740 259 ipse
755 221 833 250 illam
851 222 976 250 formare
991 229 1039 248 vo-

1096 220 1221 256 Μεριμνᾷ
1235 219 1287 256 γὰρ
1301 220 1361 249 πῶς
1376 219 1457 255 ἀρέσῃ
1474 219 1528 254 (66)
1549 221 1588 255 τῷ
1613 219 1714 256 Κυρίῳ.
1741 219 1863 256 Ἀρέσκει
1890 217 1918 245 δὶ

214 270 279 297 luit.

254 315 296 342 18.
313 314 375 342 Non
393 313 487 341 solum
512 313 602 348 igitur
623 312 756 340 exornari
772 311 852 346 virgo
869 319 925 338 non
942 311 1038 344 debet,

216 367 270 387 nec
284 358 458 394 exquisitam
482 358 603 385 formam
621 357 655 384 ad
671 356 890 384 condimentum
906 356 1038 390 volupta-

216 404 255 431 tis
279 403 355 431 oculi
385 401 526 438 impudici
553 401 712 435 elaborare,
728 400 778 428 sed
804 400 892 427 etiam
918 402 1038 427 naturu-

215 448 273 476 lem
299 448 430 484 corporis
455 446 713 483 pulchritudinem,
730 447 874 480 quantum
901 445 962 472 ﬁeri
988 452 1038 480 po-

215 495 282 528 test,
310 493 379 520 data
407 500 496 528 opera
524 491 710 518 obumbrare.
735 491 808 517 Nam
836 497 913 521 cum,
935 497 1038 516 secun-

214 538 285 565 dum
313 536 491 572 superiorem
520 542 696 570 sermonem,
721 534 881 561 fomentum
909 533 983 562 885
1001 533 1040 560 sit

213 581 371 618 voluptatis
398 581 471 608 mari
498 579 616 612 femina,
632 581 660 607 et
684 578 768 606 oculo
795 577 932 611 molliori,
949 585 1037 613 quam

214 626 374 658 masculus,
392 626 427 652 ab
451 624 699 652 oblectamentum
718 623 799 650 visus
822 623 929 654 efﬁcta,
941 631 974 650 ac
989 630 1038 650 ca-

213 680 285 698 nora
298 678 367 697 voce
392 670 426 697 ad
453 669 640 705 pelliciendas
665 677 750 695 aures
773 668 928 700 instructa,
946 675 1037 694 mem-

213 717 331 743 brorum
349 715 500 750 apparenti
517 713 649 746 mollitie,
663 721 695 740 ac
715 720 773 739 uno
790 712 886 745 verbo,
902 714 959 739 tota
974 720 1039 738 cor—

212 761 294 795 ports
320 758 417 794 specie
450 765 483 784 ac
512 758 591 784 motu
622 756 658 784 ad
687 755 852 792 decipulam
880 755 1039 791 voluptatis

213 803 348 834 formata,
365 810 492 837 cumque
521 809 578 829 non
604 800 728 836 loquens
753 800 850 828 solum
879 799 986 827 mulier
1011 801 1039 827 et

212 847 371 884 aspiciens,
387 847 436 874 sed
453 848 482 873 et
506 846 611 873 sedens
627 853 660 873 ac
676 844 832 872 ambulans
856 845 892 872 ob
917 843 1036 871 insitam

212 892 242 919 in
259 899 370 919 marem
394 889 436 917 illi
461 889 626 918 naturalem
652 890 840 924 potestatem,
855 896 922 916 eum
942 888 977 915 ad
994 895 1036 922 se,
1053 908 1076 940 Β

213 938 245 964 ut
274 936 382 964 ferrum
411 934 528 962 eminus
552 941 684 969 magnes,
708 932 855 967 attrahat;
885 934 1038 968 propterea

212 982 327 1017 oportet
347 983 379 1007 ut
392 979 483 1015 virgo,
501 987 535 1006 ne
551 977 610 1006 ullo
632 978 718 1006 modo
742 977 900 1013 voluptatis
927 977 1038 1004 retibus

213 1025 381 1061 implicetur
406 1023 561 1059 providens
585 1024 614 1050 et
633 1030 748 1057 cavens,
764 1021 929 1049 masculum
955 1029 1037 1057 aspe-

214 1071 293 1096 ctum
308 1072 336 1096 et
355 1068 468 1095 ﬁrmam
486 1067 594 1094 e'ﬁciat
610 1074 720 1099 vocem,
736 1074 769 1093 ac
784 1066 898 1093 incessu
915 1068 943 1093 et
958 1065 1038 1093 omni

215 1121 335 1149 prorsus
360 1111 488 1148 corporis
508 1114 588 1139 motu
614 1111 766 1138 illecebras
781 1110 937 1146 voluptatis
959 1118 1038 1138 coer-

214 1160 293 1192 ceat;
311 1158 351 1185 ita
367 1160 399 1184 ut
415 1165 466 1184 nec
489 1156 553 1192 ipsa
573 1156 666 1192 magis
692 1155 864 1190 excogitatis
886 1155 921 1182 ad
937 1155 1037 1191 volup-

213 1205 302 1230 tatem
319 1201 430 1229 artibus
455 1201 600 1237 capiatur,
617 1207 671 1228 nec
687 1200 823 1236 laqueum
846 1199 912 1227 aliis
932 1208 964 1227 ac
979 1208 1038 1226 suae

212 1247 308 1283 ipsius
328 1246 433 1273 animae
455 1245 606 1281 proprium
633 1252 739 1280 corpus
764 1244 910 1277 instituat,
926 1244 976 1271 sed
1002 1244 1038 1271 ad

214 1291 331 1319 ﬁrmam
346 1290 462 1318 virtutis
487 1289 613 1326 speciem
641 1288 830 1324 semetipsum
854 1288 1038 1324 sapientibus

215 1335 344 1364 motibus
359 1334 481 1362 viriliter
495 1334 597 1369 erigat.

253 1425 295 1452 19.
308 1424 353 1452 Sic
366 1424 456 1460 igitur
472 1423 628 1450 femineam
640 1422 818 1458 voluptatem
835 1422 863 1449 in
881 1421 1040 1456 semetipsa

215 1470 417 1504 destruens,ei
442 1468 530 1495 maris
546 1467 580 1494 ad
599 1467 736 1495 feminam
752 1467 976 1502 propensionem
994 1474 1038 1494 re-

215 1521 330 1547 secans,
339 1512 466 1548 virgines
481 1512 568 1540 etiam
585 1519 654 1539 suos
666 1519 838 1547 progressus
853 1511 969 1546 efﬁciet,
981 1520 1038 1539 non

215 1557 371 1585 lasciviens
387 1556 535 1584 continuis
557 1557 771 1592 progressibus,
784 1564 836 1584 nec
852 1559 957 1592 prater
971 1565 1038 1584 con-

215 1602 379 1630 venientem
395 1600 499 1637 virgini
520 1601 720 1628 nocessitatem
747 1600 776 1627 in
801 1601 905 1628 domos
931 1603 1037 1628 semet-

216 1647 310 1682 ipsam
320 1645 483 1672 intrudens.
491 1645 545 1672 Sed
557 1645 653 1672 omnis
662 1652 833 1680 progressus
843 1647 961 1681 tempus
970 1654 1038 1681 pre-

216 1691 331 1726 scriptas
346 1689 462 1717 virtutis
478 1689 573 1716 ofﬁcio
590 1689 744 1716 metietur:
761 1697 794 1717 ac
814 1691 955 1717 rectorem
971 1690 1039 1726 qui-

215 1732 282 1762 dem
295 1733 499 1770 progrediendi
513 1736 688 1769 praeceptum
700 1733 821 1760 habebit
830 1733 956 1767 Domini,
969 1737 1040 1762 tem-

216 1787 272 1814 pus
281 1781 377 1806 autem
388 1786 422 1806 ex
433 1785 564 1813 congrua
572 1777 628 1804 diei
641 1777 710 1805 horu
724 1778 879 1805 discernet.
888 1778 950 1805 Non
961 1778 1039 1806 enim

216 1822 390 1859 simpliciter
397 1825 516 1858 propter
523 1830 588 1849 eum
599 1822 648 1857 qui
658 1821 730 1849 dixit
740 1830 746 1848 :
757 1822 884 1857 Inﬁrmus
893 1823 975 1858 ταί,εὲ
986 1831 1039 1851 non

215 1869 351 1896 vinitam”:
362 1875 405 1894 me
415 1867 448 1900 “¹³,
460 1868 488 1894 et
503 1869 614 1901 cratera,
626 1868 778 1894 materiam
792 1866 996 1895 dissolutionis
1011 1870 1040 1895 et

217 1913 315 1948 probri
332 1913 506 1948 praeceptum
519 1910 634 1938 Domini
651 1910 766 1938 efﬁciet.
778 1911 912 1943 Qualibet
927 1911 997 1940 hora
1011 1915 1041 1940 et

217 1958 322 1992 praeter
337 1956 474 1984 decorum
495 1955 628 1991 progredi
650 1956 771 1988 audens,
788 1963 821 1983 ac
836 1955 1041 1992 intempestive

217 2001 245 2028 iu
263 2000 395 2037 quolibet
409 2000 472 2028 vico
486 1999 622 2036 pluribus
638 2007 702 2027 sese
717 2000 885 2033 ostendens,
899 2009 951 2028 nec
968 2009 1040 2037 prea-

216 2045 327 2074 clarum
337 2045 453 2073 Domini
464 2046 651 2081 praeceptum,
660 2046 824 2080 oppOrtune
833 2053 867 2072 eo
877 2054 933 2073 non
943 2049 1040 2081 utens,

216 2091 245 2118 in
263 2098 350 2118 suum
378 2090 472 2125 ipsius
496 2088 674 2124 vituperium
703 2096 789 2124 prave
817 2093 973 2125 convertet,
991 2093 1042 2118 aut

218 2135 300 2162 nulla
315 2135 411 2162 aetatis
426 2142 486 2161 sue
509 2133 606 2161 habita
627 2133 747 2166 ratione,
765 2133 886 2161 licenter
901 2135 1040 2170 prodibit,

219 2180 270 2207 sed
281 2178 442 2215 juvenilem
459 2178 578 2213 quidem
605 2185 695 2213 agens
710 2180 836 2212 nitatem,
851 2179 881 2206 in
898 2179 1040 2215 templum

219 2223 334 2250 Domini
350 2222 456 2256 solum,
471 2230 524 2250 nec
547 2221 611 2249 sola
634 2221 806 2257 simpliciter
829 2224 1040 2259 progrediatur.

1093 265 1205 300 τοιαύτῃ
1221 263 1279 291 οἵαν
1294 263 1373 295 αὐτὸς
1388 264 1470 298 αὐτὴν
1492 264 1592 291 πλασαι
1609 264 1754 298 ἠθέλησεν.

1129 310 1174 337 48.
1190 308 1228 336 Οὐ
1246 308 1328 344 μόνον
1345 308 1390 336 οὖν
1417 308 1448 335 οὗ
1464 307 1504 335 δεῖ
1519 307 1739 343 καλλωπίζεσθαι
1755 309 1805 343 τήν
1821 309 1918 345 παρθέ-

1093 363 1150 388 νον,
1167 351 1230 380 οὗδὲ
1254 352 1364 389 ἥδυσμα
1386 351 1486 388 ἡδονῆς
1513 353 1673 390 βλέμματος
1699 353 1854 380 ἀκολάστου
1870 354 1918 387 τὴν

1093 396 1209 425 ἐπίνοιαν
1224 401 1275 432 τῆς
1293 401 1400 437 μορφῆς
1415 397 1582 435 έργάζεσθαι⁴
1596 397 1669 426 ἀλλὰ
1682 398 1727 425 καὶ
1747 398 1777 425 τὸ
1803 398 1916 435 φυσικὸν

1092 444 1141 488 ’ἰοῦ
1157 443 1284 479 σώματος
1299 442 1402 473 κάλλος
1418 443 1567 477 συσκιάζειν
1585 443 1622 473 ὡς
1637 442 1695 470 οἷόν
1719 453 1748 470 τε
1770 445 1830 473 ταῖς
1857 442 1916 469 ἐπι-

1093 485 1188 518 νοίαις.
1213 485 1324 522 Ἐπειδὴ
1350 487 1413 524 γὰρ,
1438 487 1505 514 κατὰ
1529 488 1573 514 τὸν
1596 487 1722 524 ἀνωτέρω
1747 486 1844 524 λόγον,
1873 487 1918 522 μά-

1094 530 1188 568 λαγμα
1216 531 1316 566 ἡδονῆς
1329 534 1370 568 τῷ
1385 530 1475 569 ὁὶῥρενι
1490 532 1522 559 τὸ
1536 531 1608 566 θῆλύ
1632 531 1698 565 ἐστι,
1715 532 1758 559 καὶ
1777 531 1917 569 βλέμματι

1095 575 1233 613 ὑγροτέρῳ
1258 578 1306 603 τοῦ
1335 575 1445 614 ἄρῤενος
1474 576 1542 614 πρὸς
1575 575 1712 613 ἐναγωγὴν
1742 577 1800 613 (67)
1828 574 1916 612 ὅψεως

1093 621 1295 656 πεπλασμένον,
1320 621 1364 648 καὶ
1395 623 1470 660 φωνῇ
1501 620 1601 658 λιγυρᾷ
1615 620 1654 652 εἷς
1669 620 1821 658 θέλγητρον
1840 620 1917 658 ὀργα-

1093 665 1176 692 νωθὶν
1202 666 1295 700 ἀκοῆς,
1321 665 1365 692 καὶ
1388 667 1422 702 τῇ
1439 665 1622 704 ἐμφαινομένῃ
1634 667 1688 691 τῶν
1706 665 1798 700 μελῶν
1829 665 1917 700 μαλα-

1093 708 1199 744 κότητι,
1229 710 1273 736 καὶ
1290 708 1411 740 συνόλως
1431 710 1510 736 παντὶ
1527 712 1566 745 τῷ
1585 712 1632 736 τοῦ
1650 709 1776 745 σώματος
1793 710 1916 746 σχῆμιοτί

1092 765 1121 782 τε
1135 755 1178 781 καὶ
1195 755 1327 790 κινήματι
1356 754 1424 789 πρὸς
1452 754 1558 789 ἀπάτην
1574 757 1624 789 τῆς
1654 753 1756 788 ἡδονῆς
1773 754 1918 792 μορφωθὲν

1092 799 1136 826 καὶ
1166 798 1197 826 οὐ
1227 797 1349 826 λαλοῦσα
1371 799 1439 836 γυνή
1471 798 1550 835 μόνον
1578 798 1622 826 καὶ
1651 797 1845 836 ὁρῶσα,ἀλλά
1873 798 1917 825 καὶ

1093 842 1230 880 καθημένη
1247 845 1306 874 πῶς
1321 843 1366 870 καὶ
1385 841 1540 880 βαδίζουσα,
1567 842 1611 870 διὰ
1638 843 1688 878 τὴν
1714 842 1823 870 ἐνοῦσαν
1850 842 1916 870 κατᾶ

1091 890 1139 915 τοῦ
1155 886 1266 925 ὰρρενος
1281 887 1348 924 αὐτῇ
1441 888 1556 925 φυσικὴν
1582 886 1748 922 δυναστείαν,
1773 887 1811 918 ὡς
1841 885 1917 920 σίδη-

1093 942 1151 968 ρον,
1166 932 1249 970 φημὶ,
1275 931 1415 970 πόρῥωθεν
1443 935 1587 970 μαγνῆτις,
1614 933 1710 960 τοῦτον
1727 931 1796 969 πρὸς
1819 932 1915 965 ἑαυτὴν

1095 976 1269 1013 μαγγανεύει·
1295 975 1340 1003 διὰ
1363 979 1444 1004 τοῦτο
1470 975 1511 1004 δεῖ
1530 977 1579 1012 τὴν
1606 977 1748 1014 παρθένον,
1764 978 1804 1012 τῷ
1821 975 1916 1012 μηδενὶ

1092 1020 1187 1058 τρόπῳ
1200 1024 1259 1051 τοῖς
1273 1024 1322 1055 τῆς
1339 1020 1442 1056 ἡδονῆς
1458 1020 1577 1052 δικτύοις
1592 1021 1766 1058 ἐμπλακῆναι
1782 1019 1917 1059 φυλαττο-

1095 1064 1189 1100 μένην,
1206 1065 1360 1103 ἀρῥενωπὸν
1388 1066 1419 1092 τὸ
1443 1065 1532 1102 ἅμμα,
1554 1066 1599 1092 καὶ
1628 1065 1738 1103 στεῤῥὰν
1754 1068 1844 1092 ποιιῖν
1870 1065 1917 1098 τὴν

1093 1110 1196 1148 φωνήν,
1219 1112 1259 1146 τῷ
1282 1108 1310 1136 δὲ
1338 1108 1483 1147 βαδίσματι
1499 1110 1543 1137 καὶ
1558 1109 1679 1141 συνόλως
1694 1109 1771 1137 παντῖ
1786 1110 1918 1145 κινήματι

1092 1157 1132 1190 τῷ
1142 1156 1190 1181 τοῦ
1206 1154 1345 1190 σώματος,
1366 1154 1486 1192 συνέχειν
1501 1158 1549 1190 τῆς
1564 1154 1667 1190 ἡδονῆς
1680 1155 1714 1182 τὰ
1727 1153 1851 1182 δελέατα·
1866 1154 1919 1191 οὐχ

1094 1199 1214 1234 ἀλῶσαν,
1231 1199 1314 1238 φημὶ,
1331 1198 1368 1227 ἔτι
1387 1199 1492 1236 μᾶλλον
1505 1203 1564 1231 ταῖς
1585 1199 1717 1230 ἐπινοίαις
1731 1200 1801 1236 πρὸς
1815 1197 1917 1233 ἡδονὴν

1094 1244 1202 1281 ῃαυτὴν,
1227 1247 1272 1271 καί
1295 1243 1394 1282 παγίδα
1418 1244 1519 1282 ἑτέροις
1543 1255 1572 1272 τε
1588 1245 1668 1281 ὁμοῦ,
1694 1244 1737 1271 καὶ
1758 1246 1793 1281 τῇ
1820 1244 1916 1278 ἑαυτῆς

1093 1289 1170 1326 ψυχῇ
1185 1289 1216 1316 τὸ
1232 1288 1332 1316 οἰκεῖον
1347 1291 1427 1326 σῶμα
1453 1289 1613 1325 ἀρτύουσαν,
1638 1289 1706 1325 πρὸς
1729 1289 1760 1316 τὸ
1791 1288 1917 1316 σύντονον

1094 1332 1122 1360 δέ
1136 1335 1186 1365 τῆς
1202 1333 1300 1371 ἀριτῆς
1310 1332 1379 1364 εἶδος
1390 1334 1486 1369 ἑαυτὴν
1497 1334 1617 1373 σώφροσι
1632 1335 1779 1370 κινήμασιν
1790 1332 1917 1371 ένδρείως

1094 1378 1237 1416 ὀρθοῦσαν.

1129 1423 1173 1451 49,
1189 1422 1282 1453 Οὕτως
1297 1421 1326 1450 δὲ
1340 1423 1390 1457 τὴν
1403 1425 1451 1450 τοῦ
1467 1423 1565 1458 θήλεος
1581 1421 1684 1457 ἡδονὴν
1700 1422 1725 1450 ἐν
1743 1423 1827 1458 ἑαυτῇ
1844 1423 1916 1449 ἀναι-

1093 1470 1187 1505 ροῦσα,
1203 1467 1247 1494 καὶ
1261 1468 1312 1502 τήν
1336 1467 1406 1504 πρὸς
1428 1469 1509 1494 τοῦτο
1534 1467 1625 1505 σχέσιν
1648 1470 1698 1495 τοῦ
1711 1466 1823 1505 ἄρῥενος
1853 1467 1918 1494 ἀπο-

1092 1512 1241 1546 κόπτουσα,
1254 1513 1402 1550 παρθένους
1424 1512 1519 1546 ἑαυτῆς
1532 1513 1576 1539 καὶ
1605 1512 1653 1543 τὰς
1682 1510 1818 1549 προόδους
1834 1513 1917 1547 ποιή-

1093 1568 1176 1593 σεται,
1207 1557 1252 1584 οὖν
1283 1556 1514 1584 ἀκολασταίνουσα
1541 1559 1601 1588 ταῖς
1625 1558 1748 1594 συνεχέσι
1774 1555 1915 1594 προόόοις,

1094 1601 1157 1630 οὐδέ
1168 1603 1240 1640 παρὰ
1252 1602 1301 1636 τήν
1315 1599 1517 1630 ἐπιϐάλλουσαν
1528 1601 1653 1639 παρθένῳ
1669 1602 1725 1638 (69)
1737 1601 1836 1639 χρείαν
1860 1604 1916 1632 ταῖς

1093 1646 1194 1678 οἷκίαις
1219 1647 1315 1680 ἑαυτὴν
1351 1645 1564 1684 έπιρῥίπτουσα·
1595 1646 1700 1681 ἀπάσης
1735 1644 1764 1673 δὲ
1799 1644 1916 1684 πρόοδου

1093 1692 1199 1729 καιρὸν,
1224 1692 1273 1725 τῆς
1297 1690 1479 1730 ὀφειλομένης
1505 1691 1603 1728 ἀρετῆς
1618 1690 1730 1724 ἆντολήν
1754 1691 1915 1727 ποιουμένη·

1093 1739 1137 1763 καὶ
1153 1735 1268 1773 ἡνίοχον
1285 1736 1332 1771 μὲν
1346 1736 1394 1769 τῆς
1410 1734 1540 1772 προόδου,
1562 1735 1611 1769 τήν
1625 1734 1738 1769 ἐντολὴν
1755 1733 1858 1762 ἕῖουσα
1870 1737 1916 1762 τοῦ

1094 1780 1203 1818 Κυρίου,
1227 1780 1293 1811 τοὺς
1321 1779 1349 1807 δὲ
1367 1779 1479 1816 καιροὺς
1504 1780 1619 1814 τούτων,
1641 1780 1710 1807 κατὰ
1728 1779 1760 1806 τὸ
1789 1779 1917 1817 εὐπρεπὲς

1097 1825 1179 1862 μέρος
1191 1828 1241 1859 τῆς
1260 1825 1364 1861 ἡμέρας
1379 1823 1549 1862 ἐγκρίνουσα.
1566 1824 1606 1852 Οὐ
1621 1825 1672 1862 γὰρ
1689 1823 1784 1855 ἁπλῶς
1807 1823 1852 1851 διὰ
1874 1824 1919 1851 τὸν

1095 1869 1215 1905 εἷ’πόντα,
1252 1869 1379 1904 Ἀσθενὴς
1407 1868 1491 1906 ἥμην,
1519 1869 1563 1896 καὶ
1593 1869 1642 1896 οὐκ
1666 1869 1845 1906 ἐπεσκέψασθέ
1875 1879 1919 1905 με,

1094 1914 1138 1942 καὶ
1154 1915 1188 1941 τὰ
1203 1913 1296 1942 λοιπὰ.
1313 1913 1382 1949 ὕλην
1398 1913 1554 1952 χυδιασμοῦ
1572 1924 1601 1941 τε
1613 1913 1658 1941 καὶ
1671 1914 1760 1951 ψόγου
1774 1915 1826 1948 τήν
1845 1913 1918 1940 ἐντο-

1095 1958 1148 1994 λὴν
1174 1961 1222 1986 τοῦ
1249 1958 1351 1996 Κυρίου
1379 1959 1533 1993 ποιήσεται.
1560 1959 1632 1985 Κατὰ
1659 1961 1745 1985 πᾶσαν
1769 1958 1816 1994 μὲν
1835 1958 1919 1994 ὥραν,

1095 2003 1138 2031 καὶ
1154 2004 1227 2041 παρὰ
1238 2003 1270 2030 τὸ
1298 2003 1400 2041 πρέπον
1429 2003 1482 2030 τῶν
1507 2001 1634 2040 προόδων
1650 2001 1862 2039 κατατολμῶσα,
1893 2001 1917 2028 έν

1096 2048 1205 2086 ἀκαιρία
1225 2048 1293 2075 κατὰ
1317 2048 1402 2074 πάντα
1419 2047 1553 2074 στενωπὸν
1565 2050 1625 2078 τοῖς
1640 2046 1759 2078 πολλοῖς
1787 2047 1919 2084 φαινομέ-

1095 2103 1140 2127 νη,
1165 2090 1227 2119 οὖδὶ
1249 2092 1282 2120 τὸ
1307 2090 1391 2119 καλὸν
1410 2091 1457 2128 μὶν
1472 2095 1522 2126 τῆς
1535 2093 1584 2119 τοῦ
1595 2094 1661 2119 Θεοῦ
1676 2090 1799 2125 ἐντολῆς,
1828 2090 1918 2118 ἐπιδε-

1097 2137 1159 2174 Ξίως
1181 2136 1249 2172 αὐτῇ
1267 2136 1305 2172 μὴ
1320 2135 1489 2174 κεχρημένη,
1506 2135 1544 2167 cl:
1563 2133 1696 2170 διαϐολὴν
1716 2136 1814 2170 ἑαυτῆς
1827 2137 1919 2166 κακῶς

1096 2180 1262 2219 περιτρέψιι,
1278 2178 1454 2207 ἀϐασάνιστον
1471 2179 1499 2207 δὶ
1513 2181 1563 2215 τὴν
1579 2179 1689 2215 ἡλικίαν
1706 2181 1803 2214 ἑαυτῆς
1824 2181 1918 2210 ἇπλῶς

1098 2224 1142 2253 ἰπὶ
1156 2225 1204 2256 τὰς
1219 2222 1356 2263 προόδους
1374 2225 1482 2264 ἀφήσει,
1513 2223 1586 2252 ἀλλὰ
1610 2224 1669 2252 νέαν
1693 2224 1739 2261 μὲν
1764 2222 1804 2252 ἔτι
1819 2223 1920 2262 ἄγουσα

221 2267 366 2302 Praecepto
382 2269 479 2294 autem
501 2266 616 2293 Domini
638 2267 811 2295 necessariis
827 2268 862 2295 de
877 2268 974 2297 causis
988 2269 1043 2298 alio

1098 2269 1220 2305 ἡλικίαν,
1236 2269 1279 2297 ἐπὶ
1294 2270 1340 2297 τὸν
1358 2270 1430 2297 οἶκον
1445 2271 1493 2297 τοῦ
1509 2271 1575 2297 Θεοῦ
1606 2269 1699 2306 μόνον,
1719 2269 1765 2296 καὶ
1791 2269 1822 2296 οὐ
1851 2269 1919 2305 μόνη

219 2315 351 2344 vocante,
367 2311 533 2347 progressui
547 2318 600 2337 suo
610 2319 644 2338 ex
658 2318 770 2346 earum,
781 2312 957 2347 quibuscum
975 2322 1044 2349 pro-

220 2356 357 2392 grediens
367 2355 648 2388 cernitur,comitatu
659 2356 897 2391 approbationem
906 2359 1044 2386 concilia-

221 2401 273 2429 bit.
290 2401 353 2429 Non
369 2401 447 2429 enim
467 2399 631 2437 gregarium
648 2400 730 2428 decet
744 2400 898 2437 virginem,
910 2411 973 2438 quae
988 2412 1042 2431 nu-

255 2501 278 2519 ⁷³
293 2501 396 2529 Matth.
413 2509 478 2534 xxv,
496 2499 539 2528 43.

263 2602 310 2637 66)
325 2598 591 2638 ’ApéamuNjonnulli
607 2599 733 2638 codices,
746 2597 844 2638 ἀρέσει.

264 2633 311 2672 67)
342 2633 540 2674 τοῖ’)’ἅῤῥινος
579 2635 647 2672 πρὸς
670 2633 837 2674 -έναγωγηι
871 2637 917 2665 Sic
954 2639 1044 2668 editio

217 2671 331 2702 Veneta
352 2676 380 2701 et
405 2671 517 2707 septem
543 2679 626 2706 mss.,
647 2671 703 2698 nisi
730 2671 806 2705 quod
839 2681 916 2700 unus
945 2674 1033 2703 habet

216 2697 628 2752 τιρςῑξῑποῖέωῃῑξςδιέξιιῇ
643 2697 710 2748 ιρδε
734 2697 1044 2752 ἆῇὼῆπῄνῖξᾶίιίὸξῐζξὶ

219 2743 295 2790 netu,
311 2743 503 2782 προσαγωγήν.
520 2743 706 2776 Parisiensis,
721 2743 790 2780 πρὸς
807 2743 916 2781 ἀγωγήν
932 2747 981 2772 τοῦ
996 2745 1044 2784 ἄῤ-

237 2788 305 2810 ενος.

219 2790 313 2853 milia
340 2814 427 2853 Δύτῇ.
460 2814 507 2843 Sic
538 2821 611 2843 mss.
645 2813 785 2851 quinque.
820 2815 915 2851 Editi,
949 2815 1043 2854 αὐτῆς.

1100 2314 1195 2346 ἁπλῶς
1208 2313 1410 2352 προελεύσεται·
1432 2314 1563 2348 Ἑντολῆς
1579 2312 1607 2341 δὶ
1621 2315 1670 2341 τοῦ
1694 2313 1798 2350 Κυρίου
1822 2313 1919 2351 ἐτέρω-

1100 2364 1125 2390 ei
1141 2359 1333 2396 ἀπαραιτήτως
1357 2357 1485 2396 ἀγούσης,
1502 2358 1654 2393 ἀξιόπιστον
1679 2358 1728 2392 τὴν
1760 2358 1857 2392 ἑαυτῆς
1871 2367 1922 2384 πο-

1099 2406 1172 2444 ρείαν
1186 2406 1245 2434 ταῖς
1263 2403 1320 2440 μεθ’
1344 2403 1382 2430 ὧν
1399 2401 1545 2440 βαδίζουσα
1560 2403 1616 2439 (70)
1632 2403 1738 2440 ὁρᾶται,
1768 2403 1920 2438 ποιήσεται.

1094 2605 1159 2632 Mox
1187 2604 1275 2632 editio
1304 2603 1410 2637 Paris.,
1437 2603 1528 2631 τοῦτο.
1551 2602 1660 2630 Veneta
1688 2604 1717 2630 et
1747 2610 1832 2638 mss.,
1860 2603 1918 2629 τοῦ-

1097 2650 1192 2710 τοξὸο)
1209 2674 1345 2711 Παρθένῳ.
1362 2674 1409 2711 Sic
1423 2674 1607 2702 Colbertinus
1622 2674 1712 2702 codex
1735 2677 1764 2702 et
1788 2674 1837 2701 alii
1855 2681 1919 2700 ncn-

1100 2709 1187 2739 nulli.
1203 2709 1288 2747 Edili,
1304 2709 1457 2747 παρθένων.

1136 2747 1190 2782 (60)
1206 2744 1367 2780 Βαδίζουσα.
1392 2746 1438 2782 sic
1465 2747 1588 2782 uterque
1610 2745 1701 2773 codex
1725 2745 1880 2773 Combeﬁs.
1895 2744 1923 2770 et

1099 2780 1199 2819 plures
1214 2782 1274 2810 alii.
1291 2782 1380 2816 Editi,
1398 2780 1584 2818 βασανίζουσα.
