2010 3145
79 165 135 195 ’113

692 162 808 193 LIBER
828 163 880 193 DE
900 162 1156 195 VIRGINITATE
1163 184 1173 194 .

1723 161 1786 192 ἰη

81 239 144 265 των,
157 228 204 257 καὶ
238 228 312 265 ἄλλη
340 227 445 268 τρίϐος,
462 229 545 268 φημὶ,
562 229 615 256 τῶν
644 228 694 264 τήν
708 228 850 266 παρθενίαν
865 239 904 256 τι-

965 229 1094 258 lentium.
1105 230 1138 257 Et
1153 229 1249 258 divisa:
1259 233 1326 258 sunt
1339 230 1416 264 virgo
1430 232 1457 256 et
1469 232 1566 264 nupta.
1578 228 1782 257 Recedendum

87 273 208 311 μώντων.
241 274 294 302 Καὶ
324 273 484 311 μεμέρισται
512 274 530 308 ἡ
559 272 689 311 παρθένος
717 273 909 310 καὶὴγαμή-

85 329 161 347 σασα.
178 318 390 356 Ἀναχωρητέον
405 318 451 345 οὖν
466 320 520 345 τῶν
542 320 666 356 γαμιγῶν
691 317 843 349 ὑποθέσεων

85 363 220 401 παρθένῳ·
251 361 358 400 μᾶλλον
394 361 423 390 δὲ
453 361 524 399 μηδὲ
550 359 740 400 παραϐλητέον
765 361 833 398 αὐτῇ
857 362 906 396 τὴν

84 408 172 446 ἀρχήν
186 409 255 444 (84).
285 406 364 435 Ἀλλ’
389 407 416 434 αὶ
445 407 491 443 μὲν
523 406 629 440 λοιπαὶ,
656 405 731 438 ὅσαις
750 405 831 443 ἤρεσε
847 406 909 438 τοὺς

83 452 188 489 σαρχών
216 451 356 490 περιέπειν
386 452 532 490 νυμφίους,
561 451 838 489 προμνηστευέτωσάν
866 461 907 485 τε,

84 497 119 527 ὡς
134 495 219 531 δοκεῖ,
235 495 340 524 τούτων
365 498 420 524 τῶν
446 496 552 534 γάμων,
581 495 626 523 καὶ
653 495 703 529 τὴν
728 495 789 532 περὶ
819 495 906 522 αὐτῶν

84 540 215 576 σπουδὴν,
229 541 252 569 εἶ
268 540 331 577 ἡδὺ,
361 539 596 569 ένδεικνύσθωσαν.
613 540 644 567 Ἦ
660 539 689 568 δὶ
703 540 835 578 παρθένος
859 539 905 567 τὸν

81 587 177 620 ἑαυτῆς
203 585 322 625 νυμφίον
437 584 477 613 ἀεῖ
505 585 670 622 περιέπουσα
696 584 734 621 (εἴ
762 583 836 612 δοκεῖ
862 585 906 612 καὶ

82 631 148 667 αὐτῇ
165 629 240 662 ὅλως
259 630 441 666 μνηστεύειν),
465 629 554 666 τούτῳ
571 628 679 666 μᾶλλον
693 629 740 660 τὰς
756 629 906 667 ἀχράντους

82 675 189 712 νύμφας
221 675 291 712 πρὸς
324 674 453 714 ἀφθορίαν
483 674 741 711 προμνηστευέσθω.
781 673 905 702 Κάκεῖναι

84 720 128 756 μὲν
143 719 208 757 περὶ
231 719 278 747 τὸν
294 719 391 754 θνητὸν
415 718 600 746 πονείσθωσαν
625 717 761 755 Θάλαμον⁶
785 717 851 754 αὕτη
878 717 907 746 δὲ

83 764 218 800 μετὰτῶν
238 763 376 803 φρονίμων
405 764 518 801 ἡμμένῃ
547 762 673 799 λαμπάδι
702 763 764 801 περὶ
784 763 829 790 τὸν
853 763 905 790 Κύ-

82 819 137 845 ριον
153 807 305 846 χορευέτω,
321 807 340 842 ἢ
355 807 477 844 ἑπομένη
492 810 532 843 τῷ
559 807 681 844 νυμφίῳ,
703 807 721 842 ἢ
739 808 794 844 (86)
809 809 849 843 τῷ
864 807 907 834 οἰ-

81 853 145 889 κείῳ
173 852 244 892 φωτῖ
260 855 310 887 τῆς
326 852 473 889 παρθενίας
487 852 532 879 καὶ
553 852 644 889 ἑτέρας
667 851 736 889 πρὸς
763 852 904 889 παρθενίαν

80 896 267 936 νυμφεύουσα.
282 896 424 934 Αἰσχύνης
439 896 491 933 γὰρ
512 896 548 926 ὡς
576 895 689 931 ἀληθῶς
713 895 758 922 καὶ
784 895 906 927 ὀνείδους

81 942 178 978 μεστὸν
202 943 238 978 τῇ
261 941 385 979 παρθένῳ
411 940 442 968 τὸ
465 943 589 978 πρᾶγμα,
607 939 670 968 ὅταν
696 940 723 967 αἱ
740 940 788 976 μὶν
801 940 907 976 προλη-

78 988 183 1026 φθεῐσαι
212 988 273 1017 τοῖς
302 985 411 1022 γάμοις,
440 982 531 1022 ὥσπερ
557 983 592 1012 δι’
615 984 738 1022 ἀπειρίαν
753 987 806 1012 τῶν
823 985 848 1012 έν
865 986 906 1016 οἷς

78 1029 196 1066 ἔμελλον
212 1030 332 1067 γίνεσθαι
349 1028 530 1065 ἐμπλακεῖσαι
558 1032 618 1060 ταῖς
649 1028 757 1060 ὀδύναις
775 1031 830 1066 (87)
854 1032 907 1056 τῶν

77 1076 185 1113 γάμων,
200 1075 249 1105 τὰς
265 1073 363 1111 ἄζυγας
378 1076 433 1101 τῶν
457 1073 560 1110 ὁμοίων
589 1073 717 1112 ἀλγεινῶν
743 1075 904 1110 πειραθῆναι

79 1120 211 1151 εὐνοϊκῶς
227 1119 439 1156 ἄποτρέπουσαι,
468 1118 513 1146 καὶ
535 1119 566 1146 τὸ
582 1117 716 1155 ἄχραντον
732 1120 780 1146 τοῦ
794 1129 824 1146 τε
838 1129 904 1154 νυμ-

79 1164 141 1203 υίου
154 1164 201 1192 καὶ
216 1164 270 1192 τῶν
288 1163 382 1200 ἐκείνῳ
396 1163 619 1202 νυμφῑυομὲνων,
647 1163 715 1191 κατά
729 1173 758 1190 τε
771 1163 817 1190 τὸν
834 1173 903 1199 παρ-

77 1209 140 1236 όντα
155 1209 202 1236 καὶ
231 1207 369 1244 μέλλοντα
395 1207 464 1245 βίον,
492 1207 529 1238 ὡς
546 1206 666 1242 ἀληθῶς,
695 1207 903 1243 μακαρίζουσαι,

77 1252 119 1280 ἰπὶ
148 1252 295 1290 παρθενίαν
329 1251 523 1290 παρακαλῶσιν
555 1252 622 1287 (88).
653 1252 686 1280 Ἡ
716 1250 743 1278 δὲ
772 1252 903 1288 παρθένος

77 1297 305 1335 προμνηπεύειν,
336 1296 420 1336 φημὶ,
454 1296 555 1333 σπεύσῃ
580 1298 638 1327 τοῖς
654 1296 766 1334 γάμοις,
780 1296 812 1324 τὸ
827 1296 904 1323 έναν-

78 1343 146 1378 τίον,
176 1343 267 1379 οἴμαι,
299 1340 334 1369 δι’
350 1342 386 1368 ὧν
403 1341 513 1378 πράττει
529 1340 707 1380 έμφαίνουσα.
723 1341 784 1369 ’Ὁτι
795 1340 904 1376 προλη-

78 1388 174 1425 φθεῖσα
190 1385 241 1424 ἄρα
254 1388 290 1422 τῇ
311 1386 455 1424 ὑποσχέσει
470 1389 520 1421 τῆς
535 1385 691 1422 παρθενίας,
708 1384 743 1412 δι’
758 1384 827 1412 αἰδῶ
843 1391 903 1413 Λοι-

78 1432 126 1459 πὸν
142 1431 213 1469 πρὸς
235 1430 336 1466 ταύτην
367 1430 582 1468 σχηματίζεσθαι
611 1429 797 1467 ἀναγκάζεται.
823 1430 904 1458 Ἀπο-

78 1475 217 1514 δεχομένη
235 1474 264 1503 δὲ
277 1476 312 1512 τῇ
328 1473 442 1502 διαθέσει
458 1475 503 1502 τὸν
522 1474 624 1512 γάμον,
644 1474 689 1501 καὶ
716 1473 906 1510 μεταμελομέ-

79 1532 112 1555 νη
137 1519 223 1554 τάχα,
245 1519 303 1551 οἵας
319 1519 498 1557 ἀπεστέρηται
525 1517 638 1554 ἡδονῆς,
663 1519 705 1550 οἷς
729 1517 850 1554 πράττει,
874 1519 904 1553 ἣν

78 1565 140 1603 περὶ
165 1564 246 1592 αὐτὸν
267 1563 326 1602 ἔχει
342 1565 400 1600 (89)
414 1563 440 1591 ἐν
452 1565 530 1601 ψυχῆ
547 1562 662 1590 διάθεσιν
679 1563 709 1590 οὗ
727 1563 844 1601 μετρίως
858 1563 906 1599 έμ-

961 274 1052 310 igitur
1059 283 1076 302 a
1085 274 1265 310 nuptialibus
1274 273 1660 310 pertractationibusvirgini
1669 283 1676 307 ;
1684 273 1727 301 vel
1737 281 1786 309 po-

961 319 1022 346 tius
1037 327 1073 346 ne
1088 319 1244 347 minimum
1261 319 1380 354 quidem
1404 318 1429 346 ei
1451 318 1634 352 attingendae.
1651 318 1704 345 Sed
1722 318 1785 345 alia:

962 364 1212 400 quidem,quibus
1238 363 1349 399 placuit
1372 363 1504 390 carnales
1530 370 1654 398 sponsos
1678 362 1782 397 colere,

962 409 1101 444 pronuba:
1111 408 1180 443 sint,
1191 408 1213 436 si
1227 407 1460 443 libet,ejusmodi
1472 407 1690 442 nuptiarum,et
1700 415 1785 435 suam

963 453 1040 480 circa
1054 452 1120 480 illas
1135 452 1374 483 sollicitudinem.
1385 452 1411 479 si
1426 452 1454 479 id
1471 451 1513 479 eis
1525 451 1604 478 cordi
1620 453 1675 485 est,
1687 453 1785 479 osten-

961 497 1040 524 dant.
1049 496 1137 533 Virgo
1147 500 1329 531 autem,quae
1343 505 1486 532 sponsum
1497 504 1582 524 suum
1597 504 1714 532 semper
1724 504 1785 524 am-

961 541 1005 568 bit
1015 541 1050 577 (si
1068 541 1188 568 omnino
1201 541 1227 568 ei
1241 540 1336 577 placet
1350 541 1488 576 pronubas
1504 542 1634 575 munus),
1644 541 1669 568 ei
1687 541 1785 576 potius

961 585 1152 613 inteminatas
1163 593 1287 620 sponsas
1299 586 1333 613 ad
1349 585 1602 613 immortalitatem
1614 586 1785 621 conjungat.

961 631 1000 657 Ac
1010 629 1065 657 illae
1077 629 1194 665 quidem
1204 629 1281 657 circa
1293 629 1447 657 mortalem
1463 629 1596 657 laborent
1606 628 1785 664 thalamum;

961 674 1026 709 ipsa
1040 682 1106 701 vero
1121 682 1187 702 cum
1206 674 1400 709 prudentibus
1419 681 1540 701 accensa
1560 673 1695 708 lampade
1709 673 1787 702 circa

961 718 1118 746 Dominum
1134 719 1238 746 choros
1253 721 1482 754 agat,sponsum
1499 726 1627 754 sequens
1638 726 1705 746 cum
1717 727 1785 754 pro-

962 764 1024 799 prio
1035 763 1210 798 virginitatis
1224 763 1379 796 lumine,et
1391 762 1465 790 alias
1475 763 1605 799 virgineo
1617 763 1724 791 foedere
1735 771 1785 790 co-

962 807 1078 843 pulans.
1093 807 1200 842 Turpis
1216 807 1294 834 enim
1310 815 1409 834 revera
1422 809 1452 834 et
1466 807 1562 842 probri
1579 806 1666 842 plena
1680 815 1726 834 res
1741 809 1787 835 est

960 851 1077 887 virgini,
1093 851 1129 885 si,
1141 860 1204 887 quas
1221 851 1332 887 nuptiis
1348 854 1554 887 praeoccupate;
1565 849 1644 886 sunt,
1660 851 1704 878 hui
1719 854 1786 879 tan-

962 904 1049 932 quam
1060 896 1227 931 nuptiarum
1237 896 1386 924 doloribus
1394 896 1560 932 implicataa,
1570 896 1701 924 nondum
1711 896 1785 925 facto

961 949 1145 976 eorum,quze
1163 941 1233 975 ipsis
1248 943 1388 969 eventura
1402 943 1495 974 erant,
1510 941 1785 977 periculo,virgines

962 986 1111 1013 deterrean
1117 985 1299 1020 t,quominus
1308 985 1419 1012 similes
1429 985 1579 1013 molestias
1587 986 1785 1021 experiantur,

961 1032 989 1057 et
1004 1029 1211 1057 intaminatum
1227 1029 1338 1065 sponsi,
1350 1032 1378 1057 et
1393 1037 1504 1060 earum.
1516 1038 1580 1064 quis
1596 1029 1638 1057 illi
1655 1029 1783 1065 despon-

961 1078 1073 1109 sanlur,
1082 1077 1146 1101 tum
1162 1074 1190 1101 in
1214 1074 1359 1110 praesenti,
1373 1076 1437 1101 tum
1454 1074 1483 1101 in
1501 1074 1599 1101 futura
1614 1074 1683 1108 vita,
1694 1075 1785 1103 decus

960 1119 1099 1154 majorem
1116 1119 1145 1146 in
1162 1119 1280 1146 modum
1297 1119 1489 1154 praedicantes
1499 1127 1533 1146 ac
1543 1119 1718 1151 beantes,ad
1730 1119 1786 1147 vir-

959 1163 1112 1199 ginitatem
1129 1163 1331 1190 adhortantur.
1347 1163 1435 1199 Virgo
1449 1165 1548 1190 autem
1569 1163 1704 1198 pronuba
1717 1171 1782 1192 esse

960 1208 1085 1240 studeat,
1098 1210 1198 1235 contra
1208 1215 1297 1242 quam
1310 1207 1471 1243 proﬁtetur,
1481 1207 1589 1235 sentire
1600 1216 1631 1235 se
1641 1207 1725 1235 factis
1735 1208 1782 1236 de-

958 1252 1084 1279 clarans.
1097 1252 1214 1280 Scilicet
1228 1254 1429 1288 preoccupata
1443 1252 1519 1279 638
1536 1252 1680 1287 promisso
1692 1252 1782 1288 virgi-

959 1296 1060 1324 nitatis
1076 1297 1112 1324 ob
1129 1297 1270 1332 pudorem
1285 1297 1320 1324 ad
1336 1296 1416 1324 illius
1428 1297 1490 1332 jam
1506 1297 1631 1332 speciem
1648 1305 1712 1324 sese
1727 1297 1783 1324 ﬁn-

960 1349 1027 1377 gere
1037 1341 1161 1377 cogitur.
1170 1341 1224 1368 Sed
1235 1341 1334 1368 animo
1343 1341 1462 1377 nuptias
1473 1341 1593 1377 eligens,
1602 1349 1635 1368 ac
1645 1341 1716 1368 forte
1725 1349 1784 1369 non

960 1386 1023 1413 sine
1034 1386 1208 1421 ptenitentia
1217 1386 1350 1421 cogitans
1362 1386 1470 1421 quibus
1481 1386 1594 1422 privata
1606 1385 1644 1412 sit
1652 1385 1784 1422 volupta-

960 1430 1050 1463 tibus,
1062 1430 1130 1466 quid
1145 1431 1180 1458 de
1192 1430 1300 1466 nuptiis
1313 1430 1343 1457 in
1355 1430 1453 1458 anima
1464 1429 1581 1463 sentiat,
1593 1437 1651 1457 non
1663 1429 1787 1458 obscure

961 1475 1046 1502 factis
1061 1474 1123 1502 suis
1138 1475 1267 1511 exponit,
1281 1475 1377 1511 palam
1398 1477 1427 1502 et
1448 1477 1548 1510 aperte
1563 1475 1715 1502 ostendam
1731 1484 1786 1503 nu-

962 1518 1098 1547 bentibus
1108 1519 1218 1553 volens,
1231 1527 1294 1546 sese
1305 1519 1365 1547 illis
1377 1519 1614 1554 gratulari,quod
1625 1518 1713 1546 talem
1726 1527 1788 1555 per-

962 1566 1087 1603 cepturus
1102 1563 1162 1591 sint
1176 1563 1364 1598 voluptatem.
1374 1563 1460 1598 Virgo
1471 1563 1561 1599 igitur
1574 1565 1604 1591 et
1614 1564 1673 1591 vita
1683 1566 1713 1592 et
1726 1566 1787 1592 toto

79 1609 177 1647 φαίνει.
209 1608 301 1646 ὥσπερ
316 1609 428 1645 γυμνῶς
444 1609 499 1644 (90)
527 1609 587 1638 ταῖς
614 1609 800 1644 γαμουμέναις
822 1606 905 1634 ἐνδεί-

965 1608 1097 1636 instituto
1113 1608 1149 1635 ab
1165 1616 1199 1636 ea
1214 1616 1276 1642 qua:
1292 1610 1383 1644 nupta
1398 1610 1451 1642 est,
1464 1608 1569 1641 divisa,
1585 1609 1788 1637 convenientia

79 1653 170 1688 ξασθαι
187 1651 315 1687 θέλουσα,
345 1651 386 1679 ὅτι
402 1649 543 1686 συνήδεται
560 1651 664 1686 αὐταῖς,
682 1649 739 1682 οἵας
757 1650 906 1687 μέλλουσιν

965 1652 1064 1688 virgini
1077 1661 1162 1688 opera
1175 1661 1291 1688 semper
1299 1655 1448 1689 agnoscet,
1455 1653 1656 1689 incorruptam
1667 1653 1697 1680 in
1707 1653 1787 1682 omni

79 1696 182 1731 ἡδονίς
197 1695 358 1723 ἀπολαύειν.
376 1694 567 1732 Μιμερισμένη
584 1697 647 1733 γοῦν
662 1695 731 1732 πρὸς
755 1695 805 1729 τὴν
830 1692 906 1733 ἔγγα-

965 1705 1048 1732 spere
1072 1697 1321 1732 pulchritudinem
1337 1697 1515 1733 virginitatis
1540 1706 1671 1731 servans,
1684 1706 1720 1726 ne
1742 1698 1788 1726 in-

82 1751 130 1777 μον
145 1742 164 1775 ἡ
193 1740 336 1778 παρθένος,
364 1739 410 1767 τόν
440 1750 469 1766 τε
499 1739 570 1777 βίον,
585 1738 629 1766 καὶ
642 1745 646 1748 ”
658 1738 724 1766 ὅλον
738 1740 769 1766 τὸ
784 1739 864 1774 ἦθος,
875 1739 906 1767 τὰ

965 1741 1130 1769 diﬁ‘erenter
1140 1742 1175 1769 ad
1187 1750 1230 1775 ea,
1243 1750 1307 1777 quae
1317 1749 1374 1769 non
1391 1742 1504 1776 decent,
1516 1742 1618 1776 eﬂ'usa,
1632 1742 1709 1778 quod
1722 1750 1788 1778 per-

78 1783 262 1813 έπιϐάλλοντα
287 1784 354 1822 ἔργα
383 1785 418 1821 τῇ
447 1784 573 1822 παρθένῳ
601 1783 628 1811 έν
654 1783 733 1811 παντὶ
761 1784 906 1822 έπιγνώσμ

965 1785 1047 1822 sequi
1063 1786 1172 1820 studet,
1187 1786 1216 1814 id
1232 1786 1398 1814 actionibus
1413 1786 1475 1814 suis
1491 1789 1611 1814 evertat.

78 1839 129 1857 ταν
147 1828 315 1868 ἀδιάφθορον
332 1828 400 1856 κατὰ
414 1830 466 1855 πᾶν
482 1827 562 1866 ἔργον
577 1828 608 1856 τὸ
621 1827 725 1859 κάλλος
741 1832 790 1863 τῆς
809 1828 954 1865 παρθενίας
969 1831 1099 1867 τηροῦσα,
1117 1829 1163 1857 ’ίνα
1180 1831 1217 1867 μὴ
1242 1829 1398 1869 ἀδιαφόρως
1423 1829 1574 1868 ἐκχεομένη
1597 1829 1665 1867 πρὸς
1688 1829 1722 1857 τὰ
1751 1830 1790 1866 μὴ

79 1875 219 1912 πρέποντα
235 1875 277 1904 οἷς
293 1873 405 1911 πράττει
422 1874 581 1909 λυμήνηται
595 1875 644 1900 τοῦ
659 1872 674 1900 6'
691 1874 810 1909 μετιέναι
825 1872 980 1908 σπουδάζει.

112 1921 159 1948 22.
189 1917 267 1946 ’Λλλ¹
283 1917 355 1945 οὕτω
373 1919 420 1954 μὶν
444 1915 559 1956 ἀκριϐὴς
587 1917 672 1952 ἔσται,
702 1917 748 1945 καί
776 1917 908 1952 λαλοῦσαι,

81 1964 125 1991 καί
154 1966 296 1998 σιωπῶσα,
312 1962 357 1990 καὶ
372 1964 516 2000 προϊοῦσα,
542 1963 559 1997 ἡ
590 1960 673 1993 ὅντως
696 1962 839 1999 παρθένος.
865 1965 911 1990 Δεῖ

85 2006 121 2040 δὲ,
137 2007 206 2044 ὅπερ
222 2005 300 2045 ἔφην,
317 2006 355 2042 μὴ
372 2004 467 2036 ἁπλῶς
482 2006 528 2033 καὶ
543 2006 580 2036 ὡς
595 2004 685 2042 ἔτυχε,
714 2004 785 2042 μηδὲ
811 2006 908 2042 μόνην,

84 2051 156 2080 ἀλλὰ
184 2053 253 2079 κατὰ
273 2051 320 2078 τὸν
334 2051 532 2088 προειρημένον
556 2050 668 2082 σκοπὸν,
695 2050 762 2086 μετὰ
786 2051 907 2087 κοσμίων

83 2097 125 2124 καὶ
158 2096 211 2134 βίῳ
238 2096 282 2123 καὶ
312 2095 410 2130 ἡλικίᾳ
436 2097 571 2132 γυναικῶν
601 2096 761 2131 προϊοῦσαν,
780 2094 910 2131 μηδαμοῦ

86 2142 130 2177 μὲν
157 2140 184 2168 ἰν
211 2139 342 2177 ἀπρεπέσι
373 2142 531 2173 στενωποῖς,
559 2140 576 2174 ἢ
608 2139 730 2176 ἀγοραῖς,
758 2136 818 2171 ἔνθα
846 2137 909 2167 ἀκό-

83 2196 157 2222 σμων
178 2185 327 2222 ἀνθρώπων
351 2181 493 2220 συμϐαίνει
516 2183 564 2215 τὰς
592 2181 732 2221 διατριϐὰς
757 2187 911 2222 συγκροτεῖ-

83 2231 149 2264 σθαι,
179 2229 281 2265 ταύτην
310 2229 432 2267 ὁρὰσθαι’
462 2229 645 2266 εὐοτοχοῦσαν
685 2227 714 2255 δὶ
741 2230 790 2255 τοῦ
814 2231 909 2266 καιροῦ

82 2278 129 2309 τῆς
158 2274 361 2312 προελεύσεως,
377 2273 506 2308 τοιαύτην
517 2273 562 2300 καὶ
580 2273 705 2310 σχήματι
720 2273 763 2300 καὶ
782 2272 912 2310 βαδίσμα-

82 2329 117 2355 τι,
134 2319 179 2347 καὶ
210 2317 269 2354 ὅλῳ
291 2320 330 2354 τῷ
350 2319 482 2354 κινήματι
508 2317 581 2356 παρά
609 2320 662 2344 τῶν
691 2316 912 2355 ἐντυγχανόντων

83 2364 206 2401 ὁρᾶσθαι,
249 2363 286 2393 ὡς
329 2362 430 2393 πάντας
466 2361 530 2393 τοὺς
572 2361 754 2396 ἀπαντῶντας,
793 2363 911 2400 καθάπερ

84 2407 196 2445 ἄγαλμα
212 2409 279 2435 Stoa
302 2405 495 2442 ﬂpoagsévtuc,
524 2405 688 2441 πλήττεσθτι
720 2407 766 2442 μὲν
781 2408 849 2444 πρὸς
874 2407 914 2434 αί-

86 2450 124 2479 δῶ
152 2453 263 2482 πάντως
276 2451 327 2485 τήν
355 2449 428 2487 ὄψιν,
445 2450 655 2489 σωφρονίζεσθαι
685 2448 713 2477 δὶ
740 2451 786 2478 τὸν
802 2454 864 2479 νοῦν
879 2453 913 2487 τῇ

82 2498 131 2524 τοῦ
160 2495 248 2524 καλοῦ
275 2495 440 2532 ὑπομνήσει,
469 2492 556 2522 σέϐειν
585 2492 614 2522 δὲ
639 2495 688 2529 τὴν
706 2494 778 2530 θίαν,
806 2496 852 2523 καὶ
876 2497 913 2528 ὡς

122 2577 178 2611 (84)
195 2576 250 2610 Τὴν
280 2574 381 2613 ᾀρχήν.
405 2575 582 2613 _Prs5mittit,r
599 2574 682 2613 ὅλως,
707 2576 795 2604 editio
820 2576 912 2606 Paris.

81 2621 147 2648 qua
162 2621 217 2640 vox
231 2611 337 2648 melius
353 2611 445 2640 multo
459 2612 544 2640 abest
558 2612 594 2640 ab
611 2612 739 2641 editione
762 2613 870 2642 Veneta
885 2617 914 2642 et

84 2647 234 2677 veteribus
250 2647 343 2676 libris.

121 2685 176 2721 (85)
192 2683 333 2721 Νυμφίονλη
355 2682 452 2711 Editio
478 2683 676 2721 Paris._addit.
689 2682 819 2721 δριστόν,
837 2687 912 2720 quod

85 2718 220 2749 abest'ab
236 2718 383 2748 omnibus
408 2727 480 2747 mss.
497 2721 525 2746 et
548 2718 674 2747 editione
689 2718 815 2749 Veneta.
826 2718 913 2750 Paulo

84 2755 305 2797 ante‘noppulli
319 2755 450 2797 codices,
457 2754 509 2797 τὴν
520 2754 581 2797 περὶ
597 2753 695 2796 αὐτοὺς
709 2755 840 2797 σποοςδήν.

120 2776 913 2832 (ἓοῖ“·“ἰι“ἓτὶζμ1ῐξλῖἷῗ”ᾷξ’ἒόὸῇίιῇὶῇὀὲὶῇξ”ὖῖέίᾌάαί-

85 2827 184 2857 djmus
213 2836 249 2857 ex
280 2827 416 2863 pluribus
449 2835 521 2856 mss.
550 2828 643 2856 Habet
675 2827 765 2857 editio
793 2828 914 2864 Veneta,

249 2892 388 2922 Ρηιοι..
411 2890 470 2932 αι,
489 2891 585 2924 XXX.

999 1920 1044 1947 22.
1056 1921 1148 1954 Atque
1164 1919 1205 1947 ita
1219 1919 1336 1955 quidem
1354 1922 1440 1948 cauta
1455 1920 1510 1948 erit
1530 1922 1560 1947 et
1575 1919 1710 1956 diligens,
1726 1921 1791 1948 tum

965 1963 994 1991 in
1011 1963 1157 1999 loquendo
1168 1965 1197 1991 et
1211 1965 1416 1999 tacendo,tum
1433 1964 1462 1991 in
1478 1965 1718 2000 incedendo,quaa
1727 1973 1792 1992 vere

964 2009 1044 2043 virgo
1060 2007 1243 2044 est.0portet
1258 2012 1354 2036 autem
1373 2009 1401 2036 id
1418 2009 1495 2044 quod
1517 2009 1580 2043 jam
1604 2009 1672 2040 dixi.
1685 2012 1717 2036 ut
1732 2018 1790 2037 non

965 2052 1232 2086 indiscriminatim,
1246 2061 1297 2080 nec
1313 2053 1435 2088 passim,
1450 2061 1502 2080 nec
1522 2052 1593 2085 sola,
1606 2053 1656 2080 sed
1673 2061 1790 2080 accom-

966 2098 1081 2124 modate
1096 2098 1132 2125 ad
1154 2097 1228 2125 illud
1252 2098 1330 2133 quod
1355 2097 1493 2130 diximus,
1511 2097 1704 2132 propositum,
1720 2105 1788 2125 cum

965 2142 1078 2169 ornatis
1093 2144 1121 2169 et
1140 2143 1201 2169 vita
1224 2144 1253 2169 et
1276 2144 1360 2169 aetate
1389 2141 1562 2169 mulieribus
1587 2141 1788 2177 progrediens,

966 2194 1113 2222 nusquam
1130 2186 1159 2213 in
1186 2186 1331 2214 indecoris
1345 2186 1416 2213 vicis
1431 2188 1482 2214 aut
1496 2186 1611 2222 plateis,
1629 2186 1678 2214 ubi
1702 2185 1791 2214 inho—

965 2233 1116 2258 nestornm
1134 2230 1286 2258 hominum
1307 2231 1559 2258 deambulationee
1574 2230 1670 2258 solent
1685 2239 1791 2258 conso-

965 2275 1048 2307 ciari,
1059 2278 1211 2308 cernatur;
1226 2283 1325 2303 verum
1339 2278 1441 2311 aptum
1457 2275 1660 2311 progrediendi
1675 2279 1792 2312 tempus

967 2319 1088 2355 eligens,
1100 2319 1167 2347 talis
1183 2322 1212 2347 et
1226 2319 1329 2347 habitu
1345 2323 1375 2348 et
1388 2320 1506 2347 incessu
1522 2322 1551 2348 et
1561 2321 1696 2348 universo
1712 2323 1794 2349 motu

967 2364 1189 2392 occurrentibus
1214 2365 1356 2396 videatur,
1375 2367 1407 2392 ut
1431 2365 1600 2400 quicunque
1623 2367 1793 2399 occurrunt,

968 2411 1108 2444 tanquam
1125 2409 1174 2436 Dei
1198 2409 1389 2436 simulacrum
1406 2409 1549 2443 videntes,
1564 2409 1658 2437 oculis
1673 2410 1793 2438 omnino

967 2455 1003 2481 ad
1019 2453 1223 2481 verecundiam
1241 2453 1408 2488 incitentur,
1426 2457 1523 2482 mente
1537 2457 1635 2482 autem
1655 2455 1794 2482 erudian-

967 2501 1016 2526 tur
1029 2498 1145 2526 virtutis
1169 2498 1379 2532 admonitione,
1396 2506 1429 2526 ac
1449 2498 1648 2535 spectaculum
1673 2498 1747 2526 illud
1762 2499 1792 2526 in

1001 2580 1049 2606 ὲπο
1054 2578 1121 2607 μένη
1127 2600 1133 2607 .

967 2579 984 2614 ἡ
1001 2579 1133 2615 ἑπομένη.

974 2651 979 2652 γ
1003 2615 1065 2652 (87),
1075 2616 1141 2645 Ταῖς
1159 2613 1276 2646 ὀδύναις.
1294 2615 1386 2644 Colb..
1402 2616 1436 2652 τῇ
1453 2613 1549 2652 ὀδύνῃ,
1565 2616 1594 2643 et
1611 2614 1698 2651 paulo
1714 2615 1791 2650 post,

968 2651 1162 2687 ἀποτρέπουσι.

1004 2684 1057 2722 (88)
1074 2685 1282 2723 llapuxahbcjtv,
1300 2687 1362 2714 Duo
1378 2695 1462 2721 mss.,
1479 2684 1694 2723 παρακαλοῦσιν.

1003 2722 1124 2760 (δολνιιι
1141 2722 1203 2760 περὶ
1220 2722 1299 2750 αὐτὸν
1315 2732 1383 2760 εχει.
1400 2723 1446 2750 Sio
1464 2730 1535 2750 mss.
1553 2725 1688 2758 quatuor.
1706 2722 1793 2758 Editi,

967 2759 1029 2795 περί
1045 2757 1125 2786 αὐτόν
1140 2757 1225 2796 ἔχειν.

1005 2796 1061 2830 (90)
1078 2793 1202 2830 Γυμνὶἶῐς.
1217 2795 1264 2822 Sic
1280 2794 1396 2822 codices
1410 2793 1564 2830 Combefis.
1576 2795 1605 2822 et
1619 2793 1720 2830 plures
1734 2794 1794 2823 alii.

968 2831 1064 2859 Editio
1080 2829 1184 2866 Parim,
1200 2831 1302 2867 γυμνή.
1319 2831 1434 2864 Veneta,
1449 2829 1564 2866 γυμνός.
