2010 3145
229 161 290 190 Ἠΰ

702 157 899 188 APPENDIX
922 156 1085 187 OPERUM
1106 155 1138 187 S.
1160 155 1303 187 BASILII
1326 157 1462 188 MAGNI.

1878 159 1935 189 Ἠϐ

227 225 337 252 honore
361 224 498 258 habeant,
514 226 544 251 et
567 223 645 251 velut
669 223 729 257 Dei,
747 225 779 250 ut
803 223 873 256 dixi,
894 221 1054 249 simulacro

1112 222 1188 256 Θεοῦ,
1206 220 1295 257 ὥοπερ
1317 222 1372 256 (9i)
1401 218 1480 260 ἔφην,
1495 221 1577 249 εῗκόνι
1595 222 1760 260 ὑποχωρεῖν,
1776 223 1823 250 καὶ
1846 223 1935 260 ἆντρί-

226 269 369 296 decedant
383 272 411 296 et
420 271 606 296 venerentur.
615 268 869 301 Quemadmodum
880 267 958 294 enim
977 268 1055 302 saty-

226 321 327 341 rorum
343 313 488 350 imagines
501 313 568 340 visas
580 313 672 340 risum
685 312 873 340 cernentibus
886 313 1010 343 movent,
1023 318 1056 338 ac

228 358 337 386 doloris
353 358 443 394 plenae
458 357 520 385 aliaa
543 357 687 393 imagines
713 357 844 384 animum
870 355 1054 383 cernentium

228 405 258 430 et
272 404 366 430 visum
382 403 528 438 impressa
542 402 672 429 tristium
685 410 781 428 rerum
798 401 925 436 imagine
941 401 1055 428 suffun-

229 447 318 482 dunt;
343 449 372 474 et
396 447 644 482 quemadmodum
673 445 746 473 nihil
776 446 880 473 horum
911 447 1053 476 movetur,

231 499 297 519 cum
315 491 496 518 cernentium
512 490 606 517 visum
623 490 652 517 in
669 498 738 517 suos
753 489 844 516 trahit
859 489 990 522 affectus,
1004 487 1055 516 sed

231 536 286 563 etsi
301 536 331 563 in
348 534 490 562 immobili
506 535 621 562 videtur
647 534 785 569 imagine,
798 534 826 560 in
849 533 993 560 immobili
1010 536 1056 560 ta-

232 588 297 607 men
323 580 415 606 l'orma
443 579 557 606 animos
582 579 741 606 viventium
771 580 944 611 commovet,
964 579 992 604 et
1020 577 1056 604 ad

231 625 364 659 proprios
380 623 500 650 habitus
518 623 615 657 fingit:
629 623 670 650 ita
684 626 713 649 et
723 623 814 658 virgo,
829 630 895 649 cum
912 621 1057 649 castitatis

229 668 337 704 imago,
349 667 393 695 vel
410 667 506 703 potius
522 667 616 703 ipsius
629 668 746 694 virtutis
762 667 952 694 simulacrum
970 666 1018 698 sit,
1032 666 1057 692 si

228 714 343 740 tantum
361 711 696 746 cernatur,inluentium
722 709 823 738 oculos
845 710 930 737 debet
946 710 980 736 ad
999 709 1056 736 Nu-

230 756 320 783 minis
334 756 542 791 cogitationem
564 759 739 782 convertere.
758 754 943 782 Percutiatur
959 753 1057 781 animo

230 800 410 836 impudicus,
422 800 566 827 castitatis
583 799 831 835 pulchritudinem
848 799 975 830 virgineo
991 806 1057 833 spe-

232 845 346 872 ctaculo
360 845 390 872 in
406 845 576 871 memoriam
593 843 936 871 revocante.Recordetur
950 842 1058 877 aliquis

234 889 546 925 Dei,imaginem.quaa
564 889 598 916 ad
611 888 742 916 studium
759 887 1055 935 illius-mandatorum
1072 903 1096 935 B

233 934 385 966 excolitur,
402 933 556 969 aspiciens.
571 934 665 968 Atque
682 935 713 960 ut
727 933 814 960 verbo
836 932 942 963 dicam.
959 934 1058 959 trans—

233 979 375 1006 formetur
389 978 605 1005 occurrentium
619 977 724 1012 virgini
735 980 763 1004 et
773 978 910 1012 aspectus
921 979 949 1003 et
961 978 1058 1003 motus

234 1023 268 1050 ad
296 1022 413 1049 virtutis
436 1022 664 1057 cogitationem:
688 1024 716 1048 et
737 1021 906 1056 quicunque
931 1028 997 1048 cum
1025 1028 1058 1047 ea

231 1069 386 1094 versantur
395 1066 493 1093 animo
502 1068 748 1101 compungantur.
756 1065 846 1092 Nemo
859 1064 1056 1100 autem,quasi

232 1111 323 1147 satyri
339 1113 389 1138 aut
399 1110 557 1146 voluptatis
573 1111 694 1137 fractam
711 1109 831 1137 omnino
843 1109 966 1137 mollitie
981 1109 1056 1136 ima-

230 1155 328 1190 ginem
345 1157 454 1187 cernat,
467 1155 634 1182 emolliatur
646 1155 681 1182 ad
697 1154 889 1189 peccandum,
900 1153 926 1180 ei
937 1153 1056 1189 quidem

231 1207 319 1235 quam
334 1199 422 1230 videt,
434 1200 469 1227 ad
495 1200 649 1226 materiam
675 1199 773 1234 probri
799 1198 998 1234 spectaculum
1016 1198 1055 1224 si-

231 1245 351 1272 mulata:
364 1245 552 1281 virginitatis,
569 1244 624 1272 sibi
640 1252 707 1271 vero
730 1244 794 1279 ipse
819 1244 855 1271 ad
882 1244 989 1279 peccati
1007 1251 1055 1270 ac-

230 1290 391 1317 cessionem
407 1297 562 1316 occursum
573 1288 694 1324 virginis
706 1291 886 1315 convertens.
897 1287 985 1323 Virgo
1001 1287 1055 1323 igi-

229 1336 279 1361 tur
293 1333 334 1361 ita
349 1341 412 1361 sese
427 1332 571 1365 excolens,
590 1336 622 1359 ut
637 1332 739 1359 divine
755 1332 894 1367 imaginis
909 1340 1010 1359 norma
1026 1331 1056 1359 in

230 1378 379 1410 omnibus,
396 1381 434 1411 et,
447 1380 478 1404 ut
492 1377 533 1404 ita
553 1377 659 1412 dicam,
671 1377 822 1412 sculptura
837 1377 951 1410 evadat,
964 1379 1055 1403 totam

231 1431 262 1451 se
277 1432 294 1450 a
309 1422 411 1450 mundi
428 1422 506 1449 curis
527 1422 695 1455 removebit,
712 1424 742 1448 et
758 1430 774 1448 s
790 1420 937 1456 corporeis
950 1420 1055 1456 volup-

229 1468 343 1495 tatibus
361 1467 491 1494 animam
507 1467 584 1494 689
601 1466 745 1500 avocabit,
761 1468 912 1501 totamque
929 1467 1054 1492 mentem

229 1511 265 1538 ad
290 1519 419 1539 amorem
445 1511 606 1538 cmlestium
633 1511 800 1545 intendens,
818 1514 932 1537 terrena
956 1508 1055 1537 omnia

228 1554 442 1582 oblectamenta
465 1555 664 1589 conculcabit;
681 1563 737 1582 non
763 1554 858 1590 magis
874 1562 1008 1589 quaerens
1023 1553 1051 1580 in

226 1599 284 1633 his,
300 1607 362 1635 quae
389 1599 543 1635 splendida
566 1585 785 1631 existimantur,
802 1585 942 1631 dwelici-ari,
963 1606 1052 1633 quam
1068 1585 1089 1619 (ἶ

226 1643 263 1671 ob
278 1651 436 1677 erumnas,
452 1652 526 1678 quas
542 1643 571 1670 in
587 1644 646 1670 vita
663 1643 764 1671 merito
781 1643 914 1676 trahunt,
932 1642 1054 1670 misera-

227 1687 306 1715 tione
321 1687 410 1723 digna
422 1688 572 1722 judicans.

263 1732 307 1759 23.
325 1731 397 1759 Nam
413 1732 436 1759 si
452 1734 549 1767 nuptm
562 1731 750 1766 multiplices,
761 1733 793 1758 ut
809 1731 849 1758 ita
860 1731 967 1765 dicam,
978 1739 1054 1758 mor-

228 1778 284 1809 tes,
297 1785 371 1812 quas
387 1776 434 1804 hic
446 1776 508 1811 jam
526 1776 644 1812 patitur,
657 1784 757 1803 secum
774 1775 971 1811 comparando
984 1783 1053 1802 con-

229 1820 348 1854 sideret,
362 1820 481 1848 omnino
496 1821 525 1847 in
542 1829 571 1848 se
587 1820 622 1847 ob
646 1820 828 1856 propositum
858 1819 993 1855 praeclare
1008 1819 1054 1854 agi

230 1865 419 1892 existimabit.
428 1865 500 1892 Nam
509 1873 573 1900 quae
580 1865 753 1892 mortalibus
761 1865 872 1900 nuptiis
882 1864 993 1899 illigata
1000 1866 1053 1897 est,

233 1909 278 1936 sui
295 1909 389 1944 ipsius
409 1917 484 1936 cura:
498 1909 619 1936 alteram
647 1909 744 1936 mariti
762 1917 863 1936 curam
880 1909 1054 1944 adjungens,

232 1953 378 1990 geminum
395 1954 550 1989 quamdam
564 1953 592 1981 in
606 1962 664 1981 una
674 1954 773 1981 anima
785 1962 818 1981 ex
834 1954 990 1988 conjuncto
999 1952 1055 1980 sibi

231 2006 351 2034 corpore
362 1998 589 2026 sollicitudinem
603 1998 747 2026 sustinet:
761 2007 817 2026 non
827 1999 887 2034 jam
903 2006 959 2025 uno
975 1997 1055 2025 labo-

229 2051 299 2070 rans
315 2051 443 2078 corpore,
460 2043 509 2071 sed
526 2043 554 2070 in
571 2051 630 2070 una
645 2044 754 2076 anima,
766 2043 802 2070 ob
815 2051 901 2070 suum
914 2045 942 2070 et
958 2042 1054 2069 mariti

229 2096 346 2124 corpus,
364 2096 481 2124 semper
503 2087 531 2115 in
550 2088 659 2115 morbis
674 2088 810 2115 discissa.
825 2087 932 2114 Deinde
947 2087 1053 2114 libero-

229 2140 293 2159 rum
313 2132 382 2160 hinc
403 2135 467 2160 orta
492 2133 659 2168 propagine,
677 2131 764 2160 simul
790 2140 856 2159 cum
878 2139 1055 2166 unoquoque

229 2182 376 2210 nascente,
389 2176 486 2204 animo
503 2177 655 2210 scinditur,
665 2179 693 2204 et
704 2177 754 2212 qui
768 2184 844 2204 nunc
855 2176 997 2210 nascitur,
1009 2176 1053 2203 in-

227 2221 384 2248 sidentium
401 2221 601 2248 molestiarum
612 2222 803 2248 accessioest.
818 2222 852 2248 Ac
865 2221 972 2248 bonum
987 2220 1052 2255 qui-

1109 271 1215 296 πεσθαι·
1242 265 1286 296 Ὠς
1314 266 1367 302 γάρ
1398 265 1518 302 σατύρων
1547 266 1650 297 εἰκόνες
1684 267 1806 304 ὀφθεῖσαι
1830 267 1936 304 γέλωτα

1108 312 1168 339 τοῖς
1183 310 1329 344 θεωροῦσιν
1355 309 1490 344 ἐκίνησαν,
1517 310 1561 337 καὶ
1584 311 1622 342 ὡς
1649 311 1776 346 κατηείας
1801 311 1934 348 γέμουσαι

1110 353 1193 381 ἄλλαι
1209 353 1312 385 εἶ’κόνες
1325 355 1369 381 τὸν
1383 356 1445 381 νοῦν
1461 357 1518 381 τῶν
1535 355 1659 393 ὁρώντων
1675 355 1718 382 καὶ
1731 357 1781 390 τὴν
1794 355 1858 392 ὅψιν
1869 357 1935 393 πρὸς

1108 399 1158 432 τὴν
1172 400 1224 425 τῶν
1240 399 1406 435 σκυθρωπῶν
1424 399 1569 438 φαντασίαν
1586 399 1726 437 συνέχεαν,
1751 400 1797 427 καὶ
1821 400 1859 431 ὡς
1889 401 1935 428 οὐ·

1110 441 1153 469 δὲν
1173 443 1220 478 μὶν
1234 443 1337 470 τούτων
1353 443 1513 479 κινούμενον
1603 444 1652 478 τὴν
1669 446 1722 471 τῶν
1742 446 1848 481 ὁρατῶν
1877 443 1934 481 ὄψιν

1109 486 1177 523 πρὸς
1194 487 1271 514 ἑαυτὸ
1287 485 1449 522 διατίθησιν,
1479 487 1504 514 ἐν
1521 487 1642 523 ἀκινήτῳ
1671 487 1700 515 δὲ
1723 488 1802 524 τύπῳ
1826 489 1935 525 ὁρώμε-

1110 541 1165 562 νον,
1180 530 1205 557 ἐν
1221 532 1255 567 τῇ
1269 531 1388 567 ἀκινήτῳ
1404 533 1497 570 μορφῇ
1516 532 1564 563 τὰς
1588 534 1642 559 τῶν
1670 533 1777 567 ζώντων
1805 531 1935 564 διαθὶσεις

1111 573 1188 611 ὅμως
1205 578 1350 612 μετακινεῖ,
1365 576 1409 602 καὶ
1424 577 1492 613 πρὸς
1514 576 1561 607 τὰς
1587 576 1687 608 οἰκείας
1713 578 1860 616 φαντασίας
1889 588 1934 614 μι-

1110 619 1296 657 ταρῥυθμίζει·
1327 619 1398 647 οὕτω
1414 621 1458 648 καὶ
1474 622 1490 655 ἡ
1504 621 1633 657 παρθένος
1653 621 1830 660 σωφροσύνης
1847 621 1935 657 εἰκὼν,

1113 663 1219 700 μᾶλλον
1237 663 1265 691 δὲ
1280 664 1445 702 αὐτοαρετῇς
1460 665 1572 701 ἄγαλμα
1588 665 1662 700 οὖσα,
1685 665 1730 692 καὶ
1746 666 1829 702 μόνον
1847 666 1934 705 ὀφθεῖ-

1113 719 1154 744 σα,
1176 709 1223 739 τὰς
1247 711 1300 735 τῶν
1327 709 1453 746 ὁρώντων
1479 707 1555 746 ὄψεις
1579 710 1647 747 πρὸς
1670 710 1720 744 τὴν
1735 712 1783 737 τοῦ
1800 709 1876 737 θείου
1899 708 1936 737 ἕν-

1112 763 1185 780 νοιαν
1203 753 1370 790 ἐπιστρεφιιν
1389 752 1503 791 ὀφείλει.
1534 755 1675 791 Πληγήτω
1695 756 1758 792 γοῦν
1777 765 1820 785 τις
1834 753 1935 782 ἀκόλα-

1111 808 1173 828 στος
1199 798 1250 832 τὴν
1273 798 1378 834 ψυχὴν,
1401 800 1450 825 τοῦ
1476 801 1525 832 τῆς
1554 797 1732 836 σωφροσύνης
1757 798 1882 830 κάλλους
1908 798 1936 826 ἐκ

1111 846 1161 876 τῆς
1188 842 1353 879 παρθενικῆς
1383 843 1443 873 θὲας
1460 842 1655 878 ὑπομνησθείς.
1677 843 1895 879 Ἀναμνησθήτω
1909 842 1935 870 δέ

1111 897 1153 918 τις
1182 888 1260 918 Θεοῦ,
1288 887 1337 920 τήν
1352 887 1420 924 πρὸς
1437 886 1521 921 ζῆλον
1536 889 1590 914 τῶν
1607 886 1724 914 ἐντολῶν
1741 887 1825 914 αὐτοῦ
1841 887 1936 915 ἀσκου-

1115 931 1197 967 μὲΑην
1216 931 1305 958 εθκόνα
1322 929 1397 959 ἰδών,
1428 932 1475 959 Καὶ
1493 930 1614 962 συνόλως
1639 931 1734 966 εἴπιῖν,
1752 932 1936 970 μεταρρυθμι-

1113 976 1197 1009 ζὲσθω
1216 976 1267 1002 νῶν
1283 975 1464 1003 ἀπαντώντων
1482 977 1537 1011 (93)
1561 978 1594 1012 τῇ
1624 977 1748 1013 παρθένῳ
1763 976 1809 1003 καὶ
1826 976 1936 1014 βλέμμα

1111 1020 1156 1046 καὶ
1193 1019 1297 1056 κίνημα
1332 1020 1401 1058 πρὸς
1427 1021 1477 1054 τήν
1504 1022 1552 1047 τοῦ
1581 1020 1667 1048 καλοῦ
1694 1020 1840 1057 φαντασίαν
1856 1031 1862 1036 ·

1111 1065 1207 1094 πάντες
1232 1064 1279 1101 μὲν
1307 1064 1332 1091 ol.
1363 1065 1593 1102 συντυγχάνοντες
1626 1064 1864 1103 ἐπιπυφὲσθωσαν
1890 1066 1936 1100 τήν

1112 1107 1350 1144 διάνοιαν.Μηδείς
1363 1107 1496 1146 δὲῶσπερ
1509 1108 1624 1147 σατύρου
1640 1109 1658 1143 ἢ
1673 1107 1775 1144 ἡδονῆς
1793 1109 1863 1144 ὅλην
1883 1111 1936 1146 (94)

1109 1153 1299 1191 τεθρυμμὲνην
1323 1153 1384 1190 ὄψιν
1410 1152 1494 1186 ἰδὼν,
1521 1152 1663 1191 διαχυθείη
1693 1154 1760 1190 πρὸς
1790 1155 1936 1192 ἁμαρτίαν,

1111 1198 1218 1236 ἐφόδιον
1234 1198 1322 1235 ψόγου
1339 1198 1386 1234 μὲν
1397 1199 1432 1233 τῇ
1445 1197 1567 1236 ὀφθείσῃ,
1585 1201 1635 1232 τῆς
1651 1197 1774 1225 ὑπούλου
1790 1199 1935 1236 παρθενίας

1109 1243 1158 1276 τήν
1176 1242 1247 1275 θὲαν,
1266 1242 1352 1278 ἑαυτῷ
1368 1240 1396 1269 δὲ
1413 1241 1536 1278 μείζονος
1562 1241 1695 1279 ἁμαρτίας
1711 1243 1759 1277 τὴν
1786 1243 1933 1280 συντυχίαν

1109 1290 1158 1321 τῆς
1189 1287 1322 1324 παρθένου
1353 1284 1456 1314 λαϐών.
1497 1286 1602 1315 Οὐκοῦν
1638 1289 1705 1314 Θεοῦ
1735 1286 1842 1318 εἰκόνος
1872 1288 1936 1314 κατᾶ

1109 1330 1195 1357 πάντα
1211 1330 1313 1368 ῥυθμὸν
1328 1330 1436 1365 ἑαυτὴν,
1452 1331 1508 1365 καὶ,
1534 1331 1571 1361 ὡς
1586 1329 1617 1357 ἂν
1633 1329 1704 1357 εἴποι
1727 1341 1780 1365 τις,
1806 1330 1934 1368 γλύμμα,

1110 1376 1127 1409 ἡ
1149 1375 1280 1412 παρθένος
1296 1375 1446 1410 ἀσκήσασα,
1463 1374 1531 1410 ὅλην
1549 1375 1596 1412 μὲν
1611 1376 1708 1409 ἑαυτὴν
1732 1377 1787 1402 τῶν
1813 1375 1862 1403 τοῦ
1891 1376 1934 1403 κό-

1111 1430 1181 1456 σμου
1199 1418 1348 1456 φροντίδων
1376 1417 1426 1454 ἔξω
1454 1421 1573 1454 ποιήσει’
1603 1422 1657 1447 τῶν
1687 1418 1716 1446 δὲ
1737 1422 1784 1447 τοῦ
1808 1421 1933 1457 σώματος

1110 1463 1216 1499 ἡδονῶν
1229 1464 1278 1498 τήν
1294 1465 1386 1501 ψυχὴν
1404 1464 1562 1499 ἀποστήσει,
1576 1463 1620 1491 καὶ
1643 1464 1707 1492 ὅλον
1723 1465 1769 1491 τὸν
1784 1466 1847 1491 νοῦν
1872 1465 1936 1501 πρὸς

1108 1509 1154 1536 τὸν
1170 1508 1258 1545 ἔρωτα
1271 1511 1324 1536 τῶν
1340 1508 1469 1546 οὐρανίων
1485 1509 1603 1542 τείνασα,
1620 1509 1652 1536 τὰ
1666 1510 1734 1536 κατᾶ
1759 1512 1812 1546 γῆν
1838 1509 1935 1547 τερπνὰ

1109 1553 1196 1580 πάντα
1210 1554 1334 1588 πατήσει·
1353 1554 1403 1580 οὐκ
1417 1552 1610 1591 ἀποδεχομένη
1629 1552 1735 1590 μᾶλλον
1758 1553 1869 1585 τούτοις
1895 1565 1936 1581 νο-

1111 1597 1269 1634 μιζομένοις
1295 1596 1434 1634 λαμπροῖς
1459 1597 1600 1636 ὲντρυφᾷν,
1624 1597 1642 1631 ἢ
1672 1601 1722 1632 τῆς
1745 1596 1934 1635 ταλαιπωρίας

1109 1642 1193 1676 αὐτῆς
1210 1643 1240 1676 ἣν
1257 1641 1282 1670 ἐν
1298 1644 1332 1679 τῇ
1352 1644 1408 1679 ζωῇ
1433 1641 1588 1670 διαντλοῦσι
1613 1642 1681 1669 κατὰ
1707 1642 1793 1679 λόγον
1818 1642 1932 1677 οἰκτιζο-

1111 1685 1190 1722 μένη.

1144 1732 1190 1759 23.
1209 1731 1255 1759 Ἐκ
1269 1729 1453 1768 παραλλήλου
1468 1731 1520 1769 γὰρ
1535 1731 1583 1763 τὰς
1596 1734 1646 1766 τῆς
1661 1730 1859 1769 γεγαμημένης
1882 1742 1934 1759 πο-

1110 1775 1280 1814 λυμόρφους,
1309 1775 1346 1806 ὡς
1377 1777 1406 1802 ἂν
1423 1774 1497 1803 εἶθποὲ
1513 1777 1569 1811 (95)
1583 1787 1634 1809 τις,
1649 1779 1736 1814 κῆρας
1752 1777 1822 1814 πρὸς
1837 1777 1933 1811 ἑαυτὴν

1110 1822 1257 1856 θεωροῦσα,
1275 1820 1311 1847 ὧν
1327 1819 1446 1848 ἐντεῦθεν
1463 1819 1517 1855 ήδη
1543 1820 1687 1856 ἀπολαύιι,
1705 1821 1815 1852 πάντως
1839 1821 1936 1856 ἑαυτὴν

1109 1867 1157 1892 τοῦ
1181 1866 1282 1891 σκοποῦ
1307 1863 1483 1900 ἀποδέξεται.
1512 1865 1543 1893 ἹῙ
1574 1865 1620 1901 μὲν
1651 1865 1703 1902 γὰρ
1734 1867 1826 1900 θνητῷ
1854 1867 1936 1902 γάμῳ

1111 1910 1263 1946 ζευχθεῖσα,
1279 1909 1313 1946 τῇ
1334 1908 1369 1936 δι’
1393 1910 1490 1943 ἑαυτὴν
1507 1908 1629 1948 φροντίδι
1654 1909 1699 1936 καὶ
1715 1910 1808 1946 mpm
1824 1911 1875 1944 τὴν
1889 1910 1936 1937 τοῦ

1111 1952 1205 1989 ἀνδρὸς
1233 1951 1436 1991 προσλαϐοῦσα,
1454 1952 1567 1990 δίδυμόν
1583 1965 1642 1981 τινα
1655 1953 1684 1981 ἐκ
1702 1957 1765 1990 μιᾶς
1779 1956 1874 1992 ψυχῆς
1888 1955 1937 1988 τήν

1109 2000 1157 2025 τοῦ
1182 1997 1349 2037 συμφυέντος
1374 1998 1443 2035 αὐτῇ
1469 1999 1596 2035 σώματος
1623 1996 1752 2037 φροντίδα
1782 1998 1934 2037 ὑφίσταταγ

1110 2042 1199 2070 οὐκετι
1214 2044 1253 2077 τῷ
1268 2041 1307 2069 ἐνὶ
1331 2043 1470 2078 κάμνουσα
1499 2043 1616 2078 σώματι,
1631 2042 1694 2071 ἀλλ’
1714 2043 1740 2070 ἐν
1769 2046 1820 2080 μιᾷ
1844 2046 1934 2081 ψυχῃ,

1109 2087 1177 2124 πρός
1201 2097 1230 2113 τι
1255 2086 1286 2113 τὸ
1310 2088 1359 2113 τοῦ
1383 2085 1481 2124 ἀνδρὸς
1495 2087 1583 2114 καὶτὸ
1599 2087 1707 2122 εαυτῆς,
1724 2086 1749 2114 ἐν
1766 2090 1828 2118 ταῖς
1843 2088 1934 2118 νόσοις

1110 2131 1150 2158 ἀεὶ
1165 2130 1329 2167 τεμνομένη.
1356 2131 1421 2159 Εἶτα
1444 2131 1562 2159 ἐντεῦθεν
1586 2132 1634 2162 τὰς
1649 2134 1702 2158 τῶν
1726 2130 1829 2159 τᾶκνων
1845 2142 1934 2170 παρα-

1109 2173 1210 2214 φυάῖας
1228 2174 1414 2212 βλαστήσασα,
1440 2175 1543 2212 ἑκάστῳ
1561 2178 1615 2204 τῶν
1639 2177 1807 2212 τικτομένων
1834 2187 1933 2204 συναπ-

1109 2219 1230 2256 σχίζεται
1245 2226 1295 2253 τήν
1309 2221 1410 2257 ψυχήν,
1426 2220 1476 2254 τήν
1503 2222 1552 2247 τοῦ
1579 2220 1774 2258 ’ὲπιγενομὲνοκ
1802 2220 1935 2260 φροντίδα

1891 1022 1934 1048 καὶ

227 2265 293 2292 dem
303 2265 441 2292 maritum
455 2268 550 2297 nacta,
561 2273 677 2300 semper
693 2265 771 2293 illius
784 2265 886 2292 mortis
898 2267 975 2292 metu
989 2273 1052 2292 mo-

1110 2265 1266 2302 προσθήκην
1279 2266 1333 2291 τῶν
1350 2264 1527 2302 ὑπαρχόντων
1552 2265 1669 2301 ἀνιαρῶν
1696 2263 1932 2301 προσλαμϐάνου-

224 2309 324 2336 lestias
338 2309 464 2337 sustinet
479 2309 639 2344 viduitatis,
649 2318 767 2345 gravem
779 2310 935 2345 quamdam
952 2309 1050 2337 animo

225 2354 334 2387 tabem,
346 2358 370 2381 et
383 2357 525 2388 praesente
540 2353 588 2381 illo
599 2357 627 2381 et
638 2354 769 2387 absente,
779 2354 815 2382 ob
826 2354 992 2389 inopinatos
1003 2363 1050 2382 ca-

225 2406 276 2425 sus
290 2398 574 2433 perferens.Conlra,
591 2398 616 2425 si
632 2398 736 2426 acerbo
758 2399 861 2433 juncta
877 2399 963 2425 fuerit
978 2399 1050 2433 viro,

223 2444 283 2470 tota
298 2442 322 2469 ei
341 2442 398 2469 vita
415 2442 594 2478 supplicium
618 2446 675 2476 est;
692 2445 800 2470 etcum
827 2450 880 2469 nec
907 2442 997 2470 alium
1015 2444 1050 2471 ob

222 2486 367 2514 castitatis
387 2486 493 2522 legem,
511 2494 563 2515 nec
586 2489 708 2514 mortem
724 2486 777 2514 viri
803 2487 840 2514 ob
863 2486 1052 2515 incommoda

255 2568 436 2605 (91)Ὧσπερ.
468 2569 586 2605 (lodices
615 2568 760 2602 nonnulli,
787 2566 863 2605 ὅπερ.
894 2568 960 2596 Mox
986 2570 1044 2598 duo

217 2613 301 2634 mss..
319 2603 465 2640 θεωμένοις
482 2603 615 2638 ἐκίνησαν.

254 2641 309 2675 (92)
334 2639 509 2675 Κινοόμενον.
541 2641 588 2668 Sic
616 2640 740 2668 Uolbart.
771 2642 798 2667 et
827 2640 885 2667 duo
914 2640 1042 2668 Combel‘.

217 2676 305 2708 Editi,
321 2676 500 2712 κινουμένων.

255 2712 309 2746 (93)
326 2711 606 2739 Τῶνᾶπαντώντων.
633 2711 678 2739 Sic
707 2720 760 2747 ope
789 2712 877 2739 trium
907 2711 1040 2739 codicum

218 2747 441 2786 emendavimus
453 2749 528 2783 quod
544 2748 650 2786 vitiose
662 2748 787 2786 habebat
798 2747 972 2786 Parisiensis
982 2747 1042 2786 edi-

217 2783 268 2825 tio,
285 2783 356 2818 παρὰ
374 2785 486 2825 πάντων
503 2786 555 2811 τῶν
577 2783 614 2811 ἰν.
632 2784 726 2813 Editio
741 2784 851 2813 Veneta
875 2783 972 2816 habet,
987 2785 1041 2811 τῶν

216 2821 340 2846 ἁπάντων
355 2821 418 2847 τῶν.

1105 2320 1148 2336 σα.
1165 2309 1217 2336 Καὶ
1235 2311 1358 2346 χρηστοῦ
1384 2309 1430 2345 μὲν
1452 2311 1574 2346 τυχοῦσα
1594 2307 1690 2346 ἀνδρὸς
1712 2309 1753 2336 ἀεὶ
1783 2312 1824 2345 τῷ
1854 2307 1931 2348 φόϐῳ

1105 2355 1153 2381 τοῦ
1169 2353 1282 2380 Θανάτου
1297 2353 1328 2380 τὸ
1358 2351 1443 2380 δεινὸν
1464 2353 1605 2390 ὑφίσταται
1620 2355 1670 2385 τῆς
1687 2354 1816 2391 χηρείας,
1842 2353 1929 2389 δεινήν

1105 2408 1165 2425 τινα
1176 2396 1309 2432 τηκεδόνα
1321 2398 1365 2425 καὶ
1393 2398 1526 2436 παρόντος
1541 2399 1585 2425 καὶ
1601 2396 1814 2434 ἀποδημοῦντος
1844 2398 1888 2426 διὰ
1900 2400 1930 2426 τὸ

1106 2441 1239 2476 ἀδόκητον
1254 2444 1307 2469 τῶν
1337 2443 1548 2478 συμπτωμάτων
1577 2442 1645 2470 κατὰ
1672 2443 1765 2480 ψυγῆς
1781 2442 1928 2481 δεχομένη.

1107 2488 1200 2524 Πικρῷ
1215 2485 1243 2514 δὲ
1254 2486 1285 2514 τὸ
1301 2486 1419 2514 ἐναντίον
1436 2489 1588 2524 ζευχθιῖσα,
1613 2486 1680 2522 ὅλην
1708 2487 1756 2523 μὲν
1782 2488 1832 2522 τήν
1859 2489 1929 2523 ζωὴν

1135 2567 1307 2604 (94)Ῐ¹Ολην,
1324 2569 1370 2597 sic
1395 2578 1467 2598 mss.
1483 2572 1554 2598 tres.
1570 2569 1656 2602 Editi,
1680 2569 1755 2596 ὅλον.
1774 2570 1857 2599 Unus
1880 2578 1926 2598 co-

1099 2605 1164 2638 dex,
1182 2603 1265 2636 ὅλως.
1283 2605 1314 2633 In
1330 2614 1381 2633 ora
1403 2606 1513 2634 codicis
1536 2605 1796 2641 Mazariniﬂlegitur
1819 2608 1849 2634 in
1865 2615 1924 2634 mo-

1099 2641 1170 2678 dum
1187 2641 1290 2678 sgholii
1308 2651 1314 2670 :
1330 2641 1391 2670 ’Ὸτι
1407 2641 1463 2669 θεία
1479 2641 1551 2675 ζῶσά
1570 2651 1598 2668 τε
1617 2642 1662 2668 καὶ
1674 2639 1831 2678 ἕμτῖρακτος
1848 2642 1923 2669 εἰκών

1098 2677 1115 2710 ἡ
1132 2677 1271 2712 παρθένος·
1290 2678 1317 2705 id
1343 2679 1420 2713 quod
1446 2679 1485 2705 ita
1510 2678 1716 2714 interpretatur
1732 2677 1778 2705 vir
1792 2678 1925 2706 doctissi-

1099 2721 1164 2751 mus
1190 2714 1393 2751 Combeﬁsius,
1412 2715 1493 2750 Virgo
1517 2714 1641 2742 divinum
1663 2717 1702 2742 est
1726 2716 1875 2751 vivamque
1894 2723 1927 2742 ac

1097 2748 1176 2777 realc
1188 2749 1375 2778 simulacrum.

1110 2819 1119 2827 Π
1133 2785 1188 2820 (95)
1213 2785 1305 2814 Εἲποι.
1337 2786 1384 2815 Sic
1413 2794 1484 2814 mss.
1515 2786 1630 2815 codices
1659 2785 1806 2814 nonnulli.
1837 2785 1925 2821 Editi,

1098 2829 1174 2858 ιιπῃ.
