2010 3145
117 143 169 173 71⁸1

719 143 836 174 LIBER
856 145 908 175 DE
929 143 1182 176 VIRGINITATE
1189 165 1197 174 .

1751 143 1812 173 ’118

113 209 286 245 κολαστήριον
310 205 379 246 ἕχιι,
405 206 468 235 οόδὶ
491 206 581 247 ἕτερον
682 207 711 237 δὲ
727 208 771 236 διὰ
787 209 928 248 σωφροσύ-

985 210 1144 243 viduitatis,
1154 218 1205 237 nec
1214 210 1303 238 vitam
1319 210 1355 237 ob
1371 209 1489 237 taedium
1501 209 1629 246 conjugii
1639 209 1746 247 eligere
1759 218 1811 239 va-

112 264 168 289 νην,
181 251 241 280 οὕτε
263 252 307 280 τὸν
335 253 445 285 θανά.τοί
469 255 517 280 τοῦ
537 252 634 291 ἀνδρὸς
658 252 703 281 διὰ
717 254 748 281 τὸ
764 254 861 291 πικρὸν
877 257 927 289 τῆς

113 298 228 336 χηρείας,
245 295 307 325 ούτι
321 298 370 332 τὴν
389 297 461 332 ζωὴν
476 296 521 325 διὰ
534 299 566 325 τὸ
581 297 662 333 ἀηδὲς
678 302 727 333 τῆς
749 296 929 335 συμϐιώσεως

112 342 257 379 ἰκλὲξασθαι
283 341 426 378 δυναμένη,
451 345 491 378 τῷ
514 342 625 381 ἀφύκτῳ
650 342 728 379 δεινῷ
751 346 810 374 ταῖς
840 344 927 374 ἀνίαις

112 387 148 414 ἀεὶ
165 387 211 420 τήν
237 387 329 424 ψυχὴν
363 386 565 423 κατατέμνεται.
594 388 660 414 Είτι
683 387 779 418 παῖδας
802 390 927 422 τεκοῦσα,

110 433 126 467 ἢ
141 431 254 468 ἀγαθοὺς
270 431 435 468 γενομὲνους
451 432 510 470 ὁρᾷ,
527 433 571 459 καί
595 432 707 468 μείζονα
720 435 768 466 τῆς
792 433 859 460 κατὰ
882 433 927 460 τὸν

111 476 181 504 τύκον
205 475 304 506 ὠδῖνος
329 477 378 510 τὴν
401 475 432 503 ἐκ
454 479 504 511 τῆς
527 477 678 514 ἀποτυχίας
701 476 805 504 τούτων
830 475 926 512 ὀδύνην

110 520 150 548 διὰ
166 521 225 559 βίου
253 521 388 558 βαστάζει·
413 521 431 554 ἢ
455 520 577 559 φαύλους
596 519 723 552 ἐκϐάντας
747 520 853 554 ἰδοῦσα,
881 521 926 548 καὶ

108 576 153 600 της
168 565 289 596 ἀτεκνίας
307 565 452 603 βάρύτερον
469 565 512 592 ἐπὶ
533 565 568 603 τῇ
589 565 746 603 temo-(ovi;
769 562 800 592 τδ
825 564 928 596 ὄνειδος

108 611 185 648 φέρει.
210 613 247 638 ’Ἠ
270 609 333 647 πρὶν
358 610 397 641 είς
424 613 519 647 πεῖραν
543 609 631 642 ἐλθεῖν
647 613 701 637 τῶν
717 610 926 648 προειρημένων

108 654 205 689 δεινῶν,
233 653 290 691 ἅμα
303 665 333 682 τε
347 655 440 693 νύμφη
456 654 500 682 καὶ
516 656 593 692 χήρα
607 654 722 692 ἐγένετο.
741 654 788 682 Καὶ
805 656 821 689 ἡ
848 655 927 685 ἅπαις

108 699 141 731 sic
154 699 267 737 χηρείαν
297 702 498 737 κατενεχθεῖσα,
529 698 590 726 οὔτε
604 700 686 736 γυνὴ,
705 698 766 726 οὕτε
779 699 926 736 παρθένος,

108 743 162 772 οὔτε
179 745 272 782 μήτηρ
296 743 362 779 ἐστὶ,
386 744 493 771 πάντων
519 742 548 771 δὲ
573 744 644 780 ὁμοῦ
671 746 726 771 τῶν
742 744 925 780 νομισθέντων

107 788 186 823 ἡδέων
202 789 255 816 ἀπὸ
285 787 334 816 τοῦ
361 787 451 826 γάμου
479 790 609 822 πεσοῦσα,
639 788 790 825 ἐζημίωται
821 788 867 824 μὶν
883 787 927 815 διὰ

109 833 229 872 βριχιίαν
246 832 350 868 ἡδονὴν
366 833 397 860 τὸ
425 832 530 864 κάλλος
557 837 607 867 τῆς
636 833 779 871 παρθενίας
797 834 865 869 (97),
880 843 926 860 το-

107 880 193 905 σοῦτον
209 876 238 905 δὲ
254 878 345 916 γάμου
361 877 530 915 πεπιίραται,
545 877 606 905 ὅσον
622 877 653 904 τὸ
675 877 771 915 πικρὸν
795 879 846 910 τῆς
870 887 925 914 χη-
942 902 966 934 Β

112 922 143 934 .Α7
171 933 177 934 κ
229 922 324 934 ννλΙΑῌν
356 923 388 934 in
407 921 415 934 1
446 923 477 934 κε
495 921 594 934 ..,ν.λ1η
620 921 752 934 ,λημη.)ᾼ
782 922 794 934 1,
814 931 908 934 Α.-.Α..-

109 922 178 960 ρείως
192 922 338 960 γνωρίσαι.
356 923 388 948 Ἦ
405 921 431 949 ἐν
444 923 478 958 τῇ
495 921 595 958 χηρείᾳ
618 921 752 960 ὀρφανοὺς
779 922 926 960 ἀνατρεφο-

109 966 166 1001 μὲνη
193 965 259 997 τοὺς
288 964 396 1000 παῖδας,
428 965 580 1002 ὑπόμνημα
607 969 657 1000 τῆς
685 966 754 993 κατὰ
772 965 818 992 τὸν
843 964 927 1002 ἄνδρα

108 1009 197 1045 ὀδύνης
210 1009 327 1040 τούτους
342 1010 401 1046 δρᾷ·
425 1009 465 1037 ἀεὶ
494 1010 541 1046 μὲν
566 1009 592 1036 ἐν
620 1008 758 1047 δάκρυσιν,
783 1009 823 1036 ἇιὶ
847 1008 875 1036 δὲ
900 1009 926 1036 ἐν

108 1058 276 1091 στεναγμοῖς,
299 1054 339 1082 ἀεὶ
369 1053 398 1082 δὶ
422 1054 448 1081 ἂν
473 1054 562 1092 θλίψει
578 1058 629 1089 τῆς
653 1054 756 1082 τούτων
774 1054 927 1091 ἀνατρόφῆς

107 1099 270 1138 πεφυρμένη,
288 1099 319 1126 ού
337 1099 419 1135 μόνον
433 1098 510 1126 οὐδὲν
538 1099 709 1135 παραμύθιον
732 1100 783 1125 τοῦ
809 1095 928 1134 συμϐάν-

106 1154 146 1174 τος
168 1146 251 1171 κακοῦ
281 1143 444 1182 ἀντίρροπον
479 1141 591 1180 ἔχουσα,
621 1142 694 1170 ἀλλᾶ
720 1145 765 1170 καί
791 1143 927 1180 συγγενέσι

107 1189 144 1215 καὶ
161 1188 278 1219 οίκὲταις
303 1188 349 1215 καὶ
373 1187 531 1225 ἐπιτρόποις
555 1190 608 1215 τῶν
634 1187 749 1220 παίδων,
773 1187 817 1214 καὶ
833 1186 926 1218 αὐτοῖς

108 1231 262 1270 ἀνδρωθεῖσι
278 1231 414 1263 πολλάκις
429 1235 489 1263 τοῖς
517 1232 604 1266 παισὶ,
634 1232 679 1259 καὶ
708 1234 773 1259 πᾶσι
803 1231 926 1262 συνόλως

106 1280 157 1308 τοῖς
180 1277 294 1312 αίκίζειν
321 1275 445 1309 ἐθέλουσι
475 1277 594 1315 λάφυρον
623 1275 740 1304 ἐλεεινὸν
771 1275 925 1312 ἐκκιιμὲνη,

107 1320 176 1349 οὐδὲν
190 1319 294 1359 ἕτερον,
319 1321 336 1356 ἢ
353 1320 443 1359 δρᾶμα
468 1320 558 1356 λύπης
583 1321 627 1348 καὶ
649 1321 762 1352 πάνθους
778 1321 826 1355 τὴν
853 1321 925 1356 ζωήν

107 1367 195 1401 ἑαυτῆς
210 1369 249 1402 τῷ
269 1366 321 1404 βίῳ
345 1366 541 1404 εἷσενεγκοῦσα.
565 1366 612 1393 Καὶ
638 1365 675 1401 (τί
696 1366 746 1403 γὰρ
777 1364 818 1392 δεῖ
841 1364 924 1392 πλέον

107 1409 217 1448 λέγιινς)
243 1410 380 1445 δεσπότην
408 1410 475 1447 μιτὰ
503 1410 617 1447 προικὸς
645 1412 662 1445 ἡ
686 1411 751 1447 γυνή
782 1409 924 1446 ὠνουμένη

105 1456 144 1482 τὸν
160 1454 250 1493 ἄνδρα,
271 1454 357 1490 δούλη
376 1455 424 1491 μὲν
440 1455 499 1482 ἀντὶ
514 1455 656 1492 ἐλευθέρας
678 1453 744 1489 ἐστὶ,
764 1457 861 1492 μικρᾶς
876 1457 926 1489 τῆς

106 1500 166 1527 κατᾶ
187 1500 233 1528 τὸν
268 1499 356 1538 γάμον
393 1498 496 1534 ἡδονῆς
533 1500 582 1534 τὴν
619 1500 734 1537 φυσικήν
773 1498 925 1536 ἐλευθερίαν

106 1544 331 1581 ἀπεμπολήσασιι,
350 1544 430 1580 θύραν
445 1543 474 1572 δὲ
488 1544 635 1581 ἀμυθήτων
653 1543 768 1579 ὠδίνων,
788 1543 833 1571 καὶ
857 1543 925 1578 ὅλην

107 1588 222 1616 ὑπόθεσιν
237 1588 402 1626 ἀλγηδόνων
419 1590 447 1625 (9
467 1590 475 1625 )
505 1589 587 1626 ἑαυτῇ
606 1588 652 1616 τὸν
678 1588 767 1625 γάμον
792 1587 926 1622 ἀνοίξασα.

107 1634 247 1671 Μίνιιγὰρ
268 1633 403 1672 ἄρρηκτος
419 1634 478 1661 κατ’
498 1633 582 1667 αὐτῆς
610 1634 627 1668 ἡ
655 1633 716 1671 ἆρὰ,
746 1633 814 1660 κατά
842 1633 929 1659 πάντα

109 1678 201 1715 γάμον,
246 1678 341 1715 ὥσπερ
380 1677 576 1715 ἐπιθαλάμιον,
613 1676 723 1712 ᾅδουσα.
761 1679 805 1706 Ἐν
831 1676 929 1708 λύπαις

106 1723 160 1760 τὶξῃ
195 1723 289 1757 τέκνα,
328 1722 372 1750 καὶ
409 1723 476 1758 πρὸς
500 1723 546 1750 τὸν
581 1721 664 1760 ἄνδρα
692 1733 740 1750 σου
769 1722 928 1760 ἀποστροφή

107 1778 158 1802 σου,
187 1768 231 1795 καὶ
262 1767 345 1798 αὐτός
375 1777 423 1794 σου
451 1767 597 1803 κυριεύσει.
628 1767 658 1795 Ἣ
689 1765 718 1794 δὶ
739 1767 868 1804 παρθένος
882 1767 928 1794 τὸν

107 1813 168 1850 πρὸς
196 1813 242 1839 τὸν
275 1810 359 1849 ἄνδρα
391 1810 471 1849 ζυγὸν
502 1811 678 1849 ἀποῤῥήξασα
699 1813 766 1848 (99),
791 1811 835 1838 καὶ
861 1811 930 1848 πρὸς

106 1857 146 1884 τὸν
163 1857 263 1896 Κύριον
282 1855 334 1892 ὅλη
353 1856 503 1894 δραμοῦσα,
535 1855 716 1893 συναπὲῤῥηξε
738 1858 778 1891 τῷ
798 1858 870 1893 ζυγῷ
885 1855 929 1882 καὶ

106 1902 150 1935 τὴν
164 1901 193 1929 ἐκ
206 1903 258 1934 τῆς
276 1901 394 1938 κατάρας
410 1899 519 1935 ὀδύνην.
550 1901 650 1939 Ἑφυγε
668 1901 720 1938 γὰρ
736 1901 783 1931 τὰς
804 1900 847 1927 ἐπὶ
871 1903 931 1931 τοῖς

106 1945 203 1978 τέκνοις
227 1945 342 1978 ὠδῖνας,
369 1943 451 1984 ἔφυγε
478 1945 528 1979 τήν
557 1945 625 1982 πρὸς
651 1945 698 1971 τὸν
724 1945 820 1979 θνητὸν
848 1943 932 1982 ἄνδρα

107 1989 238 2024 δουλείαν,
254 1989 302 2017 καὶ
334 1989 454 2020 συνόλως
486 1990 589 2016 ἅπαντα
603 1990 636 2016 τὰ
652 1989 681 2016 ὲκ
695 1991 744 2016 τοῦ
767 1989 858 2026 γάμου
875 1987 932 2015 δει-

107 2035 143 2063 νά.
171 2033 332 2072 Συναπωρα
348 2033 376 2062 δὲ
391 2037 449 2065 τοῖς
465 2033 587 2070 λοιποῖς,
612 2033 656 2061 καὶ
686 2034 719 2060 τὰ
733 2033 800 2071 πρὸς
818 2034 865 2068 τὴν
882 2044 931 2060 πο-

108 2078 204 2116 λύχουν
229 2081 281 2107 τοῦ
310 2078 445 2115 παρόντος
475 2078 536 2116 βίου
563 2077 695 2116 ἁμαρτίαν
711 2077 875 2105 πολύπλοκα
891 2076 931 2105 δί-

107 2133 176 2152 κτυα.
194 2124 253 2162 Πρὸ
271 2122 300 2150 δὲ
319 2122 426 2150 πάντων
448 2123 532 2158 αὐτὴν
560 2123 610 2157 τήν
637 2122 666 2150 ἐκ
691 2126 741 2157 τῆς
771 2121 934 2158 συμπλοκῆς

107 2171 155 2195 τῶν
171 2170 281 2206 σαρκῶν
298 2164 498 2204 συμϐαίνουσαν
528 2167 629 2206 φθορὰν
655 2167 766 2203 πρώτην
798 2169 932 2205 φυγοῦσα,

109 2211 221 2251 ἅφθορος
237 2211 292 2247 ὅλη
311 2211 337 2239 ἐν
354 2212 464 2249 ἀσάρκῳ
477 2213 515 2248 (1)
538 2213 625 2249 ψυχῇ,
641 2214 680 2247 τῷ
696 2211 786 2248 Κυρίῳ
801 2211 933 2250 νυμφεύε-

107 2267 156 2284 τειι⁸
187 2257 281 2285 οὐκέτι
300 2257 348 2292 μὲν
365 2256 434 2294 πρὸς
450 2256 546 2291 θνητὸν
561 2255 643 2293 ἄνδρα
664 2257 714 2290 τὴν
742 2256 838 2288 ἑαυτῆς
864 2256 930 2283 ἀπο-

108 2302 224 2340 στροφὴν
254 2300 322 2328 εἶναι
339 2299 505 2337 ἀνεχομένη,
530 2299 650 2337 αὐτάρκη
672 2298 701 2326 δὶ
726 2299 823 2333 ἑαυτὴν
848 2299 873 2326 ἐν
889 2300 933 2326 εὐ-

108 2345 199 2372 σταλεῖ
222 2345 278 2382 βίῳ
301 2346 341 2380 τῷ
363 2344 455 2382 Κυρίῳ
478 2342 687 2381 παραδειχνῦσα.
716 2346 767 2371 Τοῦ
781 2344 831 2381 γὰρ
846 2343 936 2381 γάμου

109 2390 206 2426 φθορὰν
224 2389 272 2416 καὶ
289 2386 367 2427 ὕϐριν
385 2389 434 2422 τὴν
466 2389 590 2416 ὑπόθεσιν
615 2387 769 2422 κατιδοῦσα,
785 2388 830 2415 καὶ
847 2387 876 2416 tx
890 2391 939 2422 τῆς

111 2433 268 2466 bimatum):
283 2434 315 2461 τὸ
335 2433 399 2461 δλον
416 2431 506 2470 δρᾶμα
533 2435 581 2460 τοῦ
596 2433 686 2470 γάμου
712 2433 852 2471 φρονίμως
878 2444 939 2460 συν-

111 2478 273 2516 ιλογίσατο,
289 2478 335 2506 καὶ
351 2479 530 2517 ἀποφυγοῦσα
544 2480 597 2505 τῶν
614 2478 730 2515 ἀνιαρῶν
752 2478 802 2512 τὴν
827 2479 939 2515 πρώτην

115 2523 258 2558 ὑπόθεσιν,
283 2523 472 2562 συνππὲφυγιν
497 2523 554 2559 ἅμα
575 2523 618 2550 καὶ
643 2523 692 2557 τὴν
712 2521 742 2550 ἐκ
764 2526 814 2557 τῆς
845 2522 942 2555 ὑποθέ-

113 2577 179 2600 σεως
196 2567 341 2606 φυομένην
357 2567 462 2595 κακίαν
478 2567 524 2594 Διὸ
536 2568 553 2602 ἡ
581 2565 686 2605 ἄγαμος
716 2569 833 2604 μεριμνᾷ
848 2567 881 2594 τὰ
895 2566 943 2594 τοῦ

141 2635 164 2654 ³³
179 2635 258 2664 Gen.
275 2643 318 2668 ιιι,
336 2635 379 2663 16,

144 2703 201 2738 (se)
218 2699 292 2729 Οὐδὲ
313 2700 415 2739 ἕτιρον.
438 2702 486 2730 Sio
511 2702 568 2729 duo
592 2701 718 2729 Combel‘.
751 2701 835 2736 Editi,
866 2698 943 2728 οὐδὲ-

111 2748 202 2846 τιῑέἣ
220 2773 380 2809 Παροινιας,
395 2773 489 2806 Colb.,
504 2771 647 2810 παρθένου.

157 2811 205 2846 98)
220 2807 412 2846 ’Λλγηδόνωνι
429 2810 489 2838 Duo
506 2817 591 2843 mea,
607 2807 647 2837 ἀλ·

220 2806 412 2848 ’Λλγηδόνων.
429 2810 489 2838 Duo
506 2806 591 2843 mss,
607 2806 771 2848 ἀλγηδόνος.

982 256 1049 289 leat,
1065 255 1225 283 inevitabili
1237 264 1436 283 aerumnarum
1450 255 1526 283 malo
1537 263 1654 291 semper
1668 255 1698 283 in
1711 255 1810 284 animo

983 301 1170 328 discinditur.
1188 301 1298 328 Deinde
1320 301 1370 329 ubi
1395 300 1503 327 liberos
1519 300 1640 336 peperit,
1657 300 1701 327 vel
1718 301 1810 328 bonos

983 353 1032 373 eos
1047 353 1111 373 esse
1123 345 1208 378 videt,
1222 353 1255 372 ac
1270 345 1410 380 majorem
1428 347 1531 380 partus
1546 344 1696 372 doloribus
1711 354 1745 372 ex
1759 353 1809 373 eo-

983 398 1048 417 rum
1062 390 1179 424 jactura
1197 388 1360 417 molestiam
1384 397 1435 425 per
1458 391 1549 416 totam
1565 389 1654 416 vitam
1680 389 1785 417 tolerat
1801 397 1809 418 :

982 434 1024 461 vel
1040 434 1133 462 malos
1148 433 1213 461 illos
1230 441 1294 461 esse
1316 433 1519 469 deprehendit,
1531 436 1560 461 et
1575 433 1728 462 sterilitate
1742 442 1808 469 gra-

982 478 1046 506 vius
1061 487 1094 506 ex
1111 478 1238 505 ﬁliorum
1253 478 1440 513 generatione
1453 477 1643 513 opprobrium
1659 478 1809 506 refert.Vel

983 522 1155 558 priusquam
1169 524 1196 549 in
1209 522 1418 558 experientiam
1427 522 1538 550 veniret
1548 531 1648 550 eorum
1660 531 1723 558 quae
1737 522 1809 550 dixi-

983 576 1061 600 mus,
1074 567 1231 600 malorum,
1241 575 1348 602 sponsa
1363 566 1449 594 simul
1466 575 1499 594 ac
1513 567 1600 594 vidua
1617 568 1693 594 facta
1707 569 1761 595 est.
1772 569 1807 596 Et

982 621 1045 647 quas
1057 611 1120 639 sine
1132 611 1232 639 liberis
1246 612 1274 638 in
1287 611 1456 639 viduitatem
1468 611 1582 646 incidit,
1593 619 1646 639 nec
1661 620 1744 644 uxor.
1757 620 1808 640 nec

981 656 1072 691 virgo,
1089 664 1141 683 nec
1158 658 1249 683 mater
1265 658 1320 690 est,
1337 655 1387 682 sed
1405 655 1543 682 omnibus
1567 655 1656 683 simul
1672 654 1808 691 spoliata,

983 709 1165 736 quacunque
1177 701 1312 735 jucunda
1329 708 1363 727 ex
1379 699 1490 735 nuptiis
1501 700 1631 727 accidere
1642 700 1811 728 existiman-

982 748 1041 775 tur,
1053 745 1154 772 amisit
1169 744 1299 780 quidem,
1312 744 1347 771 ob
1364 744 1478 771 brevem
1492 743 1681 779 voluptatem,
1692 743 1811 780 virgini-

981 790 1051 817 tatis
1068 789 1330 825 pulchritudinem,
1344 791 1458 816 tantum
1476 791 1572 816 autem
1587 789 1622 816 de
1638 789 1747 824 nuptiis
1763 789 1811 817 de-

982 835 1118 868 gustavit,
1133 837 1277 869 quantum
1294 834 1366 861 satis
1380 836 1440 860 erat
1461 835 1492 860 ut
1507 833 1703 868 acerbitatem,
1715 833 1810 861 vidui-

981 880 1050 906 tatis
1063 879 1250 915 perspiceret.
1260 878 1310 905 Vel
1323 878 1352 905 in
1364 877 1506 905 viduitate
1520 877 1646 914 pupillos
1658 878 1809 906 enutriens

983 923 1187 957 liberos,videt
1203 923 1231 950 in
1248 923 1290 951 eis
1309 925 1532 950 monumentum
1551 922 1763 958 doloris,quem
1774 931 1809 951 ex

982 968 1034 994 viri
1053 970 1145 995 morte
1160 967 1277 1002 collegit
1289 976 1295 994 :
1307 975 1340 994 ac
1356 975 1472 1003 semper
1488 967 1517 993 in
1534 966 1680 1003 laorymis,
1693 976 1810 1004 semper

982 1012 1012 1039 in
1024 1012 1315 1047 gemitibus,semper
1325 1011 1353 1038 in
1365 1010 1508 1039 molestiis
1516 1019 1616 1038 eorum
1626 1012 1809 1039 educationis

984 1056 1131 1092 permista,
1144 1064 1200 1083 non
1214 1056 1299 1083 modo
1312 1055 1425 1083 nullum
1439 1056 1526 1083 habet
1539 1055 1710 1091 malo,quod
1723 1057 1747 1083 ei
1760 1064 1810 1084 ac-

983 1100 1063 1133 cidit,
1076 1099 1186 1135 zequale
1208 1100 1357 1135 solatium,
1369 1100 1418 1128 sed
1436 1102 1464 1128 et
1479 1100 1622 1136 cognatis,
1633 1103 1662 1128 et
1680 1100 1809 1136 famulis,

983 1147 1012 1173 et
1033 1145 1181 1172 tutoribus
1197 1153 1366 1180 puerorum,
1378 1153 1411 1172 ac
1428 1145 1500 1180 ipsis
1516 1153 1592 1180 saepe
1608 1145 1696 1173 etiam
1712 1145 1811 1181 pueris

983 1190 1017 1217 ad
1029 1189 1140 1217 virilem
1152 1191 1266 1217 mtatem
1281 1190 1482 1225 perductis,ac
1491 1190 1629 1217 omnibus
1638 1191 1758 1218 omnino
1769 1191 1812 1218 in-

980 1235 1087 1270 juriam
1099 1235 1190 1261 facere
1198 1234 1364 1261 volentibus
1376 1234 1472 1270 praeda
1482 1234 1660 1262 miserabilis
1668 1235 1810 1271 exposita,

983 1287 1066 1307 suam
1083 1279 1176 1315 ipsius
1192 1278 1294 1312 vitam,
1311 1287 1362 1306 ceu
1383 1279 1492 1306 doloris
1509 1281 1536 1307 et
1557 1279 1653 1307 luctus
1670 1279 1810 1320 fabulam,

982 1323 1152 1351 hominibus
1176 1323 1321 1360 proponit.
1338 1324 1392 1351 Sed
1419 1324 1489 1359 quid
1515 1323 1600 1360 plura
1623 1332 1742 1352 necesse
1766 1326 1811 1351 est

982 1368 1097 1395 dicere?
1115 1368 1269 1395 Dominum
1295 1369 1363 1396 dote
1387 1368 1493 1396 mulier
1517 1376 1618 1396 emeus
1633 1369 1739 1403 virum,
1757 1377 1809 1396 an-

981 1412 1049 1440 cilla
1064 1413 1096 1439 fit
1110 1420 1143 1439 ex
1160 1412 1261 1447 libera,
1277 1412 1382 1448 exigua
1404 1412 1573 1447 nuptiarum
1589 1412 1738 1448 voluptate
1755 1421 1810 1441 na-

982 1457 1106 1484 turalem
1123 1457 1252 1485 vendens
1273 1457 1438 1484 libertatem
1455 1457 1622 1492 acjanuam
1639 1457 1694 1484 sibi
1719 1457 1809 1485 innu-

982 1501 1166 1528 merabilium
1183 1501 1329 1534 dolorum,
1345 1510 1378 1529 ac
1393 1509 1510 1529 omnem
1528 1501 1728 1529 molestiarum
1745 1511 1811 1530 ma-

982 1546 1085 1573 teriam
1103 1546 1131 1572 in
1150 1545 1336 1573 matrimonio
1356 1546 1458 1580 aperit.
1476 1547 1572 1573 Manet
1596 1547 1674 1574 enim
1702 1546 1811 1575 irrevo-

944 1586 965 1619 C
982 1590 1086 1618 cabilis
1102 1590 1131 1618 in
1148 1590 1227 1618 illam
1240 1590 1417 1620 maledictio.
1431 1599 1493 1626 quae
1507 1590 1535 1617 in
1548 1591 1687 1618 omnibus
1700 1591 1812 1627 nuptiis

984 1635 1061 1662 velut
1073 1634 1296 1670 epithalamium
1314 1635 1393 1662 canit
1409 1644 1415 1662 :
1432 1638 1464 1662 In
1477 1635 1617 1663 doloribus
1628 1637 1722 1671 paries
1734 1637 1812 1664 640

986 1679 1094 1713 liberos,
1111 1684 1136 1707 ει
1159 1680 1200 1707 ad
1214 1681 1308 1707 virum
1323 1682 1401 1707 tuum
1425 1681 1566 1708 conversio
1582 1684 1638 1714 tua,
1654 1685 1682 1708 et
1696 1682 1755 1715 ipse
1769 1682 1814 1709 tui

984 1725 1175 1752 dominabitur
1184 1725 1216 1751 ⁸ο.
1234 1724 1319 1760 Virgo
1339 1727 1449 1758 autem,
1465 1733 1587 1752 excusso
1610 1725 1664 1752 viri
1689 1726 1767 1761 jugo,
1785 1728 1814 1753 et

985 1769 1021 1796 ad
1034 1768 1191 1796 Dominum
1203 1771 1263 1796 tota
1275 1777 1407 1801 currens,
1419 1769 1506 1796 simul
1518 1769 1605 1797 etiam
1617 1770 1745 1798 excussit
1760 1770 1814 1798 im-

986 1813 1146 1840 minentem
1164 1822 1198 1840 ex
1214 1813 1368 1841 maledicto
1384 1813 1525 1841 dolorem.
1543 1813 1628 1849 Fugit
1648 1814 1726 1842 enim
1743 1823 1812 1850 par—

985 1859 1032 1884 tus
1048 1857 1174 1890 dolores,
1185 1857 1260 1892 fugit
1271 1857 1465 1885 exhibendam
1478 1858 1538 1886 viro
1554 1858 1670 1886 mortali
1687 1860 1811 1887 servitu-

985 1904 1056 1935 tem,
1073 1910 1106 1928 ac
1122 1910 1179 1929 uno
1195 1902 1281 1929 verbo
1298 1902 1396 1930 omnia
1419 1903 1597 1931 matrimonii
1612 1904 1809 1932 incommoda.

986 1946 1077 1973 Simul
1094 1945 1181 1972 etiam
1207 1954 1273 1973 cum
1302 1945 1424 1981 reliquis
1450 1947 1524 1982 fugit
1547 1947 1690 1974 instructa
1713 1947 1816 1976 multis

989 1990 1110 2017 nexibus
1127 1990 1162 2017 ad
1179 1992 1331 2024 peccatum
1349 1990 1405 2018 late
1420 1991 1448 2017 in
1466 1991 1520 2018 hac
1535 1991 1594 2018 vita
1610 1991 1750 2019 diffusum
1768 2000 1815 2020 re-

987 2035 1038 2062 tia.
1054 2037 1126 2061 Ante
1143 2034 1243 2061 omnia
1253 2036 1351 2062 autem
1368 2035 1461 2070 ipsam
1474 2036 1692 2071 corruptionem
1708 2044 1742 2063 ex
1757 2044 1818 2064 car-

988 2079 1048 2106 nali
1059 2078 1164 2114 copula
1176 2079 1300 2114 primam
1317 2079 1442 2115 fugiens,
1455 2082 1516 2107 tota
1529 2079 1700 2115 incorrupta
1712 2080 1740 2108 in
1757 2081 1819 2108 ani-

990 2132 1036 2150 ma
1057 2122 1154 2150 carnis
1178 2125 1294 2158 experte
1309 2123 1433 2151 Domino
1449 2124 1649 2159 despondetur
1665 2133 1671 2151 :
1690 2132 1741 2152 nec
1752 2125 1817 2160 jam

989 2168 1100 2203 patitur
1112 2170 1144 2195 ut
1155 2176 1208 2195 sua
1219 2168 1254 2195 ad
1265 2168 1361 2195 virum
1376 2167 1415 2196 sit
1425 2168 1587 2201 conversio,
1600 2169 1650 2196 sed
1662 2177 1725 2197 sese
1741 2169 1818 2206 frugi

990 2212 1113 2240 Domino
1128 2211 1243 2240 exhibet
1257 2212 1286 2239 in
1302 2213 1362 2239 vita
1377 2213 1514 2241 decenter
1529 2214 1701 2249 composita
1717 2214 1818 2242 Matri-

991 2257 1081 2284 monii
1098 2256 1176 2284 enim
1193 2257 1347 2284 materiam
1371 2265 1435 2284 esse
1451 2259 1669 2293 corruptionem
1686 2262 1714 2286 et
1728 2259 1818 2295 virgi-

992 2301 1091 2328 nitatis
1116 2301 1261 2335 jacturam
1279 2301 1458 2337 intelligens,
1475 2302 1563 2330 etiam
1590 2311 1623 2331 ex
1646 2306 1819 2339 argumento

991 2348 1082 2373 totam
1101 2345 1229 2372 fabulam
1253 2346 1424 2381 nuptiarum
1448 2348 1608 2382 prudenter
1624 2348 1775 2383 spectavit,
1791 2350 1821 2376 et

994 2390 1118 2426 primam
1130 2389 1330 2417 molestiarum
1342 2391 1495 2419 materiam
1505 2391 1820 2428 fugiens,simuletiam

995 2434 1070 2470 fugit
1085 2437 1252 2462 nascentem
1265 2443 1298 2462 ex
1315 2435 1436 2463 materia
1451 2436 1635 2471 pravitatem.
1645 2437 1739 2469 Quare
1755 2446 1819 2473 quas

996 2481 1087 2514 nupta
1103 2487 1160 2505 non
1173 2480 1227 2513 est,
1239 2481 1322 2506 curat
1332 2487 1365 2507 ea
1376 2488 1440 2515 qum
1451 2480 1567 2508 Domini
1581 2483 1660 2514 sunt,
1673 2482 1819 2517 quomodo

997 2523 1108 2560 placeat
1123 2522 1246 2550 Domino
1263 2531 1269 2551 :
1286 2532 1351 2559 quia
1376 2529 1472 2552 autem
1497 2525 1607 2561 nupsit,
1624 2526 1750 2554 sollicita
1775 2528 1820 2554 est

999 2568 1033 2596 de
1049 2567 1085 2595 iis
1100 2575 1163 2603 quis
1182 2570 1251 2595 sunt
1272 2569 1384 2604 mundi,
1401 2570 1547 2605 quomodo
1562 2569 1676 2606 placeat
1690 2569 1752 2598 viro
1767 2578 1774 2598 :
1791 2572 1820 2599 et

1033 2700 1303 2739 (99ὶζΑτςορἐξασᾳο
1315 2701 1408 2739 Coll»,
1424 2699 1604 2739 messis":

997 2736 1130 2809 lvéégxgv
1145 2736 1265 2775 ἀσάρκῳ.
1282 2738 1324 2766 Ita
1348 2737 1438 2774 00:13.,
1456 2736 1485 2766 et
1497 2736 1565 2766 "duo
1587 2738 1714 2768 Gombef.
1731 2740 1818 2776 Editi,
