2010 3145
217 145 276 176 ’119

690 143 888 175 APPENDIX
911 143 1074 174 ΟΡΕῆοΜ
1097 143 1130 173 S.
1154 142 1297 174 BASlLlI
1320 142 1455 173 MAGNI.

1862 143 1922 174 120

212 209 306 238 divisa
312 212 383 237 sunt
391 209 635 242 hmcduomulier
642 212 670 237 et
678 211 769 245 virgo.
780 209 905 245 lnnupta
914 211 997 237 curat
1006 216 1040 237 ea

1096 207 1207 244 Κυρίου,
1224 209 1282 238 πῶς
1298 206 1379 244 ἀρέσῃ
1398 209 1438 243 τῷ
1461 206 1563 244 Κυρίῳ·
1587 208 1605 242 ἠ
1630 205 1659 234 δὲ
1684 207 1841 246 γαμήσασα,
1875 218 1922 244 μι-

211 263 274 290 quae
287 253 402 282 Domini
419 256 497 288 sunt,
509 256 539 281 ut
551 254 698 281 sitsancta
707 262 827 289 corpore
842 257 871 280 et
887 253 990 289 spiritu
1002 254 1036 280 ³³,

1096 254 1178 289 ριμνᾷ
1189 251 1222 279 τὰ
1235 253 1284 278 τοῦ
1299 251 1415 286 κόσμου,
1432 253 1491 282 πῶς
1507 250 1589 289 ἀρέσῃ
1602 253 1641 287 τῷ
1665 250 1739 285 ἀνδρὶ
1759 252 1806 279 καὶ
1830 252 1920 288 μιμέ-

209 308 298 336 ρισται
314 297 358 325 καὶ
376 299 392 333 ἡ
408 298 488 335 γυνή,
503 298 546 324 καὶ
563 298 581 331 ἡ
598 297 742 335 παρθένος.
758 299 787 323 ‘ll
804 296 908 335 ἄγαμος
927 299 1045 334 μεριμνᾷ
1060 296 1093 324 τὰ
1108 298 1156 323 τοῦ
1179 295 1295 333 Κυρίου,
1307 294 1353 322 ’ίνα
1402 295 1463 332 ἁγία
1477 298 1516 331 τῷ
1531 296 1636 331 σώματι
1653 295 1697 322 καὶ
1711 298 1750 331 τῷ
1764 295 1913 334 πνεύματι.

241 353 287 379 24.
306 352 398 388 Igitur
413 351 643 379 sollicitudinem
668 359 735 379 cum
758 359 802 383 es,
817 360 880 386 quae
897 352 932 379 de
949 352 1038 379 rebus

208 397 311 424 mundi
334 396 460 424 sollicita
476 399 530 429 est,
542 396 659 432 partita,
671 396 696 423 ei
713 405 776 431 qua:
791 397 853 423 viro
871 397 974 431 juncta
993 399 1038 424 est

209 441 335 474 mortali,
346 442 513 469 mundanas
524 442 559 468 de
576 442 664 469 rebus
675 440 915 477 corruptibilibus
928 441 1036 468 sollici-

209 485 328 513 tudines
340 486 472 520 projecit,
485 486 541 513 sibi
556 488 750 521 congruentes
762 493 870 520 sponso
881 494 935 512 suo
947 485 981 513 de
992 494 1036 513 re-

210 530 266 556 bus
281 529 499 556 immortalibus
515 538 601 556 curas
613 530 706 563 elegit.
721 530 815 562 Quare
827 529 898 556 nihil
913 529 1036 556 munda.

211 582 281 601 num
294 582 396 601 curare
408 573 647 610 deprehenditur,
661 582 697 601 ne
706 574 839 601 videatur
850 581 1035 601 communem

210 618 266 645 sibi
284 626 351 645 cum
368 617 459 645 altera
480 617 708 645 sollicitudinem
726 618 836 652 facere;
853 618 903 645 sed
920 619 956 645 ab
972 626 1037 646 om-

209 662 296 690 nibus
319 670 438 697 prorsus
455 671 529 697 pura
545 661 734 690 saecularibus
749 662 838 697 curis,
856 671 929 698 pura
945 664 973 690 et
987 671 1036 690 ex-

209 709 290 742 perte
306 707 535 742 perturbationis
553 709 649 734 mente
671 707 706 734 ad
728 715 870 742 sponsum
894 707 1036 734 converti-

208 753 265 778 tur.
284 753 340 778 Nec
356 751 494 778 difﬁdens
511 751 635 786 providae
646 751 700 778 viri
716 751 760 778 sui
778 752 926 787 potestati,
943 752 977 778 de
992 759 1036 778 re-

208 796 264 823 bus
276 795 503 829 necessariis,ut
519 795 570 823 illa
585 796 722 823 turbatur
736 805 742 824 :
755 796 804 823 sed
821 799 849 823 et
865 795 945 823 illius
961 796 988 823 in
1005 804 1037 823 se

209 840 300 868 amori
317 843 346 868 et
364 840 523 868 sufﬁcienti
546 841 582 868 ad
607 841 706 868 omnia
721 841 857 876 potestati
874 840 1034 874 conﬁdens,

1127 351 1172 378 2i.
1189 349 1293 376 Οὐκοῦν
1322 348 1390 386 πρὸς
1418 349 1467 383 τὴν
1495 348 1528 376 τὰ
1549 350 1597 376 τοῦ
1611 348 1716 384 κόσμου
1741 351 1917 386 μεριμνῶσαν

1094 394 1261 431 μερισαμένη
1277 393 1327 427 τὴν
1351 392 1492 430 μέριμναν,
1516 393 1565 427 τὴν
1595 393 1641 430 μὶν
1667 396 1777 431 φθαρτῷ
1790 392 1917 431 ἐζευγμέ-

1092 449 1142 473 νην
1230 436 1307 473 ἀνδρὶ
1332 438 1380 469 τὰς
1403 439 1452 464 τοῦ
1474 436 1579 474 κόσμου
1609 437 1676 475 ὑπὲρ
1705 439 1760 464 τῶν
1791 441 1915 476 φθαρτῶν

1092 481 1235 522 φροντίδας
1274 481 1464 520 προσέρριψεν,
1503 481 1583 518 ἑαυτῇ
1620 480 1649 509 δὲ
1685 481 1732 513 τὰς
1767 481 1835 520 ὑπὲρ
1863 484 1915 510 τῶν

1092 526 1234 564 ἀφθάρτων
1258 529 1396 563 συγγενεῖς
1428 526 1508 557 οὔσας
1531 528 1580 554 τοῦ
1603 526 1706 554 οΐκιίου
1734 527 1855 565 νυμφίου
1871 527 1916 554 ἀν-

1091 571 1182 605 έθηκε.
1199 570 1245 598 Διὸ
1259 569 1335 598 οὐδὲν
1351 573 1404 598 τῶν
1419 573 1468 598 τοῦ
1484 571 1589 607 κόσμου
1607 573 1766 608 μεριμνῶσα
1793 571 1915 608 εὑρίσκε-

1090 626 1146 649 ται,
1169 614 1215 642 τίνα
1242 615 1279 652 μὴ
1306 614 1370 652 δόξῃ
1390 618 1557 643 κοινοποιεῖν
1573 614 1654 652 ἑαυτῇ
1672 616 1739 653 πρὸς
1752 616 1802 650 τὴν
1825 615 1914 653 ἑτέραν

1090 661 1139 695 τὴν
1158 660 1298 698 μέριμναν·
1320 659 1393 687 ἀλλὰ
1408 662 1500 686 πασῶν
1519 661 1573 687 τῶν
1600 662 1740 696 κοσμικῶν
1764 659 1914 699 φροντίδων

1091 706 1215 743 καθαρῶς
1240 704 1435 742 καθαρεύουσα,
1459 705 1569 741 καθαρῷ
1590 704 1634 731 καὶ
1660 704 1791 742 ἀταράχῳ
1818 707 1860 741 τῷ
1880 707 1916 741 νῷ

1091 750 1159 787 πρὸς
1179 749 1224 776 τὸν
1249 748 1367 786 νυμφίον
1391 748 1581 786 ἐπέστραπται.
1615 747 1686 777 Οὐδὶ
1708 749 1758 786 γὰρ
1785 750 1823 785 (3)
1855 749 1915 777 ἀπι-

1092 804 1189 821 στουσα
1203 795 1237 830 τῇ
1254 795 1399 831 ποριστικῇ
1415 792 1526 828 δυνάμει
1541 794 1590 820 τοῦ
1609 792 1711 820 οἷ’κείου
1738 792 1845 831 ἀνδρὸς,
1870 803 1915 821 πε-

1092 838 1118 876 ρὶ
1132 839 1166 866 τὰ
1182 839 1316 875 ἀναγκαῖα
1341 835 1432 875 ὥσπερ
1461 837 1547 872 ἐκείνη
1572 838 1741 874 ταράσσεται·
1772 837 1848 865 ἀλλὰ
1872 837 1915 865 καὶ

209 885 283 912 nihil
298 884 378 912 aliud
400 887 493 919 curat,
511 885 567 912 nisi
584 885 729 920 quomodo
746 885 786 912 illi
808 885 931 920 placeat,
942 888 971 912 et
984 885 1038 912 hac

1091 885 1125 920 τῇ
1141 883 1203 920 περὶ
1218 883 1302 917 αὐτὴν
1320 883 1410 920 ἀγάπῃ
1424 882 1515 916 αὑτοῦ,
1541 882 1586 909 καὶ
1613 884 1648 919 τῇ
1669 881 1706 913 εἰς
1730 881 1817 909 πάντα
1845 881 1917 920 διαρ-

211 929 410 956 sollicitudine
421 929 568 964 quomodo
579 930 604 957 ei
616 929 826 965 placeat,illius
837 930 864 957 in
876 938 906 957 se
918 929 1038 956 benevo-

211 973 333 1001 lentiam
351 973 489 1009 adauget.
501 974 573 1005 Quid
592 977 636 1001 est
651 977 747 1001 autem
765 974 879 1009 placere
894 974 1036 1010 virginem

214 1019 279 1052 Deo,
291 1018 348 1045 nisi
361 1018 524 1046 naturalem
537 1027 620 1046 suam
635 1018 884 1054 pulchritudinem
895 1019 1037 1047 virtutum

212 1061 291 1088 cultu
305 1069 420 1097 semper
429 1062 620 1097 refulgenlem
630 1063 794 1095 ostendere,
802 1065 830 1090 et
838 1062 1037 1098 incorruptam

212 1105 294 1133 illam
305 1106 415 1141 jugiter
425 1106 560 1133 servare?
572 1107 665 1138 Quare
678 1107 733 1134 Deo
745 1106 858 1142 placere
868 1106 951 1140 velle,
964 1106 1037 1134 nihil

212 1149 292 1178 aliud
309 1153 363 1186 est,
375 1159 463 1186 quam
477 1151 668 1186 semetipsum
685 1151 864 1178 laudabilem
878 1156 906 1178 et
920 1151 1039 1178 beatum

210 1197 240 1223 et
254 1195 381 1222 similem
407 1194 449 1222 illi
472 1195 594 1222 efﬁcere.
612 1197 650 1223 Ac
666 1196 811 1231 reperitur
825 1204 889 1231 quae
914 1195 1040 1223 sollicita

209 1241 263 1271 est,
275 1239 423 1274 quomodo
441 1238 554 1274 placeat
574 1239 711 1272 Domino,
723 1248 780 1267 non
796 1240 833 1273 ei,
850 1239 895 1266 cui
914 1239 1039 1268 sollicita

209 1285 253 1310 est
265 1283 408 1318 placendi,
418 1283 533 1310 lucrum
543 1291 594 1319 per
603 1283 677 1310 hanc
687 1283 913 1311 sollicitudinem
924 1284 1036 1318 afferre,

207 1328 258 1356 sed
275 1327 463 1364 sibimetipsi,
482 1328 551 1355 dum
567 1328 644 1355 circa
659 1328 744 1355 illum
761 1328 886 1356 sollicita
901 1331 955 1362 est,
970 1329 1036 1364 pul-

207 1372 405 1400 chritudinem
421 1374 450 1400 et
465 1372 660 1406 corruptionis
670 1375 818 1408 expertem
835 1375 943 1400 statum
956 1381 1035 1401 com-

208 1425 319 1452 parare.
336 1417 416 1449 Quod
434 1417 458 1444 si
475 1419 591 1444 tantum
607 1417 729 1453 virginis
744 1417 871 1452 lucrum,
885 1426 948 1453 quis
964 1418 1035 1445 dum

209 1460 334 1488 sollicita
349 1463 394 1488 est
409 1461 553 1496 quomodo
569 1461 683 1497 placeat
698 1461 831 1493 Domino,
847 1464 939 1489 totam
953 1462 987 1488 ad
1004 1470 1036 1490 se

209 1504 366 1532 utilitatem
379 1505 529 1540 convertit,
540 1506 753 1545 seque_beatam
765 1506 871 1540 efﬁcit;
884 1515 940 1534 non
953 1506 1035 1533 decet

208 1550 240 1576 ut
254 1549 290 1576 de
305 1549 391 1577 rebus
408 1550 567 1577 mundanis
585 1559 715 1585 unquam
731 1550 858 1578 sollicita
869 1558 933 1578 esse
949 1559 1029 1586 repe-

207 1592 308 1620 riatur.
322 1593 444 1621 Necesse
455 1596 500 1621 est
511 1594 600 1626 enim,
613 1597 644 1621 ut
657 1595 728 1622 dum
743 1594 869 1622 sollicita
878 1595 968 1622 estde
984 1595 1031 1629 iis,

205 1645 268 1672 quae
286 1638 389 1664 mundi
404 1640 482 1670 sunt,
495 1645 592 1665 curam
606 1637 683 1665 circa
693 1638 849 1666 Dominum
867 1639 1031 1667 habendam

204 1681 343 1718 negligat,
360 1689 450 1717 seque
466 1682 592 1709 curatori
608 1691 662 1709 suo
677 1683 810 1710 difﬁdere
826 1686 940 1719 arguat.
956 1684 1030 1712 Fieri

204 1726 283 1753 enim
299 1734 356 1753 non
374 1728 479 1761 potest,
495 1728 527 1753 ut
542 1728 570 1754 et
584 1726 610 1754 ei
623 1727 751 1754 conﬁdat
762 1729 793 1754 ut
808 1728 842 1754 ad
855 1728 953 1755 omnia
967 1737 1033 1764 pro-

206 1770 329 1798 videnda
345 1770 418 1798 64]
438 1770 552 1802 idoneo,
575 1773 603 1798 et
627 1779 724 1798 rerum
753 1771 937 1799 saecularium
968 1780 1034 1801 sus-

207 1823 297 1850 pensa
313 1815 351 1842 sit
365 1814 572 1842 sollicitudine.
583 1815 635 1842 Sed
652 1815 677 1842 si
692 1815 818 1843 sollicita
827 1819 872 1844 est
887 1818 1033 1852 quomodo

209 1859 321 1896 placeat
337 1859 470 1894 Domino,
488 1859 562 1887 scire
586 1860 706 1887 omnino
722 1860 807 1888 debet
831 1861 929 1897 ipsum
945 1862 1034 1891 etiam

210 1902 369 1931 sollicitum
385 1911 449 1931 esse
461 1904 607 1938 quomodo
620 1904 645 1931 ei
663 1903 784 1939 placeat,
797 1905 878 1933 nulla
893 1905 922 1933 in
939 1914 969 1933 re
984 1907 1033 1934 de-

209 1947 288 1975 bitor
303 1956 435 1975 manens.
446 1948 519 1975 Nam
531 1948 555 1975 si
572 1948 754 1984 mulierque
769 1950 864 1977 virum
881 1950 1034 1978 mortalem

211 1992 278 2019 vitae
289 2000 348 2019 sua:
359 1995 499 2020 rectorem
515 1992 654 2025 instituit,
665 2001 724 2020 sum
736 1994 812 2021 circa
826 1994 908 2021 illum
925 1995 1033 2023 sollici-

212 2036 323 2064 tudinis
335 2036 410 2064 hanc
421 2038 456 2065 ab
470 2045 503 2064 eo
515 2037 606 2065 vicem
621 2037 737 2074 accipit,
748 2041 780 2066 ut
794 2039 819 2066 is
835 2039 965 2067 omnium
983 2049 1033 2068 cu-

210 2089 273 2110 ram
289 2082 444 2117 suscipiat;
462 2082 553 2110 multo
570 2082 663 2118 magis
679 2092 743 2118 quae
756 2092 787 2111 se
803 2086 860 2111 Deo
876 2085 1032 2121 regendam

208 2127 368 2159 commisit,
382 2129 411 2154 et
436 2135 502 2154 cum
519 2135 551 2154 eo
568 2127 660 2154 vivere
675 2128 772 2163 elegit,
794 2128 957 2156 uberiorem
973 2139 1032 2157 suae

207 2171 282 2198 circa
298 2171 379 2198 illum
397 2171 609 2199 sollicitudinis
627 2172 788 2200 mercedem
801 2173 837 2200 ab
850 2181 883 2200 eo
894 2174 1032 2201 omnibus

205 2215 374 2250 providente
399 2214 513 2250 accipit.
536 2216 628 2242 Habes
654 2219 749 2243 autem
774 2217 881 2252 pignus
906 2217 971 2244 ﬁdei
997 2227 1032 2245 ex

1092 931 1134 955 κεῖ
1159 926 1271 963 δυνάμει
1299 926 1444 964 θαρῥοῦσα,
1465 925 1541 954 οὐδὲν
1570 925 1673 964 ἕτερον,
1700 926 1718 961 ἢ
1741 929 1799 958 πῶς
1824 927 1915 964 ἀρέσαι

1092 972 1178 1007 αὐτῷ,
1195 972 1342 1009 φροντίζει,
1368 970 1401 998 δι’
1424 970 1506 998 αὐτοῦ
1529 973 1577 998 τοῦ
1593 970 1743 1009 φροντίζειν
1758 973 1818 1002 πῶς
1835 971 1915 1010 ἀρέσῃ

1092 1016 1176 1052 αὐτῷ,
1193 1016 1241 1050 τὴν
1258 1015 1296 1047 εἲς
1313 1015 1395 1050 αὐτὴν
1411 1014 1514 1042 εὔνοιαν
1539 1015 1621 1042 αὐτοῦ
1641 1015 1684 1043 ἐπὶ
1705 1015 1788 1043 πλέον
1806 1015 1915 1054 ἄγουσα.

1092 1060 1124 1088 Τί
1139 1059 1168 1087 δέ
1192 1060 1247 1087 ἐστι
1270 1060 1301 1087 τὸ
1325 1060 1447 1095 ἀρέσκειν
1475 1060 1604 1096 παρθένον
1620 1062 1687 1096 Θεῷ,
1707 1060 1725 1094 ἦ
1755 1061 1786 1088 τὸ
1803 1062 1914 1098 φυσικὸν

1092 1105 1175 1139 αὐτῆς
1191 1103 1295 1135 κάλλος
1310 1107 1369 1135 ταῖς
1386 1104 1493 1140 ἀρεταῖς
1511 1103 1663 1138 ὰσκητικῶς
1689 1103 1730 1132 ἀεὶ
1756 1104 1918 1141 ἀναΛάμπον

1095 1148 1240 1182 δεικνύναι,
1255 1149 1300 1176 καὶ
1327 1149 1461 1187 ἄφθαρτον
1487 1150 1567 1175 τοῦτο
1598 1147 1632 1175 δι’
1659 1148 1726 1176 ὅλου
1756 1148 1918 1187 φυλάττεινς

1093 1195 1173 1222 Ὥστε
1196 1194 1228 1222 τὸ
1252 1196 1290 1229 τῷ
1314 1195 1372 1229 Θεῷ
1396 1192 1614 1230 έξαρεσκεύισθαι
1629 1191 1728 1227 θέλειν,
1759 1192 1837 1221 οὐδὲν
1864 1192 1920 1222 ἓτε-

1094 1238 1139 1276 ρόν
1154 1238 1236 1274 ἐστιν,
1265 1239 1282 1273 ἢ
1300 1238 1393 1265 ἑαυτὸν
1420 1237 1557 1265 ἐπαινετόν
1587 1247 1616 1264 τε
1639 1237 1683 1264 καὶ
1712 1237 1847 1275 μακάριον
1877 1239 1918 1266 καὶ

1092 1282 1188 1319 ὅμοιον
1205 1282 1278 1318 αὖτῷ
1299 1282 1495 1319 ἐξεργάζεσθαι.
1517 1281 1565 1309 Καὶ
1591 1281 1685 1319 εὑρέθη
1713 1283 1730 1316 ἡ
1759 1285 1918 1320 μεριμνῶσα

1091 1329 1150 1358 πῶς
1175 1326 1257 1364 ἀρέσῃ
1286 1327 1325 1359 τῷ
1348 1326 1451 1364 Κυρίῳ,
1475 1325 1523 1353 οὐκ
1549 1325 1644 1362 ἐκείνῳ
1669 1326 1691 1362 ᾧ
1720 1329 1840 1363 μεριμνᾷ
1855 1327 1917 1365 ἀρέ-

1090 1382 1161 1399 σκειν
1189 1370 1233 1398 διὰ
1255 1372 1304 1403 τῆς
1321 1371 1454 1408 μερίμνης
1476 1368 1570 1407 κέρδος
1594 1369 1755 1408 πορίζουσα,
1767 1370 1832 1398 ἀλλ’
1854 1371 1916 1398 lau-

1090 1415 1192 1454 τῇιόιὰ
1214 1419 1264 1450 τῆς
1287 1416 1348 1452 περὶ
1370 1415 1449 1442 αὐτὸν
1470 1414 1604 1452 μερίμνης
1620 1413 1722 1446 κάλλος
1737 1415 1783 1442 καὶ
1813 1416 1915 1454 ἀφθαρ-

1091 1461 1148 1488 σίαν
1166 1461 1325 1498 συνάγουσα.
1343 1460 1374 1488 Εἰ
1390 1458 1419 1487 δὲ
1432 1462 1560 1487 τοσοῦτον
1576 1462 1627 1494 τῆς
1651 1459 1785 1497 παρθένου
1800 1461 1833 1488 τὸ
1857 1461 1916 1495 κέρ-

1090 1504 1146 1539 δος,
1163 1505 1208 1533 καὶ
1225 1504 1260 1532 δι’
1275 1506 1310 1532 ῶν
1330 1507 1448 1542 μεριμνᾷ
1462 1506 1520 1535 πῶς
1535 1502 1617 1542 ἀρέσῃ
1634 1506 1674 1540 τῷ
1695 1504 1786 1542 Κυρίῳ
1801 1505 1834 1532 τὸ
1850 1504 1913 1533 ὅλον

1091 1550 1187 1584 ἑαυτὴν
1204 1549 1315 1588 ὠφελεῖ,
1331 1549 1376 1576 καὶ
1394 1548 1526 1586 μακαρίαν
1542 1551 1626 1583 ποιεῖ,
1651 1548 1680 1575 οὐ
1705 1547 1746 1576 δεῖ
1771 1552 1912 1586 μεριμνῶ-

1089 1605 1135 1622 σαν
1153 1594 1236 1629 αὐτήν
1253 1603 1318 1621 ποτε
1340 1593 1374 1621 τὰ
1397 1595 1445 1620 τοῦ
1464 1592 1569 1629 κόσμου
1592 1592 1768 1630 εὑρίσκεσθαι.
1794 1594 1911 1631 ’Δνάγκη

1087 1639 1137 1677 γὰρ
1155 1638 1180 1666 ἐν
1199 1639 1222 1674 ᾧ
1248 1640 1367 1674 μεριμνᾷ
1381 1638 1413 1664 τὰ
1427 1640 1475 1664 τοῦ
1490 1638 1605 1674 κόσμου,
1635 1639 1679 1665 καὶ
1701 1641 1750 1672 τῆς
1775 1638 1838 1675 περῖ
1867 1638 1911 1665 τὸν

1088 1683 1187 1721 Κύριον
1204 1683 1337 1719 μερίμνης
1353 1681 1476 1718 ἀμελεῖν,
1497 1682 1542 1709 καὶ
1567 1682 1662 1716 ἑαυτὴν
1689 1683 1728 1718 (4)
1749 1682 1914 1710 ἀπιστοῦσαν

1086 1730 1126 1763 τῷ
1149 1726 1282 1763 κηδεμόνι
1311 1727 1445 1764 ἐλέγχειν.
1476 1725 1546 1755 Οὐδέ
1569 1727 1619 1764 γὰρ
1646 1725 1765 1764 ἐγχωρεῖ
1789 1727 1835 1755 καὶ
1865 1738 1913 1755 πι-

1087 1771 1187 1799 στεύειν
1204 1771 1276 1807 αὐτῷ
1291 1772 1329 1802 ὡς
1343 1771 1467 1808 ἐπαρκειν
1485 1769 1589 1798 ἅπαντα
1604 1769 1753 1808 δυναμένῳ,
1780 1772 1825 1799 καὶ
1850 1772 1912 1809 περὶ

1088 1816 1136 1850 τήν
1153 1818 1205 1843 τῶν
1221 1818 1361 1852 κοσμικῶν
1378 1815 1524 1850 ἐπτοῆσθαι
1541 1813 1678 1854 φροντίδα.
1701 1814 1781 1843 ’Δλλ¹
1807 1817 1832 1844 εἲ
1863 1827 1912 1852 μι-

1089 1863 1172 1898 ριμνᾷ
1199 1863 1257 1891 πῶς
1288 1860 1370 1897 ἀρέσῃ
1397 1862 1435 1896 τῷ
1456 1860 1556 1898 Κυρίῳ,
1583 1859 1680 1887 εἰδέναι
1704 1861 1812 1892 πάντως
1843 1861 1911 1899 χρὴ,

1089 1905 1130 1932 ὅτι
1159 1904 1204 1932 καὶ
1220 1904 1299 1936 αὐτὸς
1316 1907 1435 1941 μεριμνᾷ
1449 1906 1507 1935 πῶς
1524 1904 1604 1942 ἀρέσῃ
1632 1904 1711 1942 αὐτῇ,
1730 1905 1800 1932 κατά
1826 1904 1911 1942 μηδέν

1090 1949 1232 1987 ὑπόχρεως
1248 1950 1295 1978 ὥν.
1313 1949 1346 1978 Εἰ
1360 1949 1411 1987 γὰρ
1438 1950 1534 1985 θνητὸν
1559 1948 1642 1987 ἄνδρα
1662 1949 1728 1986 γυνὴ
1755 1950 1911 1986 προστάτην

1087 1996 1135 2022 τοῦ
1150 1995 1246 2028 εαυτῆς
1274 1994 1334 2031 βίου
1357 1993 1542 2030 ποιησαμένη,
1571 1997 1621 2028 τῆς
1644 1993 1706 2029 περὶ
1727 1993 1809 2021 αὐτὸν
1838 1994 1912 2030 μερί-

1090 2050 1160 2075 μνης
1174 2036 1294 2076 ἀμοιϐὴν
1310 2039 1373 2076 παρ’
1388 2039 1469 2066 αὐτοῦ
1484 2038 1533 2072 τήν
1552 2038 1589 2069 είς
1616 2039 1719 2065 ἅπαντα
1742 2037 1910 2075 κηδεμονίαν

1087 2080 1292 2120 ἀντιλαμϐάνει,
1317 2082 1415 2118 πολλῷ
1443 2081 1549 2119 μᾶλλον
1565 2084 1583 2118 ἡ
1606 2084 1664 2118 Θεῷ
1680 2082 1730 2116 τήν
1746 2083 1910 2119 προστασίαν

1087 2127 1183 2163 ὶαυτῆς
1224 2127 1406 2165 ἐπιτρέψασα,
1449 2126 1566 2163 κάκείνῳ
1605 2124 1737 2163 συμϐιοῦν
1777 2125 1910 2163 ἑλομένη,

1085 2172 1274 2211 ἀφθονωτέραν
1290 2173 1338 2206 τῆς
1364 2171 1425 2209 περὶ
1448 2172 1528 2199 αὐτὸν
1556 2171 1691 2210 μερίμνης
1715 2172 1765 2206 τήν
1783 2173 1848 2209 παρ’
1864 2171 1910 2199 αὐ-

1085 2220 1132 2244 τοῦ
1158 2216 1279 2253 ἀμοιϐὴν
1295 2216 1333 2249 εἷς
1347 2216 1433 2244 πάντα
1448 2215 1564 2251 προνοοῦ
1571 2226 1628 2247 ντος
1647 2214 1800 2254 ἐκδέχεται.
1815 2217 1910 2254 ⁵¹Εχεις

204 2259 377 2294 praecedenti
402 2260 593 2294 providentia.
611 2259 683 2287 Nam
710 2260 734 2288 si
759 2262 890 2289 nondum
915 2262 1029 2298 placere

1090 2260 1114 2289 εὶ
1128 2262 1158 2289 τὸ
1184 2261 1311 2299 ἐνέχυρον
1337 2264 1386 2296 τῆς
1410 2261 1534 2295 πίστεως,
1552 2261 1604 2288 ἀπὸ
1631 2264 1682 2296 τῆς
1711 2258 1909 2298 προλαῦούσης

203 2305 353 2330 curantem
369 2311 444 2330 curae
465 2304 578 2336 habuit,
590 2313 623 2331 ac
639 2305 829 2339 semetipsum
858 2315 908 2341 pro
932 2316 966 2334 ea
989 2307 1025 2334 li-

200 2348 303 2375 benter
318 2347 448 2376 tradidit.
462 2350 493 2374 ut
508 2356 570 2375 eam
588 2349 731 2384 sanguine
746 2358 798 2377 suo
814 2351 1024 2386 sanctiﬁcaret;

200 2391 293 2419 multo
310 2391 404 2427 magis
424 2392 537 2428 placere
559 2393 724 2428 cupientem
752 2402 827 2422 curae
851 2395 979 2429 habebit,
997 2404 1026 2432 et

198 2445 264 2464 cum
282 2436 349 2464 aliis
366 2436 406 2463 illi
425 2437 459 2464 ad
476 2445 574 2465 veram
591 2437 678 2466 vitam
699 2439 931 2468 conducentibus
946 2442 1023 2468 exte-

196 2481 275 2509 riora
289 2480 377 2508 etiam
393 2480 526 2509 subsidia
541 2481 571 2509 in
587 2490 618 2509 se
633 2483 762 2518 recipiet.

1081 2305 1258 2343 κηδεμονίας.
1289 2306 1321 2334 El
1354 2306 1405 2343 γὰρ
1433 2304 1547 2342 μηδέπω
1579 2306 1755 2344 μεριμνώσης
1785 2305 1906 2342 ἀρέσκειν

1081 2351 1231 2389 ἐφρόντισε,
1263 2351 1308 2378 καὶ
1323 2351 1415 2378 ἑαυτὸν
1437 2351 1502 2387 ὑπὲρ
1527 2350 1610 2385 αὐτῆς
1636 2350 1752 2386 ἑτοίμως
1782 2349 1907 2386 παρέδω-

1079 2405 1134 2431 κεν,
1159 2395 1203 2422 ’ίνα
1234 2395 1316 2430 αὐτὴν
1350 2397 1390 2431 τῷ
1418 2396 1513 2422 ἑαυτοῦ
1541 2393 1636 2431 α’ίματι
1665 2394 1777 2431 ἁγιάσῃ·
1806 2394 1905 2430 πολλῷ

1080 2440 1186 2476 μᾶλλον
1228 2439 1398 2478 βουλομένης
1433 2439 1552 2478 ἀρέσκείν
1585 2438 1731 2478 φροντίσει,
1761 2438 1808 2466 καὶ
1839 2438 1905 2476 μιτᾶ

1076 2487 1130 2512 τῶν
1157 2483 1261 2512 λοιπῶν
1276 2487 1329 2512 τῶν
1347 2484 1414 2522 πρὸς
1429 2484 1478 2518 τὴν
1499 2482 1584 2515 ὅντως
1611 2483 1682 2518 ζωήν
1708 2482 1776 2520 αὐτῇ
1801 2493 1903 2510 συντει-

194 2525 307 2559 νόντων,
323 2524 369 2552 καὶ
383 2525 417 2552 τὰ
432 2523 526 2559 ἔξωθεν
543 2526 731 2563 συγχερειώδη
749 2528 787 2563 (5)
803 2527 840 2558 είς
855 2527 947 2555 ἑαυτὸν
964 2527 1140 2566 ἀναλήψεται.

228 2629 251 2648 ⁸⁸
267 2629 278 2657 Ι
293 2629 358 2657 Cor.
373 2637 424 2662 vn,
440 2629 536 2656 32-34.

229 2731 267 2770 (2)
294 2732 381 2766 Τὴν...
416 2730 589 2769 έζιυγμένην.
624 2732 809 2769 Legendum,
842 2743 912 2770 τῃ...
942 2732 1018 2767 έζιυ-

191 2766 315 2812 γῆέιηι,
362 2803 386 2812 η

227 2802 345 2840 (3)⁷Γάρ.
362 2803 473 2832 Vocula
487 2803 588 2832 addita
604 2812 639 2833 ex
653 2812 726 2833 mss.

1108 2734 1287 2771 (4)”Εαυτήν.
1313 2735 1360 2763 Sic
1390 2743 1467 2771 mss:
1491 2734 1559 2762 duo.
1585 2734 1674 2770 Editi,
1700 2734 1797 2771 αὐτήν.
1824 2736 1900 2765 Infra

1073 2769 1172 2808 plures
1188 2770 1438 2808 codiceshabeut,
1453 2769 1555 2807 ἅρεσιν.

1109 2807 1147 2844 (5)
1163 2805 1354 2846 Συγχριιώδη.
1369 2805 1489 2836 Codices
1503 2808 1572 2840 duo,
1587 2805 1722 2844 χρειώδη.
