  <div class='ocr_page' id='page_1' title='image "/cluster/home/n/w/nwhite01/storage/ocr_20150623/30/njp.32101013202591/374.png"; bbox 0 0 2010 3145; ppageno 0'>
   <div class='ocr_carea' id='block_1_1' title="bbox 101 195 151 226">
    <p class='ocr_par' dir='ltr' id='par_1_1' title="bbox 101 195 151 226">
     <span class='ocr_line' id='line_1_1' title="bbox 101 195 151 226; baseline 0 -1"><span class='ocrx_word' id='word_1_1' title='bbox 101 195 151 226; x_wconf 65' lang='grc'><strong>’131</strong></span> 
     </span>
    </p>
   </div>
   <div class='ocr_carea' id='block_1_2' title="bbox 710 193 1189 225">
    <p class='ocr_par' dir='ltr' id='par_1_2' title="bbox 710 193 1189 225">
     <span class='ocr_line' id='line_1_2' title="bbox 710 193 1189 225; baseline 0 -1"><span class='ocrx_word' id='word_1_2' title='bbox 710 194 825 225; x_wconf 82' lang='lat' dir='ltr'><strong>LIBER</strong></span> <span class='ocrx_word' id='word_1_3' title='bbox 846 194 898 224; x_wconf 87' lang='lat' dir='ltr'><strong>DE</strong></span> <span class='ocrx_word' id='word_1_4' title='bbox 923 193 1189 225; x_wconf 81' lang='lat' dir='ltr'><strong>VIBGINITATE.</strong></span> 
     </span>
    </p>
   </div>
   <div class='ocr_carea' id='block_1_3' title="bbox 1744 194 1804 224">
    <p class='ocr_par' dir='ltr' id='par_1_3' title="bbox 1744 194 1804 224">
     <span class='ocr_line' id='line_1_3' title="bbox 1744 194 1804 224; baseline 0 0"><span class='ocrx_word' id='word_1_5' title='bbox 1744 194 1804 224; x_wconf 71' lang='grc'><strong>’122</strong></span> 
     </span>
    </p>
   </div>
   <div class='ocr_carea' id='block_1_4' title="bbox 131 259 917 298">
    <p class='ocr_par' dir='ltr' id='par_1_4' title="bbox 131 259 917 298">
     <span class='ocr_line' id='line_1_4' title="bbox 131 259 917 298; baseline -0.004 -8"><span class='ocrx_word' id='word_1_6' title='bbox 131 263 175 290; x_wconf 86' lang='grc'><strong>25.</strong></span> <span class='ocrx_word' id='word_1_7' title='bbox 206 260 244 288; x_wconf 82' lang='grc' dir='ltr'><strong>οὐ</strong></span> <span class='ocrx_word' id='word_1_8' title='bbox 271 259 467 298; x_wconf 75' lang='grc' dir='ltr'>καταθρῦψεται</span> <span class='ocrx_word' id='word_1_9' title='bbox 497 260 525 288; x_wconf 69' lang='grc' dir='ltr'>δὲ</span> <span class='ocrx_word' id='word_1_10' title='bbox 549 263 599 289; x_wconf 81' lang='grc' dir='ltr'><strong>τοῦ</strong></span> <span class='ocrx_word' id='word_1_11' title='bbox 628 260 740 298; x_wconf 80' lang='grc' dir='ltr'><strong>Κυρίου,</strong></span> <span class='ocrx_word' id='word_1_12' title='bbox 767 261 833 298; x_wconf 68' lang='grc' dir='ltr'>ὑπὲρ</span> <span class='ocrx_word' id='word_1_13' title='bbox 868 261 917 295; x_wconf 81' lang='grc' dir='ltr'>τὴν</span> 
     </span>
    </p>
   </div>
   <div class='ocr_carea' id='block_1_5' title="bbox 973 259 1804 298">
    <p class='ocr_par' dir='ltr' id='par_1_5' title="bbox 1010 261 1804 297">
     <span class='ocr_line' id='line_1_5' title="bbox 1010 261 1804 297; baseline -0.001 -8"><span class='ocrx_word' id='word_1_14' title='bbox 1010 262 1054 290; x_wconf 83' lang='grc'><strong>25.</strong></span> <span class='ocrx_word' id='word_1_15' title='bbox 1064 261 1126 289; x_wconf 84' lang='lat' dir='ltr'><strong>Non</strong></span> <span class='ocrx_word' id='word_1_16' title='bbox 1140 264 1238 290; x_wconf 86' lang='lat' dir='ltr'><strong>utetur</strong></span> <span class='ocrx_word' id='word_1_17' title='bbox 1247 262 1369 290; x_wconf 91' lang='lat' dir='ltr'><strong>Domino</strong></span> <span class='ocrx_word' id='word_1_18' title='bbox 1379 262 1414 289; x_wconf 91' lang='lat' dir='ltr'><strong>ad</strong></span> <span class='ocrx_word' id='word_1_19' title='bbox 1424 261 1556 294; x_wconf 85' lang='lat' dir='ltr'><strong>delicias,</strong></span> <span class='ocrx_word' id='word_1_20' title='bbox 1564 261 1642 289; x_wconf 85' lang='lat' dir='ltr'><strong>ultra</strong></span> <span class='ocrx_word' id='word_1_21' title='bbox 1649 263 1804 297; x_wconf 82' lang='lat' dir='ltr'><strong>urgentem</strong></span> 
     </span>
    </p>
   </div>
   <div class='ocr_carea' id='block_1_6' title="bbox 102 304 921 344">
    <p class='ocr_par' dir='ltr' id='par_1_6' title="bbox 102 304 921 344">
     <span class='ocr_line' id='line_1_6' title="bbox 102 304 921 344; baseline -0.001 -11"><span class='ocrx_word' id='word_1_22' title='bbox 102 305 307 343; x_wconf 70' lang='grc' dir='ltr'>κατιπείγουσαν</span> <span class='ocrx_word' id='word_1_23' title='bbox 335 305 441 343; x_wconf 79' lang='grc' dir='ltr'>χρείαν,</span> <span class='ocrx_word' id='word_1_24' title='bbox 471 306 560 342; x_wconf 81' lang='grc' dir='ltr'>ὥσπερ</span> <span class='ocrx_word' id='word_1_25' title='bbox 598 304 748 344; x_wconf 72' lang='grc' dir='ltr'>φιλήδονος</span> <span class='ocrx_word' id='word_1_26' title='bbox 776 305 857 342; x_wconf 75' lang='grc' dir='ltr'>γυνὴ,</span> <span class='ocrx_word' id='word_1_27' title='bbox 887 305 921 332; x_wconf 78' lang='grc' dir='ltr'>τὰ</span> 
     </span>
    </p>
   </div>
   <div class='ocr_carea' id='block_1_7' title="bbox 101 348 918 388">
    <p class='ocr_par' dir='ltr' id='par_1_7' title="bbox 101 348 918 388">
     <span class='ocr_line' id='line_1_7' title="bbox 101 348 918 388; baseline -0.002 -10"><span class='ocrx_word' id='word_1_28' title='bbox 101 350 208 388; x_wconf 77' lang='grc' dir='ltr'>περιττὰ</span> <span class='ocrx_word' id='word_1_29' title='bbox 233 350 392 378; x_wconf 76' lang='grc' dir='ltr'>ἀπαιτοῦσα.</span> <span class='ocrx_word' id='word_1_30' title='bbox 417 348 484 377; x_wconf 68' lang='grc' dir='ltr'>Οὔτε</span> <span class='ocrx_word' id='word_1_31' title='bbox 504 350 554 388; x_wconf 69' lang='grc' dir='ltr'><strong>γὰρ</strong></span> <span class='ocrx_word' id='word_1_32' title='bbox 580 350 674 386; x_wconf 76' lang='grc' dir='ltr'>ἐκείνῳ</span> <span class='ocrx_word' id='word_1_33' title='bbox 696 348 799 377; x_wconf 80' lang='grc' dir='ltr'><strong>διδόναι</strong></span> <span class='ocrx_word' id='word_1_34' title='bbox 816 349 918 387; x_wconf 84' lang='grc' dir='ltr'>ἁρμότ-</span> 
     </span>
    </p>
   </div>
   <div class='ocr_carea' id='block_1_8' title="bbox 100 394 917 432">
    <p class='ocr_par' dir='ltr' id='par_1_8' title="bbox 100 394 917 432">
     <span class='ocr_line' id='line_1_8' title="bbox 100 394 917 432; baseline -0.001 -10"><span class='ocrx_word' id='word_1_35' title='bbox 100 406 153 429; x_wconf 81' lang='grc' dir='ltr'>τον,</span> <span class='ocrx_word' id='word_1_36' title='bbox 169 394 185 422; x_wconf 74' lang='grc' dir='ltr'>ἃ</span> <span class='ocrx_word' id='word_1_37' title='bbox 208 394 333 432; x_wconf 70' lang='grc' dir='ltr'>ἐγκόπτει</span> <span class='ocrx_word' id='word_1_38' title='bbox 364 394 467 429; x_wconf 67' lang='grc' dir='ltr'>ἐκείνης</span> <span class='ocrx_word' id='word_1_39' title='bbox 490 395 540 429; x_wconf 78' lang='grc' dir='ltr'><strong>τὴν</strong></span> <span class='ocrx_word' id='word_1_40' title='bbox 565 395 631 432; x_wconf 86' lang='grc' dir='ltr'>πρὸς</span> <span class='ocrx_word' id='word_1_41' title='bbox 656 397 750 422; x_wconf 85' lang='grc' dir='ltr'>τοῦτον</span> <span class='ocrx_word' id='word_1_42' title='bbox 781 394 917 432; x_wconf 71' lang='grc' dir='ltr'><strong>ἀρέσκειαν</strong></span> 
     </span>
    </p>
   </div>
   <div class='ocr_carea' id='block_1_9' title="bbox 101 437 918 478">
    <p class='ocr_par' dir='ltr' id='par_1_9' title="bbox 101 437 918 478">
     <span class='ocr_line' id='line_1_9' title="bbox 101 437 918 478; baseline -0.001 -12"><span class='ocrx_word' id='word_1_43' title='bbox 101 439 163 477; x_wconf 75' lang='grc' dir='ltr'>πρὸς</span> <span class='ocrx_word' id='word_1_44' title='bbox 175 440 209 466; x_wconf 77' lang='grc' dir='ltr'>τὰ</span> <span class='ocrx_word' id='word_1_45' title='bbox 223 437 292 473; x_wconf 76' lang='grc' dir='ltr'>ἡδέα</span> <span class='ocrx_word' id='word_1_46' title='bbox 307 441 354 466; x_wconf 75' lang='grc' dir='ltr'><strong>τοῦ</strong></span> <span class='ocrx_word' id='word_1_47' title='bbox 379 439 504 475; x_wconf 81' lang='grc' dir='ltr'>σώματος</span> <span class='ocrx_word' id='word_1_48' title='bbox 520 439 716 478; x_wconf 69' lang='grc' dir='ltr'>οτριφομένης*</span> <span class='ocrx_word' id='word_1_49' title='bbox 745 437 806 466; x_wconf 71' lang='grc' dir='ltr'>οὕτε</span> <span class='ocrx_word' id='word_1_50' title='bbox 834 439 918 476; x_wconf 77' lang='grc' dir='ltr'>ταύτῃ</span> 
     </span>
    </p>
   </div>
   <div class='ocr_carea' id='block_1_10' title="bbox 102 481 919 522">
    <p class='ocr_par' dir='ltr' id='par_1_10' title="bbox 102 481 919 522">
     <span class='ocr_line' id='line_1_10' title="bbox 102 481 919 522; baseline 0.001 -12"><span class='ocrx_word' id='word_1_51' title='bbox 102 483 234 522; x_wconf 75' lang='grc' dir='ltr'>συμφέρον</span> <span class='ocrx_word' id='word_1_52' title='bbox 249 482 334 511; x_wconf 72' lang='grc' dir='ltr'>ταῦτα</span> <span class='ocrx_word' id='word_1_53' title='bbox 349 481 509 520; x_wconf 82' lang='grc' dir='ltr'>λαμϐάνειν,</span> <span class='ocrx_word' id='word_1_54' title='bbox 525 484 560 511; x_wconf 74' lang='grc' dir='ltr'>τὰ</span> <span class='ocrx_word' id='word_1_55' title='bbox 585 484 784 520; x_wconf 75' lang='grc' dir='ltr'>μετεωρίζοντα</span> <span class='ocrx_word' id='word_1_56' title='bbox 799 487 849 518; x_wconf 86' lang='grc' dir='ltr'><strong>τῆς</strong></span> <span class='ocrx_word' id='word_1_57' title='bbox 872 494 919 510; x_wconf 91' lang='grc' dir='ltr'>πε-</span> 
     </span>
    </p>
   </div>
   <div class='ocr_carea' id='block_1_11' title="bbox 100 527 916 566">
    <p class='ocr_par' dir='ltr' id='par_1_11' title="bbox 100 527 916 566">
     <span class='ocr_line' id='line_1_11' title="bbox 100 527 916 566; baseline 0 -11"><span class='ocrx_word' id='word_1_58' title='bbox 100 527 211 565; x_wconf 79' lang='grc' dir='ltr'>ρὶαῦτὸν</span> <span class='ocrx_word' id='word_1_59' title='bbox 227 527 367 564; x_wconf 79' lang='grc' dir='ltr'>ἀρεσκείας</span> <span class='ocrx_word' id='word_1_60' title='bbox 380 528 426 555; x_wconf 85' lang='grc' dir='ltr'><strong>τὸν</strong></span> <span class='ocrx_word' id='word_1_61' title='bbox 441 530 504 556; x_wconf 83' lang='grc' dir='ltr'>νοῦν</span> <span class='ocrx_word' id='word_1_62' title='bbox 529 527 650 566; x_wconf 81' lang='grc' dir='ltr'><strong>ἀσχολίᾳ</strong></span> <span class='ocrx_word' id='word_1_63' title='bbox 749 527 830 556; x_wconf 80' lang='grc' dir='ltr'>Ἀλλ’</span> <span class='ocrx_word' id='word_1_64' title='bbox 855 528 916 566; x_wconf 79' lang='grc' dir='ltr'>ὅρον</span> 
     </span>
    </p>
   </div>
   <div class='ocr_carea' id='block_1_12' title="bbox 99 571 918 611">
    <p class='ocr_par' dir='ltr' id='par_1_12' title="bbox 99 571 918 611">
     <span class='ocr_line' id='line_1_12' title="bbox 99 571 918 611; baseline 0 -12"><span class='ocrx_word' id='word_1_65' title='bbox 99 575 144 606; x_wconf 74' lang='grc' dir='ltr'><strong>τῆς</strong></span> <span class='ocrx_word' id='word_1_66' title='bbox 158 572 253 609; x_wconf 77' lang='grc' dir='ltr'>χρείας</span> <span class='ocrx_word' id='word_1_67' title='bbox 275 572 306 599; x_wconf 82' lang='grc' dir='ltr'>τὸ</span> <span class='ocrx_word' id='word_1_68' title='bbox 331 571 475 609; x_wconf 79' lang='grc' dir='ltr'>ἀναγκαῖον</span> <span class='ocrx_word' id='word_1_69' title='bbox 499 573 549 606; x_wconf 80' lang='grc' dir='ltr'><strong>τῆς</strong></span> <span class='ocrx_word' id='word_1_70' title='bbox 575 572 600 600; x_wconf 70' lang='grc' dir='ltr'>ἐν</span> <span class='ocrx_word' id='word_1_71' title='bbox 617 573 723 609; x_wconf 81' lang='grc' dir='ltr'>σώματι</span> <span class='ocrx_word' id='word_1_72' title='bbox 740 575 812 607; x_wconf 83' lang='grc' dir='ltr'>ζωῆς</span> <span class='ocrx_word' id='word_1_73' title='bbox 825 573 918 611; x_wconf 85' lang='grc' dir='ltr'>φρονί-</span> 
     </span>
    </p>
   </div>
   <div class='ocr_carea' id='block_1_13' title="bbox 102 615 917 653">
    <p class='ocr_par' dir='ltr' id='par_1_13' title="bbox 102 615 917 653">
     <span class='ocr_line' id='line_1_13' title="bbox 102 615 917 653; baseline -0.001 -10"><span class='ocrx_word' id='word_1_74' title='bbox 102 627 154 652; x_wconf 88' lang='grc' dir='ltr'><strong>μως</strong></span> <span class='ocrx_word' id='word_1_75' title='bbox 167 615 280 652; x_wconf 81' lang='grc' dir='ltr'>θεμένη,</span> <span class='ocrx_word' id='word_1_76' title='bbox 306 615 382 644; x_wconf 75' lang='grc' dir='ltr'>οὐδὲν</span> <span class='ocrx_word' id='word_1_77' title='bbox 411 617 457 653; x_wconf 77' lang='grc' dir='ltr'>μὲν</span> <span class='ocrx_word' id='word_1_78' title='bbox 481 616 565 644; x_wconf 88' lang='grc' dir='ltr'>πλέον</span> <span class='ocrx_word' id='word_1_79' title='bbox 583 617 687 643; x_wconf 76' lang='grc' dir='ltr'>τούτων</span> <span class='ocrx_word' id='word_1_80' title='bbox 705 616 819 651; x_wconf 65' lang='grc' dir='ltr'>αἲτήσει.</span> <span class='ocrx_word' id='word_1_81' title='bbox 833 615 917 645; x_wconf 67' lang='grc' dir='ltr'>Οὐδὲν</span> 
     </span>
    </p>
   </div>
   <div class='ocr_carea' id='block_1_14' title="bbox 99 657 916 698">
    <p class='ocr_par' dir='ltr' id='par_1_14' title="bbox 99 657 916 698">
     <span class='ocr_line' id='line_1_14' title="bbox 99 657 916 698; baseline 0.001 -11"><span class='ocrx_word' id='word_1_82' title='bbox 99 659 124 687; x_wconf 69' lang='grc' dir='ltr'>δὲ</span> <span class='ocrx_word' id='word_1_83' title='bbox 148 660 190 687; x_wconf 79' lang='grc' dir='ltr'><strong>καὶ</strong></span> <span class='ocrx_word' id='word_1_84' title='bbox 216 657 369 697; x_wconf 75' lang='grc' dir='ltr'>θλιϐομένη</span> <span class='ocrx_word' id='word_1_85' title='bbox 394 660 419 688; x_wconf 81' lang='grc' dir='ltr'>ἐν</span> <span class='ocrx_word' id='word_1_86' title='bbox 443 663 477 698; x_wconf 81' lang='grc' dir='ltr'><strong>τῇ</strong></span> <span class='ocrx_word' id='word_1_87' title='bbox 500 660 588 696; x_wconf 81' lang='grc' dir='ltr'>ἐνδείᾳ</span> <span class='ocrx_word' id='word_1_88' title='bbox 602 662 640 698; x_wconf 93' lang='grc'><strong>(7)</strong></span> <span class='ocrx_word' id='word_1_89' title='bbox 669 663 722 688; x_wconf 81' lang='grc' dir='ltr'><strong>τῶν</strong></span> <span class='ocrx_word' id='word_1_90' title='bbox 753 661 916 698; x_wconf 76' lang='grc' dir='ltr'>ἀναγκαίων,</span> 
     </span>
    </p>
   </div>
   <div class='ocr_carea' id='block_1_15' title="bbox 99 703 916 743">
    <p class='ocr_par' dir='ltr' id='par_1_15' title="bbox 99 703 916 743">
     <span class='ocr_line' id='line_1_15' title="bbox 99 703 916 743; baseline 0 -12"><span class='ocrx_word' id='word_1_91' title='bbox 99 703 225 735; x_wconf 80' lang='grc' dir='ltr'>πολλάκις</span> <span class='ocrx_word' id='word_1_92' title='bbox 242 703 289 732; x_wconf 74' lang='grc' dir='ltr'><strong>διὰ</strong></span> <span class='ocrx_word' id='word_1_93' title='bbox 304 707 398 742; x_wconf 85' lang='grc' dir='ltr'>πεῖραν</span> <span class='ocrx_word' id='word_1_94' title='bbox 416 707 454 742; x_wconf 87' lang='lat'><strong>(8,</strong></span> <span class='ocrx_word' id='word_1_95' title='bbox 468 708 518 740; x_wconf 85' lang='grc' dir='ltr'><strong>τῆς</strong></span> <span class='ocrx_word' id='word_1_96' title='bbox 534 706 596 743; x_wconf 81' lang='grc' dir='ltr'>περὶ</span> <span class='ocrx_word' id='word_1_97' title='bbox 621 704 699 732; x_wconf 76' lang='grc' dir='ltr'>αὐτὸν</span> <span class='ocrx_word' id='word_1_98' title='bbox 725 705 844 742; x_wconf 82' lang='grc' dir='ltr'>ἀγάπης,</span> <span class='ocrx_word' id='word_1_99' title='bbox 872 715 916 741; x_wconf 92' lang='grc' dir='ltr'>μι-</span> 
     </span>
    </p>
   </div>
   <div class='ocr_carea' id='block_1_16' title="bbox 98 748 916 787">
    <p class='ocr_par' dir='ltr' id='par_1_16' title="bbox 98 748 916 787">
     <span class='ocr_line' id='line_1_16' title="bbox 98 748 916 787; baseline -0.001 -11"><span class='ocrx_word' id='word_1_100' title='bbox 98 749 239 787; x_wconf 67' lang='grc' dir='ltr'>κροψῦχως</span> <span class='ocrx_word' id='word_1_101' title='bbox 257 749 454 784; x_wconf 81' lang='grc' dir='ltr'>λυπηθήσεται,</span> <span class='ocrx_word' id='word_1_102' title='bbox 477 749 549 777; x_wconf 82' lang='grc' dir='ltr'><strong>ἀλλά</strong></span> <span class='ocrx_word' id='word_1_103' title='bbox 572 749 658 777; x_wconf 85' lang='grc' dir='ltr'>πάντα</span> <span class='ocrx_word' id='word_1_104' title='bbox 684 750 822 787; x_wconf 74' lang='grc' dir='ltr'><strong>στέγουσα,</strong></span> <span class='ocrx_word' id='word_1_105' title='bbox 849 748 916 776; x_wconf 83' lang='grc' dir='ltr'>πάν-</span> 
     </span>
    </p>
   </div>
   <div class='ocr_carea' id='block_1_17' title="bbox 98 792 917 832">
    <p class='ocr_par' dir='ltr' id='par_1_17' title="bbox 98 792 917 832">
     <span class='ocr_line' id='line_1_17' title="bbox 98 792 917 832; baseline 0.001 -13"><span class='ocrx_word' id='word_1_106' title='bbox 98 803 127 820; x_wconf 89' lang='grc' dir='ltr'><strong>τα</strong></span> <span class='ocrx_word' id='word_1_107' title='bbox 140 792 297 827; x_wconf 75' lang='grc' dir='ltr'>έλπίζουσα,</span> <span class='ocrx_word' id='word_1_108' title='bbox 313 793 400 821; x_wconf 86' lang='grc' dir='ltr'>πάντα</span> <span class='ocrx_word' id='word_1_109' title='bbox 414 793 596 829; x_wconf 69' lang='grc' dir='ltr'><strong>ὑπομένουσα,</strong></span> <span class='ocrx_word' id='word_1_110' title='bbox 619 792 826 832; x_wconf 87' lang='grc' dir='ltr'>προσηλωμένη</span> <span class='ocrx_word' id='word_1_111' title='bbox 843 794 917 830; x_wconf 79' lang='grc' dir='ltr'>αὒτῷ</span> 
     </span>
    </p>
   </div>
   <div class='ocr_carea' id='block_1_18' title="bbox 100 837 916 876">
    <p class='ocr_par' dir='ltr' id='par_1_18' title="bbox 100 837 916 876">
     <span class='ocr_line' id='line_1_18' title="bbox 100 837 916 876; baseline 0 -12"><span class='ocrx_word' id='word_1_112' title='bbox 100 837 261 876; x_wconf 77' lang='grc' dir='ltr'>ἀνυποκρίτῳ</span> <span class='ocrx_word' id='word_1_113' title='bbox 286 837 405 876; x_wconf 84' lang='grc' dir='ltr'><strong>φίλτρῳ,</strong></span> <span class='ocrx_word' id='word_1_114' title='bbox 430 839 479 872; x_wconf 68' lang='grc' dir='ltr'><strong>τὴν</strong></span> <span class='ocrx_word' id='word_1_115' title='bbox 506 838 599 875; x_wconf 72' lang='grc' dir='ltr'>ψυχὴν</span> <span class='ocrx_word' id='word_1_116' title='bbox 622 837 649 864; x_wconf 82' lang='grc' dir='ltr'>ἐν</span> <span class='ocrx_word' id='word_1_117' title='bbox 665 839 752 875; x_wconf 82' lang='grc' dir='ltr'>νεκρῷ</span> <span class='ocrx_word' id='word_1_118' title='bbox 775 838 819 864; x_wconf 81' lang='grc' dir='ltr'>καὶ</span> <span class='ocrx_word' id='word_1_119' title='bbox 842 838 916 865; x_wconf 90' lang='grc' dir='ltr'>ἀναι-</span> 
     </span>
    </p>
   </div>
   <div class='ocr_carea' id='block_1_19' title="bbox 101 881 916 920">
    <p class='ocr_par' dir='ltr' id='par_1_19' title="bbox 101 881 916 920">
     <span class='ocr_line' id='line_1_19' title="bbox 101 881 916 920; baseline 0 -11"><span class='ocrx_word' id='word_1_120' title='bbox 101 883 202 918; x_wconf 71' lang='grc' dir='ltr'>σθήτῳ,</span> <span class='ocrx_word' id='word_1_121' title='bbox 225 882 330 919; x_wconf 84' lang='grc' dir='ltr'>τρόπον</span> <span class='ocrx_word' id='word_1_122' title='bbox 352 883 412 910; x_wconf 78' lang='grc' dir='ltr'>τινὰ</span> <span class='ocrx_word' id='word_1_123' title='bbox 426 904 433 916; x_wconf 93' lang='grc'><strong>,</strong></span> <span class='ocrx_word' id='word_1_124' title='bbox 457 884 497 918; x_wconf 83' lang='grc' dir='ltr'><strong>τῷ</strong></span> <span class='ocrx_word' id='word_1_125' title='bbox 520 881 615 917; x_wconf 74' lang='grc' dir='ltr'>ἔξωθεν</span> <span class='ocrx_word' id='word_1_126' title='bbox 640 883 743 918; x_wconf 86' lang='grc' dir='ltr'>σώμντι</span> <span class='ocrx_word' id='word_1_127' title='bbox 766 882 916 920; x_wconf 81' lang='grc' dir='ltr'>ἀπερισπά-</span> 
     </span>
    </p>
   </div>
   <div class='ocr_carea' id='block_1_20' title="bbox 100 926 915 965">
    <p class='ocr_par' dir='ltr' id='par_1_20' title="bbox 100 926 915 965">
     <span class='ocr_line' id='line_1_20' title="bbox 100 926 915 965; baseline 0 -12"><span class='ocrx_word' id='word_1_128' title='bbox 100 936 161 956; x_wconf 79' lang='grc' dir='ltr'>στως</span> <span class='ocrx_word' id='word_1_129' title='bbox 179 928 228 954; x_wconf 82' lang='grc' dir='ltr'>τοῦ</span> <span class='ocrx_word' id='word_1_130' title='bbox 252 926 376 958; x_wconf 74' lang='grc' dir='ltr'>κάλλους</span> <span class='ocrx_word' id='word_1_131' title='bbox 399 926 481 953; x_wconf 76' lang='grc' dir='ltr'>αὐτοῦ</span> <span class='ocrx_word' id='word_1_132' title='bbox 506 926 738 965; x_wconf 77' lang='grc' dir='ltr'>ὲμφορηθήσεται.</span> <span class='ocrx_word' id='word_1_133' title='bbox 762 927 807 958; x_wconf 83' lang='grc' dir='ltr'>Ὠς</span> <span class='ocrx_word' id='word_1_134' title='bbox 833 927 884 964; x_wconf 81' lang='grc' dir='ltr'><strong>γὰρ</strong></span> <span class='ocrx_word' id='word_1_135' title='bbox 901 927 915 953; x_wconf 84' lang='grc' dir='ltr'>ὁ</span> 
     </span>
    </p>
   </div>
   <div class='ocr_carea' id='block_1_21' title="bbox 101 970 916 1008">
    <p class='ocr_par' dir='ltr' id='par_1_21' title="bbox 101 970 916 1008">
     <span class='ocr_line' id='line_1_21' title="bbox 101 970 916 1008; baseline 0.001 -11"><span class='ocrx_word' id='word_1_136' title='bbox 101 970 232 1008; x_wconf 64' lang='grc' dir='ltr'>ἐπικαίρου</span> <span class='ocrx_word' id='word_1_137' title='bbox 252 970 375 1001; x_wconf 79' lang='grc' dir='ltr'>κάλλους</span> <span class='ocrx_word' id='word_1_138' title='bbox 405 970 484 1008; x_wconf 80' lang='grc' dir='ltr'>ἐρῶν,</span> <span class='ocrx_word' id='word_1_139' title='bbox 515 970 546 998; x_wconf 85' lang='grc' dir='ltr'>οὐ</span> <span class='ocrx_word' id='word_1_140' title='bbox 572 971 605 998; x_wconf 79' lang='grc' dir='ltr'><strong>τὰ</strong></span> <span class='ocrx_word' id='word_1_141' title='bbox 626 971 757 1008; x_wconf 83' lang='grc' dir='ltr'>χρήματα</span> <span class='ocrx_word' id='word_1_142' title='bbox 774 971 856 1007; x_wconf 83' lang='grc' dir='ltr'>μόνον</span> <span class='ocrx_word' id='word_1_143' title='bbox 872 970 916 998; x_wconf 83' lang='grc' dir='ltr'><strong>καὶ</strong></span> 
     </span>
    </p>
   </div>
   <div class='ocr_carea' id='block_1_22' title="bbox 101 1013 917 1053">
    <p class='ocr_par' dir='ltr' id='par_1_22' title="bbox 101 1013 917 1053">
     <span class='ocr_line' id='line_1_22' title="bbox 101 1013 917 1053; baseline 0.001 -11"><span class='ocrx_word' id='word_1_144' title='bbox 101 1015 178 1042; x_wconf 75' lang='grc' dir='ltr'>πάντα</span> <span class='ocrx_word' id='word_1_145' title='bbox 190 1015 235 1042; x_wconf 80' lang='grc' dir='ltr'><strong>τὸν</strong></span> <span class='ocrx_word' id='word_1_146' title='bbox 261 1014 382 1043; x_wconf 79' lang='grc' dir='ltr'>πλοῦτον</span> <span class='ocrx_word' id='word_1_147' title='bbox 407 1015 503 1042; x_wconf 74' lang='grc' dir='ltr'>ἑαυτοῦ</span> <span class='ocrx_word' id='word_1_148' title='bbox 530 1016 595 1053; x_wconf 79' lang='grc' dir='ltr'>ὑπὲρ</span> <span class='ocrx_word' id='word_1_149' title='bbox 616 1017 663 1042; x_wconf 78' lang='grc' dir='ltr'><strong>τοῦ</strong></span> <span class='ocrx_word' id='word_1_150' title='bbox 685 1013 785 1052; x_wconf 82' lang='grc' dir='ltr'>ἔρωτος</span> <span class='ocrx_word' id='word_1_151' title='bbox 802 1014 917 1053; x_wconf 77' lang='grc' dir='ltr'><strong>ἀφειδῶς</strong></span> 
     </span>
    </p>
   </div>
   <div class='ocr_carea' id='block_1_23' title="bbox 102 1058 916 1098">
    <p class='ocr_par' dir='ltr' id='par_1_23' title="bbox 102 1058 916 1098">
     <span class='ocr_line' id='line_1_23' title="bbox 102 1058 916 1098; baseline 0.001 -12"><span class='ocrx_word' id='word_1_152' title='bbox 102 1058 240 1095; x_wconf 78' lang='grc' dir='ltr'>ἀναλίσκει,</span> <span class='ocrx_word' id='word_1_153' title='bbox 272 1059 402 1087; x_wconf 77' lang='grc' dir='ltr'>ἀλλὰκαὶ</span> <span class='ocrx_word' id='word_1_154' title='bbox 427 1062 532 1098; x_wconf 80' lang='grc' dir='ltr'>τροφῆς</span> <span class='ocrx_word' id='word_1_155' title='bbox 556 1059 601 1086; x_wconf 83' lang='grc' dir='ltr'><strong>καὶ</strong></span> <span class='ocrx_word' id='word_1_156' title='bbox 625 1059 710 1087; x_wconf 78' lang='grc' dir='ltr'>ὕπνου</span> <span class='ocrx_word' id='word_1_157' title='bbox 733 1060 778 1087; x_wconf 87' lang='grc' dir='ltr'><strong>καὶ</strong></span> <span class='ocrx_word' id='word_1_158' title='bbox 803 1059 916 1095; x_wconf 77' lang='grc' dir='ltr'>ἐσθῆτος</span> 
     </span>
    </p>
   </div>
   <div class='ocr_carea' id='block_1_24' title="bbox 100 1102 916 1141">
    <p class='ocr_par' dir='ltr' id='par_1_24' title="bbox 100 1102 916 1141">
     <span class='ocr_line' id='line_1_24' title="bbox 100 1102 916 1141; baseline 0.001 -11"><span class='ocrx_word' id='word_1_159' title='bbox 100 1103 139 1130; x_wconf 82' lang='grc' dir='ltr'>καὶ</span> <span class='ocrx_word' id='word_1_160' title='bbox 159 1105 305 1141; x_wconf 73' lang='grc' dir='ltr'>σχήματος</span> <span class='ocrx_word' id='word_1_161' title='bbox 329 1104 375 1131; x_wconf 84' lang='grc' dir='ltr'><strong>καὶ</strong></span> <span class='ocrx_word' id='word_1_162' title='bbox 400 1103 564 1141; x_wconf 79' lang='grc' dir='ltr'>ὑπολήψεως</span> <span class='ocrx_word' id='word_1_163' title='bbox 592 1103 691 1139; x_wconf 81' lang='grc' dir='ltr'>πάσης,</span> <span class='ocrx_word' id='word_1_164' title='bbox 719 1102 757 1132; x_wconf 77' lang='grc' dir='ltr'>ἔτι</span> <span class='ocrx_word' id='word_1_165' title='bbox 783 1103 811 1131; x_wconf 78' lang='grc' dir='ltr'>δὲ</span> <span class='ocrx_word' id='word_1_166' title='bbox 834 1104 916 1132; x_wconf 83' lang='grc' dir='ltr'>αὐτοῦ</span> 
     </span>
    </p>
   </div>
   <div class='ocr_carea' id='block_1_25' title="bbox 99 1147 914 1186">
    <p class='ocr_par' dir='ltr' id='par_1_25' title="bbox 99 1147 914 1186">
     <span class='ocr_line' id='line_1_25' title="bbox 99 1147 914 1186; baseline 0.001 -11"><span class='ocrx_word' id='word_1_167' title='bbox 99 1150 141 1175; x_wconf 78' lang='grc' dir='ltr'>τοῦ</span> <span class='ocrx_word' id='word_1_168' title='bbox 166 1149 297 1185; x_wconf 84' lang='grc' dir='ltr'>σώματος</span> <span class='ocrx_word' id='word_1_169' title='bbox 324 1147 369 1175; x_wconf 78' lang='grc' dir='ltr'><strong>καὶ</strong></span> <span class='ocrx_word' id='word_1_170' title='bbox 391 1151 442 1183; x_wconf 83' lang='grc' dir='ltr'><strong>τῆς</strong></span> <span class='ocrx_word' id='word_1_171' title='bbox 471 1148 497 1175; x_wconf 72' lang='grc' dir='ltr'>ἂν</span> <span class='ocrx_word' id='word_1_172' title='bbox 526 1148 614 1185; x_wconf 83' lang='grc' dir='ltr'>τούτῳ</span> <span class='ocrx_word' id='word_1_173' title='bbox 639 1151 712 1183; x_wconf 84' lang='grc' dir='ltr'>ζωῆς</span> <span class='ocrx_word' id='word_1_174' title='bbox 739 1150 914 1186; x_wconf 70' lang='grc' dir='ltr'>καταφρονῶν</span> 
     </span>
    </p>
   </div>
   <div class='ocr_carea' id='block_1_26' title="bbox 100 1189 915 1230">
    <p class='ocr_par' dir='ltr' id='par_1_26' title="bbox 100 1189 915 1230">
     <span class='ocr_line' id='line_1_26' title="bbox 100 1189 915 1230; baseline 0.002 -11"><span class='ocrx_word' id='word_1_175' title='bbox 100 1189 175 1220; x_wconf 75' lang='grc' dir='ltr'>ἕνεκεν</span> <span class='ocrx_word' id='word_1_176' title='bbox 191 1193 238 1220; x_wconf 77' lang='grc' dir='ltr'><strong>τοῦ</strong></span> <span class='ocrx_word' id='word_1_177' title='bbox 261 1195 357 1230; x_wconf 78' lang='grc' dir='ltr'>τυχεῖν</span> <span class='ocrx_word' id='word_1_178' title='bbox 378 1195 426 1220; x_wconf 84' lang='grc' dir='ltr'>τοῦ</span> <span class='ocrx_word' id='word_1_179' title='bbox 450 1190 550 1230; x_wconf 74' lang='grc' dir='ltr'>ἔρωτος</span> <span class='ocrx_word' id='word_1_180' title='bbox 577 1192 672 1229; x_wconf 80' lang='grc' dir='ltr'>μόνου,</span> <span class='ocrx_word' id='word_1_181' title='bbox 695 1193 741 1220; x_wconf 83' lang='grc' dir='ltr'><strong>καὶ</strong></span> <span class='ocrx_word' id='word_1_182' title='bbox 766 1193 846 1230; x_wconf 81' lang='grc' dir='ltr'>τείχη</span> <span class='ocrx_word' id='word_1_183' title='bbox 871 1194 915 1221; x_wconf 86' lang='grc' dir='ltr'><strong>καὶ</strong></span> 
     </span>
    </p>
   </div>
   <div class='ocr_carea' id='block_1_27' title="bbox 99 1235 914 1275">
    <p class='ocr_par' dir='ltr' id='par_1_27' title="bbox 99 1235 914 1275">
     <span class='ocr_line' id='line_1_27' title="bbox 99 1235 914 1275; baseline 0.002 -12"><span class='ocrx_word' id='word_1_184' title='bbox 99 1235 231 1274; x_wconf 76' lang='grc' dir='ltr'>οἷ’κους</span> <span class='ocrx_word' id='word_1_185' title='bbox 247 1237 295 1264; x_wconf 81' lang='grc' dir='ltr'><strong>καὶ</strong></span> <span class='ocrx_word' id='word_1_186' title='bbox 310 1237 344 1264; x_wconf 80' lang='grc' dir='ltr'><strong>τὰ</strong></span> <span class='ocrx_word' id='word_1_187' title='bbox 366 1237 391 1264; x_wconf 84' lang='grc' dir='ltr'><strong>έν</strong></span> <span class='ocrx_word' id='word_1_188' title='bbox 417 1237 491 1273; x_wconf 88' lang='grc' dir='ltr'>μέσῳ</span> <span class='ocrx_word' id='word_1_189' title='bbox 514 1237 665 1275; x_wconf 78' lang='grc' dir='ltr'>τολμηρῶς</span> <span class='ocrx_word' id='word_1_190' title='bbox 689 1236 914 1275; x_wconf 81' lang='grc' dir='ltr'>ὑπεραλλόμενος</span> 
     </span>
    </p>
   </div>
   <div class='ocr_carea' id='block_1_28' title="bbox 98 1279 913 1320">
    <p class='ocr_par' dir='ltr' id='par_1_28' title="bbox 98 1279 913 1320">
     <span class='ocr_line' id='line_1_28' title="bbox 98 1279 913 1320; baseline 0.001 -12"><span class='ocrx_word' id='word_1_191' title='bbox 98 1279 200 1318; x_wconf 76' lang='grc' dir='ltr'>ἅπαντα,</span> <span class='ocrx_word' id='word_1_192' title='bbox 225 1282 298 1308; x_wconf 81' lang='grc' dir='ltr'>κατὰ</span> <span class='ocrx_word' id='word_1_193' title='bbox 327 1281 410 1320; x_wconf 84' lang='grc' dir='ltr'>ξιφῶν</span> <span class='ocrx_word' id='word_1_194' title='bbox 443 1282 606 1317; x_wconf 82' lang='grc' dir='ltr'>μαινόμενος</span> <span class='ocrx_word' id='word_1_195' title='bbox 635 1282 752 1320; x_wconf 82' lang='grc' dir='ltr'>φέρεται,</span> <span class='ocrx_word' id='word_1_196' title='bbox 783 1281 858 1309; x_wconf 65' lang='grc' dir='ltr'>οὐδέν</span> <span class='ocrx_word' id='word_1_197' title='bbox 888 1293 913 1309; x_wconf 81' lang='grc' dir='ltr'><strong>ἰι</strong></span> 
     </span>
    </p>
   </div>
   <div class='ocr_carea' id='block_1_29' title="bbox 101 1324 914 1364">
    <p class='ocr_par' dir='ltr' id='par_1_29' title="bbox 101 1324 914 1364">
     <span class='ocr_line' id='line_1_29' title="bbox 101 1324 914 1364; baseline 0.002 -12"><span class='ocrx_word' id='word_1_198' title='bbox 101 1324 207 1361; x_wconf 77' lang='grc' dir='ltr'>μᾶλλον,</span> <span class='ocrx_word' id='word_1_199' title='bbox 235 1325 258 1353; x_wconf 72' lang='grc' dir='ltr'>εἶ</span> <span class='ocrx_word' id='word_1_200' title='bbox 277 1326 474 1363; x_wconf 79' lang='grc' dir='ltr'>ἀποτυγχάνειν</span> <span class='ocrx_word' id='word_1_201' title='bbox 493 1325 592 1362; x_wconf 80' lang='grc' dir='ltr'>μέλλοι</span> <span class='ocrx_word' id='word_1_202' title='bbox 614 1326 682 1354; x_wconf 81' lang='grc' dir='ltr'>κατὰ</span> <span class='ocrx_word' id='word_1_203' title='bbox 695 1327 726 1354; x_wconf 87' lang='grc' dir='ltr'>τὸ</span> <span class='ocrx_word' id='word_1_204' title='bbox 741 1326 849 1360; x_wconf 71' lang='grc' dir='ltr'>σύνηθες</span> <span class='ocrx_word' id='word_1_205' title='bbox 866 1327 914 1364; x_wconf 88' lang='grc' dir='ltr'><strong>βα-</strong></span> 
     </span>
    </p>
   </div>
   <div class='ocr_carea' id='block_1_30' title="bbox 100 1366 913 1409">
    <p class='ocr_par' dir='ltr' id='par_1_30' title="bbox 100 1366 913 1409">
     <span class='ocr_line' id='line_1_30' title="bbox 100 1366 913 1409; baseline 0.004 -14"><span class='ocrx_word' id='word_1_206' title='bbox 100 1366 170 1403; x_wconf 75' lang='grc' dir='ltr'>δίζων</span> <span class='ocrx_word' id='word_1_207' title='bbox 185 1370 240 1405; x_wconf 86' lang='grc'>(10)</span> <span class='ocrx_word' id='word_1_208' title='bbox 256 1368 302 1396; x_wconf 82' lang='grc' dir='ltr'>ἐπὶ</span> <span class='ocrx_word' id='word_1_209' title='bbox 317 1369 362 1397; x_wconf 78' lang='grc' dir='ltr'><strong>τὸν</strong></span> <span class='ocrx_word' id='word_1_210' title='bbox 380 1368 478 1407; x_wconf 76' lang='grc' dir='ltr'>ἔρωτα,</span> <span class='ocrx_word' id='word_1_211' title='bbox 496 1370 594 1397; x_wconf 86' lang='grc' dir='ltr'>τούτου</span> <span class='ocrx_word' id='word_1_212' title='bbox 610 1370 768 1409; x_wconf 81' lang='grc' dir='ltr'>φροντίζων,</span> <span class='ocrx_word' id='word_1_213' title='bbox 785 1370 802 1405; x_wconf 76' lang='grc' dir='ltr'><strong>ἢ</strong></span> <span class='ocrx_word' id='word_1_214' title='bbox 819 1371 842 1398; x_wconf 76' lang='grc' dir='ltr'><strong>εί</strong></span> <span class='ocrx_word' id='word_1_215' title='bbox 858 1370 913 1398; x_wconf 83' lang='grc' dir='ltr'>δέοι</span> 
     </span>
    </p>
   </div>
   <div class='ocr_carea' id='block_1_31' title="bbox 102 1414 914 1453">
    <p class='ocr_par' dir='ltr' id='par_1_31' title="bbox 102 1414 914 1453">
     <span class='ocr_line' id='line_1_31' title="bbox 102 1414 914 1453; baseline 0.004 -13"><span class='ocrx_word' id='word_1_216' title='bbox 102 1414 404 1451; x_wconf 79' lang='grc' dir='ltr'>μετασχηματισάμενον</span> <span class='ocrx_word' id='word_1_217' title='bbox 434 1414 478 1442; x_wconf 78' lang='grc' dir='ltr'>καὶ</span> <span class='ocrx_word' id='word_1_218' title='bbox 509 1415 576 1450; x_wconf 76' lang='grc' dir='ltr'>μετὰ</span> <span class='ocrx_word' id='word_1_219' title='bbox 605 1415 741 1452; x_wconf 80' lang='grc' dir='ltr'>ἀπρεποῦς</span> <span class='ocrx_word' id='word_1_220' title='bbox 771 1417 914 1453; x_wconf 85' lang='grc' dir='ltr'>σχήματος</span> 
     </span>
    </p>
   </div>
   <div class='ocr_carea' id='block_1_32' title="bbox 100 1454 913 1497">
    <p class='ocr_par' dir='ltr' id='par_1_32' title="bbox 100 1454 913 1497">
     <span class='ocr_line' id='line_1_32' title="bbox 100 1454 913 1497; baseline 0.004 -13"><span class='ocrx_word' id='word_1_221' title='bbox 100 1454 205 1494; x_wconf 80' lang='grc' dir='ltr'>ἕρποντα</span> <span class='ocrx_word' id='word_1_222' title='bbox 218 1460 316 1496; x_wconf 82' lang='grc' dir='ltr'>τυχεῖν</span> <span class='ocrx_word' id='word_1_223' title='bbox 331 1457 430 1486; x_wconf 77' lang='grc' dir='ltr'>τούτου</span> <span class='ocrx_word' id='word_1_224' title='bbox 456 1459 514 1495; x_wconf 78' lang='grc' dir='ltr'>μεθ’</span> <span class='ocrx_word' id='word_1_225' title='bbox 538 1458 640 1494; x_wconf 77' lang='grc' dir='ltr'>ἡδονῆς</span> <span class='ocrx_word' id='word_1_226' title='bbox 663 1459 838 1497; x_wconf 82' lang='grc' dir='ltr'>ἀνεχόμενος·</span> <span class='ocrx_word' id='word_1_227' title='bbox 869 1460 913 1487; x_wconf 81' lang='grc' dir='ltr'>οὕ-</span> 
     </span>
    </p>
   </div>
   <div class='ocr_carea' id='block_1_33' title="bbox 98 1500 913 1542">
    <p class='ocr_par' dir='ltr' id='par_1_33' title="bbox 98 1500 913 1542">
     <span class='ocr_line' id='line_1_33' title="bbox 98 1500 913 1542; baseline 0.005 -15"><span class='ocrx_word' id='word_1_228' title='bbox 98 1503 143 1532; x_wconf 79' lang='grc' dir='ltr'>τῶς</span> <span class='ocrx_word' id='word_1_229' title='bbox 159 1502 172 1528; x_wconf 82' lang='grc' dir='ltr'><strong>ὁ</strong></span> <span class='ocrx_word' id='word_1_230' title='bbox 187 1501 255 1539; x_wconf 76' lang='grc' dir='ltr'>ἐρῶν</span> <span class='ocrx_word' id='word_1_231' title='bbox 275 1500 361 1533; x_wconf 79' lang='grc' dir='ltr'>ὅντως</span> <span class='ocrx_word' id='word_1_232' title='bbox 382 1505 459 1536; x_wconf 83' lang='grc' dir='ltr'><strong>Θεοῦ,</strong></span> <span class='ocrx_word' id='word_1_233' title='bbox 475 1503 518 1530; x_wconf 84' lang='grc' dir='ltr'><strong>καὶ</strong></span> <span class='ocrx_word' id='word_1_234' title='bbox 544 1506 681 1541; x_wconf 83' lang='grc' dir='ltr'>μεριμνῶν</span> <span class='ocrx_word' id='word_1_235' title='bbox 704 1506 763 1536; x_wconf 88' lang='grc' dir='ltr'><strong>πῶς</strong></span> <span class='ocrx_word' id='word_1_236' title='bbox 782 1507 822 1540; x_wconf 82' lang='grc' dir='ltr'>τῷ</span> <span class='ocrx_word' id='word_1_237' title='bbox 846 1504 913 1542; x_wconf 70' lang='grc' dir='ltr'>ἐρω-</span> 
     </span>
    </p>
   </div>
   <div class='ocr_carea' id='block_1_34' title="bbox 101 1545 915 1584">
    <p class='ocr_par' dir='ltr' id='par_1_34' title="bbox 101 1545 915 1584">
     <span class='ocr_line' id='line_1_34' title="bbox 101 1545 915 1584; baseline 0.004 -11"><span class='ocrx_word' id='word_1_238' title='bbox 101 1545 164 1582; x_wconf 77' lang='grc' dir='ltr'>μένῳ</span> <span class='ocrx_word' id='word_1_239' title='bbox 179 1546 276 1584; x_wconf 76' lang='grc' dir='ltr'>ἀρέσῃ,</span> <span class='ocrx_word' id='word_1_240' title='bbox 293 1547 326 1574; x_wconf 81' lang='grc' dir='ltr'>οὐ</span> <span class='ocrx_word' id='word_1_241' title='bbox 341 1547 493 1584; x_wconf 82' lang='grc' dir='ltr'>χρημάτων</span> <span class='ocrx_word' id='word_1_242' title='bbox 514 1548 595 1584; x_wconf 83' lang='grc' dir='ltr'>μόνον</span> <span class='ocrx_word' id='word_1_243' title='bbox 612 1549 655 1575; x_wconf 76' lang='grc' dir='ltr'><strong>καὶ</strong></span> <span class='ocrx_word' id='word_1_244' title='bbox 681 1548 813 1584; x_wconf 72' lang='grc' dir='ltr'>πλούτου,</span> <span class='ocrx_word' id='word_1_245' title='bbox 839 1547 915 1576; x_wconf 69' lang='grc' dir='ltr'>ἕνεκα</span> 
     </span>
    </p>
   </div>
   <div class='ocr_carea' id='block_1_35' title="bbox 97 1590 913 1630">
    <p class='ocr_par' dir='ltr' id='par_1_35' title="bbox 97 1590 913 1630">
     <span class='ocr_line' id='line_1_35' title="bbox 97 1590 913 1630; baseline 0.004 -13"><span class='ocrx_word' id='word_1_246' title='bbox 97 1592 139 1617; x_wconf 81' lang='grc' dir='ltr'><strong>τοῦ</strong></span> <span class='ocrx_word' id='word_1_247' title='bbox 160 1590 376 1630; x_wconf 75' lang='grc' dir='ltr'>πληροφορῆσαι</span> <span class='ocrx_word' id='word_1_248' title='bbox 400 1592 446 1619; x_wconf 85' lang='grc' dir='ltr'>τὸν</span> <span class='ocrx_word' id='word_1_249' title='bbox 470 1591 608 1628; x_wconf 63' lang='grc' dir='ltr'>ἐρώμενον</span> <span class='ocrx_word' id='word_1_250' title='bbox 632 1591 676 1620; x_wconf 83' lang='grc' dir='ltr'><strong>διὰ</strong></span> <span class='ocrx_word' id='word_1_251' title='bbox 699 1595 747 1620; x_wconf 80' lang='grc' dir='ltr'><strong>τοῦ</strong></span> <span class='ocrx_word' id='word_1_252' title='bbox 765 1593 913 1621; x_wconf 77' lang='grc' dir='ltr'>ὑπακοῦσαι</span> 
     </span>
    </p>
   </div>
   <div class='ocr_carea' id='block_1_36' title="bbox 100 1627 951 1675">
    <p class='ocr_par' dir='ltr' id='par_1_36' title="bbox 100 1627 951 1675">
     <span class='ocr_line' id='line_1_36' title="bbox 100 1627 951 1675; baseline 0.005 -14"><span class='ocrx_word' id='word_1_253' title='bbox 100 1634 171 1662; x_wconf 77' lang='grc' dir='ltr'>αὐτοῦ</span> <span class='ocrx_word' id='word_1_254' title='bbox 193 1634 254 1666; x_wconf 77' lang='grc' dir='ltr'>τοῖς</span> <span class='ocrx_word' id='word_1_255' title='bbox 288 1637 342 1662; x_wconf 83' lang='grc' dir='ltr'><strong>τῶν</strong></span> <span class='ocrx_word' id='word_1_256' title='bbox 376 1635 493 1663; x_wconf 80' lang='grc' dir='ltr'>ἐντολῶν</span> <span class='ocrx_word' id='word_1_257' title='bbox 525 1636 707 1674; x_wconf 84' lang='grc' dir='ltr'>ἐπιτάγμασι,</span> <span class='ocrx_word' id='word_1_258' title='bbox 737 1627 951 1675; x_wconf 62' lang='grc' dir='ltr'>καταφρονιῖνα</span> 
     </span>
    </p>
   </div>
   <div class='ocr_carea' id='block_1_37' title="bbox 100 1677 915 1720">
    <p class='ocr_par' dir='ltr' id='par_1_37' title="bbox 100 1677 915 1720">
     <span class='ocr_line' id='line_1_37' title="bbox 100 1677 915 1720; baseline 0.005 -15"><span class='ocrx_word' id='word_1_259' title='bbox 100 1677 201 1717; x_wconf 75' lang='grc' dir='ltr'>ὀφείλει·</span> <span class='ocrx_word' id='word_1_260' title='bbox 225 1678 302 1707; x_wconf 79' lang='grc' dir='ltr'>ἀλλὰ</span> <span class='ocrx_word' id='word_1_261' title='bbox 328 1681 373 1707; x_wconf 81' lang='grc' dir='ltr'><strong>καὶ</strong></span> <span class='ocrx_word' id='word_1_262' title='bbox 397 1680 542 1717; x_wconf 82' lang='grc' dir='ltr'>ἀναγκαίας</span> <span class='ocrx_word' id='word_1_263' title='bbox 566 1685 670 1720; x_wconf 73' lang='grc' dir='ltr'>τροφῆς</span> <span class='ocrx_word' id='word_1_264' title='bbox 695 1682 739 1709; x_wconf 76' lang='grc' dir='ltr'><strong>καὶ</strong></span> <span class='ocrx_word' id='word_1_265' title='bbox 761 1682 845 1709; x_wconf 77' lang='grc' dir='ltr'>ὕπνου</span> <span class='ocrx_word' id='word_1_266' title='bbox 870 1682 915 1709; x_wconf 88' lang='grc' dir='ltr'><strong>καὶ</strong></span> 
     </span>
    </p>
   </div>
   <div class='ocr_carea' id='block_1_38' title="bbox 99 1721 916 1763">
    <p class='ocr_par' dir='ltr' id='par_1_38' title="bbox 99 1721 916 1763">
     <span class='ocr_line' id='line_1_38' title="bbox 99 1721 916 1763; baseline 0.005 -13"><span class='ocrx_word' id='word_1_267' title='bbox 99 1726 139 1750; x_wconf 78' lang='grc' dir='ltr'><strong>τοῦ</strong></span> <span class='ocrx_word' id='word_1_268' title='bbox 151 1721 244 1759; x_wconf 78' lang='grc' dir='ltr'>ἔξωθεν</span> <span class='ocrx_word' id='word_1_269' title='bbox 274 1725 430 1762; x_wconf 82' lang='grc' dir='ltr'>σχήματος,</span> <span class='ocrx_word' id='word_1_270' title='bbox 455 1725 499 1752; x_wconf 87' lang='grc' dir='ltr'><strong>καὶ</strong></span> <span class='ocrx_word' id='word_1_271' title='bbox 523 1729 573 1760; x_wconf 85' lang='grc' dir='ltr'><strong>τῆς</strong></span> <span class='ocrx_word' id='word_1_272' title='bbox 599 1725 624 1753; x_wconf 78' lang='grc' dir='ltr'>ὲν</span> <span class='ocrx_word' id='word_1_273' title='bbox 647 1728 686 1762; x_wconf 84' lang='grc' dir='ltr'>τῷ</span> <span class='ocrx_word' id='word_1_274' title='bbox 707 1726 804 1763; x_wconf 87' lang='grc' dir='ltr'>κόσμῳ</span> <span class='ocrx_word' id='word_1_275' title='bbox 826 1727 916 1763; x_wconf 74' lang='grc' dir='ltr'>τούτῷ</span> 
     </span>
    </p>
   </div>
   <div class='ocr_carea' id='block_1_39' title="bbox 100 1765 916 1807">
    <p class='ocr_par' dir='ltr' id='par_1_39' title="bbox 100 1765 916 1807">
     <span class='ocr_line' id='line_1_39' title="bbox 100 1765 916 1807; baseline 0.005 -12"><span class='ocrx_word' id='word_1_276' title='bbox 100 1765 292 1806; x_wconf 78' lang='grc' dir='ltr'>διεφθαρμένης</span> <span class='ocrx_word' id='word_1_277' title='bbox 315 1768 428 1804; x_wconf 84' lang='grc' dir='ltr'>ἀληθῶς</span> <span class='ocrx_word' id='word_1_278' title='bbox 454 1769 631 1807; x_wconf 79' lang='grc' dir='ltr'>ὑπολήψεως,</span> <span class='ocrx_word' id='word_1_279' title='bbox 656 1770 740 1798; x_wconf 75' lang='grc' dir='ltr'>ἔτιδὲ</span> <span class='ocrx_word' id='word_1_280' title='bbox 764 1771 846 1799; x_wconf 81' lang='grc' dir='ltr'>αὐτοῦ</span> <span class='ocrx_word' id='word_1_281' title='bbox 867 1773 916 1799; x_wconf 79' lang='grc' dir='ltr'><strong>τοῦ</strong></span> 
     </span>
    </p>
   </div>
   <div class='ocr_carea' id='block_1_40' title="bbox 101 1812 916 1851">
    <p class='ocr_par' dir='ltr' id='par_1_40' title="bbox 101 1812 916 1851">
     <span class='ocr_line' id='line_1_40' title="bbox 101 1812 916 1851; baseline 0.006 -12"><span class='ocrx_word' id='word_1_282' title='bbox 101 1812 215 1849; x_wconf 81' lang='grc' dir='ltr'>σώματος</span> <span class='ocrx_word' id='word_1_283' title='bbox 229 1813 340 1848; x_wconf 86' lang='grc' dir='ltr'>καὶτῆς</span> <span class='ocrx_word' id='word_1_284' title='bbox 356 1813 381 1841; x_wconf 82' lang='grc' dir='ltr'>ἐν</span> <span class='ocrx_word' id='word_1_285' title='bbox 397 1813 486 1851; x_wconf 83' lang='grc' dir='ltr'>τούτῳ</span> <span class='ocrx_word' id='word_1_286' title='bbox 507 1817 579 1850; x_wconf 82' lang='grc' dir='ltr'>ζωῆς</span> <span class='ocrx_word' id='word_1_287' title='bbox 605 1814 745 1851; x_wconf 79' lang='grc' dir='ltr'>ἀμελήσας</span> <span class='ocrx_word' id='word_1_288' title='bbox 768 1815 845 1844; x_wconf 68' lang='grc' dir='ltr'>ἕνεκα</span> <span class='ocrx_word' id='word_1_289' title='bbox 868 1818 916 1844; x_wconf 76' lang='grc' dir='ltr'>τοῦ</span> 
     </span>
    </p>
   </div>
   <div class='ocr_carea' id='block_1_41' title="bbox 101 1854 914 1898">
    <p class='ocr_par' dir='ltr' id='par_1_41' title="bbox 101 1854 914 1898">
     <span class='ocr_line' id='line_1_41' title="bbox 101 1854 914 1898; baseline 0.006 -15"><span class='ocrx_word' id='word_1_290' title='bbox 101 1854 228 1895; x_wconf 76' lang='grc' dir='ltr'>ἰπιτυχεῑν</span> <span class='ocrx_word' id='word_1_291' title='bbox 245 1860 297 1885; x_wconf 77' lang='grc' dir='ltr'><strong>τοῦ</strong></span> <span class='ocrx_word' id='word_1_292' title='bbox 321 1857 421 1895; x_wconf 82' lang='grc' dir='ltr'>ἔρωτος</span> <span class='ocrx_word' id='word_1_293' title='bbox 444 1861 492 1886; x_wconf 86' lang='grc' dir='ltr'><strong>τοῦ</strong></span> <span class='ocrx_word' id='word_1_294' title='bbox 513 1859 682 1897; x_wconf 73' lang='grc' dir='ltr'>ἐπουρανίου,</span> <span class='ocrx_word' id='word_1_295' title='bbox 706 1861 751 1888; x_wconf 81' lang='grc' dir='ltr'><strong>καὶ</strong></span> <span class='ocrx_word' id='word_1_296' title='bbox 766 1860 844 1898; x_wconf 82' lang='grc' dir='ltr'>τείχη</span> <span class='ocrx_word' id='word_1_297' title='bbox 862 1863 914 1888; x_wconf 92' lang='grc' dir='ltr'><strong>τῶν</strong></span> 
     </span>
    </p>
   </div>
   <div class='ocr_carea' id='block_1_42' title="bbox 102 1900 915 1940">
    <p class='ocr_par' dir='ltr' id='par_1_42' title="bbox 102 1900 915 1940">
     <span class='ocr_line' id='line_1_42' title="bbox 102 1900 915 1940; baseline 0.005 -13"><span class='ocrx_word' id='word_1_298' title='bbox 102 1901 160 1935; x_wconf 72' lang='grc' dir='ltr'>πρὸς</span> <span class='ocrx_word' id='word_1_299' title='bbox 183 1902 251 1938; x_wconf 77' lang='grc' dir='ltr'>αἷμα</span> <span class='ocrx_word' id='word_1_300' title='bbox 280 1904 376 1939; x_wconf 83' lang='grc' dir='ltr'>γενῶν,</span> <span class='ocrx_word' id='word_1_301' title='bbox 403 1902 448 1929; x_wconf 79' lang='grc' dir='ltr'>καὶ</span> <span class='ocrx_word' id='word_1_302' title='bbox 474 1900 565 1934; x_wconf 73' lang='grc' dir='ltr'>οἷ’κους</span> <span class='ocrx_word' id='word_1_303' title='bbox 597 1904 720 1940; x_wconf 70' lang='grc' dir='ltr'>πατέρων</span> <span class='ocrx_word' id='word_1_304' title='bbox 748 1905 791 1931; x_wconf 81' lang='grc' dir='ltr'><strong>καὶ</strong></span> <span class='ocrx_word' id='word_1_305' title='bbox 821 1905 866 1931; x_wconf 81' lang='grc' dir='ltr'><strong>τὸν</strong></span> <span class='ocrx_word' id='word_1_306' title='bbox 890 1904 915 1931; x_wconf 85' lang='grc' dir='ltr'>ἐν</span> 
     </span>
    </p>
   </div>
   <div class='ocr_carea' id='block_1_43' title="bbox 103 1944 916 1987">
    <p class='ocr_par' dir='ltr' id='par_1_43' title="bbox 103 1944 916 1987">
     <span class='ocr_line' id='line_1_43' title="bbox 103 1944 916 1987; baseline 0.005 -16"><span class='ocrx_word' id='word_1_307' title='bbox 103 1944 168 1981; x_wconf 75' lang='grc' dir='ltr'>μέσῳ</span> <span class='ocrx_word' id='word_1_308' title='bbox 189 1947 296 1983; x_wconf 83' lang='grc' dir='ltr'>κόσμον</span> <span class='ocrx_word' id='word_1_309' title='bbox 314 1945 523 1984; x_wconf 75' lang='grc' dir='ltr'>ὑπεράλλεσθαι,</span> <span class='ocrx_word' id='word_1_310' title='bbox 538 1946 582 1974; x_wconf 76' lang='grc' dir='ltr'>καί</span> <span class='ocrx_word' id='word_1_311' title='bbox 596 1949 664 1975; x_wconf 76' lang='grc' dir='ltr'>κατὰ</span> <span class='ocrx_word' id='word_1_312' title='bbox 684 1948 767 1987; x_wconf 78' lang='grc' dir='ltr'>ξιφῶν</span> <span class='ocrx_word' id='word_1_313' title='bbox 783 1950 830 1975; x_wconf 77' lang='grc' dir='ltr'><strong>τοῦ</strong></span> <span class='ocrx_word' id='word_1_314' title='bbox 848 1958 916 1984; x_wconf 80' lang='grc' dir='ltr'>μαρ-</span> 
     </span>
    </p>
   </div>
   <div class='ocr_carea' id='block_1_44' title="bbox 100 1990 915 2028">
    <p class='ocr_par' dir='ltr' id='par_1_44' title="bbox 100 1990 915 2028">
     <span class='ocr_line' id='line_1_44' title="bbox 100 1990 915 2028; baseline 0.004 -11"><span class='ocrx_word' id='word_1_315' title='bbox 100 1990 195 2027; x_wconf 77' lang='grc' dir='ltr'>τυρίου,</span> <span class='ocrx_word' id='word_1_316' title='bbox 212 1991 242 2018; x_wconf 77' lang='grc' dir='ltr'><strong>ἃν</strong></span> <span class='ocrx_word' id='word_1_317' title='bbox 260 1991 412 2027; x_wconf 77' lang='grc' dir='ltr'>ἀπαντήσῃ,</span> <span class='ocrx_word' id='word_1_318' title='bbox 441 1990 574 2026; x_wconf 75' lang='grc' dir='ltr'>πηδῆσαι,</span> <span class='ocrx_word' id='word_1_319' title='bbox 598 1991 623 2018; x_wconf 73' lang='grc' dir='ltr'><strong>εἴ</strong></span> <span class='ocrx_word' id='word_1_320' title='bbox 637 1992 694 2028; x_wconf 85' lang='grc' dir='ltr'><strong>(Η)</strong></span> <span class='ocrx_word' id='word_1_321' title='bbox 720 1993 758 2028; x_wconf 85' lang='grc' dir='ltr'>μή</span> <span class='ocrx_word' id='word_1_322' title='bbox 777 1992 915 2028; x_wconf 68' lang='grc' dir='ltr'>μέλλοιέν</span> 
     </span>
    </p>
   </div>
   <div class='ocr_carea' id='block_1_45' title="bbox 101 2035 917 2074">
    <p class='ocr_par' dir='ltr' id='par_1_45' title="bbox 101 2035 917 2074">
     <span class='ocr_line' id='line_1_45' title="bbox 101 2035 917 2074; baseline 0.004 -13"><span class='ocrx_word' id='word_1_323' title='bbox 101 2035 134 2069; x_wconf 81' lang='grc' dir='ltr'>τῷ</span> <span class='ocrx_word' id='word_1_324' title='bbox 149 2036 255 2070; x_wconf 77' lang='grc' dir='ltr'>συνήθει</span> <span class='ocrx_word' id='word_1_325' title='bbox 284 2036 407 2073; x_wconf 83' lang='grc' dir='ltr'>σχήματι</span> <span class='ocrx_word' id='word_1_326' title='bbox 434 2037 487 2070; x_wconf 81' lang='grc' dir='ltr'><strong>ζῶν</strong></span> <span class='ocrx_word' id='word_1_327' title='bbox 512 2036 654 2074; x_wconf 76' lang='grc' dir='ltr'>τυγχάνειν</span> <span class='ocrx_word' id='word_1_328' title='bbox 674 2035 722 2063; x_wconf 77' lang='grc' dir='ltr'>τοῦ</span> <span class='ocrx_word' id='word_1_329' title='bbox 737 2036 849 2074; x_wconf 76' lang='grc' dir='ltr'>ἔρωτος,</span> <span class='ocrx_word' id='word_1_330' title='bbox 872 2037 917 2064; x_wconf 83' lang='grc' dir='ltr'>καὶ</span> 
     </span>
    </p>
   </div>
   <div class='ocr_carea' id='block_1_46' title="bbox 101 2079 918 2117">
    <p class='ocr_par' dir='ltr' id='par_1_46' title="bbox 101 2079 918 2117">
     <span class='ocr_line' id='line_1_46' title="bbox 101 2079 918 2117; baseline 0.005 -13"><span class='ocrx_word' id='word_1_331' title='bbox 101 2080 142 2104; x_wconf 73' lang='grc' dir='ltr'><strong>τοῦ</strong></span> <span class='ocrx_word' id='word_1_332' title='bbox 154 2081 288 2117; x_wconf 64' lang='grc' dir='ltr'>πενιχροῦ</span> <span class='ocrx_word' id='word_1_333' title='bbox 304 2081 447 2117; x_wconf 84' lang='grc' dir='ltr'>σχήματος</span> <span class='ocrx_word' id='word_1_334' title='bbox 462 2080 506 2107; x_wconf 86' lang='grc' dir='ltr'><strong>καὶ</strong></span> <span class='ocrx_word' id='word_1_335' title='bbox 522 2083 580 2111; x_wconf 90' lang='grc' dir='ltr'>τοῖς</span> <span class='ocrx_word' id='word_1_336' title='bbox 595 2079 713 2111; x_wconf 85' lang='grc' dir='ltr'>πολλοῖς</span> <span class='ocrx_word' id='word_1_337' title='bbox 734 2080 918 2109; x_wconf 68' lang='grc' dir='ltr'>ἐπονειδίστου</span> 
     </span>
    </p>
   </div>
   <div class='ocr_carea' id='block_1_47' title="bbox 47 2122 918 2162">
    <p class='ocr_par' dir='ltr' id='par_1_47' title="bbox 47 2122 918 2162">
     <span class='ocr_line' id='line_1_47' title="bbox 47 2122 918 2162; baseline 0.005 -13"><span class='ocrx_word' id='word_1_338' title='bbox 47 2152 51 2156; x_wconf 48' lang='grc'><strong>,</strong></span> <span class='ocrx_word' id='word_1_339' title='bbox 106 2122 158 2159; x_wconf 85' lang='grc' dir='ltr'>βίου</span> <span class='ocrx_word' id='word_1_340' title='bbox 175 2125 233 2160; x_wconf 83' lang='grc' dir='ltr'>μεθ’</span> <span class='ocrx_word' id='word_1_341' title='bbox 246 2122 351 2158; x_wconf 76' lang='grc' dir='ltr'>ἡδονῆς</span> <span class='ocrx_word' id='word_1_342' title='bbox 377 2124 531 2162; x_wconf 74' lang='grc' dir='ltr'>ἀνέχεσθαι,</span> <span class='ocrx_word' id='word_1_343' title='bbox 553 2123 600 2152; x_wconf 71' lang='grc' dir='ltr'>’ίνα</span> <span class='ocrx_word' id='word_1_344' title='bbox 613 2125 663 2158; x_wconf 72' lang='grc' dir='ltr'>τὴν</span> <span class='ocrx_word' id='word_1_345' title='bbox 680 2125 763 2161; x_wconf 82' lang='grc' dir='ltr'>θείαν,</span> <span class='ocrx_word' id='word_1_346' title='bbox 780 2125 817 2156; x_wconf 86' lang='grc' dir='ltr'>ὠς</span> <span class='ocrx_word' id='word_1_347' title='bbox 831 2124 861 2153; x_wconf 72' lang='grc' dir='ltr'>ἄν</span> <span class='ocrx_word' id='word_1_348' title='bbox 878 2136 918 2156; x_wconf 87' lang='grc' dir='ltr'><strong>τις</strong></span> 
     </span>
    </p>
   </div>
   <div class='ocr_carea' id='block_1_48' title="bbox 102 2164 918 2206">
    <p class='ocr_par' dir='ltr' id='par_1_48' title="bbox 102 2164 918 2206">
     <span class='ocr_line' id='line_1_48' title="bbox 102 2164 918 2206; baseline 0.005 -13"><span class='ocrx_word' id='word_1_349' title='bbox 102 2164 175 2203; x_wconf 73' lang='grc' dir='ltr'>εἴποι,</span> <span class='ocrx_word' id='word_1_350' title='bbox 199 2168 298 2204; x_wconf 80' lang='grc' dir='ltr'>μανίαν</span> <span class='ocrx_word' id='word_1_351' title='bbox 324 2168 390 2206; x_wconf 80' lang='grc' dir='ltr'>ὑπὶρ</span> <span class='ocrx_word' id='word_1_352' title='bbox 413 2172 463 2203; x_wconf 83' lang='grc' dir='ltr'><strong>τῆς</strong></span> <span class='ocrx_word' id='word_1_353' title='bbox 485 2171 533 2196; x_wconf 77' lang='grc' dir='ltr'>τοῦ</span> <span class='ocrx_word' id='word_1_354' title='bbox 552 2169 638 2197; x_wconf 80' lang='grc' dir='ltr'>καλοῦ</span> <span class='ocrx_word' id='word_1_355' title='bbox 651 2168 827 2201; x_wconf 75' lang='grc' dir='ltr'>ἀπολαύσεως</span> <span class='ocrx_word' id='word_1_356' title='bbox 845 2170 918 2197; x_wconf 75' lang='grc' dir='ltr'>ἐνθέ-</span> 
     </span>
    </p>
   </div>
   <div class='ocr_carea' id='block_1_49' title="bbox 103 2210 919 2252">
    <p class='ocr_par' dir='ltr' id='par_1_49' title="bbox 103 2210 919 2252">
     <span class='ocr_line' id='line_1_49' title="bbox 103 2210 919 2252; baseline 0.004 -14"><span class='ocrx_word' id='word_1_357' title='bbox 103 2219 169 2246; x_wconf 75' lang='grc' dir='ltr'>υμως</span> <span class='ocrx_word' id='word_1_358' title='bbox 199 2213 308 2248; x_wconf 81' lang='grc' dir='ltr'>μανεὶς,</span> <span class='ocrx_word' id='word_1_359' title='bbox 332 2215 381 2240; x_wconf 77' lang='grc' dir='ltr'><strong>τοῦ</strong></span> <span class='ocrx_word' id='word_1_360' title='bbox 405 2210 492 2244; x_wconf 76' lang='grc' dir='ltr'>ὅντως</span> <span class='ocrx_word' id='word_1_361' title='bbox 515 2212 666 2250; x_wconf 78' lang='grc' dir='ltr'>ἐρασμίου,</span> <span class='ocrx_word' id='word_1_362' title='bbox 691 2213 753 2241; x_wconf 73' lang='grc' dir='ltr'>ὅσον</span> <span class='ocrx_word' id='word_1_363' title='bbox 781 2214 919 2252; x_wconf 73' lang='grc' dir='ltr'>βούλεται,</span> 
     </span>
    </p>
   </div>
   <div class='ocr_carea' id='block_1_50' title="bbox 103 2254 918 2296">
    <p class='ocr_par' dir='ltr' id='par_1_50' title="bbox 103 2254 918 2296">
     <span class='ocr_line' id='line_1_50' title="bbox 103 2254 918 2296; baseline 0.007 -16"><span class='ocrx_word' id='word_1_364' title='bbox 103 2254 246 2294; x_wconf 78' lang='grc' dir='ltr'>ἀπολαύσῃ.</span> <span class='ocrx_word' id='word_1_365' title='bbox 275 2257 378 2285; x_wconf 78' lang='grc' dir='ltr'>Τοῦτον</span> <span class='ocrx_word' id='word_1_366' title='bbox 400 2257 446 2284; x_wconf 84' lang='grc' dir='ltr'>τὸν</span> <span class='ocrx_word' id='word_1_367' title='bbox 473 2257 587 2295; x_wconf 76' lang='grc' dir='ltr'>ἐραστὴν</span> <span class='ocrx_word' id='word_1_368' title='bbox 607 2258 675 2296; x_wconf 86' lang='grc' dir='ltr'>πρὸς</span> <span class='ocrx_word' id='word_1_369' title='bbox 698 2257 789 2286; x_wconf 81' lang='grc' dir='ltr'>ἐαυτὸν</span> <span class='ocrx_word' id='word_1_370' title='bbox 813 2258 843 2286; x_wconf 69' lang='grc' dir='ltr'>ἐκ</span> <span class='ocrx_word' id='word_1_371' title='bbox 865 2261 918 2286; x_wconf 87' lang='grc' dir='ltr'><strong>τῶν</strong></span> 
     </span>
    </p>
   </div>
   <div class='ocr_carea' id='block_1_51' title="bbox 976 304 1807 340">
    <p class='ocr_par' dir='ltr' id='par_1_51' title="bbox 976 304 1807 340">
     <span class='ocr_line' id='line_1_51' title="bbox 976 304 1807 340; baseline 0 -8"><span class='ocrx_word' id='word_1_372' title='bbox 976 305 1193 338; x_wconf 76' lang='lat' dir='ltr'><strong>necessitatem,</strong></span> <span class='ocrx_word' id='word_1_373' title='bbox 1219 305 1298 333; x_wconf 86' lang='lat' dir='ltr'><strong>velut</strong></span> <span class='ocrx_word' id='word_1_374' title='bbox 1323 304 1488 340; x_wconf 86' lang='lat' dir='ltr'><strong>voluptaria</strong></span> <span class='ocrx_word' id='word_1_375' title='bbox 1513 304 1634 337; x_wconf 82' lang='lat' dir='ltr'><strong>mulier,</strong></span> <span class='ocrx_word' id='word_1_376' title='bbox 1657 304 1807 340; x_wconf 79' lang='lat' dir='ltr'><strong>superﬂua</strong></span> 
     </span>
    </p>
   </div>
   <div class='ocr_carea' id='block_1_52' title="bbox 975 349 1803 385">
    <p class='ocr_par' dir='ltr' id='par_1_52' title="bbox 975 349 1803 385">
     <span class='ocr_line' id='line_1_52' title="bbox 975 349 1803 385; baseline -0.001 -8"><span class='ocrx_word' id='word_1_377' title='bbox 975 358 1144 385; x_wconf 73' lang='lat' dir='ltr'><strong>exposcens.</strong></span> <span class='ocrx_word' id='word_1_378' title='bbox 1161 350 1233 377; x_wconf 87' lang='lat' dir='ltr'><strong>Nam</strong></span> <span class='ocrx_word' id='word_1_379' title='bbox 1252 358 1304 377; x_wconf 87' lang='lat' dir='ltr'><strong>nec</strong></span> <span class='ocrx_word' id='word_1_380' title='bbox 1324 350 1350 377; x_wconf 88' lang='lat' dir='ltr'><strong>ei</strong></span> <span class='ocrx_word' id='word_1_381' title='bbox 1375 350 1443 377; x_wconf 86' lang='lat' dir='ltr'><strong>dare</strong></span> <span class='ocrx_word' id='word_1_382' title='bbox 1459 349 1604 382; x_wconf 79' lang='lat' dir='ltr'><strong>convenit,</strong></span> <span class='ocrx_word' id='word_1_383' title='bbox 1620 358 1684 385; x_wconf 61' lang='lat' dir='ltr'><strong>quae</strong></span> <span class='ocrx_word' id='word_1_384' title='bbox 1709 349 1803 384; x_wconf 88' lang='lat' dir='ltr'><strong>ipsam</strong></span> 
     </span>
    </p>
   </div>
   <div class='ocr_carea' id='block_1_53' title="bbox 975 393 1801 430">
    <p class='ocr_par' dir='ltr' id='par_1_53' title="bbox 975 393 1801 430">
     <span class='ocr_line' id='line_1_53' title="bbox 975 393 1801 430; baseline -0.001 -9"><span class='ocrx_word' id='word_1_385' title='bbox 975 395 1011 421; x_wconf 88' lang='lat' dir='ltr'><strong>ad</strong></span> <span class='ocrx_word' id='word_1_386' title='bbox 1039 403 1193 430; x_wconf 82' lang='lat' dir='ltr'><strong>corporeus</strong></span> <span class='ocrx_word' id='word_1_387' title='bbox 1217 396 1377 422; x_wconf 71' lang='lat' dir='ltr'><strong>suavitates</strong></span> <span class='ocrx_word' id='word_1_388' title='bbox 1401 402 1572 421; x_wconf 79' lang='lat' dir='ltr'><strong>conversam</strong></span> <span class='ocrx_word' id='word_1_389' title='bbox 1603 393 1801 429; x_wconf 81' lang='lat' dir='ltr'><strong>interpellant,</strong></span> 
     </span>
    </p>
   </div>
   <div class='ocr_carea' id='block_1_54' title="bbox 975 438 1801 474">
    <p class='ocr_par' dir='ltr' id='par_1_54' title="bbox 975 438 1801 474">
     <span class='ocr_line' id='line_1_54' title="bbox 975 438 1801 474; baseline -0.001 -8"><span class='ocrx_word' id='word_1_390' title='bbox 975 439 1135 474; x_wconf 89' lang='lat' dir='ltr'><strong>quominus</strong></span> <span class='ocrx_word' id='word_1_391' title='bbox 1151 439 1176 466; x_wconf 90' lang='lat' dir='ltr'><strong>ei</strong></span> <span class='ocrx_word' id='word_1_392' title='bbox 1193 440 1324 474; x_wconf 79' lang='lat' dir='ltr'><strong>placeat:</strong></span> <span class='ocrx_word' id='word_1_393' title='bbox 1339 447 1390 466; x_wconf 88' lang='lat' dir='ltr'><strong>nec</strong></span> <span class='ocrx_word' id='word_1_394' title='bbox 1405 438 1460 474; x_wconf 84' lang='lat' dir='ltr'><strong>ipsi</strong></span> <span class='ocrx_word' id='word_1_395' title='bbox 1474 438 1546 466; x_wconf 91' lang='lat' dir='ltr'><strong>utile</strong></span> <span class='ocrx_word' id='word_1_396' title='bbox 1556 440 1601 466; x_wconf 86' lang='lat' dir='ltr'><strong>est</strong></span> <span class='ocrx_word' id='word_1_397' title='bbox 1616 446 1649 466; x_wconf 81' lang='lat' dir='ltr'><strong>ea</strong></span> <span class='ocrx_word' id='word_1_398' title='bbox 1661 438 1801 474; x_wconf 81' lang='lat' dir='ltr'><strong>accipere,</strong></span> 
     </span>
    </p>
   </div>
   <div class='ocr_carea' id='block_1_55' title="bbox 976 482 1804 520">
    <p class='ocr_par' dir='ltr' id='par_1_55' title="bbox 976 482 1804 520">
     <span class='ocr_line' id='line_1_55' title="bbox 976 482 1804 520; baseline -0.002 -9"><span class='ocrx_word' id='word_1_399' title='bbox 976 491 1039 518; x_wconf 63' lang='lat' dir='ltr'><strong>quae</strong></span> <span class='ocrx_word' id='word_1_400' title='bbox 1051 486 1180 511; x_wconf 81' lang='lat' dir='ltr'><strong>mentem</strong></span> <span class='ocrx_word' id='word_1_401' title='bbox 1192 483 1435 520; x_wconf 76' lang='lat' dir='ltr'><strong>occupationibus</strong></span> <span class='ocrx_word' id='word_1_402' title='bbox 1449 485 1596 510; x_wconf 77' lang='lat' dir='ltr'><strong>evocatam</strong></span> <span class='ocrx_word' id='word_1_403' title='bbox 1609 483 1733 510; x_wconf 90' lang='lat' dir='ltr'><strong>Domino</strong></span> <span class='ocrx_word' id='word_1_404' title='bbox 1745 482 1804 518; x_wconf 86' lang='lat' dir='ltr'><strong>pla-</strong></span> 
     </span>
    </p>
   </div>
   <div class='ocr_carea' id='block_1_56' title="bbox 975 527 1803 556">
    <p class='ocr_par' dir='ltr' id='par_1_56' title="bbox 975 527 1803 556">
     <span class='ocr_line' id='line_1_56' title="bbox 975 527 1803 556; baseline -0.001 -1"><span class='ocrx_word' id='word_1_405' title='bbox 975 536 1038 555; x_wconf 82' lang='lat' dir='ltr'><strong>cere</strong></span> <span class='ocrx_word' id='word_1_406' title='bbox 1055 537 1111 555; x_wconf 88' lang='lat' dir='ltr'><strong>non</strong></span> <span class='ocrx_word' id='word_1_407' title='bbox 1129 528 1240 556; x_wconf 86' lang='lat' dir='ltr'><strong>sinunt.</strong></span> <span class='ocrx_word' id='word_1_408' title='bbox 1256 529 1309 556; x_wconf 80' lang='lat' dir='ltr'><strong>Sed</strong></span> <span class='ocrx_word' id='word_1_409' title='bbox 1327 528 1511 556; x_wconf 83' lang='lat' dir='ltr'><strong>necessitatis</strong></span> <span class='ocrx_word' id='word_1_410' title='bbox 1528 528 1647 555; x_wconf 89' lang='lat' dir='ltr'><strong>modum</strong></span> <span class='ocrx_word' id='word_1_411' title='bbox 1664 528 1751 555; x_wconf 85' lang='lat' dir='ltr'><strong>rebus</strong></span> <span class='ocrx_word' id='word_1_412' title='bbox 1767 527 1803 554; x_wconf 86' lang='lat' dir='ltr'><strong>ad</strong></span> 
     </span>
    </p>
   </div>
   <div class='ocr_carea' id='block_1_57' title="bbox 973 571 1804 608">
    <p class='ocr_par' dir='ltr' id='par_1_57' title="bbox 973 571 1804 608">
     <span class='ocr_line' id='line_1_57' title="bbox 973 571 1804 608; baseline -0.001 -8"><span class='ocrx_word' id='word_1_413' title='bbox 973 573 1103 608; x_wconf 83' lang='lat' dir='ltr'><strong>corporis</strong></span> <span class='ocrx_word' id='word_1_414' title='bbox 1113 574 1203 600; x_wconf 89' lang='lat' dir='ltr'><strong>vitam</strong></span> <span class='ocrx_word' id='word_1_415' title='bbox 1215 573 1385 601; x_wconf 77' lang='lat' dir='ltr'><strong>necessariis</strong></span> <span class='ocrx_word' id='word_1_416' title='bbox 1395 573 1557 608; x_wconf 84' lang='lat' dir='ltr'><strong>prudenter</strong></span> <span class='ocrx_word' id='word_1_417' title='bbox 1566 572 1719 606; x_wconf 82' lang='lat' dir='ltr'><strong>deﬁniens,</strong></span> <span class='ocrx_word' id='word_1_418' title='bbox 1730 571 1804 599; x_wconf 88' lang='lat' dir='ltr'><strong>nihil</strong></span> 
     </span>
    </p>
   </div>
   <div class='ocr_carea' id='block_1_58' title="bbox 974 616 1802 652">
    <p class='ocr_par' dir='ltr' id='par_1_58' title="bbox 974 616 1802 652">
     <span class='ocr_line' id='line_1_58' title="bbox 974 616 1802 652; baseline -0.002 -8"><span class='ocrx_word' id='word_1_419' title='bbox 974 616 1019 644; x_wconf 90' lang='lat' dir='ltr'><strong>his</strong></span> <span class='ocrx_word' id='word_1_420' title='bbox 1034 616 1162 652; x_wconf 87' lang='lat' dir='ltr'><strong>amplius</strong></span> <span class='ocrx_word' id='word_1_421' title='bbox 1186 619 1273 652; x_wconf 80' lang='lat' dir='ltr'><strong>petet.</strong></span> <span class='ocrx_word' id='word_1_422' title='bbox 1290 618 1382 652; x_wconf 83' lang='lat' dir='ltr'><strong>Atque</strong></span> <span class='ocrx_word' id='word_1_423' title='bbox 1402 616 1520 644; x_wconf 89' lang='lat' dir='ltr'><strong>etiamsi</strong></span> <span class='ocrx_word' id='word_1_424' title='bbox 1539 624 1615 652; x_wconf 73' lang='lat' dir='ltr'><strong>szepe</strong></span> <span class='ocrx_word' id='word_1_425' title='bbox 1639 623 1736 643; x_wconf 88' lang='lat' dir='ltr'><strong>rerum</strong></span> <span class='ocrx_word' id='word_1_426' title='bbox 1752 623 1802 642; x_wconf 88' lang='lat' dir='ltr'><strong>ne-</strong></span> 
     </span>
    </p>
   </div>
   <div class='ocr_carea' id='block_1_59' title="bbox 973 659 1802 696">
    <p class='ocr_par' dir='ltr' id='par_1_59' title="bbox 973 659 1802 696">
     <span class='ocr_line' id='line_1_59' title="bbox 973 659 1802 696; baseline -0.004 -7"><span class='ocrx_word' id='word_1_427' title='bbox 973 661 1168 689; x_wconf 84' lang='lat' dir='ltr'><strong>cessariarum</strong></span> <span class='ocrx_word' id='word_1_428' title='bbox 1185 661 1284 696; x_wconf 72' lang='lat' dir='ltr'><strong>inopia</strong></span> <span class='ocrx_word' id='word_1_429' title='bbox 1299 663 1461 696; x_wconf 87' lang='lat' dir='ltr'><strong>prematur,</strong></span> <span class='ocrx_word' id='word_1_430' title='bbox 1477 663 1510 688; x_wconf 88' lang='lat' dir='ltr'><strong>ut</strong></span> <span class='ocrx_word' id='word_1_431' title='bbox 1538 660 1632 696; x_wconf 83' lang='lat' dir='ltr'><strong>ipsius</strong></span> <span class='ocrx_word' id='word_1_432' title='bbox 1661 660 1690 687; x_wconf 88' lang='lat' dir='ltr'><strong>in</strong></span> <span class='ocrx_word' id='word_1_433' title='bbox 1718 659 1802 687; x_wconf 87' lang='lat' dir='ltr'><strong>illum</strong></span> 
     </span>
    </p>
   </div>
   <div class='ocr_carea' id='block_1_60' title="bbox 973 703 1803 742">
    <p class='ocr_par' dir='ltr' id='par_1_60' title="bbox 973 703 1803 742">
     <span class='ocr_line' id='line_1_60' title="bbox 973 703 1803 742; baseline -0.002 -9"><span class='ocrx_word' id='word_1_434' title='bbox 973 714 1056 734; x_wconf 89' lang='lat' dir='ltr'><strong>amor</strong></span> <span class='ocrx_word' id='word_1_435' title='bbox 1068 706 1220 742; x_wconf 78' lang='lat' dir='ltr'><strong>probetur;</strong></span> <span class='ocrx_word' id='word_1_436' title='bbox 1233 714 1291 733; x_wconf 88' lang='lat' dir='ltr'><strong>non</strong></span> <span class='ocrx_word' id='word_1_437' title='bbox 1305 708 1403 733; x_wconf 88' lang='lat' dir='ltr'><strong>tamen</strong></span> <span class='ocrx_word' id='word_1_438' title='bbox 1417 704 1524 741; x_wconf 82' lang='lat' dir='ltr'><strong>pusillo</strong></span> <span class='ocrx_word' id='word_1_439' title='bbox 1537 704 1635 732; x_wconf 89' lang='lat' dir='ltr'><strong>animo</strong></span> <span class='ocrx_word' id='word_1_440' title='bbox 1646 703 1803 731; x_wconf 88' lang='lat' dir='ltr'><strong>contrista-</strong></span> 
     </span>
    </p>
   </div>
   <div class='ocr_carea' id='block_1_61' title="bbox 972 748 1803 785">
    <p class='ocr_par' dir='ltr' id='par_1_61' title="bbox 972 748 1803 785">
     <span class='ocr_line' id='line_1_61' title="bbox 972 748 1803 785; baseline -0.002 -7"><span class='ocrx_word' id='word_1_441' title='bbox 972 751 1062 784; x_wconf 89' lang='lat' dir='ltr'><strong>bitur,</strong></span> <span class='ocrx_word' id='word_1_442' title='bbox 1075 751 1125 778; x_wconf 87' lang='lat' dir='ltr'><strong>sed</strong></span> <span class='ocrx_word' id='word_1_443' title='bbox 1142 750 1243 778; x_wconf 89' lang='lat' dir='ltr'><strong>omnia</strong></span> <span class='ocrx_word' id='word_1_444' title='bbox 1254 751 1360 783; x_wconf 85' lang='lat' dir='ltr'><strong>ferens,</strong></span> <span class='ocrx_word' id='word_1_445' title='bbox 1372 750 1473 777; x_wconf 89' lang='lat' dir='ltr'><strong>omnia</strong></span> <span class='ocrx_word' id='word_1_446' title='bbox 1485 757 1618 785; x_wconf 81' lang='lat' dir='ltr'><strong>sperans,</strong></span> <span class='ocrx_word' id='word_1_447' title='bbox 1630 748 1729 776; x_wconf 82' lang='lat' dir='ltr'><strong>omnia</strong></span> <span class='ocrx_word' id='word_1_448' title='bbox 1740 757 1803 776; x_wconf 91' lang='lat' dir='ltr'><strong>sus-</strong></span> 
     </span>
    </p>
   </div>
   <div class='ocr_carea' id='block_1_62' title="bbox 972 794 1800 828">
    <p class='ocr_par' dir='ltr' id='par_1_62' title="bbox 972 794 1800 828">
     <span class='ocr_line' id='line_1_62' title="bbox 972 794 1800 828; baseline -0.002 -6"><span class='ocrx_word' id='word_1_449' title='bbox 972 795 1079 827; x_wconf 85' lang='lat' dir='ltr'><strong>tinens,</strong></span> <span class='ocrx_word' id='word_1_450' title='bbox 1096 796 1183 823; x_wconf 84' lang='lat' dir='ltr'><strong>afﬁxa</strong></span> <span class='ocrx_word' id='word_1_451' title='bbox 1209 795 1249 823; x_wconf 92' lang='lat' dir='ltr'><strong>illi</strong></span> <span class='ocrx_word' id='word_1_452' title='bbox 1275 804 1331 822; x_wconf 89' lang='lat' dir='ltr'><strong>non</strong></span> <span class='ocrx_word' id='word_1_453' title='bbox 1356 794 1496 822; x_wconf 82' lang='lat' dir='ltr'><strong>simulato</strong></span> <span class='ocrx_word' id='word_1_454' title='bbox 1521 802 1630 828; x_wconf 87' lang='lat' dir='ltr'><strong>amore,</strong></span> <span class='ocrx_word' id='word_1_455' title='bbox 1647 794 1746 821; x_wconf 87' lang='lat' dir='ltr'><strong>anima</strong></span> <span class='ocrx_word' id='word_1_456' title='bbox 1770 794 1800 821; x_wconf 90' lang='lat' dir='ltr'><strong>in</strong></span> 
     </span>
    </p>
   </div>
   <div class='ocr_carea' id='block_1_63' title="bbox 974 839 1800 875">
    <p class='ocr_par' dir='ltr' id='par_1_63' title="bbox 974 839 1800 875">
     <span class='ocr_line' id='line_1_63' title="bbox 974 839 1800 875; baseline -0.002 -8"><span class='ocrx_word' id='word_1_457' title='bbox 974 843 1087 867; x_wconf 87' lang='lat' dir='ltr'><strong>mortuo</strong></span> <span class='ocrx_word' id='word_1_458' title='bbox 1111 842 1139 867; x_wconf 83' lang='lat' dir='ltr'><strong>et</strong></span> <span class='ocrx_word' id='word_1_459' title='bbox 1165 848 1270 867; x_wconf 83' lang='lat' dir='ltr'><strong>sensus</strong></span> <span class='ocrx_word' id='word_1_460' title='bbox 1295 841 1421 875; x_wconf 87' lang='lat' dir='ltr'><strong>experte,</strong></span> <span class='ocrx_word' id='word_1_461' title='bbox 1435 842 1467 867; x_wconf 86' lang='lat' dir='ltr'><strong>ut</strong></span> <span class='ocrx_word' id='word_1_462' title='bbox 1490 839 1531 866; x_wconf 88' lang='lat' dir='ltr'><strong>ita</strong></span> <span class='ocrx_word' id='word_1_463' title='bbox 1556 839 1662 872; x_wconf 87' lang='lat' dir='ltr'><strong>dicam,</strong></span> <span class='ocrx_word' id='word_1_464' title='bbox 1679 845 1800 873; x_wconf 88' lang='lat' dir='ltr'><strong>corpore</strong></span> 
     </span>
    </p>
   </div>
   <div class='ocr_carea' id='block_1_64' title="bbox 972 882 1800 918">
    <p class='ocr_par' dir='ltr' id='par_1_64' title="bbox 972 882 1800 918">
     <span class='ocr_line' id='line_1_64' title="bbox 972 882 1800 918; baseline -0.002 -7"><span class='ocrx_word' id='word_1_465' title='bbox 972 884 1153 911; x_wconf 82' lang='lat' dir='ltr'><strong>extrinsecus</strong></span> <span class='ocrx_word' id='word_1_466' title='bbox 1170 883 1291 911; x_wconf 90' lang='lat' dir='ltr'><strong>minime</strong></span> <span class='ocrx_word' id='word_1_467' title='bbox 1304 884 1455 916; x_wconf 85' lang='lat' dir='ltr'><strong>distracta,</strong></span> <span class='ocrx_word' id='word_1_468' title='bbox 1470 883 1564 918; x_wconf 88' lang='lat' dir='ltr'><strong>ipsius</strong></span> <span class='ocrx_word' id='word_1_469' title='bbox 1581 882 1800 918; x_wconf 84' lang='lat' dir='ltr'><strong>pulchritudine</strong></span> 
     </span>
    </p>
   </div>
   <div class='ocr_carea' id='block_1_65' title="bbox 973 926 1798 963">
    <p class='ocr_par' dir='ltr' id='par_1_65' title="bbox 973 926 1798 963">
     <span class='ocr_line' id='line_1_65' title="bbox 973 926 1798 963; baseline -0.002 -8"><span class='ocrx_word' id='word_1_470' title='bbox 973 929 1139 956; x_wconf 78' lang='lat' dir='ltr'><strong>satiabitur.</strong></span> <span class='ocrx_word' id='word_1_471' title='bbox 1157 929 1411 960; x_wconf 86' lang='lat' dir='ltr'><strong>Quemadmodum</strong></span> <span class='ocrx_word' id='word_1_472' title='bbox 1432 928 1510 956; x_wconf 86' lang='lat' dir='ltr'><strong>enim</strong></span> <span class='ocrx_word' id='word_1_473' title='bbox 1534 927 1717 963; x_wconf 70' lang='lat' dir='ltr'><strong>temporariae</strong></span> <span class='ocrx_word' id='word_1_474' title='bbox 1733 926 1798 962; x_wconf 87' lang='lat' dir='ltr'><strong>pul-</strong></span> 
     </span>
    </p>
   </div>
   <div class='ocr_carea' id='block_1_66' title="bbox 972 972 1800 1008">
    <p class='ocr_par' dir='ltr' id='par_1_66' title="bbox 972 972 1800 1008">
     <span class='ocr_line' id='line_1_66' title="bbox 972 972 1800 1008; baseline -0.002 -8"><span class='ocrx_word' id='word_1_475' title='bbox 972 973 1149 1001; x_wconf 86' lang='lat' dir='ltr'><strong>chritudinis</strong></span> <span class='ocrx_word' id='word_1_476' title='bbox 1165 976 1288 1008; x_wconf 84' lang='lat' dir='ltr'><strong>amator,</strong></span> <span class='ocrx_word' id='word_1_477' title='bbox 1303 981 1360 1000; x_wconf 85' lang='lat' dir='ltr'><strong>non</strong></span> <span class='ocrx_word' id='word_1_478' title='bbox 1377 972 1529 1008; x_wconf 89' lang='lat' dir='ltr'><strong>pecuniam</strong></span> <span class='ocrx_word' id='word_1_479' title='bbox 1542 972 1636 1000; x_wconf 87' lang='lat' dir='ltr'><strong>solum</strong></span> <span class='ocrx_word' id='word_1_480' title='bbox 1653 980 1686 999; x_wconf 85' lang='lat' dir='ltr'><strong>ac</strong></span> <span class='ocrx_word' id='word_1_481' title='bbox 1697 979 1800 998; x_wconf 87' lang='lat' dir='ltr'><strong>omnes</strong></span> 
     </span>
    </p>
   </div>
   <div class='ocr_carea' id='block_1_67' title="bbox 972 1015 1798 1052">
    <p class='ocr_par' dir='ltr' id='par_1_67' title="bbox 972 1015 1798 1052">
     <span class='ocr_line' id='line_1_67' title="bbox 972 1015 1798 1052; baseline -0.002 -7"><span class='ocrx_word' id='word_1_482' title='bbox 972 1026 1042 1045; x_wconf 87' lang='lat' dir='ltr'><strong>suas</strong></span> <span class='ocrx_word' id='word_1_483' title='bbox 1058 1017 1175 1046; x_wconf 77' lang='lat' dir='ltr'><strong>divitias</strong></span> <span class='ocrx_word' id='word_1_484' title='bbox 1191 1018 1300 1045; x_wconf 86' lang='lat' dir='ltr'><strong>amoris</strong></span> <span class='ocrx_word' id='word_1_485' title='bbox 1317 1025 1404 1045; x_wconf 88' lang='lat' dir='ltr'><strong>causa</strong></span> <span class='ocrx_word' id='word_1_486' title='bbox 1422 1025 1479 1044; x_wconf 88' lang='lat' dir='ltr'><strong>non</strong></span> <span class='ocrx_word' id='word_1_487' title='bbox 1497 1024 1582 1052; x_wconf 90' lang='lat' dir='ltr'><strong>parce</strong></span> <span class='ocrx_word' id='word_1_488' title='bbox 1597 1017 1737 1048; x_wconf 81' lang='lat' dir='ltr'><strong>absumit,</strong></span> <span class='ocrx_word' id='word_1_489' title='bbox 1748 1015 1798 1043; x_wconf 90' lang='lat' dir='ltr'><strong>sed</strong></span> 
     </span>
    </p>
   </div>
   <div class='ocr_carea' id='block_1_68' title="bbox 971 1060 1798 1090">
    <p class='ocr_par' dir='ltr' id='par_1_68' title="bbox 971 1060 1798 1090">
     <span class='ocr_line' id='line_1_68' title="bbox 971 1060 1798 1090; baseline -0.002 -1"><span class='ocrx_word' id='word_1_490' title='bbox 971 1062 1059 1090; x_wconf 90' lang='lat' dir='ltr'><strong>etiam</strong></span> <span class='ocrx_word' id='word_1_491' title='bbox 1075 1062 1174 1089; x_wconf 86' lang='lat' dir='ltr'><strong>cibum</strong></span> <span class='ocrx_word' id='word_1_492' title='bbox 1190 1064 1218 1090; x_wconf 88' lang='lat' dir='ltr'><strong>et</strong></span> <span class='ocrx_word' id='word_1_493' title='bbox 1238 1070 1386 1090; x_wconf 86' lang='lat' dir='ltr'><strong>sommum</strong></span> <span class='ocrx_word' id='word_1_494' title='bbox 1402 1064 1430 1089; x_wconf 85' lang='lat' dir='ltr'><strong>et</strong></span> <span class='ocrx_word' id='word_1_495' title='bbox 1445 1064 1555 1089; x_wconf 87' lang='lat' dir='ltr'><strong>vestem</strong></span> <span class='ocrx_word' id='word_1_496' title='bbox 1571 1063 1600 1088; x_wconf 88' lang='lat' dir='ltr'><strong>et</strong></span> <span class='ocrx_word' id='word_1_497' title='bbox 1615 1060 1748 1088; x_wconf 85' lang='lat' dir='ltr'><strong>habitum</strong></span> <span class='ocrx_word' id='word_1_498' title='bbox 1765 1068 1798 1088; x_wconf 91' lang='lat' dir='ltr'><strong>ao</strong></span> 
     </span>
    </p>
   </div>
   <div class='ocr_carea' id='block_1_69' title="bbox 971 1106 1797 1141">
    <p class='ocr_par' dir='ltr' id='par_1_69' title="bbox 971 1106 1797 1141">
     <span class='ocr_line' id='line_1_69' title="bbox 971 1106 1797 1141; baseline -0.002 -7"><span class='ocrx_word' id='word_1_499' title='bbox 971 1115 1086 1135; x_wconf 90' lang='lat' dir='ltr'><strong>omnem</strong></span> <span class='ocrx_word' id='word_1_500' title='bbox 1100 1106 1359 1141; x_wconf 80' lang='lat' dir='ltr'><strong>existimationem,</strong></span> <span class='ocrx_word' id='word_1_501' title='bbox 1370 1107 1429 1134; x_wconf 91' lang='lat' dir='ltr'><strong>imo</strong></span> <span class='ocrx_word' id='word_1_502' title='bbox 1442 1106 1538 1141; x_wconf 91' lang='lat' dir='ltr'><strong>ipsum</strong></span> <span class='ocrx_word' id='word_1_503' title='bbox 1550 1106 1638 1134; x_wconf 89' lang='lat' dir='ltr'><strong>etiam</strong></span> <span class='ocrx_word' id='word_1_504' title='bbox 1651 1113 1757 1141; x_wconf 89' lang='lat' dir='ltr'><strong>corpus</strong></span> <span class='ocrx_word' id='word_1_505' title='bbox 1767 1106 1797 1132; x_wconf 87' lang='lat' dir='ltr'><strong>et</strong></span> 
     </span>
    </p>
   </div>
   <div class='ocr_carea' id='block_1_70' title="bbox 971 1149 1794 1187">
    <p class='ocr_par' dir='ltr' id='par_1_70' title="bbox 971 1149 1794 1187">
     <span class='ocr_line' id='line_1_70' title="bbox 971 1149 1794 1187; baseline -0.004 -7"><span class='ocrx_word' id='word_1_506' title='bbox 971 1152 1100 1187; x_wconf 88' lang='lat' dir='ltr'><strong>corporis</strong></span> <span class='ocrx_word' id='word_1_507' title='bbox 1116 1151 1204 1179; x_wconf 84' lang='lat' dir='ltr'><strong>vitam</strong></span> <span class='ocrx_word' id='word_1_508' title='bbox 1220 1154 1421 1186; x_wconf 78' lang='lat' dir='ltr'><strong>contemnens,</strong></span> <span class='ocrx_word' id='word_1_509' title='bbox 1438 1153 1471 1178; x_wconf 90' lang='lat' dir='ltr'><strong>ut</strong></span> <span class='ocrx_word' id='word_1_510' title='bbox 1486 1150 1578 1178; x_wconf 88' lang='lat' dir='ltr'><strong>solius</strong></span> <span class='ocrx_word' id='word_1_511' title='bbox 1590 1149 1700 1177; x_wconf 83' lang='lat' dir='ltr'><strong>amoris</strong></span> <span class='ocrx_word' id='word_1_512' title='bbox 1714 1157 1794 1177; x_wconf 83' lang='lat' dir='ltr'><strong>com-</strong></span> 
     </span>
    </p>
   </div>
   <div class='ocr_carea' id='block_1_71' title="bbox 970 1195 1798 1232">
    <p class='ocr_par' dir='ltr' id='par_1_71' title="bbox 970 1195 1798 1232">
     <span class='ocr_line' id='line_1_71' title="bbox 970 1195 1798 1232; baseline -0.002 -9"><span class='ocrx_word' id='word_1_513' title='bbox 970 1204 1024 1232; x_wconf 88' lang='lat' dir='ltr'><strong>pos</strong></span> <span class='ocrx_word' id='word_1_514' title='bbox 1040 1197 1099 1229; x_wconf 81' lang='lat' dir='ltr'><strong>ﬁat,</strong></span> <span class='ocrx_word' id='word_1_515' title='bbox 1112 1204 1144 1224; x_wconf 89' lang='lat' dir='ltr'><strong>ac</strong></span> <span class='ocrx_word' id='word_1_516' title='bbox 1161 1204 1261 1224; x_wconf 90' lang='lat' dir='ltr'><strong>muros</strong></span> <span class='ocrx_word' id='word_1_517' title='bbox 1277 1199 1305 1223; x_wconf 83' lang='lat' dir='ltr'><strong>et</strong></span> <span class='ocrx_word' id='word_1_518' title='bbox 1326 1196 1429 1223; x_wconf 90' lang='lat' dir='ltr'><strong>domos</strong></span> <span class='ocrx_word' id='word_1_519' title='bbox 1446 1198 1475 1222; x_wconf 87' lang='lat' dir='ltr'><strong>et</strong></span> <span class='ocrx_word' id='word_1_520' title='bbox 1491 1195 1643 1230; x_wconf 87' lang='lat' dir='ltr'><strong>interjecta</strong></span> <span class='ocrx_word' id='word_1_521' title='bbox 1657 1195 1798 1222; x_wconf 87' lang='lat' dir='ltr'><strong>audacter</strong></span> 
     </span>
    </p>
   </div>
   <div class='ocr_carea' id='block_1_72' title="bbox 970 1238 1796 1273">
    <p class='ocr_par' dir='ltr' id='par_1_72' title="bbox 970 1238 1796 1273">
     <span class='ocr_line' id='line_1_72' title="bbox 970 1238 1796 1273; baseline -0.001 -6"><span class='ocrx_word' id='word_1_522' title='bbox 970 1239 1138 1268; x_wconf 83' lang='lat' dir='ltr'><strong>transiliens</strong></span> <span class='ocrx_word' id='word_1_523' title='bbox 1153 1240 1262 1273; x_wconf 89' lang='lat' dir='ltr'><strong>omnia,</strong></span> <span class='ocrx_word' id='word_1_524' title='bbox 1279 1240 1309 1268; x_wconf 91' lang='lat' dir='ltr'><strong>in</strong></span> <span class='ocrx_word' id='word_1_525' title='bbox 1333 1248 1418 1268; x_wconf 87' lang='lat' dir='ltr'><strong>enses</strong></span> <span class='ocrx_word' id='word_1_526' title='bbox 1444 1240 1573 1267; x_wconf 80' lang='lat' dir='ltr'><strong>furiosus</strong></span> <span class='ocrx_word' id='word_1_527' title='bbox 1597 1240 1704 1272; x_wconf 80' lang='lat' dir='ltr'><strong>fertur;</strong></span> <span class='ocrx_word' id='word_1_528' title='bbox 1721 1247 1754 1266; x_wconf 88' lang='lat' dir='ltr'><strong>ac</strong></span> <span class='ocrx_word' id='word_1_529' title='bbox 1769 1238 1796 1266; x_wconf 87' lang='lat' dir='ltr'><strong>si</strong></span> 
     </span>
    </p>
   </div>
   <div class='ocr_carea' id='block_1_73' title="bbox 969 1283 1795 1316">
    <p class='ocr_par' dir='ltr' id='par_1_73' title="bbox 969 1283 1795 1316">
     <span class='ocr_line' id='line_1_73' title="bbox 969 1283 1795 1316; baseline -0.001 -5"><span class='ocrx_word' id='word_1_530' title='bbox 969 1286 1108 1312; x_wconf 89' lang='lat' dir='ltr'><strong>consueto</strong></span> <span class='ocrx_word' id='word_1_531' title='bbox 1123 1287 1228 1312; x_wconf 90' lang='lat' dir='ltr'><strong>ornatu</strong></span> <span class='ocrx_word' id='word_1_532' title='bbox 1239 1284 1274 1312; x_wconf 88' lang='lat' dir='ltr'><strong>ad</strong></span> <span class='ocrx_word' id='word_1_533' title='bbox 1292 1292 1422 1312; x_wconf 87' lang='lat' dir='ltr'><strong>amorem</strong></span> <span class='ocrx_word' id='word_1_534' title='bbox 1437 1284 1557 1316; x_wconf 78' lang='lat' dir='ltr'><strong>vadens,</strong></span> <span class='ocrx_word' id='word_1_535' title='bbox 1570 1283 1642 1310; x_wconf 89' lang='lat' dir='ltr'><strong>nihil</strong></span> <span class='ocrx_word' id='word_1_536' title='bbox 1656 1291 1795 1311; x_wconf 88' lang='lat' dir='ltr'><strong>consecu-</strong></span> 
     </span>
    </p>
   </div>
   <div class='ocr_carea' id='block_1_74' title="bbox 969 1328 1792 1364">
    <p class='ocr_par' dir='ltr' id='par_1_74' title="bbox 969 1328 1792 1364">
     <span class='ocr_line' id='line_1_74' title="bbox 969 1328 1792 1364; baseline -0.002 -8"><span class='ocrx_word' id='word_1_537' title='bbox 969 1331 1053 1356; x_wconf 89' lang='lat' dir='ltr'><strong>turus</strong></span> <span class='ocrx_word' id='word_1_538' title='bbox 1067 1329 1115 1362; x_wconf 84' lang='lat' dir='ltr'><strong>sit,</strong></span> <span class='ocrx_word' id='word_1_539' title='bbox 1125 1337 1311 1364; x_wconf 80' lang='lat' dir='ltr'><strong>nequaquam</strong></span> <span class='ocrx_word' id='word_1_540' title='bbox 1325 1337 1359 1356; x_wconf 91' lang='lat' dir='ltr'><strong>ea</strong></span> <span class='ocrx_word' id='word_1_541' title='bbox 1370 1329 1404 1356; x_wconf 89' lang='lat' dir='ltr'><strong>de</strong></span> <span class='ocrx_word' id='word_1_542' title='bbox 1415 1337 1446 1356; x_wconf 80' lang='lat' dir='ltr'><strong>re</strong></span> <span class='ocrx_word' id='word_1_543' title='bbox 1458 1328 1602 1356; x_wconf 85' lang='lat' dir='ltr'><strong>sollicitus</strong></span> <span class='ocrx_word' id='word_1_544' title='bbox 1613 1331 1667 1362; x_wconf 87' lang='lat' dir='ltr'><strong>est,</strong></span> <span class='ocrx_word' id='word_1_545' title='bbox 1677 1328 1727 1355; x_wconf 88' lang='lat' dir='ltr'><strong>sed</strong></span> <span class='ocrx_word' id='word_1_546' title='bbox 1739 1335 1792 1362; x_wconf 88' lang='lat' dir='ltr'><strong>po-</strong></span> 
     </span>
    </p>
   </div>
   <div class='ocr_carea' id='block_1_75' title="bbox 968 1372 1796 1409">
    <p class='ocr_par' dir='ltr' id='par_1_75' title="bbox 968 1372 1796 1409">
     <span class='ocr_line' id='line_1_75' title="bbox 968 1372 1796 1409; baseline -0.002 -9"><span class='ocrx_word' id='word_1_547' title='bbox 968 1373 1038 1407; x_wconf 88' lang='lat' dir='ltr'><strong>tius,</strong></span> <span class='ocrx_word' id='word_1_548' title='bbox 1047 1373 1070 1400; x_wconf 83' lang='lat' dir='ltr'><strong>si</strong></span> <span class='ocrx_word' id='word_1_549' title='bbox 1083 1376 1226 1409; x_wconf 79' lang='lat' dir='ltr'><strong>oporteat,</strong></span> <span class='ocrx_word' id='word_1_550' title='bbox 1236 1376 1350 1401; x_wconf 88' lang='lat' dir='ltr'><strong>mutato</strong></span> <span class='ocrx_word' id='word_1_551' title='bbox 1361 1373 1462 1401; x_wconf 83' lang='lat' dir='ltr'><strong>habitu</strong></span> <span class='ocrx_word' id='word_1_552' title='bbox 1472 1377 1572 1400; x_wconf 86' lang='lat' dir='ltr'><strong>etcum</strong></span> <span class='ocrx_word' id='word_1_553' title='bbox 1585 1372 1721 1399; x_wconf 87' lang='lat' dir='ltr'><strong>indecora</strong></span> <span class='ocrx_word' id='word_1_554' title='bbox 1731 1379 1796 1406; x_wconf 92' lang='lat' dir='ltr'><strong>spe-</strong></span> 
     </span>
    </p>
   </div>
   <div class='ocr_carea' id='block_1_76' title="bbox 970 1415 1795 1453">
    <p class='ocr_par' dir='ltr' id='par_1_76' title="bbox 970 1415 1795 1453">
     <span class='ocr_line' id='line_1_76' title="bbox 970 1415 1795 1453; baseline -0.002 -8"><span class='ocrx_word' id='word_1_555' title='bbox 970 1418 1013 1446; x_wconf 89' lang='lat' dir='ltr'><strong>cie</strong></span> <span class='ocrx_word' id='word_1_556' title='bbox 1029 1420 1178 1453; x_wconf 89' lang='lat' dir='ltr'><strong>repentem</strong></span> <span class='ocrx_word' id='word_1_557' title='bbox 1194 1420 1293 1453; x_wconf 88' lang='lat' dir='ltr'><strong>optato</strong></span> <span class='ocrx_word' id='word_1_558' title='bbox 1309 1417 1430 1452; x_wconf 82' lang='lat' dir='ltr'><strong>perfrui,</strong></span> <span class='ocrx_word' id='word_1_559' title='bbox 1446 1417 1474 1444; x_wconf 90' lang='lat' dir='ltr'><strong>id</strong></span> <span class='ocrx_word' id='word_1_560' title='bbox 1493 1425 1549 1444; x_wconf 91' lang='lat' dir='ltr'><strong>non</strong></span> <span class='ocrx_word' id='word_1_561' title='bbox 1566 1417 1628 1444; x_wconf 86' lang='lat' dir='ltr'><strong>sine</strong></span> <span class='ocrx_word' id='word_1_562' title='bbox 1643 1415 1795 1451; x_wconf 85' lang='lat' dir='ltr'><strong>voluptate</strong></span> 
     </span>
    </p>
   </div>
   <div class='ocr_carea' id='block_1_77' title="bbox 971 1461 1797 1498">
    <p class='ocr_par' dir='ltr' id='par_1_77' title="bbox 971 1461 1797 1498">
     <span class='ocr_line' id='line_1_77' title="bbox 971 1461 1797 1498; baseline -0.002 -8"><span class='ocrx_word' id='word_1_563' title='bbox 971 1464 1092 1498; x_wconf 81' lang='lat' dir='ltr'><strong>perfert;</strong></span> <span class='ocrx_word' id='word_1_564' title='bbox 1109 1463 1151 1490; x_wconf 91' lang='lat' dir='ltr'><strong>sic</strong></span> <span class='ocrx_word' id='word_1_565' title='bbox 1169 1463 1218 1498; x_wconf 89' lang='lat' dir='ltr'><strong>qui</strong></span> <span class='ocrx_word' id='word_1_566' title='bbox 1235 1463 1327 1490; x_wconf 91' lang='lat' dir='ltr'><strong>Deum</strong></span> <span class='ocrx_word' id='word_1_567' title='bbox 1344 1470 1408 1489; x_wconf 77' lang='lat' dir='ltr'><strong>vere</strong></span> <span class='ocrx_word' id='word_1_568' title='bbox 1429 1464 1516 1494; x_wconf 83' lang='lat' dir='ltr'><strong>amat,</strong></span> <span class='ocrx_word' id='word_1_569' title='bbox 1534 1470 1566 1489; x_wconf 86' lang='lat' dir='ltr'><strong>ac</strong></span> <span class='ocrx_word' id='word_1_570' title='bbox 1591 1461 1734 1489; x_wconf 87' lang='lat' dir='ltr'><strong>sollicitus</strong></span> <span class='ocrx_word' id='word_1_571' title='bbox 1750 1463 1797 1488; x_wconf 86' lang='lat' dir='ltr'><strong>est</strong></span> 
     </span>
    </p>
   </div>
   <div class='ocr_carea' id='block_1_78' title="bbox 969 1506 1795 1542">
    <p class='ocr_par' dir='ltr' id='par_1_78' title="bbox 969 1506 1795 1542">
     <span class='ocr_line' id='line_1_78' title="bbox 969 1506 1795 1542; baseline -0.002 -8"><span class='ocrx_word' id='word_1_572' title='bbox 969 1507 1117 1542; x_wconf 88' lang='lat' dir='ltr'><strong>quomodo</strong></span> <span class='ocrx_word' id='word_1_573' title='bbox 1133 1507 1245 1542; x_wconf 81' lang='lat' dir='ltr'><strong>placeat</strong></span> <span class='ocrx_word' id='word_1_574' title='bbox 1260 1507 1285 1534; x_wconf 92' lang='lat' dir='ltr'><strong>ei</strong></span> <span class='ocrx_word' id='word_1_575' title='bbox 1297 1514 1384 1542; x_wconf 87' lang='lat' dir='ltr'><strong>quem</strong></span> <span class='ocrx_word' id='word_1_576' title='bbox 1401 1508 1492 1539; x_wconf 86' lang='lat' dir='ltr'><strong>amat,</strong></span> <span class='ocrx_word' id='word_1_577' title='bbox 1503 1514 1559 1533; x_wconf 90' lang='lat' dir='ltr'><strong>non</strong></span> <span class='ocrx_word' id='word_1_578' title='bbox 1577 1506 1728 1541; x_wconf 82' lang='lat' dir='ltr'><strong>pecuniam</strong></span> <span class='ocrx_word' id='word_1_579' title='bbox 1745 1514 1795 1533; x_wconf 91' lang='lat' dir='ltr'><strong>so-</strong></span> 
     </span>
    </p>
   </div>
   <div class='ocr_carea' id='block_1_79' title="bbox 969 1550 1796 1586">
    <p class='ocr_par' dir='ltr' id='par_1_79' title="bbox 969 1550 1796 1586">
     <span class='ocr_line' id='line_1_79' title="bbox 969 1550 1796 1586; baseline -0.001 -8"><span class='ocrx_word' id='word_1_580' title='bbox 969 1551 1073 1584; x_wconf 86' lang='lat' dir='ltr'><strong>lum,et</strong></span> <span class='ocrx_word' id='word_1_581' title='bbox 1081 1551 1207 1584; x_wconf 87' lang='lat' dir='ltr'><strong>divitias,</strong></span> <span class='ocrx_word' id='word_1_582' title='bbox 1215 1553 1247 1578; x_wconf 88' lang='lat' dir='ltr'><strong>ut</strong></span> <span class='ocrx_word' id='word_1_583' title='bbox 1256 1550 1368 1586; x_wconf 85' lang='lat' dir='ltr'><strong>placeat</strong></span> <span class='ocrx_word' id='word_1_584' title='bbox 1378 1551 1403 1578; x_wconf 85' lang='lat' dir='ltr'><strong>ei</strong></span> <span class='ocrx_word' id='word_1_585' title='bbox 1413 1559 1499 1586; x_wconf 89' lang='lat' dir='ltr'><strong>quem</strong></span> <span class='ocrx_word' id='word_1_586' title='bbox 1510 1553 1590 1578; x_wconf 88' lang='lat' dir='ltr'><strong>amat</strong></span> <span class='ocrx_word' id='word_1_587' title='bbox 1598 1550 1796 1586; x_wconf 86' lang='lat' dir='ltr'><strong>adimplendis</strong></span> 
     </span>
    </p>
   </div>
   <div class='ocr_carea' id='block_1_80' title="bbox 969 1595 1797 1632">
    <p class='ocr_par' dir='ltr' id='par_1_80' title="bbox 969 1595 1797 1632">
     <span class='ocr_line' id='line_1_80' title="bbox 969 1595 1797 1632; baseline -0.001 -9"><span class='ocrx_word' id='word_1_588' title='bbox 969 1597 1033 1631; x_wconf 87' lang='lat' dir='ltr'><strong>ejus</strong></span> <span class='ocrx_word' id='word_1_589' title='bbox 1046 1596 1207 1632; x_wconf 65' lang='lat' dir='ltr'><strong>praeceptis,</strong></span> <span class='ocrx_word' id='word_1_590' title='bbox 1217 1595 1303 1622; x_wconf 86' lang='lat' dir='ltr'><strong>debet</strong></span> <span class='ocrx_word' id='word_1_591' title='bbox 1313 1597 1514 1628; x_wconf 81' lang='lat' dir='ltr'><strong>contemnere;</strong></span> <span class='ocrx_word' id='word_1_592' title='bbox 1529 1595 1579 1622; x_wconf 88' lang='lat' dir='ltr'><strong>sed</strong></span> <span class='ocrx_word' id='word_1_593' title='bbox 1591 1595 1680 1623; x_wconf 86' lang='lat' dir='ltr'><strong>etiam</strong></span> <span class='ocrx_word' id='word_1_594' title='bbox 1696 1602 1797 1623; x_wconf 90' lang='lat' dir='ltr'><strong>neces-</strong></span> 
     </span>
    </p>
   </div>
   <div class='ocr_carea' id='block_1_81' title="bbox 971 1639 1797 1673">
    <p class='ocr_par' dir='ltr' id='par_1_81' title="bbox 971 1639 1797 1673">
     <span class='ocr_line' id='line_1_81' title="bbox 971 1639 1797 1673; baseline -0.001 -5"><span class='ocrx_word' id='word_1_595' title='bbox 971 1640 1079 1668; x_wconf 83' lang='lat' dir='ltr'><strong>sarium</strong></span> <span class='ocrx_word' id='word_1_596' title='bbox 1098 1640 1195 1667; x_wconf 88' lang='lat' dir='ltr'><strong>cibum</strong></span> <span class='ocrx_word' id='word_1_597' title='bbox 1211 1642 1240 1667; x_wconf 83' lang='lat' dir='ltr'><strong>et</strong></span> <span class='ocrx_word' id='word_1_598' title='bbox 1255 1648 1392 1667; x_wconf 86' lang='lat' dir='ltr'><strong>somnum</strong></span> <span class='ocrx_word' id='word_1_599' title='bbox 1413 1643 1441 1667; x_wconf 88' lang='lat' dir='ltr'><strong>et</strong></span> <span class='ocrx_word' id='word_1_600' title='bbox 1460 1639 1633 1667; x_wconf 85' lang='lat' dir='ltr'><strong>exteriorem</strong></span> <span class='ocrx_word' id='word_1_601' title='bbox 1651 1640 1797 1673; x_wconf 88' lang='lat' dir='ltr'><strong>habitum,</strong></span> 
     </span>
    </p>
   </div>
   <div class='ocr_carea' id='block_1_82' title="bbox 970 1683 1799 1720">
    <p class='ocr_par' dir='ltr' id='par_1_82' title="bbox 970 1683 1799 1720">
     <span class='ocr_line' id='line_1_82' title="bbox 970 1683 1799 1720; baseline -0.001 -8"><span class='ocrx_word' id='word_1_602' title='bbox 970 1693 1003 1712; x_wconf 87' lang='lat' dir='ltr'><strong>ac</strong></span> <span class='ocrx_word' id='word_1_603' title='bbox 1019 1693 1094 1717; x_wconf 87' lang='lat' dir='ltr'><strong>eam,</strong></span> <span class='ocrx_word' id='word_1_604' title='bbox 1109 1692 1172 1720; x_wconf 77' lang='lat' dir='ltr'><strong>quae</strong></span> <span class='ocrx_word' id='word_1_605' title='bbox 1187 1692 1254 1712; x_wconf 86' lang='lat' dir='ltr'><strong>vere</strong></span> <span class='ocrx_word' id='word_1_606' title='bbox 1270 1684 1298 1711; x_wconf 90' lang='lat' dir='ltr'><strong>in</strong></span> <span class='ocrx_word' id='word_1_607' title='bbox 1314 1684 1368 1711; x_wconf 89' lang='lat' dir='ltr'><strong>hoc</strong></span> <span class='ocrx_word' id='word_1_608' title='bbox 1385 1684 1494 1711; x_wconf 90' lang='lat' dir='ltr'><strong>mundo</strong></span> <span class='ocrx_word' id='word_1_609' title='bbox 1511 1687 1649 1720; x_wconf 85' lang='lat' dir='ltr'><strong>corrupto</strong></span> <span class='ocrx_word' id='word_1_610' title='bbox 1664 1686 1721 1717; x_wconf 84' lang='lat' dir='ltr'><strong>est,</strong></span> <span class='ocrx_word' id='word_1_611' title='bbox 1737 1683 1799 1711; x_wconf 86' lang='lat' dir='ltr'><strong>exi-</strong></span> 
     </span>
    </p>
   </div>
   <div class='ocr_carea' id='block_1_83' title="bbox 970 1728 1795 1765">
    <p class='ocr_par' dir='ltr' id='par_1_83' title="bbox 970 1728 1795 1765">
     <span class='ocr_line' id='line_1_83' title="bbox 970 1728 1795 1765; baseline 0 -9"><span class='ocrx_word' id='word_1_612' title='bbox 970 1729 1182 1763; x_wconf 86' lang='lat' dir='ltr'><strong>stimationem,</strong></span> <span class='ocrx_word' id='word_1_613' title='bbox 1192 1729 1288 1756; x_wconf 84' lang='lat' dir='ltr'><strong>adhuc</strong></span> <span class='ocrx_word' id='word_1_614' title='bbox 1303 1729 1392 1756; x_wconf 89' lang='lat' dir='ltr'><strong>etiam</strong></span> <span class='ocrx_word' id='word_1_615' title='bbox 1408 1737 1514 1764; x_wconf 88' lang='lat' dir='ltr'><strong>corpus</strong></span> <span class='ocrx_word' id='word_1_616' title='bbox 1525 1731 1552 1756; x_wconf 89' lang='lat' dir='ltr'><strong>et</strong></span> <span class='ocrx_word' id='word_1_617' title='bbox 1564 1728 1694 1765; x_wconf 84' lang='lat' dir='ltr'><strong>corporis</strong></span> <span class='ocrx_word' id='word_1_618' title='bbox 1705 1728 1795 1756; x_wconf 84' lang='lat' dir='ltr'><strong>vitam</strong></span> 
     </span>
    </p>
   </div>
   <div class='ocr_carea' id='block_1_84' title="bbox 971 1773 1797 1809">
    <p class='ocr_par' dir='ltr' id='par_1_84' title="bbox 971 1773 1797 1809">
     <span class='ocr_line' id='line_1_84' title="bbox 971 1773 1797 1809; baseline -0.001 -8"><span class='ocrx_word' id='word_1_619' title='bbox 971 1773 1123 1809; x_wconf 78' lang='lat' dir='ltr'><strong>negligens</strong></span> <span class='ocrx_word' id='word_1_620' title='bbox 1138 1776 1169 1801; x_wconf 92' lang='lat' dir='ltr'><strong>ut</strong></span> <span class='ocrx_word' id='word_1_621' title='bbox 1185 1773 1292 1801; x_wconf 70' lang='lat' dir='ltr'><strong>cmlesti</strong></span> <span class='ocrx_word' id='word_1_622' title='bbox 1309 1781 1406 1801; x_wconf 89' lang='lat' dir='ltr'><strong>amore</strong></span> <span class='ocrx_word' id='word_1_623' title='bbox 1422 1774 1600 1809; x_wconf 82' lang='lat' dir='ltr'><strong>perfruatur,</strong></span> <span class='ocrx_word' id='word_1_624' title='bbox 1613 1781 1712 1801; x_wconf 91' lang='lat' dir='ltr'><strong>muros</strong></span> <span class='ocrx_word' id='word_1_625' title='bbox 1725 1781 1797 1800; x_wconf 90' lang='lat' dir='ltr'><strong>cou-</strong></span> 
     </span>
    </p>
   </div>
   <div class='ocr_carea' id='block_1_85' title="bbox 970 1818 1797 1854">
    <p class='ocr_par' dir='ltr' id='par_1_85' title="bbox 970 1818 1797 1854">
     <span class='ocr_line' id='line_1_85' title="bbox 970 1818 1797 1854; baseline -0.001 -9"><span class='ocrx_word' id='word_1_626' title='bbox 970 1818 1179 1854; x_wconf 81' lang='lat' dir='ltr'><strong>sanguinitatis</strong></span> <span class='ocrx_word' id='word_1_627' title='bbox 1190 1820 1219 1845; x_wconf 90' lang='lat' dir='ltr'><strong>et</strong></span> <span class='ocrx_word' id='word_1_628' title='bbox 1229 1820 1345 1854; x_wconf 84' lang='lat' dir='ltr'><strong>patrum</strong></span> <span class='ocrx_word' id='word_1_629' title='bbox 1355 1818 1497 1850; x_wconf 88' lang='lat' dir='ltr'><strong>domos,et</strong></span> <span class='ocrx_word' id='word_1_630' title='bbox 1509 1818 1693 1852; x_wconf 87' lang='lat' dir='ltr'><strong>interiectum</strong></span> <span class='ocrx_word' id='word_1_631' title='bbox 1711 1825 1797 1844; x_wconf 90' lang='lat' dir='ltr'><strong>mun-</strong></span> 
     </span>
    </p>
   </div>
   <div class='ocr_carea' id='block_1_86' title="bbox 971 1861 1798 1897">
    <p class='ocr_par' dir='ltr' id='par_1_86' title="bbox 971 1861 1798 1897">
     <span class='ocr_line' id='line_1_86' title="bbox 971 1861 1798 1897; baseline 0 -7"><span class='ocrx_word' id='word_1_632' title='bbox 971 1862 1041 1890; x_wconf 90' lang='lat' dir='ltr'><strong>dum</strong></span> <span class='ocrx_word' id='word_1_633' title='bbox 1057 1862 1216 1895; x_wconf 87' lang='lat' dir='ltr'><strong>transilire,</strong></span> <span class='ocrx_word' id='word_1_634' title='bbox 1229 1865 1258 1889; x_wconf 88' lang='lat' dir='ltr'><strong>et</strong></span> <span class='ocrx_word' id='word_1_635' title='bbox 1281 1862 1310 1889; x_wconf 91' lang='lat' dir='ltr'><strong>in</strong></span> <span class='ocrx_word' id='word_1_636' title='bbox 1334 1870 1419 1889; x_wconf 86' lang='lat' dir='ltr'><strong>enses</strong></span> <span class='ocrx_word' id='word_1_637' title='bbox 1435 1861 1579 1897; x_wconf 83' lang='lat' dir='ltr'><strong>martyrii,</strong></span> <span class='ocrx_word' id='word_1_638' title='bbox 1595 1861 1619 1889; x_wconf 89' lang='lat' dir='ltr'><strong>si</strong></span> <span class='ocrx_word' id='word_1_639' title='bbox 1637 1869 1668 1889; x_wconf 90' lang='lat' dir='ltr'><strong>se</strong></span> <span class='ocrx_word' id='word_1_640' title='bbox 1683 1861 1798 1890; x_wconf 81' lang='lat' dir='ltr'><strong>dederit</strong></span> 
     </span>
    </p>
   </div>
   <div class='ocr_carea' id='block_1_87' title="bbox 970 1905 1797 1941">
    <p class='ocr_par' dir='ltr' id='par_1_87' title="bbox 970 1905 1797 1941">
     <span class='ocr_line' id='line_1_87' title="bbox 970 1905 1797 1941; baseline -0.002 -6"><span class='ocrx_word' id='word_1_641' title='bbox 970 1907 1094 1940; x_wconf 87' lang='lat' dir='ltr'><strong>occasio,</strong></span> <span class='ocrx_word' id='word_1_642' title='bbox 1107 1907 1228 1940; x_wconf 86' lang='lat' dir='ltr'><strong>irruere;</strong></span> <span class='ocrx_word' id='word_1_643' title='bbox 1242 1909 1270 1934; x_wconf 87' lang='lat' dir='ltr'><strong>et</strong></span> <span class='ocrx_word' id='word_1_644' title='bbox 1282 1907 1305 1934; x_wconf 86' lang='lat' dir='ltr'><strong>si</strong></span> <span class='ocrx_word' id='word_1_645' title='bbox 1322 1907 1352 1934; x_wconf 89' lang='lat' dir='ltr'><strong>in</strong></span> <span class='ocrx_word' id='word_1_646' title='bbox 1364 1906 1448 1934; x_wconf 88' lang='lat' dir='ltr'><strong>solito</strong></span> <span class='ocrx_word' id='word_1_647' title='bbox 1462 1907 1569 1941; x_wconf 73' lang='lat' dir='ltr'><strong>degens</strong></span> <span class='ocrx_word' id='word_1_648' title='bbox 1585 1905 1698 1940; x_wconf 89' lang='lat' dir='ltr'><strong>habitu,</strong></span> <span class='ocrx_word' id='word_1_649' title='bbox 1714 1914 1797 1933; x_wconf 92' lang='lat' dir='ltr'><strong>com-</strong></span> 
     </span>
    </p>
   </div>
   <div class='ocr_carea' id='block_1_88' title="bbox 971 1949 1798 1986">
    <p class='ocr_par' dir='ltr' id='par_1_88' title="bbox 971 1949 1798 1986">
     <span class='ocr_line' id='line_1_88' title="bbox 971 1949 1798 1986; baseline -0.001 -8"><span class='ocrx_word' id='word_1_650' title='bbox 971 1960 1023 1986; x_wconf 89' lang='lat' dir='ltr'><strong>pos</strong></span> <span class='ocrx_word' id='word_1_651' title='bbox 1039 1951 1148 1978; x_wconf 85' lang='lat' dir='ltr'><strong>amoris</strong></span> <span class='ocrx_word' id='word_1_652' title='bbox 1164 1959 1221 1978; x_wconf 90' lang='lat' dir='ltr'><strong>non</strong></span> <span class='ocrx_word' id='word_1_653' title='bbox 1237 1953 1276 1978; x_wconf 87' lang='lat' dir='ltr'><strong>sit</strong></span> <span class='ocrx_word' id='word_1_654' title='bbox 1295 1950 1422 1984; x_wconf 85' lang='lat' dir='ltr'><strong>futurus,</strong></span> <span class='ocrx_word' id='word_1_655' title='bbox 1443 1958 1603 1986; x_wconf 88' lang='lat' dir='ltr'><strong>pauperum</strong></span> <span class='ocrx_word' id='word_1_656' title='bbox 1619 1950 1696 1978; x_wconf 72' lang='lat'><strong>042</strong></span> <span class='ocrx_word' id='word_1_657' title='bbox 1712 1949 1798 1977; x_wconf 87' lang='lat' dir='ltr'><strong>habi-</strong></span> 
     </span>
    </p>
   </div>
   <div class='ocr_carea' id='block_1_89' title="bbox 970 1994 1797 2030">
    <p class='ocr_par' dir='ltr' id='par_1_89' title="bbox 970 1994 1797 2030">
     <span class='ocr_line' id='line_1_89' title="bbox 970 1994 1797 2030; baseline -0.001 -7"><span class='ocrx_word' id='word_1_658' title='bbox 970 1999 1033 2023; x_wconf 89' lang='lat' dir='ltr'><strong>tum</strong></span> <span class='ocrx_word' id='word_1_659' title='bbox 1049 1997 1078 2022; x_wconf 88' lang='lat' dir='ltr'><strong>et</strong></span> <span class='ocrx_word' id='word_1_660' title='bbox 1088 1995 1175 2022; x_wconf 90' lang='lat' dir='ltr'><strong>vitam</strong></span> <span class='ocrx_word' id='word_1_661' title='bbox 1190 1994 1323 2030; x_wconf 90' lang='lat' dir='ltr'><strong>pluribus</strong></span> <span class='ocrx_word' id='word_1_662' title='bbox 1337 1995 1509 2030; x_wconf 87' lang='lat' dir='ltr'><strong>probrosam</strong></span> <span class='ocrx_word' id='word_1_663' title='bbox 1527 1995 1650 2022; x_wconf 88' lang='lat' dir='ltr'><strong>libenter</strong></span> <span class='ocrx_word' id='word_1_664' title='bbox 1660 1995 1797 2030; x_wconf 80' lang='lat' dir='ltr'><strong>perferre,</strong></span> 
     </span>
    </p>
   </div>
   <div class='ocr_carea' id='block_1_90' title="bbox 972 2038 1798 2074">
    <p class='ocr_par' dir='ltr' id='par_1_90' title="bbox 972 2038 1798 2074">
     <span class='ocr_line' id='line_1_90' title="bbox 972 2038 1798 2074; baseline -0.001 -7"><span class='ocrx_word' id='word_1_665' title='bbox 972 2042 1004 2067; x_wconf 91' lang='lat' dir='ltr'><strong>ut</strong></span> <span class='ocrx_word' id='word_1_666' title='bbox 1019 2039 1130 2072; x_wconf 83' lang='lat' dir='ltr'><strong>divina;</strong></span> <span class='ocrx_word' id='word_1_667' title='bbox 1149 2042 1180 2066; x_wconf 94' lang='lat' dir='ltr'><strong>ut</strong></span> <span class='ocrx_word' id='word_1_668' title='bbox 1195 2039 1235 2066; x_wconf 89' lang='lat' dir='ltr'><strong>ita</strong></span> <span class='ocrx_word' id='word_1_669' title='bbox 1245 2039 1352 2073; x_wconf 86' lang='lat' dir='ltr'><strong>dicam,</strong></span> <span class='ocrx_word' id='word_1_670' title='bbox 1365 2039 1479 2066; x_wconf 89' lang='lat' dir='ltr'><strong>insania</strong></span> <span class='ocrx_word' id='word_1_671' title='bbox 1494 2038 1626 2074; x_wconf 83' lang='lat' dir='ltr'><strong>legitime</strong></span> <span class='ocrx_word' id='word_1_672' title='bbox 1638 2039 1672 2066; x_wconf 87' lang='lat' dir='ltr'><strong>ad</strong></span> <span class='ocrx_word' id='word_1_673' title='bbox 1687 2039 1798 2066; x_wconf 84' lang='lat' dir='ltr'><strong>bonum</strong></span> 
     </span>
    </p>
   </div>
   <div class='ocr_carea' id='block_1_91' title="bbox 972 2082 1799 2119">
    <p class='ocr_par' dir='ltr' id='par_1_91' title="bbox 972 2082 1799 2119">
     <span class='ocr_line' id='line_1_91' title="bbox 972 2082 1799 2119; baseline -0.004 -8"><span class='ocrx_word' id='word_1_674' title='bbox 972 2084 1209 2119; x_wconf 84' lang='lat' dir='ltr'><strong>consequendum</strong></span> <span class='ocrx_word' id='word_1_675' title='bbox 1235 2086 1394 2117; x_wconf 86' lang='lat' dir='ltr'><strong>correptus,</strong></span> <span class='ocrx_word' id='word_1_676' title='bbox 1414 2086 1556 2118; x_wconf 85' lang='lat' dir='ltr'><strong>quantum</strong></span> <span class='ocrx_word' id='word_1_677' title='bbox 1583 2082 1673 2118; x_wconf 84' lang='lat' dir='ltr'><strong>cupit,</strong></span> <span class='ocrx_word' id='word_1_678' title='bbox 1689 2090 1722 2109; x_wconf 89' lang='lat' dir='ltr'><strong>eo</strong></span> <span class='ocrx_word' id='word_1_679' title='bbox 1747 2082 1799 2118; x_wconf 87' lang='lat' dir='ltr'><strong>qui</strong></span> 
     </span>
    </p>
   </div>
   <div class='ocr_carea' id='block_1_92' title="bbox 972 2126 1799 2163">
    <p class='ocr_par' dir='ltr' id='par_1_92' title="bbox 972 2126 1799 2163">
     <span class='ocr_line' id='line_1_92' title="bbox 972 2126 1799 2163; baseline -0.004 -7"><span class='ocrx_word' id='word_1_680' title='bbox 972 2137 1038 2157; x_wconf 89' lang='lat' dir='ltr'><strong>vere</strong></span> <span class='ocrx_word' id='word_1_681' title='bbox 1053 2127 1190 2155; x_wconf 85' lang='lat' dir='ltr'><strong>amabilis</strong></span> <span class='ocrx_word' id='word_1_682' title='bbox 1215 2129 1269 2160; x_wconf 89' lang='lat' dir='ltr'><strong>est,</strong></span> <span class='ocrx_word' id='word_1_683' title='bbox 1286 2128 1462 2163; x_wconf 85' lang='lat' dir='ltr'><strong>perfruatur.</strong></span> <span class='ocrx_word' id='word_1_684' title='bbox 1479 2126 1562 2154; x_wconf 89' lang='lat' dir='ltr'><strong>Hunc</strong></span> <span class='ocrx_word' id='word_1_685' title='bbox 1586 2130 1744 2154; x_wconf 84' lang='lat' dir='ltr'><strong>amatorem</strong></span> <span class='ocrx_word' id='word_1_686' title='bbox 1762 2126 1799 2153; x_wconf 89' lang='lat' dir='ltr'><strong>ad</strong></span> 
     </span>
    </p>
   </div>
   <div class='ocr_carea' id='block_1_93' title="bbox 974 2171 1799 2204">
    <p class='ocr_par' dir='ltr' id='par_1_93' title="bbox 974 2171 1799 2204">
     <span class='ocr_line' id='line_1_93' title="bbox 974 2171 1799 2204; baseline -0.004 -3"><span class='ocrx_word' id='word_1_687' title='bbox 974 2183 1005 2202; x_wconf 92' lang='lat' dir='ltr'><strong>se</strong></span> <span class='ocrx_word' id='word_1_688' title='bbox 1019 2182 1054 2201; x_wconf 83' lang='lat' dir='ltr'><strong>ex</strong></span> <span class='ocrx_word' id='word_1_689' title='bbox 1070 2173 1192 2200; x_wconf 89' lang='lat' dir='ltr'><strong>terrenis</strong></span> <span class='ocrx_word' id='word_1_690' title='bbox 1208 2173 1422 2204; x_wconf 70' lang='lat' dir='ltr'><strong>affectionibus,</strong></span> <span class='ocrx_word' id='word_1_691' title='bbox 1435 2180 1573 2199; x_wconf 84' lang='lat' dir='ltr'><strong>revocans</strong></span> <span class='ocrx_word' id='word_1_692' title='bbox 1589 2174 1705 2199; x_wconf 85' lang='lat' dir='ltr'><strong>amatus</strong></span> <span class='ocrx_word' id='word_1_693' title='bbox 1720 2171 1799 2199; x_wconf 90' lang='lat' dir='ltr'><strong>dice-</strong></span> 
     </span>
    </p>
   </div>
   <div class='ocr_carea' id='block_1_94' title="bbox 974 2215 1801 2250">
    <p class='ocr_par' dir='ltr' id='par_1_94' title="bbox 974 2215 1801 2250">
     <span class='ocr_line' id='line_1_94' title="bbox 974 2215 1801 2250; baseline -0.002 -5"><span class='ocrx_word' id='word_1_694' title='bbox 974 2218 1023 2245; x_wconf 88' lang='lat' dir='ltr'><strong>bat</strong></span> <span class='ocrx_word' id='word_1_695' title='bbox 1039 2225 1046 2244; x_wconf 87' lang='lat'><strong>:</strong></span> <span class='ocrx_word' id='word_1_696' title='bbox 1063 2218 1116 2244; x_wconf 70' lang='lat' dir='ltr'><strong>Exi</strong></span> <span class='ocrx_word' id='word_1_697' title='bbox 1134 2217 1167 2244; x_wconf 74' lang='lat' dir='ltr'><strong>de</strong></span> <span class='ocrx_word' id='word_1_698' title='bbox 1187 2221 1264 2244; x_wconf 80' lang='lat' dir='ltr'><strong>terra</strong></span> <span class='ocrx_word' id='word_1_699' title='bbox 1289 2221 1346 2250; x_wconf 77' lang='lat' dir='ltr'><strong>tua,</strong></span> <span class='ocrx_word' id='word_1_700' title='bbox 1362 2219 1387 2244; x_wconf 74' lang='lat' dir='ltr'><strong>et</strong></span> <span class='ocrx_word' id='word_1_701' title='bbox 1411 2216 1443 2243; x_wconf 77' lang='lat' dir='ltr'><strong>de</strong></span> <span class='ocrx_word' id='word_1_702' title='bbox 1466 2216 1628 2250; x_wconf 80' lang='lat' dir='ltr'><strong>cognatione</strong></span> <span class='ocrx_word' id='word_1_703' title='bbox 1654 2217 1712 2248; x_wconf 85' lang='lat' dir='ltr'><strong>tua,</strong></span> <span class='ocrx_word' id='word_1_704' title='bbox 1727 2217 1753 2244; x_wconf 79' lang='lat' dir='ltr'><strong>et</strong></span> <span class='ocrx_word' id='word_1_705' title='bbox 1767 2215 1801 2243; x_wconf 73' lang='lat' dir='ltr'><strong>de</strong></span> 
     </span>
    </p>
   </div>
   <div class='ocr_carea' id='block_1_95' title="bbox 974 2262 1801 2297">
    <p class='ocr_par' dir='ltr' id='par_1_95' title="bbox 974 2262 1801 2297">
     <span class='ocr_line' id='line_1_95' title="bbox 974 2262 1801 2297; baseline -0.001 -8"><span class='ocrx_word' id='word_1_706' title='bbox 974 2262 1055 2289; x_wconf 84' lang='lat' dir='ltr'><strong>domo</strong></span> <span class='ocrx_word' id='word_1_707' title='bbox 1068 2262 1156 2297; x_wconf 78' lang='lat' dir='ltr'><strong>patris</strong></span> <span class='ocrx_word' id='word_1_708' title='bbox 1170 2262 1223 2296; x_wconf 81' lang='lat' dir='ltr'><strong>tui,</strong></span> <span class='ocrx_word' id='word_1_709' title='bbox 1239 2265 1264 2289; x_wconf 75' lang='lat' dir='ltr'><strong>et</strong></span> <span class='ocrx_word' id='word_1_710' title='bbox 1287 2262 1350 2289; x_wconf 79' lang='lat' dir='ltr'><strong>veni</strong></span> <span class='ocrx_word' id='word_1_711' title='bbox 1374 2262 1401 2288; x_wconf 83' lang='lat' dir='ltr'><strong>in</strong></span> <span class='ocrx_word' id='word_1_712' title='bbox 1426 2266 1540 2294; x_wconf 75' lang='lat' dir='ltr'><strong>terram,</strong></span> <span class='ocrx_word' id='word_1_713' title='bbox 1556 2269 1638 2296; x_wconf 84' lang='lat' dir='ltr'><strong>quam</strong></span> <span class='ocrx_word' id='word_1_714' title='bbox 1661 2262 1801 2288; x_wconf 78' lang='lat' dir='ltr'><strong>monstra-</strong></span> 
     </span>
    </p>
   </div>
   <div class='ocr_carea' id='block_1_96' title="bbox 101 2300 917 2341">
    <p class='ocr_par' dir='ltr' id='par_1_96' title="bbox 101 2300 917 2340">
     <span class='ocr_line' id='line_1_96' title="bbox 101 2300 917 2340; baseline -0.001 -14"><span class='ocrx_word' id='word_1_715' title='bbox 101 2300 161 2327; x_wconf 77' lang='grc' dir='ltr'>κατὰ</span> <span class='ocrx_word' id='word_1_716' title='bbox 182 2302 231 2338; x_wconf 78' lang='grc' dir='ltr'><strong>γῆν</strong></span> <span class='ocrx_word' id='word_1_717' title='bbox 260 2302 352 2328; x_wconf 80' lang='grc' dir='ltr'>παθῶν</span> <span class='ocrx_word' id='word_1_718' title='bbox 380 2300 521 2329; x_wconf 80' lang='grc' dir='ltr'>ἀνακαλῶν</span> <span class='ocrx_word' id='word_1_719' title='bbox 545 2303 558 2329; x_wconf 80' lang='grc' dir='ltr'><strong>ὁ</strong></span> <span class='ocrx_word' id='word_1_720' title='bbox 585 2301 721 2340; x_wconf 70' lang='grc' dir='ltr'>ἆρώμενος</span> <span class='ocrx_word' id='word_1_721' title='bbox 745 2300 843 2340; x_wconf 72' lang='grc' dir='ltr'>ἔλεγεν*</span> <span class='ocrx_word' id='word_1_722' title='bbox 859 2303 917 2338; x_wconf 81' lang='grc' dir='ltr'><strong>Ἐξ.</strong></span> 
     </span>
    </p>
   </div>
   <div class='ocr_carea' id='block_1_97' title="bbox 973 2300 1801 2341">
    <p class='ocr_par' dir='ltr' id='par_1_97' title="bbox 973 2305 1801 2341">
     <span class='ocr_line' id='line_1_97' title="bbox 973 2305 1801 2341; baseline 0 -8"><span class='ocrx_word' id='word_1_723' title='bbox 973 2314 1034 2334; x_wconf 75' lang='lat' dir='ltr'><strong>vero</strong></span> <span class='ocrx_word' id='word_1_724' title='bbox 1047 2306 1102 2333; x_wconf 77' lang='lat' dir='ltr'><strong>(ibi</strong></span> <span class='ocrx_word' id='word_1_725' title='bbox 1111 2306 1145 2334; x_wconf 74' lang='lat'><strong>“.</strong></span> <span class='ocrx_word' id='word_1_726' title='bbox 1157 2305 1206 2334; x_wconf 89' lang='lat' dir='ltr'><strong>llle</strong></span> <span class='ocrx_word' id='word_1_727' title='bbox 1218 2309 1329 2341; x_wconf 88' lang='lat' dir='ltr'><strong>autem,</strong></span> <span class='ocrx_word' id='word_1_728' title='bbox 1339 2308 1370 2332; x_wconf 93' lang='lat' dir='ltr'><strong>ut</strong></span> <span class='ocrx_word' id='word_1_729' title='bbox 1379 2307 1438 2341; x_wconf 87' lang='lat' dir='ltr'><strong>jam</strong></span> <span class='ocrx_word' id='word_1_730' title='bbox 1452 2305 1554 2333; x_wconf 86' lang='lat' dir='ltr'><strong>videns</strong></span> <span class='ocrx_word' id='word_1_731' title='bbox 1566 2306 1642 2341; x_wconf 85' lang='lat' dir='ltr'><strong>quod</strong></span> <span class='ocrx_word' id='word_1_732' title='bbox 1654 2305 1801 2333; x_wconf 87' lang='lat' dir='ltr'><strong>desidera-</strong></span> 
     </span>
    </p>
   </div>
   <div class='ocr_carea' id='block_1_98' title="bbox 103 2342 918 2385">
    <p class='ocr_par' dir='ltr' id='par_1_98' title="bbox 103 2342 918 2385">
     <span class='ocr_line' id='line_1_98' title="bbox 103 2342 918 2385; baseline 0.005 -14"><span class='ocrx_word' id='word_1_733' title='bbox 103 2342 158 2376; x_wconf 68' lang='grc' dir='ltr'>ιλθι</span> <span class='ocrx_word' id='word_1_734' title='bbox 186 2345 216 2372; x_wconf 68' lang='grc' dir='ltr'>ἐκ</span> <span class='ocrx_word' id='word_1_735' title='bbox 241 2349 292 2380; x_wconf 85' lang='grc' dir='ltr'><strong>τῆς</strong></span> <span class='ocrx_word' id='word_1_736' title='bbox 320 2347 372 2383; x_wconf 78' lang='grc' dir='ltr'><strong>γῆς</strong></span> <span class='ocrx_word' id='word_1_737' title='bbox 401 2356 462 2382; x_wconf 85' lang='grc' dir='ltr'>σου,</span> <span class='ocrx_word' id='word_1_738' title='bbox 490 2346 534 2374; x_wconf 86' lang='grc' dir='ltr'><strong>καὶ</strong></span> <span class='ocrx_word' id='word_1_739' title='bbox 558 2347 588 2374; x_wconf 73' lang='grc' dir='ltr'>ἐκ</span> <span class='ocrx_word' id='word_1_740' title='bbox 601 2349 650 2379; x_wconf 83' lang='grc' dir='ltr'><strong>τῆς</strong></span> <span class='ocrx_word' id='word_1_741' title='bbox 680 2347 834 2385; x_wconf 84' lang='grc' dir='ltr'>συγγενείας</span> <span class='ocrx_word' id='word_1_742' title='bbox 860 2358 918 2382; x_wconf 88' lang='grc' dir='ltr'>σου,</span> 
     </span>
    </p>
   </div>
   <div class='ocr_carea' id='block_1_99' title="bbox 102 2388 920 2431">
    <p class='ocr_par' dir='ltr' id='par_1_99' title="bbox 102 2388 920 2431">
     <span class='ocr_line' id='line_1_99' title="bbox 102 2388 920 2431; baseline 0.007 -16"><span class='ocrx_word' id='word_1_743' title='bbox 102 2388 141 2415; x_wconf 72' lang='grc' dir='ltr'><strong>καὶ</strong></span> <span class='ocrx_word' id='word_1_744' title='bbox 167 2389 197 2418; x_wconf 71' lang='grc' dir='ltr'>ἐκ</span> <span class='ocrx_word' id='word_1_745' title='bbox 223 2392 274 2418; x_wconf 77' lang='grc' dir='ltr'><strong>τοῦ</strong></span> <span class='ocrx_word' id='word_1_746' title='bbox 303 2390 380 2418; x_wconf 70' lang='grc' dir='ltr'>οἴκου</span> <span class='ocrx_word' id='word_1_747' title='bbox 408 2393 456 2419; x_wconf 73' lang='grc' dir='ltr'><strong>τοῦ</strong></span> <span class='ocrx_word' id='word_1_748' title='bbox 485 2392 586 2429; x_wconf 87' lang='grc' dir='ltr'>πατρός</span> <span class='ocrx_word' id='word_1_749' title='bbox 613 2403 673 2428; x_wconf 86' lang='grc' dir='ltr'>σου,</span> <span class='ocrx_word' id='word_1_750' title='bbox 701 2394 745 2420; x_wconf 81' lang='grc' dir='ltr'><strong>καὶ</strong></span> <span class='ocrx_word' id='word_1_751' title='bbox 774 2392 851 2431; x_wconf 80' lang='grc' dir='ltr'>δεῦρο</span> <span class='ocrx_word' id='word_1_752' title='bbox 882 2393 920 2425; x_wconf 78' lang='grc' dir='ltr'><strong>εἰς</strong></span> 
     </span>
    </p>
   </div>
   <div class='ocr_carea' id='block_1_100' title="bbox 102 2434 919 2472">
    <p class='ocr_par' dir='ltr' id='par_1_100' title="bbox 102 2434 919 2472">
     <span class='ocr_line' id='line_1_100' title="bbox 102 2434 919 2472; baseline 0.006 -13"><span class='ocrx_word' id='word_1_753' title='bbox 102 2435 146 2468; x_wconf 85' lang='grc' dir='ltr'><strong>γῆν</strong></span> <span class='ocrx_word' id='word_1_754' title='bbox 172 2435 202 2468; x_wconf 83' lang='grc' dir='ltr'>ἢν</span> <span class='ocrx_word' id='word_1_755' title='bbox 235 2434 265 2462; x_wconf 72' lang='grc' dir='ltr'><strong>ἂν</strong></span> <span class='ocrx_word' id='word_1_756' title='bbox 292 2445 334 2462; x_wconf 88' lang='grc' dir='ltr'><strong>σοι</strong></span> <span class='ocrx_word' id='word_1_757' title='bbox 355 2434 445 2471; x_wconf 75' lang='grc' dir='ltr'>δείξω.</span> <span class='ocrx_word' id='word_1_758' title='bbox 469 2436 499 2464; x_wconf 94' lang='grc' dir='ltr'>Ὁ</span> <span class='ocrx_word' id='word_1_759' title='bbox 528 2434 567 2472; x_wconf 66' lang='grc' dir='ltr'>δὲ,</span> <span class='ocrx_word' id='word_1_760' title='bbox 597 2436 636 2467; x_wconf 88' lang='grc' dir='ltr'>ὠς</span> <span class='ocrx_word' id='word_1_761' title='bbox 662 2436 690 2463; x_wconf 76' lang='grc' dir='ltr'>ἂν</span> <span class='ocrx_word' id='word_1_762' title='bbox 707 2437 721 2463; x_wconf 72' lang='grc' dir='ltr'>ὃ</span> <span class='ocrx_word' id='word_1_763' title='bbox 737 2436 827 2464; x_wconf 74' lang='grc' dir='ltr'>ἐπόθει</span> <span class='ocrx_word' id='word_1_764' title='bbox 843 2436 919 2472; x_wconf 76' lang='grc' dir='ltr'>ἰδὼν,</span> 
     </span>
    </p>
   </div>
   <div class='ocr_carea' id='block_1_101' title="bbox 101 2478 922 2519">
    <p class='ocr_par' dir='ltr' id='par_1_101' title="bbox 101 2478 922 2519">
     <span class='ocr_line' id='line_1_101' title="bbox 101 2478 922 2519; baseline 0.005 -14"><span class='ocrx_word' id='word_1_765' title='bbox 101 2478 259 2516; x_wconf 75' lang='grc' dir='ltr'>προθύμως,</span> <span class='ocrx_word' id='word_1_766' title='bbox 274 2490 303 2507; x_wconf 78' lang='grc' dir='ltr'><strong>τε</strong></span> <span class='ocrx_word' id='word_1_767' title='bbox 329 2479 430 2517; x_wconf 76' lang='grc' dir='ltr'>εἵπετο,</span> <span class='ocrx_word' id='word_1_768' title='bbox 449 2480 494 2508; x_wconf 80' lang='grc' dir='ltr'><strong>καὶ</strong></span> <span class='ocrx_word' id='word_1_769' title='bbox 510 2480 651 2516; x_wconf 73' lang='grc' dir='ltr'>ἀλητεύειν</span> <span class='ocrx_word' id='word_1_770' title='bbox 666 2479 744 2508; x_wconf 61' lang='grc' dir='ltr'>ἕνεκα</span> <span class='ocrx_word' id='word_1_771' title='bbox 758 2483 806 2509; x_wconf 80' lang='grc' dir='ltr'><strong>τοῦ</strong></span> <span class='ocrx_word' id='word_1_772' title='bbox 821 2479 922 2519; x_wconf 77' lang='grc' dir='ltr'>ἔρωτος</span> 
     </span>
    </p>
   </div>
   <div class='ocr_carea' id='block_1_102' title="bbox 131 2558 350 2596">
    <p class='ocr_par' dir='ltr' id='par_1_102' title="bbox 131 2558 350 2596">
     <span class='ocr_line' id='line_1_102' title="bbox 131 2558 350 2596; baseline 0.005 -7"><span class='ocrx_word' id='word_1_773' title='bbox 131 2558 154 2578; x_wconf 83' lang='grc'>⁸²</span> <span class='ocrx_word' id='word_1_774' title='bbox 168 2559 239 2589; x_wconf 81' lang='lat' dir='ltr'><strong>Gen.</strong></span> <span class='ocrx_word' id='word_1_775' title='bbox 254 2569 307 2596; x_wconf 80' lang='lat' dir='ltr'><strong>nl,</strong></span> <span class='ocrx_word' id='word_1_776' title='bbox 322 2561 350 2590; x_wconf 92' lang='grc'><strong>1.</strong></span> 
     </span>
    </p>
   </div>
   <div class='ocr_carea' id='block_1_103' title="bbox 134 2638 922 2682">
    <p class='ocr_par' dir='ltr' id='par_1_103' title="bbox 134 2638 922 2682">
     <span class='ocr_line' id='line_1_103' title="bbox 134 2638 922 2682; baseline 0.009 -16"><span class='ocrx_word' id='word_1_777' title='bbox 134 2638 169 2675; x_wconf 76' lang='grc' dir='ltr'><strong>(ὃ)</strong></span> <span class='ocrx_word' id='word_1_778' title='bbox 183 2638 222 2667; x_wconf 74' lang='grc' dir='ltr'><strong>τὰ</strong></span> <span class='ocrx_word' id='word_1_779' title='bbox 239 2639 633 2682; x_wconf 32' lang='grc' dir='ltr'>,μετεωρίζονταεηᾉάσχολίφ</span> <span class='ocrx_word' id='word_1_780' title='bbox 650 2643 731 2672; x_wconf 83' lang='lat' dir='ltr'><strong>Unus</strong></span> <span class='ocrx_word' id='word_1_781' title='bbox 757 2653 792 2673; x_wconf 78' lang='lat' dir='ltr'><strong>ex</strong></span> <span class='ocrx_word' id='word_1_782' title='bbox 815 2643 922 2682; x_wconf 78' lang='lat' dir='ltr'><strong>Regiis,</strong></span> 
     </span>
    </p>
   </div>
   <div class='ocr_carea' id='block_1_104' title="bbox 104 2670 504 2712">
    <p class='ocr_par' dir='ltr' id='par_1_104' title="bbox 104 2670 504 2712">
     <span class='ocr_line' id='line_1_104' title="bbox 104 2670 504 2712; baseline 0.015 -12"><span class='ocrx_word' id='word_1_783' title='bbox 104 2670 118 2700; x_wconf 67' lang='grc' dir='ltr'><strong><em>ἄ</em></strong></span> <span class='ocrx_word' id='word_1_784' title='bbox 133 2670 348 2712; x_wconf 55' lang='grc' dir='ltr'>μέτιωρίζονταί.</span> <span class='ocrx_word' id='word_1_785' title='bbox 355 2699 361 2707; x_wconf 91' lang='grc'><strong>.</strong></span> <span class='ocrx_word' id='word_1_786' title='bbox 370 2670 504 2712; x_wconf 48' lang='grc' dir='ltr'>ἀσχολεῖ.</span> 
     </span>
    </p>
   </div>
   <div class='ocr_carea' id='block_1_105' title="bbox 135 2711 925 2758">
    <p class='ocr_par' dir='ltr' id='par_1_105' title="bbox 135 2711 925 2758">
     <span class='ocr_line' id='line_1_105' title="bbox 135 2711 925 2758; baseline 0.009 -20"><span class='ocrx_word' id='word_1_787' title='bbox 135 2711 170 2758; x_wconf 60' lang='grc' dir='ltr'><strong>ςζ)</strong></span> <span class='ocrx_word' id='word_1_788' title='bbox 187 2711 302 2758; x_wconf 61' lang='grc' dir='ltr'>Ἐνδείᾳ.</span> <span class='ocrx_word' id='word_1_789' title='bbox 319 2711 625 2758; x_wconf 62' lang='lat' dir='ltr'><strong>E_diti,&#39;lvvotq,&quot;qpod</strong></span> <span class='ocrx_word' id='word_1_790' title='bbox 646 2718 775 2758; x_wconf 68' lang='lat' dir='ltr'><strong>erratum</strong></span> <span class='ocrx_word' id='word_1_791' title='bbox 801 2717 925 2758; x_wconf 53' lang='lat' dir='ltr'><strong>snustpli-</strong></span> 
     </span>
    </p>
   </div>
   <div class='ocr_carea' id='block_1_106' title="bbox 105 2751 923 2814">
    <p class='ocr_par' dir='ltr' id='par_1_106' title="bbox 105 2751 923 2814">
     <span class='ocr_line' id='line_1_106' title="bbox 105 2751 923 2809; baseline 0.005 -33"><span class='ocrx_word' id='word_1_792' title='bbox 105 2753 165 2809; x_wconf 63' lang='lat' dir='ltr'><strong>Eius</strong></span> <span class='ocrx_word' id='word_1_793' title='bbox 194 2757 250 2783; x_wconf 88' lang='lat' dir='ltr'><strong>ope</strong></span> <span class='ocrx_word' id='word_1_794' title='bbox 271 2753 402 2791; x_wconf 69' lang='lat' dir='ltr'><strong>quatuor</strong></span> <span class='ocrx_word' id='word_1_795' title='bbox 425 2760 496 2780; x_wconf 87' lang='lat' dir='ltr'><strong>mss.</strong></span> <span class='ocrx_word' id='word_1_796' title='bbox 518 2751 628 2779; x_wconf 88' lang='lat' dir='ltr'><strong>Ibidem</strong></span> <span class='ocrx_word' id='word_1_797' title='bbox 659 2753 740 2786; x_wconf 89' lang='lat' dir='ltr'><strong>editi,</strong></span> <span class='ocrx_word' id='word_1_798' title='bbox 762 2751 923 2791; x_wconf 77' lang='grc' dir='ltr'>τριϐομένη.</span> 
     </span>
     <span class='ocr_line' id='line_1_107' title="bbox 124 2782 506 2814; baseline 0.013 -5"><span class='ocrx_word' id='word_1_799' title='bbox 124 2782 193 2811; x_wconf 86' lang='lat' dir='ltr'><strong>odex</strong></span> <span class='ocrx_word' id='word_1_800' title='bbox 208 2784 326 2814; x_wconf 79' lang='lat' dir='ltr'><strong>Remus.</strong></span> <span class='ocrx_word' id='word_1_801' title='bbox 343 2783 506 2814; x_wconf 70' lang='grc' dir='ltr'>θλιὸομένη.</span> 
     </span>
    </p>
   </div>
   <div class='ocr_carea' id='block_1_107' title="bbox 137 2792 926 2859">
    <p class='ocr_par' dir='ltr' id='par_1_107' title="bbox 137 2792 926 2859">
     <span class='ocr_line' id='line_1_108' title="bbox 137 2792 506 2823; baseline 0.011 -13"><span class='ocrx_word' id='word_1_802' title='bbox 137 2792 193 2811; x_wconf 67' lang='grc' dir='ltr'>ιαθι</span> <span class='ocrx_word' id='word_1_803' title='bbox 208 2792 326 2820; x_wconf 78' lang='lat' dir='ltr'><strong>negius,</strong></span> <span class='ocrx_word' id='word_1_804' title='bbox 343 2792 506 2823; x_wconf 78' lang='grc' dir='ltr'>θλιῦομένη.</span> 
     </span>
     <span class='ocr_line' id='line_1_109' title="bbox 137 2816 926 2859; baseline 0.006 -14"><span class='ocrx_word' id='word_1_805' title='bbox 137 2816 178 2853; x_wconf 89' lang='grc'><strong>(8)</strong></span> <span class='ocrx_word' id='word_1_806' title='bbox 193 2820 360 2859; x_wconf 15' lang='grc' dir='ltr'>Διὰᾷπεῖραν,</span> <span class='ocrx_word' id='word_1_807' title='bbox 377 2824 457 2852; x_wconf 81' lang='lat' dir='ltr'><strong>Idem</strong></span> <span class='ocrx_word' id='word_1_808' title='bbox 473 2822 574 2856; x_wconf 83' lang='lat' dir='ltr'><strong>codex,</strong></span> <span class='ocrx_word' id='word_1_809' title='bbox 589 2831 647 2859; x_wconf 90' lang='lat' dir='ltr'><strong>quo</strong></span> <span class='ocrx_word' id='word_1_810' title='bbox 663 2831 739 2859; x_wconf 65' lang='lat' dir='ltr'><strong>saepe</strong></span> <span class='ocrx_word' id='word_1_811' title='bbox 755 2823 865 2852; x_wconf 88' lang='lat' dir='ltr'><strong>utiliter</strong></span> <span class='ocrx_word' id='word_1_812' title='bbox 880 2824 926 2852; x_wconf 88' lang='lat' dir='ltr'><strong>usi</strong></span> 
     </span>
    </p>
   </div>
   <div class='ocr_carea' id='block_1_108' title="bbox 108 2857 927 2896">
    <p class='ocr_par' dir='ltr' id='par_1_108' title="bbox 108 2857 927 2896">
     <span class='ocr_line' id='line_1_110' title="bbox 108 2857 927 2896; baseline 0.009 -15"><span class='ocrx_word' id='word_1_813' title='bbox 108 2860 218 2890; x_wconf 83' lang='lat' dir='ltr'><strong>sumus,</strong></span> <span class='ocrx_word' id='word_1_814' title='bbox 245 2857 322 2887; x_wconf 84' lang='lat' dir='ltr'><strong>hanc</strong></span> <span class='ocrx_word' id='word_1_815' title='bbox 349 2859 524 2896; x_wconf 84' lang='lat' dir='ltr'><strong>scripturam</strong></span> <span class='ocrx_word' id='word_1_816' title='bbox 552 2857 731 2895; x_wconf 75' lang='lat' dir='ltr'><strong>suppeditat,</strong></span> <span class='ocrx_word' id='word_1_817' title='bbox 747 2868 810 2896; x_wconf 78' lang='lat' dir='ltr'><strong>quae</strong></span> <span class='ocrx_word' id='word_1_818' title='bbox 835 2860 927 2888; x_wconf 84' lang='lat' dir='ltr'><strong>multo</strong></span> 
     </span>
    </p>
   </div>
   <div class='ocr_carea' id='block_1_109' title="bbox 974 2350 1802 2386">
    <p class='ocr_par' dir='ltr' id='par_1_109' title="bbox 974 2350 1802 2386">
     <span class='ocr_line' id='line_1_111' title="bbox 974 2350 1802 2386; baseline 0 -8"><span class='ocrx_word' id='word_1_819' title='bbox 974 2352 1034 2384; x_wconf 85' lang='lat' dir='ltr'><strong>bat,</strong></span> <span class='ocrx_word' id='word_1_820' title='bbox 1047 2353 1181 2386; x_wconf 88' lang='lat' dir='ltr'><strong>prompto</strong></span> <span class='ocrx_word' id='word_1_821' title='bbox 1197 2359 1230 2379; x_wconf 89' lang='lat' dir='ltr'><strong>ac</strong></span> <span class='ocrx_word' id='word_1_822' title='bbox 1246 2350 1348 2378; x_wconf 87' lang='lat' dir='ltr'><strong>libenti</strong></span> <span class='ocrx_word' id='word_1_823' title='bbox 1365 2350 1463 2378; x_wconf 89' lang='lat' dir='ltr'><strong>animo</strong></span> <span class='ocrx_word' id='word_1_824' title='bbox 1480 2351 1666 2386; x_wconf 82' lang='lat' dir='ltr'><strong>sequebatur,</strong></span> <span class='ocrx_word' id='word_1_825' title='bbox 1678 2353 1706 2378; x_wconf 89' lang='lat' dir='ltr'><strong>et</strong></span> <span class='ocrx_word' id='word_1_826' title='bbox 1720 2358 1802 2378; x_wconf 84' lang='lat' dir='ltr'><strong>erro-</strong></span> 
     </span>
    </p>
   </div>
   <div class='ocr_carea' id='block_1_110' title="bbox 976 2394 1801 2431">
    <p class='ocr_par' dir='ltr' id='par_1_110' title="bbox 976 2394 1801 2431">
     <span class='ocr_line' id='line_1_112' title="bbox 976 2394 1801 2431; baseline 0 -9"><span class='ocrx_word' id='word_1_827' title='bbox 976 2403 1022 2423; x_wconf 88' lang='lat' dir='ltr'><strong>res</strong></span> <span class='ocrx_word' id='word_1_828' title='bbox 1038 2403 1069 2422; x_wconf 91' lang='lat' dir='ltr'><strong>ac</strong></span> <span class='ocrx_word' id='word_1_829' title='bbox 1085 2395 1220 2422; x_wconf 85' lang='lat' dir='ltr'><strong>exsilium</strong></span> <span class='ocrx_word' id='word_1_830' title='bbox 1236 2395 1346 2423; x_wconf 84' lang='lat' dir='ltr'><strong>amoris</strong></span> <span class='ocrx_word' id='word_1_831' title='bbox 1367 2403 1456 2422; x_wconf 88' lang='lat' dir='ltr'><strong>causa</strong></span> <span class='ocrx_word' id='word_1_832' title='bbox 1479 2394 1601 2422; x_wconf 86' lang='lat' dir='ltr'><strong>libenter</strong></span> <span class='ocrx_word' id='word_1_833' title='bbox 1626 2395 1801 2431; x_wconf 81' lang='lat' dir='ltr'><strong>perferebat,</strong></span> 
     </span>
    </p>
   </div>
   <div class='ocr_carea' id='block_1_111' title="bbox 975 2439 1802 2476">
    <p class='ocr_par' dir='ltr' id='par_1_111' title="bbox 975 2439 1802 2476">
     <span class='ocr_line' id='line_1_113' title="bbox 975 2439 1802 2476; baseline 0 -9"><span class='ocrx_word' id='word_1_834' title='bbox 975 2439 1077 2467; x_wconf 86' lang='lat' dir='ltr'><strong>dicens</strong></span> <span class='ocrx_word' id='word_1_835' title='bbox 1087 2449 1094 2467; x_wconf 85' lang='lat'>:</span> <span class='ocrx_word' id='word_1_836' title='bbox 1105 2440 1172 2474; x_wconf 70' lang='lat' dir='ltr'><strong>Qui:</strong></span> <span class='ocrx_word' id='word_1_837' title='bbox 1187 2447 1235 2468; x_wconf 85' lang='lat' dir='ltr'><strong>nos</strong></span> <span class='ocrx_word' id='word_1_838' title='bbox 1246 2440 1386 2476; x_wconf 74' lang='lat' dir='ltr'><strong>separabit</strong></span> <span class='ocrx_word' id='word_1_839' title='bbox 1395 2448 1412 2467; x_wconf 81' lang='grc' dir='ltr'><strong>ιι</strong></span> <span class='ocrx_word' id='word_1_840' title='bbox 1426 2439 1561 2468; x_wconf 70' lang='lat' dir='ltr'><strong>cher-italo</strong></span> <span class='ocrx_word' id='word_1_841' title='bbox 1576 2440 1645 2468; x_wconf 71' lang='lat' dir='ltr'><strong>Dei?</strong></span> <span class='ocrx_word' id='word_1_842' title='bbox 1659 2448 1696 2467; x_wconf 81' lang='grc' dir='ltr'><strong>απ</strong></span> <span class='ocrx_word' id='word_1_843' title='bbox 1711 2440 1802 2468; x_wconf 74' lang='lat' dir='ltr'><strong>tribu-</strong></span> 
     </span>
    </p>
   </div>
   <div class='ocr_carea' id='block_1_112' title="bbox 976 2484 1803 2521">
    <p class='ocr_par' dir='ltr' id='par_1_112' title="bbox 976 2484 1803 2521">
     <span class='ocr_line' id='line_1_114' title="bbox 976 2484 1803 2521; baseline 0 -9"><span class='ocrx_word' id='word_1_844' title='bbox 976 2484 1055 2519; x_wconf 76' lang='lat' dir='ltr'><strong>latio,</strong></span> <span class='ocrx_word' id='word_1_845' title='bbox 1071 2492 1107 2512; x_wconf 83' lang='lat' dir='ltr'><strong>an</strong></span> <span class='ocrx_word' id='word_1_846' title='bbox 1122 2485 1259 2520; x_wconf 73' lang='lat' dir='ltr'><strong>angustia,</strong></span> <span class='ocrx_word' id='word_1_847' title='bbox 1285 2493 1322 2513; x_wconf 80' lang='lat' dir='ltr'><strong>an</strong></span> <span class='ocrx_word' id='word_1_848' title='bbox 1343 2485 1511 2521; x_wconf 75' lang='lat' dir='ltr'><strong>persecutio,</strong></span> <span class='ocrx_word' id='word_1_849' title='bbox 1527 2493 1564 2512; x_wconf 84' lang='lat' dir='ltr'><strong>an</strong></span> <span class='ocrx_word' id='word_1_850' title='bbox 1577 2485 1675 2520; x_wconf 66' lang='lat' dir='ltr'><strong>fames,</strong></span> <span class='ocrx_word' id='word_1_851' title='bbox 1691 2493 1727 2512; x_wconf 84' lang='lat' dir='ltr'><strong>an</strong></span> <span class='ocrx_word' id='word_1_852' title='bbox 1750 2492 1803 2513; x_wconf 80' lang='lat' dir='ltr'><strong>nu-</strong></span> 
     </span>
    </p>
   </div>
   <div class='ocr_carea' id='block_1_113' title="bbox 979 2642 1659 2683">
    <p class='ocr_par' dir='ltr' id='par_1_113' title="bbox 979 2642 1659 2683">
     <span class='ocr_line' id='line_1_115' title="bbox 979 2642 1659 2683; baseline -0.006 -9"><span class='ocrx_word' id='word_1_853' title='bbox 979 2644 1083 2674; x_wconf 89' lang='lat' dir='ltr'><strong>melior</strong></span> <span class='ocrx_word' id='word_1_854' title='bbox 1097 2647 1212 2683; x_wconf 77' lang='lat' dir='ltr'><strong>videtur</strong></span> <span class='ocrx_word' id='word_1_855' title='bbox 1227 2655 1316 2683; x_wconf 88' lang='lat' dir='ltr'><strong>quam</strong></span> <span class='ocrx_word' id='word_1_856' title='bbox 1331 2645 1461 2682; x_wconf 83' lang='lat' dir='ltr'><strong>vulgata,</strong></span> <span class='ocrx_word' id='word_1_857' title='bbox 1477 2642 1512 2671; x_wconf 88' lang='grc' dir='ltr'><strong>δι’</strong></span> <span class='ocrx_word' id='word_1_858' title='bbox 1528 2643 1659 2683; x_wconf 57' lang='grc' dir='ltr'>ἀπειρίαν,</span> 
     </span>
    </p>
   </div>
   <div class='ocr_carea' id='block_1_114' title="bbox 1015 2679 1802 2718">
    <p class='ocr_par' dir='ltr' id='par_1_114' title="bbox 1015 2679 1802 2718">
     <span class='ocr_line' id='line_1_116' title="bbox 1015 2679 1802 2718; baseline -0.005 -8"><span class='ocrx_word' id='word_1_859' title='bbox 1015 2681 1118 2718; x_wconf 63' lang='lat'><strong>(9)1112</strong></span> <span class='ocrx_word' id='word_1_860' title='bbox 1141 2679 1245 2713; x_wconf 67' lang='grc' dir='ltr'>οἴκουςῖ</span> <span class='ocrx_word' id='word_1_861' title='bbox 1260 2683 1318 2710; x_wconf 83' lang='lat' dir='ltr'><strong>Has</strong></span> <span class='ocrx_word' id='word_1_862' title='bbox 1342 2679 1438 2715; x_wconf 73' lang='lat' dir='ltr'><strong>voces,</strong></span> <span class='ocrx_word' id='word_1_863' title='bbox 1454 2679 1524 2718; x_wconf 62' lang='lat' dir='ltr'><strong>quae</strong></span> <span class='ocrx_word' id='word_1_864' title='bbox 1542 2679 1662 2708; x_wconf 83' lang='lat' dir='ltr'><strong>deerant</strong></span> <span class='ocrx_word' id='word_1_865' title='bbox 1686 2679 1714 2707; x_wconf 89' lang='lat' dir='ltr'><strong>in</strong></span> <span class='ocrx_word' id='word_1_866' title='bbox 1737 2679 1802 2718; x_wconf 35' lang='lat' dir='ltr'><strong>edi:</strong></span> 
     </span>
    </p>
   </div>
   <div class='ocr_carea' id='block_1_115' title="bbox 980 2715 1805 2755">
    <p class='ocr_par' dir='ltr' id='par_1_115' title="bbox 980 2715 1805 2755">
     <span class='ocr_line' id='line_1_117' title="bbox 980 2715 1805 2755; baseline -0.004 -9"><span class='ocrx_word' id='word_1_867' title='bbox 980 2715 1059 2746; x_wconf 75' lang='lat' dir='ltr'><strong>tione</strong></span> <span class='ocrx_word' id='word_1_868' title='bbox 1083 2719 1251 2753; x_wconf 85' lang='lat' dir='ltr'><strong>Parisienei,</strong></span> <span class='ocrx_word' id='word_1_869' title='bbox 1266 2719 1430 2755; x_wconf 86' lang='lat' dir='ltr'><strong>agnoscunt</strong></span> <span class='ocrx_word' id='word_1_870' title='bbox 1455 2715 1585 2752; x_wconf 82' lang='lat' dir='ltr'><strong>plerique</strong></span> <span class='ocrx_word' id='word_1_871' title='bbox 1600 2718 1712 2744; x_wconf 88' lang='lat' dir='ltr'><strong>veteres</strong></span> <span class='ocrx_word' id='word_1_872' title='bbox 1737 2715 1805 2744; x_wconf 87' lang='lat' dir='ltr'><strong>libri</strong></span> 
     </span>
    </p>
   </div>
   <div class='ocr_carea' id='block_1_116' title="bbox 981 2754 1247 2783">
    <p class='ocr_par' dir='ltr' id='par_1_116' title="bbox 981 2754 1247 2783">
     <span class='ocr_line' id='line_1_118' title="bbox 981 2754 1247 2783; baseline 0.004 -2"><span class='ocrx_word' id='word_1_873' title='bbox 981 2757 1010 2782; x_wconf 91' lang='lat' dir='ltr'><strong>et</strong></span> <span class='ocrx_word' id='word_1_874' title='bbox 1023 2754 1112 2782; x_wconf 90' lang='lat' dir='ltr'><strong>editio</strong></span> <span class='ocrx_word' id='word_1_875' title='bbox 1129 2756 1247 2783; x_wconf 90' lang='lat' dir='ltr'><strong>Veneta.</strong></span> 
     </span>
    </p>
   </div>
   <div class='ocr_carea' id='block_1_117' title="bbox 1015 2787 1805 2827">
    <p class='ocr_par' dir='ltr' id='par_1_117' title="bbox 1015 2787 1805 2827">
     <span class='ocr_line' id='line_1_119' title="bbox 1015 2787 1805 2827; baseline -0.001 -10"><span class='ocrx_word' id='word_1_876' title='bbox 1015 2789 1072 2827; x_wconf 19' lang='lat'><strong>(170)</strong></span> <span class='ocrx_word' id='word_1_877' title='bbox 1097 2789 1245 2827; x_wconf 50' lang='lat' dir='ltr'><strong>pudicam,</strong></span> <span class='ocrx_word' id='word_1_878' title='bbox 1264 2790 1311 2818; x_wconf 88' lang='lat' dir='ltr'><strong>Sic</strong></span> <span class='ocrx_word' id='word_1_879' title='bbox 1334 2787 1424 2817; x_wconf 87' lang='lat' dir='ltr'><strong>editio</strong></span> <span class='ocrx_word' id='word_1_880' title='bbox 1448 2787 1568 2821; x_wconf 86' lang='lat' dir='ltr'><strong>Veneta,</strong></span> <span class='ocrx_word' id='word_1_881' title='bbox 1585 2787 1690 2816; x_wconf 88' lang='lat' dir='ltr'><strong>melius</strong></span> <span class='ocrx_word' id='word_1_882' title='bbox 1716 2795 1805 2824; x_wconf 89' lang='lat' dir='ltr'><strong>quam</strong></span> 
     </span>
    </p>
   </div>
   <div class='ocr_carea' id='block_1_118' title="bbox 981 2826 1312 2864">
    <p class='ocr_par' dir='ltr' id='par_1_118' title="bbox 981 2826 1312 2864">
     <span class='ocr_line' id='line_1_120' title="bbox 981 2826 1312 2864; baseline 0.003 -12"><span class='ocrx_word' id='word_1_883' title='bbox 981 2826 1166 2864; x_wconf 77' lang='lat' dir='ltr'><strong>Parisiensis,</strong></span> <span class='ocrx_word' id='word_1_884' title='bbox 1185 2826 1312 2864; x_wconf 83' lang='grc' dir='ltr'>βαδίζειν.</span> 
     </span>
    </p>
   </div>
   <div class='ocr_carea' id='block_1_119' title="bbox 1017 2857 1434 2898">
    <p class='ocr_par' dir='ltr' id='par_1_119' title="bbox 1017 2857 1434 2898">
     <span class='ocr_line' id='line_1_121' title="bbox 1017 2857 1434 2898; baseline -0.007 -9"><span class='ocrx_word' id='word_1_885' title='bbox 1017 2861 1073 2897; x_wconf 85' lang='grc'>(11)</span> <span class='ocrx_word' id='word_1_886' title='bbox 1087 2860 1131 2889; x_wconf 71' lang='grc' dir='ltr'><strong>Εἰ.</strong></span> <span class='ocrx_word' id='word_1_887' title='bbox 1146 2857 1326 2898; x_wconf 62' lang='lat' dir='ltr'><strong>Le&#39;gendum,</strong></span> <span class='ocrx_word' id='word_1_888' title='bbox 1341 2859 1385 2886; x_wconf 87' lang='grc' dir='ltr'><strong>καὶ</strong></span> <span class='ocrx_word' id='word_1_889' title='bbox 1400 2857 1434 2886; x_wconf 81' lang='grc' dir='ltr'><strong>εί.</strong></span> 
     </span>
    </p>
   </div>
  </div>
