2010 3145
207 177 266 210 ’123

680 177 878 208 APPENDIX
900 177 1063 208 OPERUM
1085 177 1117 208 8.
1142 177 1284 208 BABILII
1306 178 1443 210 MAGNI.

1844 182 1898 212 12A

205 243 287 277 ditas,
303 250 339 269 an
368 242 534 278 periculum,
556 251 593 270 an
617 244 727 280 gladius
737 244 782 272 "‘2
806 244 931 273 Noverat
958 243 1056 278 enim,

1105 241 1179 277 ιδίως
1194 242 1322 281 ἡνιίχιτο
1350 242 1450 281 λέγων·
1481 244 1526 275 Τίς
1553 245 1626 281 ἡμᾶς
1655 244 1766 283 χωρίσαι
1791 245 1840 272 ἀπὸ
1853 249 1898 281 τῆς

207 295 275 315 eum
292 287 342 322 qui
359 287 456 323 diligit
473 291 585 323 patrem
605 291 656 315 aut
679 292 801 316 matrem
819 288 886 324 plus
901 296 989 323 quam
1006 288 1033 315 id

209 332 287 367 quod
303 339 368 358 vers
388 332 497 359 bonum
523 335 576 366 est,
596 341 652 360 non
668 342 733 361 esse
749 333 871 369 dignum
888 333 937 368 qui
964 332 1035 359 illud

209 377 437 412 consequatur"
450 385 456 404 :
469 385 501 404 ac
517 386 583 404 eum
596 378 647 413 qui
664 386 721 405 non
737 378 886 405 renuntiat
901 377 1038 405 omnibus

210 429 275 456 quis
300 421 441 456 possidet,
458 421 555 449 adhuc
582 425 680 449 autem
708 425 737 450 et
763 423 867 449 animm
892 430 964 455 suas,
980 430 1037 449 non

210 473 275 493 esse
290 465 413 501 dignum
436 466 486 501 qui
511 466 623 494 amicus
639 469 668 494 et
683 469 796 494 amator
822 466 938 494 Domini
953 474 1038 493 voce-

211 510 302 537 tur“.
320 511 501 546 Quapropter
521 510 570 546 qui
595 519 628 538 ea
652 513 767 538 tantum
794 513 908 544 curant,
924 519 987 546 qua
1003 511 1038 538 ad

215 554 313 590 ipsum
336 554 494 590 pertinent,
519 555 665 583 sincerum
693 563 779 583 suum
806 555 885 583 illius
909 563 1039 583 amorem

214 599 368 627 ostendere
381 599 521 634 volentes,
538 601 611 634 Ecce,
629 599 722 633 aiunt,
738 607 787 627 nos
801 601 967 635 reliquimus
983 607 1040 627 om-

213 644 273 675 nia,
289 645 315 671 et
329 645 416 671 secuti
433 653 527 672 sumus
547 650 573 672 le
588 654 597 672 :
613 645 678 680 quid
693 646 745 672 erit
760 645 838 672 nobis
847 644 891 671 “‘1
915 645 966 671 llls
990 653 1040 672 au-

212 691 272 715 tem
284 688 404 723 dignam
416 697 517 716 eorum
529 690 557 716 in
568 698 599 717 se
610 689 720 717 amoris
732 690 895 717 mercedem
904 690 966 724 jam
979 692 1041 716 tum

213 732 274 760 illis
295 733 467 768 praedicans,
485 734 526 761 ait
543 743 549 762 :
564 734 661 769 Amen,
686 741 768 762 amen
783 735 845 761 dico
869 735 954 766 vobis,
969 733 1043 769 quod

214 785 262 804 vos
278 778 328 812 qui
342 779 429 805 secuti
443 779 508 806 estis
524 787 576 813 me,
594 779 624 806 in
639 780 854 813 regeneratione,
870 787 931 806 cum
945 778 1045 806 sederit

216 821 307 849 Filius
321 823 441 850 hominis
456 824 485 851 in
501 823 562 851 sede
579 824 732 858 maiestatis
743 831 812 856 suae,
823 823 949 850 sedebilis
962 824 986 851 et
1001 831 1046 850 vos

218 874 304 901 super
330 867 404 894 series
427 868 587 902 duodecim,
607 868 765 904 judicantes
791 867 934 895 duodecim
958 867 1048 895 tribus

1090 287 1197 324 ἀγάπης
1239 290 1288 314 τοῦ
1331 290 1417 322 Θεοῦ;
1463 289 1565 326 θλίψις,
1605 289 1623 323 ἢ
1667 290 1846 327 στενοχωρία,
1883 291 1898 324 ἢ

1092 330 1225 368 διωγμὸς,
1255 331 1272 366 ἢ
1302 331 1394 368 λιμὸς,
1424 332 1442 367 ἢ
1471 333 1617 371 γυμνότης,
1647 333 1902 370 ἣκίνδυνος,ἣμά-

1092 385 1195 414 χαιρα;
1225 375 1300 410 ’ᾘδιι
1329 376 1391 414 γὰρ,
1420 376 1461 404 ὅτι
1492 377 1505 404 ὁ
1534 377 1621 416 φιλῶν
1651 379 1751 416 πατέρα
1775 378 1902 416 ἣμητέρα

1094 421 1159 457 ὑπὶρ
1183 421 1215 448 τὸ
1240 419 1325 452 ὅντως
1352 420 1446 456 καλὸν,
1475 421 1524 449 οὐκ
1552 419 1622 450 ἔστιν
1648 422 1721 458 ἄξιος
1744 422 1822 450 αὐτοῦ
1840 424 1900 450 ἀπο‹

1094 464 1194 492 λαύειν·
1221 466 1266 492 καὶ
1297 465 1327 496 ὅς
1355 466 1403 493 οὐκ
1433 466 1612 494 ἀποτάσσεται
1640 471 1705 494 πᾶσι
1732 470 1790 498 τοῖς
1816 468 1901 494 ἑαυτοῦ

1095 509 1274 547 ὑπάρχουσιν,
1300 510 1338 537 ἔτι
1368 509 1396 538 δὲ
1421 511 1465 538 καὶ
1490 513 1524 548 τῇ
1549 512 1644 538 ἑαυτοῦ
1668 512 1754 549 ψυχῇ,
1770 511 1818 539 οὐκ
1840 509 1903 539 ἔστιν

1095 553 1167 589 ἄξιος
1183 553 1263 593 φίλος
1279 555 1324 582 καὶ
1340 554 1453 592 ἱραστὴς
1467 558 1517 583 τοῦ
1532 556 1634 593 Κυρίου
1649 554 1799 590 καλεῖσθαι,
1824 556 1866 583 Διὸ
1878 556 1905 583 τὸ

1094 599 1205 636 γνήσιον
1230 602 1280 633 τῆς
1303 600 1364 637 περὶ
1390 600 1470 628 αὐτὸν
1495 599 1639 632 διαθέσεως
1668 600 1695 628 οἷ’
1722 601 1755 627 τὰ
1770 601 1848 628 αὐτοῦ
1864 601 1904 637 μό-

1095 654 1139 670 νον
1158 646 1340 680 μεριμνῶντες
1364 643 1527 680 ἐνδείξασθαι
1557 645 1690 678 θέλοντες,
1719 643 1798 679 Ἰδοὺ,
1826 645 1907 684 φασὶν,

1097 689 1177 724 ἡμεῖς
1206 688 1292 716 πάντα
1328 688 1479 727 ἀφήκαμεν,
1519 690 1563 716 καὶ
1602 689 1826 726 ἠκολουθήσαμέν
1859 699 1905 716 σοι’

1096 729 1466 761 τίέσταιῦ“”Κ“’
1579 734 1586 744 ‘
1642 734 1648 743 '
1706 731 1736 744 p‘
1814 736 1826 741 ”
1900 734 1905 741 ”

1264 744 1344 768 λμιν,
1399 744 1424 760 αι
1455 732 1528 769 αξίαν
1557 744 1605 768 την
1637 744 1754 770 αμοιοην
1782 745 1828 761 του
1853 744 1906 771 περι

1100 776 1181 804 αὐτοῦ
1204 776 1320 815 φίλτρου
1347 778 1439 808 αὐτοῖς
1468 777 1585 810 ἐντεῦθεν
1615 777 1669 813 ἤδη
1700 779 1908 816 ἀνακηρύσσων,

1102 821 1194 858 φησίο’
1225 822 1313 858 ’Δμὴν
1343 823 1416 858 ἀμὴν
1432 821 1505 860 λέγω
1534 823 1609 859 ὑμῖν,
1624 820 1666 850 ὅτι
1696 823 1773 859 ὑμεῖς
1802 822 1826 850 oi
1852 823 1909 850 ἀκο-

1104 865 1286 901 λουθήσαντές
1326 877 1384 902 μοι,
1419 866 1445 894 ἐν
1480 869 1513 904 τῇ
1543 866 1745 905 παλιγγενεσία,
1771 867 1831 895 ὅταν
1853 867 1909 894 καο-

219 911 315 939 Israel.
333 913 363 939 Et
378 913 468 940 omnis
483 914 532 948 qui
552 913 699 948 reliquerit
714 913 819 945 domos,
835 916 884 940 aut
897 921 988 948 agros,
1001 910 1051 939 aut

1106 910 1147 947 ίσῃ
1175 911 1188 938 ὁ
1218 911 1278 941 Υἱὸς
1313 913 1361 938 τοῦ
1401 911 1545 948 ἀνθρώπου
1577 911 1621 938 ἐπὶ
1648 912 1746 949 θρόνου
1773 910 1848 947 δόξης
1871 911 1909 939 αὖ·

219 956 335 992 fralres,
351 961 400 984 aut
421 965 538 990 sorores,
553 962 602 984 aut
624 965 751 990 uxorem,
767 959 816 984 aut
839 957 921 991 ﬁlios,
937 958 1049 992 propter

1105 957 1160 988 τοῦ,
1191 955 1337 990 καθήσεσθε
1365 955 1409 982 καὶ
1440 955 1517 992 ὑμεῖς
1544 955 1588 983 ἐπὶ
1612 954 1716 983 δώδεκα
1732 956 1910 992 θρόνουςμὲ),

221 1008 319 1028 nomen
335 1009 436 1036 meum,
451 1003 609 1037 centuplum
628 1002 755 1037 accipiet,
772 1006 799 1029 et
818 1003 902 1029 vitam
917 1003 1049 1028 aeternam

219 1045 411 1080 possidebit".
420 1048 546 1081 Equum
556 1047 634 1073 enim
644 1049 706 1074 erat
715 1049 746 1073 ut
754 1046 804 1081 qui
815 1047 911 1081 reipsa
920 1054 1006 1072 suum
1018 1045 1047 1072 in

220 1088 306 1117 illum
323 1087 452 1118 amorem
465 1099 515 1126 per
526 1093 617 1118 totam
630 1091 721 1118 vitam
734 1099 840 1126 purum
852 1090 1047 1125 exhibuerint,

220 1133 309 1169 digna
324 1135 485 1162 sudoribus
505 1144 557 1171 pro
573 1144 605 1163 eo
622 1136 739 1163 emissis
760 1137 880 1171 prtemia
895 1135 1047 1170 recipiant.

1102 999 1237 1037 κρίνοντες
1265 1000 1311 1030 τὰς
1341 998 1447 1027 δώδεκα
1476 999 1563 1039 φυλὰς
1590 1002 1638 1028 τοῦ
1667 1000 1787 1038 Ἰσραήλ.
1810 1000 1854 1028 Καὶ
1868 1003 1910 1030 πᾶς

1103 1043 1176 1074 ὅστις
1215 1044 1315 1082 ἀφῆκεν
1351 1043 1450 1078 οΐκίας,
1490 1044 1508 1078 ἢ
1542 1044 1650 1082 ἀγροὺς,
1683 1044 1701 1079 ἢ
1731 1043 1908 1083 ἀδελφοὺς,ἢ

1104 1087 1232 1127 ἀδελφὰς,
1262 1089 1279 1123 ἢ
1310 1091 1424 1125 γυναῖκα
1438 1090 1506 1125 (13),
1536 1088 1554 1123 ἢ
1583 1089 1671 1123 τέκνα,
1694 1087 1782 1116 ἕνεκεν
1803 1091 1846 1116 τοῦ
1860 1088 1910 1114 ὀνό-

1105 1132 1189 1168 ματός
1221 1143 1283 1169 μου,
1315 1132 1580 1161 ἑκατονταπλασίονα
1609 1132 1746 1170 λήψεται,
1782 1133 1824 1160 καὶ
1851 1133 1911 1167 ζωὴν

219 1177 335 1205 αἰώνιον
349 1178 568 1216 κληρονομήσει.
587 1179 752 1211 Ἀκόλουθον
768 1180 818 1217 γὰρ
831 1179 864 1213 ἧν
880 1179 943 1209 τοὺς
956 1176 1026 1216 ἔργῳ
1039 1177 1085 1204 τὸν
1101 1177 1162 1213 πιρὶ
1178 1176 1258 1204 αὑτὸν
1273 1174 1361 1214 ἔρωτα
1377 1175 1412 1204 δι’
1425 1178 1492 1205 ὅλου
1519 1177 1579 1215 βίου
1600 1178 1716 1214 καθαρὸν
1739 1177 1912 1213 ἀποδείξαντας

228 1223 296 1258 (14),
313 1223 372 1258 ἄξια
385 1226 440 1250 τῶν
455 1224 516 1261 περὶ
534 1224 616 1251 αὐτοῦ
633 1223 755 1261 ἱδρώτων
769 1224 803 1250 τὰ
816 1223 881 1261 γέρα
897 1221 1059 1259 λαμϐάνειν.

253 1269 298 1295 26.
317 1269 436 1304 Oportet
451 1272 484 1296 ut
496 1270 549 1296 tali
566 1278 662 1297 amore
673 1269 801 1304 ﬂagrans
816 1269 908 1304 virgo,
920 1272 1048 1296 contem-

221 1315 268 1340 nat
300 1313 420 1348 quidem
446 1313 611 1349 voluptates
640 1316 668 1341 et
698 1313 827 1345 divitias,
855 1315 884 1341 et
913 1313 1049 1349 opinatus

220 1357 325 1385 mundi
353 1358 484 1391 delicias,
511 1357 688 1386 conculcans
716 1360 815 1385 autem
839 1358 1047 1393 temporariam

220 1401 356 1437 gloriam,
372 1405 401 1430 et
416 1403 537 1438 fastum,
553 1407 581 1430 et
596 1403 727 1438 corporis
743 1401 1004 1438 pulchritudinem,
1021 1403 1049 1429 et

218 1446 341 1474 vitiosas
351 1446 613 1481 blamlitias,oculo
628 1447 761 1474 irretorto
774 1447 929 1474 Dominum
944 1454 1049 1482 sequa-

220 1491 500 1524 tur,dicens:Mihi
522 1498 614 1520 autem
638 1491 780 1520 adhmrere
803 1491 857 1519 Deo
882 1492 981 1518 bonum
995 1495 1048 1526 est,

220 1543 320 1570 ponere
335 1537 366 1563 in
382 1537 494 1564 Domino
507 1545 582 1572 spem
596 1545 688 1563 meam
697 1537 719 1553 ⁸⁸
733 1544 740 1564 :
757 1536 797 1563 ita
812 1538 844 1563 ut
858 1535 966 1569 omnia,
983 1543 1047 1571 quas

221 1580 340 1616 quidem
357 1580 446 1616 hujus
471 1581 533 1608 vita:
554 1581 784 1608 admiratoribus
799 1581 936 1607 videntur
961 1580 1046 1614 bona,

220 1624 420 1660 qualicunque
435 1624 483 1652 illa
501 1626 620 1653 nomine
637 1625 784 1661 appellare
799 1625 865 1660 quis
882 1625 959 1657 velit,
976 1624 1047 1651 ridi-

219 1669 286 1696 cula
301 1669 443 1696 dedecora
457 1677 522 1697 esse
537 1670 691 1702 ostendat;
715 1669 831 1697 unicam
859 1672 957 1696 autem
975 1677 1047 1702 rem,

222 1713 373 1749 proprium
387 1715 496 1741 bonum
509 1713 720 1747 intuens,illud
733 1714 844 1741 intento
854 1713 938 1740 oculo
951 1721 1052 1748 sequa-

221 1760 287 1786 tur:
299 1757 445 1793 siquidem
459 1757 538 1785 illius
549 1758 576 1784 in
588 1766 617 1785 se
627 1765 755 1784 amorem
767 1766 956 1784 remunerans
965 1766 1051 1793 spon-

223 1811 284 1835 sus,
297 1802 412 1830 etiamsi
435 1801 540 1830 ancilla
557 1803 593 1829 sit
609 1805 637 1829 et
653 1801 927 1837 ignobilis,etiamsi
943 1810 1053 1837 pauper

224 1849 252 1874 et
267 1847 404 1880 obscura,
416 1847 528 1874 etiamsi
542 1847 569 1873 in
583 1846 637 1874 hoc
650 1846 759 1874 mundo
773 1846 886 1881 objecta
900 1851 927 1873 et
938 1846 1054 1874 deserta

225 1892 272 1922 sit,
289 1891 370 1918 illam
386 1891 548 1918 nobilitans
565 1891 696 1926 reginam
714 1891 852 1918 caelorum
870 1890 970 1923 efﬁcit,
995 1899 1052 1918 non

226 1935 321 1963 solum
331 1935 566 1963 immortalitatis
576 1935 728 1962 nobilitate
736 1937 870 1962 naturam
880 1935 1053 1969 insigniens,

226 1980 277 2007 sed
289 1979 375 2007 etiam
389 1979 523 2007 studiose
535 1979 686 2006 exterioris
696 1979 862 2012 habitus,in
872 1988 956 2007 suam
969 1987 1055 2015 spon'

226 2031 301 2056 sam,
316 2023 395 2051 vario
411 2023 555 2051 decorans
571 2025 687 2050 ornatu.
700 2023 791 2058 Cujus
807 2024 931 2059 gloriam
944 2024 1054 2051 Psaltes

225 2068 387 2102 admirans,
401 2068 436 2095 ad
453 2076 595 2103 sponsum
614 2068 656 2095 ait
673 2076 679 2095 :
696 2068 787 2095 Astitil
806 2069 902 2103 regina
916 2076 934 2095 a
947 2069 1055 2096 dextris

224 2113 279 2140 tuis
294 2113 323 2140 in
334 2113 435 2140 vestitu
446 2112 578 2139 deaurato
589 2112 759 2140 circumdata
769 2113 903 2140 varietate
912 2113 934 2129 "
949 2121 955 2140 :
967 2112 1009 2139 itu
1022 2114 1055 2140 ut

225 2166 292 2193 qua:
307 2165 385 2184 nunc
408 2156 504 2184 lacera
518 2160 598 2184 veste
615 2159 643 2184 et
657 2156 754 2184 servili
778 2157 879 2184 habitu
896 2157 972 2184 643
988 2156 1054 2184 vili

226 2201 395 2229 existimata
411 2203 464 2235 est,
482 2201 511 2228 in
534 2209 623 2236 regno
645 2201 784 2228 caelorum
811 2201 910 2237 regina
925 2204 954 2229 et
970 2201 1055 2228 nobi-

226 2245 263 2273 lis
278 2248 307 2273 et
322 2248 426 2272 ornatu
453 2245 599 2278 decorata,
616 2246 673 2281 regi
700 2248 801 2273 astans
826 2246 999 2273 inveniatur.
1016 2247 1055 2273 Ac

1138 1267 1183 1294 26.
1213 1267 1342 1294 Τοιοῦτον
1358 1265 1399 1294 δεῖ
1414 1266 1501 1305 ἔρωτα
1514 1268 1564 1302 τήν
1580 1266 1711 1305 παρθένον
1743 1266 1852 1304 ἐρῶσαν,
1871 1277 1912 1293 κα-

1101 1313 1245 1347 ταφρονεῖν
1274 1311 1321 1347 μὲν
1343 1309 1520 1346 ἡδυπαθείας,
1536 1312 1644 1339 καὶτοῦ
1659 1311 1782 1339 πλούτου
1808 1311 1848 1338 καὶ
1872 1313 1912 1344 τῆς

1103 1355 1287 1391 νομιζομένης
1314 1355 1339 1382 ἐν
1365 1358 1405 1392 τῷ
1426 1355 1522 1392 κόσμῳ
1536 1359 1651 1394 τρυφῆς·
1681 1358 1816 1383 πατοῦσαν
1832 1354 1857 1382 δὲ
1869 1355 1909 1388 τὴν

1102 1399 1268 1437 πρόσκαιρον
1294 1398 1384 1435 δόξαν,
1409 1400 1455 1427 καὶ
1478 1402 1574 1438 τῦφον,
1597 1401 1642 1428 καὶ
1658 1400 1786 1436 σώματος
1809 1399 1908 1433 κάλλος,

1102 1444 1147 1471 καὶ
1171 1444 1219 1475 τὰς
1242 1443 1373 1480 ἐμπαθεῖς
1403 1444 1566 1481 κολακείας,
1597 1445 1795 1483 ἀμεταστρεπτὶ
1816 1446 1851 1480 τῷ
1871 1446 1912 1470 Κυ-

1103 1488 1154 1526 ρίῳ
1178 1487 1358 1522 ἀκολουθεῖν,
1386 1488 1526 1526 λέγουσαν·
1562 1489 1642 1526 Έμοὶ
1673 1488 1701 1516 δὶ
1728 1490 1761 1517 τὸ
1789 1487 1911 1526 προσκολ-

1103 1532 1200 1565 λᾶσθαι
1226 1535 1266 1569 τῷ
1294 1535 1353 1569 Θεῷ
1380 1535 1439 1570 (15)
1468 1534 1568 1571 ἀγαθόν
1596 1533 1663 1561 ἐστι·
1691 1534 1808 1562 τίθεσθαι
1835 1532 1859 1560 ἄν
1881 1533 1912 1566 τῷ

1102 1577 1196 1615 Κυρίῳ
1225 1578 1273 1611 τὴν
1303 1576 1402 1605 ἰλπίδα
1423 1587 1486 1614 μου·
1515 1576 1604 1605 πάντα
1636 1578 1682 1614 μὲν
1705 1578 1741 1606 τὰ
1764 1577 1913 1614 νομιζόμενα

1103 1625 1161 1653 τοῖς
1187 1622 1248 1659 περὶ
1263 1622 1308 1649 τὸν
1337 1622 1394 1660 βίον
1410 1624 1505 1650 τοῦτον
1523 1622 1705 1658 ἐπτοημένοις
1718 1622 1801 1656 καλὰ,
1817 1623 1857 1649 οἷα
1873 1629 1913 1657 περ

1105 1666 1135 1694 ἄν
1162 1676 1202 1697 τις
1228 1665 1370 1702 ὀνομάζειν
1396 1666 1486 1703 ἐθέλῃ,
1515 1665 1598 1704 αἶ’σχη
1615 1667 1801 1704 καταγέλαστα
1815 1664 1914 1701 ἀποφαί-

1104 1721 1212 1738 νουσαν·
1228 1709 1256 1738 ἕν
1270 1709 1299 1738 δὲ
1316 1711 1398 1747 μόνον
1413 1709 1497 1738 καλὸν
1514 1712 1545 1738 τὸ
1561 1711 1661 1739 οἰκεῖον
1683 1712 1799 1749 ὁρῶσαν,
1823 1711 1914 1738 κάκεῖνο

1105 1755 1244 1791 τεταμένῳ
1272 1757 1311 1790 τῷ
1340 1753 1446 1791 ὄμματι
1471 1756 1661 1793 περιέπουσαν·
1693 1757 1737 1783 ὅτι
1764 1756 1807 1783 καὶ
1831 1756 1916 1789 ὀνυμ-

1107 1800 1168 1838 φίος
1180 1801 1228 1826 τοῦ
1255 1799 1316 1837 περὶ
1345 1800 1426 1827 αὐτὸν
1443 1798 1544 1838 ἔρωτος
1573 1799 1656 1835 αὐτὴν
1673 1798 1862 1838 ἀμειϐόμενος,
1875 1796 1914 1825 κᾶν

1108 1843 1206 1879 δούλη,
1230 1844 1278 1871 κᾶν
1295 1845 1402 1881 ἀγενής,
1418 1844 1466 1871 κᾶν
1495 1845 1613 1882 πενιχρά
1627 1855 1656 1872 τε
1679 1845 1724 1872 καὶ
1752 1844 1862 1881 ἄσημος,
1876 1841 1917 1869 κθν

1109 1888 1134 1916 ἐν
1149 1891 1189 1924 τῷ
1204 1889 1272 1916 κατὰ
1284 1888 1335 1926 γῆν
1367 1889 1418 1927 βίῳ
1443 1889 1633 1927 ἀπεῤῥιμμένη
1665 1890 1788 1927 ὑπάρχῃ,
1816 1887 1856 1916 διὰ
1876 1887 1916 1920 τὴν

1108 1933 1177 1970 πρὸς
1193 1933 1271 1961 αὐτὸν
1294 1933 1437 1960 κοινωνίαν
1463 1933 1631 1971 ἐξευγενίζων
1659 1933 1789 1970 βασιλίδα
1812 1932 1915 1970 οὐρανῶν

1108 1980 1194 2012 ποιεῖ,
1225 1977 1255 2005 οὐ
1284 1980 1318 2015 τῇ
1346 1982 1396 2013 τῆς
1426 1978 1572 2017 ἀφθαρσίας
1603 1978 1711 2016 εὖγενίᾳ
1726 1979 1775 2014 τὴν
1798 1977 1870 2016 φύσιν
1883 1985 1916 2001 τι·

1110 2024 1169 2058 μῶν
1186 2022 1280 2058 μόνον,
1298 2021 1371 2050 ἀλλὰ
1385 2023 1430 2049 καὶ
1451 2024 1485 2059 τῇ
1506 2020 1602 2058 ἔξωθεν
1626 2020 1763 2060 περιϐολῇ
1790 2018 1918 2060 φιλοτιμό-

1107 2077 1199 2104 τορον,
1217 2067 1253 2097 ὡς
1284 2067 1380 2094 ἑαυτοῦ
1404 2067 1526 2105 νύμφην,
1557 2066 1691 2098 ποικίλως
1714 2068 1832 2103 κοσμῶν,
1851 2062 1917 2094 Ἥςδ

1109 2109 1208 2147 ᾠδικὸς
1226 2112 1370 2147 θαυμάζων
1384 2111 1434 2146 τήν
1451 2110 1538 2147 δόξαν,
1556 2112 1624 2149 πρὸς
1639 2112 1684 2139 τὸν
1715 2110 1828 2148 νυμφίον
1851 2107 1917 2147 φησί’

1109 2156 1230 2193 Παρέστη
1256 2157 1273 2191 ἡ
1307 2155 1450 2193 βασίλισσα
1479 2155 1509 2183 ἐκ
1532 2155 1626 2192 δεξιῶν
1657 2167 1704 2184 σου
1734 2156 1759 2184 ιν
1794 2154 1917 2191 ἱματισμῷ

1109 2199 1249 2238 διαχρύσῳ
1276 2197 1500 2237 περιϐεϐλημένη
1518 2223 1526 2236 ,
1552 2200 1763 2237 πεποικιλμένη·
1791 2199 1855 2227 ὥστε
1875 2197 1917 2230 τήν

1108 2247 1151 2272 νῦν
1169 2243 1284 2283 ρακώδει
1302 2244 1393 2277 ἐσθῆτι
1409 2245 1453 2272 καὶ
1479 2244 1600 2281 δουλικῷ
1620 2246 1744 2283 σχήματι
1769 2243 1858 2277 εὖτελη
1880 2251 1918 2267 νο-

225 2290 354 2326 proi'eclo
367 2289 529 2317 absurdum
541 2291 597 2323 est,
607 2292 648 2324 ut,
659 2298 724 2317 cum
737 2298 865 2325 sponsus
877 2291 912 2318 ob
925 2298 1013 2317 suum
1025 2289 1056 2320 in

1111 2292 1262 2325 μισθεῖσαν,
1287 2289 1312 2316 ἐν
1337 2288 1371 2326 τῇ
1396 2288 1518 2325 βασιλείᾳ
1537 2291 1591 2316 τῶν
1609 2289 1730 2327 οὐρανῶν
1749 2286 1868 2326 βασιλίδα
1881 2284 1915 2312 καῖ

227 2334 309 2362 illam
326 2341 468 2366 amorem,
480 2336 508 2361 et
524 2333 705 2361 nobilitatem
722 2336 750 2362 et
760 2334 878 2362 divitias
893 2337 922 2362 et
934 2334 1055 2370 ignomi-

1110 2331 1232 2371 εὐγενίδα
1253 2333 1297 2360 καὶ
1322 2334 1418 2369 κόσμῳ
1440 2333 1641 2370 σεμνυνομένην
1667 2336 1707 2369 τῷ
1739 2331 1842 2372 βασιλεῖ
1864 2338 1918 2365 παρ-

228 2379 308 2407 niam
330 2381 533 2410 contemnens,
549 2381 707 2406 extremam
725 2379 829 2406 Adami
855 2381 1056 2414 paupertatem

228 2423 413 2457 sustinuerit,
431 2425 463 2450 ut
478 2431 532 2450 nos
557 2422 635 2450 illius
656 2425 826 2458 paupertate
850 2423 1013 2450 ditaremur
1023 2423 1054 2456 °°,

227 2477 338 2504 sponsa
352 2476 388 2496 ne
407 2467 489 2504 paria
505 2467 627 2503 quidem
647 2475 698 2503 pro
715 2475 768 2495 sua
784 2467 1004 2495 immortalitate
1019 2467 1055 2503 ei,

225 2513 277 2550 qui
292 2514 409 2549 propter
424 2512 519 2548 ipsam
535 2513 670 2540 mortuus
685 2514 738 2545 est,
752 2512 904 2548 rependat,
920 2512 969 2539 sed
986 2512 1056 2540 mol-

222 2558 284 2586 litie
300 2560 329 2586 et
345 2557 458 2585 deliciis
475 2556 600 2590 difﬂuat,
617 2564 706 2591 seque
723 2557 758 2584 ud
780 2557 923 2584 uiuudum
941 2565 1055 2585 accom-

260 2629 282 2646 ⁸³
297 2631 381 2656 Rom.
394 2636 455 2660 vm,
471 2628 515 2655 35.
555 2627 578 2644 3‘
594 2626 697 2655 Matth.
714 2636 743 2659 x,
759 2627 803 2654 37.
842 2627 865 2645 ⁸⁵
881 2627 950 2655 Luc.
967 2636 1025 2662 xlv,
1041 2627 1086 2656 33.

224 2665 271 2693 28.
308 2665 331 2683 "
344 2664 420 2692 Pssl.
435 2672 511 2699 xuv,
529 2664 572 2691 10.
611 2663 633 2681 ⁹⁰
649 2663 673 2691 ΙΙ
688 2664 750 2692 Cor.
769 2671 818 2699 vn,
833 2664 860 2691 9.

263 2741 319 2775 (12)
335 2739 462 2776 Θρόνους.
478 2739 618 2767 Nonnulli
634 2739 760 2772 codices,
777 2739 891 2776 θρόνων.

280 2777 322 2811 13)
338 2775 462 2804 Γυναῖκα.
479 2776 526 2804 Sic
541 2784 613 2804 mss.
630 2778 698 2803 tres.
715 2775 803 2808 Editi,
837 2777 954 2806 υναῖκας.

266 2777 321 2847 ί14)
355 2810 571 2847 ’Δποδιίεαντας.
610 2811 748 2839 Nonnulli
782 2785 897 2840 codices
909 2832 917 2847 ,
952 2822 954 2836 ι

232 2808 321 2884 ε(14)
355 2810 571 2847 ’Δποδιίεαντας.
610 2811 748 2839 Nonnulli
782 2808 917 2847 codices,
952 2808 1053 2838 δπιδεί-

247 2856 337 2878 αντας.

247 2856 326 2878 αντας
331 2867 337 2876 ι

1112 2380 1228 2405 εστῶσαν
1245 2378 1425 2415 εὑρίσκεσθαι.
1447 2378 1496 2405 Καὶ
1512 2379 1612 2406 ἄτοπον
1621 2378 1667 2406 τὸν
1695 2378 1744 2414 μὶν
1759 2375 1867 2415 νυμφίον
1882 2371 1918 2400 διὰ

1111 2423 1155 2449 τὸν
1172 2422 1235 2460 περὶ
1251 2421 1333 2456 αὐτὴν
1355 2420 1442 2456 ἔρωτα
1456 2422 1501 2449 καὶ
1521 2423 1659 2460 ιύγενείας
1681 2422 1726 2449 καὶ
1749 2421 1864 2449 πλούτου
1880 2415 1918 2445 καὶ

1111 2466 1245 2504 αἰσχύνης
1284 2468 1524 2507 καταφρονήσαντα
1556 2467 1605 2501 τήν
1644 2467 1761 2506 ἐσχάτην
1797 2462 1916 2507 πτωχείαν

1110 2513 1158 2538 τοῦ
1188 2509 1278 2548 Ἀδὰμ
1293 2505 1449 2548 ὑπομεῖναι,
1473 2510 1510 2538 θίν’
1523 2512 1605 2548 ἡμεῖς
1632 2514 1666 2548 ὖῇ
1696 2511 1796 2539 ἐκείνου
1811 2505 1918 2545 πτωχείᾳ

1110 2555 1320 2593 πλουτήσωμεψ
1351 2557 1401 2590 τὴν
1429 2554 1458 2583 δὶ
1485 2555 1592 2595 νύμφην
1621 2555 1691 2593 μηδὲ
1712 2559 1770 2586 τοῖς
1786 2553 1850 2585 ἴσοις
1863 2551 1917 2587 ὑπὶρ

1124 2627 1146 2645 ³⁸
1161 2627 1264 2656 Matth.
1279 2634 1340 2662 nx,
1356 2627 1401 2655 27.
1447 2627 1469 2644 ⁸⁷
1485 2627 1557 2656 ibid.
1573 2628 1619 2661 28,
1633 2628 1679 2655 29.
1716 2627 1738 2645 ⁸⁸
1754 2626 1827 2654 Psal.
1843 2620 1916 2652 unl'

1144 2738 1200 2780 (4.5?)
1229 2737 1263 2764 τὸ
1296 2737 1519 2780 summa?“
1547 2737 1592 2780 si:
1621 2737 1695 2780 θιιῖει
1719 2738 1800 2780 Ηιριιο
1818 2735 1914 2780 .1929?

1109 2770 1258 2802 edidimus
1283 2770 1323 2802 ut'
1338 2774 1463 2802 habetur
1475 2775 1505 2802 in
1521 2770 1647 2803 editione
1665 2770 1778 2802 'Veneta
1800 2774 1829 2809 et
1847 2770 1914 2809 ναῖε,-

1110 2811 1193 2839 ribus
1213 2809 1306 2839 libris.
1326 2811 1419 2839 Editio
1443 2810 1548 2846 Paris.,
1563 2809 1782 2848 προσκολλᾶσθαι
1805 2808 1842 2843 τῷ
1865 2807 1914 2837 θεῴ

1112 2855 1176 2883 μου.
