2010 3145
190 143 250 175 ’127

193 255 362 290 prudentia,
376 263 438 290 quae
452 255 508 291 ipsi
524 255 621 283 inesse
634 255 729 288 debet,
742 256 777 283 ad
793 255 911 292 singula
925 254 1018 282 excla-

194 301 255 326 met
270 308 276 327 :
294 300 364 333 Quia
380 300 500 328 tenebrae
513 308 569 327 non
587 300 811 327 obscurabuntur
824 309 841 328 a
855 301 880 327 te
895 309 904 327 :
919 302 945 327 et
963 308 1019 327 nos:

193 344 263 371 sicut
281 343 339 371 die:
363 344 574 372 illuminabitur
588 353 596 371 :
611 345 682 371 sicut
706 346 827 373 tenebrae
850 345 919 380 ejus,
937 345 979 372 ita
995 345 1020 371 et

196 388 288 416 lumen
302 389 361 424 ejus
372 389 403 415 ³⁸.
423 389 525 416 Probet
547 389 637 424 igitur
652 397 740 416 suum
761 390 853 424 ipsius
869 391 1020 424 aspectum

195 432 312 460 Domini
329 442 448 469 sponsa,
463 437 491 460 et
506 433 529 460 si
553 434 698 461 cernendo
723 434 858 469 placebit,
870 437 940 461 tunc
955 441 1020 461 eum

194 478 346 506 conﬁdens
375 479 512 505 movebit.
540 478 590 505 Sin
621 481 717 505 autem
744 479 866 505 minimc
897 478 1023 513 placebit

195 530 315 557 sponso,
328 522 517 558 semetipsam
535 530 592 549 non
608 522 744 557 decipiat,
762 522 831 557 quia
845 530 862 549 α
877 521 957 549 nullo
973 522 1022 549 bo-

194 567 274 594 mine
288 566 415 602 videtur,
432 566 516 593 illum
532 567 621 594 etiam
647 574 712 594 sese
735 566 906 594 existimans
921 566 1022 594 latere.

194 611 240 638 Sic
255 611 344 639 etiam
365 611 532 639 consideret
554 619 719 639 sermonem
735 614 764 638 et
776 611 978 647 cogitationes,
995 613 1024 639 et

195 655 396 684 membrorum
413 664 445 684 ac
461 656 619 692 digitorum
645 655 777 691 singulos
799 659 907 683 motus.
918 657 957 683 Ac
972 663 1023 692 per

197 699 258 728 haec
273 700 393 735 quidem
409 700 433 728 si
454 700 577 728 Domino
602 700 725 736 placeat,
743 703 894 728 moveatur
908 700 944 728 ad
961 700 1023 727 sin-

199 744 269 780 gula
285 753 292 772 :
308 753 394 773 secus
405 753 484 778 vero,
501 745 591 778 illius,
609 747 707 780 utpote
722 745 879 780 cernentis,
895 753 1025 773 reverea-

198 791 249 816 tur
263 792 425 826 aspectum.
440 789 511 818 Nam
523 789 547 818 si
561 789 687 817 sollicita
697 792 741 817 est
754 790 900 825 quomodo
914 789 1026 825 placeat

200 834 334 867 Domino.
347 834 419 862 nihil
435 834 529 868 debet,
547 835 624 870 quod
641 843 698 862 non
722 834 764 861 illi
785 834 908 870 placeat,
921 835 1024 861 facere.

663 143 860 175 APPENDIX
881 141 1044 174 OPERUM
1066 142 1100 173 S.
1122 142 1265 174 BASILII
1286 142 1425 173 MAGNI.

192 218 260 239 men
277 216 345 246 sper
361 210 532 246 semascipit
547 211 645 238 mente
659 218 723 244 sua,
734 212 822 247 prout
836 211 959 246 dignum
975 211 1020 237 est
1034 240 1037 245 ι

1087 209 1114 240 ὃς
1141 207 1212 236 θὲλιι
1237 208 1342 246 λεγίτω
1368 209 1436 246 (2Ι)’

1834 144 1894 174 ’728

1477 207 1579 240 Σκότος
1611 207 1741 236 nam“
1773 219 1818 246 με,
1851 209 1896 238 καὶ

1075 253 1100 280 οἱ
1118 256 1210 291 τοῖχοι
1237 252 1332 290 κύκλῳ
1363 264 1426 290 μου,
1450 253 1495 281 καὶ
1509 253 1550 284 τίς
1571 264 1604 290 με
1616 254 1684 292 ὁρᾷ,
1701 254 1732 282 Ἡ
1749 252 1779 281 δὶ
1791 254 1823 281 τὸ
1839 257 1896 292 φῶς

1073 300 1121 325 τοῦ
1146 298 1264 336 νυμφίου
1288 298 1404 335 καθαρὸν
1427 298 1467 325 ἀεὶ
1490 298 1527 330 εἰς
1554 299 1598 326 τὸν
1625 299 1721 333 ἑαυτῆς
1739 300 1802 325 νοῦν
1818 297 1897 336 δεχο-

1076 341 1154 378 μένη,
1170 343 1204 369 τὰ
1217 341 1276 377 ἄξια
1297 346 1348 377 τῆς
1374 342 1538 382 ὀφειλούσης
1562 343 1634 379 αὐτῇ
1663 346 1805 381 προσεῖναι
1835 354 1899 370 συν-

1075 386 1156 417 έσεως
1191 386 1361 425 ἐπιφωνείτω
1399 387 1458 414 καθ’
1481 387 1617 415 ίὲκαστοψ
1650 389 1714 416 ’Ὁτι
1742 387 1840 418 σκότος
1870 387 1899 415 οὐ

1077 432 1280 467 σκοτισθήσεται
1317 432 1369 459 ἀπὸ
1401 434 1458 459 σοῦ·
1487 432 1532 459 καὶ
1558 432 1601 467 νὺξ
1629 433 1666 463 ὡς
1695 432 1786 470 ἡμέρα
1815 443 1900 470 φωτιη

1076 477 1214 511 σθήσεταν
1245 476 1283 507 ὡς
1311 477 1342 504 τὸ
1373 477 1468 508 σκότος
1496 477 1591 513 αὐτῆς,
1621 476 1691 504 οὕτω
1719 477 1764 504 καὶ
1787 477 1819 504 τὸ
1845 479 1901 515 φῶς

1076 520 1171 554 αὐτῆς.
1204 520 1378 557 Δοκιμαζὲτω
1405 521 1496 548 τοίνυν
1524 521 1556 548 τὸ
1584 521 1681 555 εαυτῆς
1711 520 1826 558 βλέμμα
1853 523 1901 548 τοῦ

1077 565 1175 602 Κυρίου
1197 566 1215 600 ἡ
1239 565 1344 603 νύμφη⁴
1370 565 1414 593 καὶ
1440 565 1463 592 εί
1491 566 1538 602 μὲν
1553 566 1624 603 ὁρῶν
1644 565 1833 602 ἀρεσθήσεται,
1858 565 1902 592 καὶ

1077 608 1110 644 δὴ
1135 611 1218 637 τοῦτο
1240 611 1296 646 (22)
1319 609 1454 648 θαῤῥοῦσα
1480 610 1599 637 κινείτω.
1623 609 1655 638 Ei.
1681 608 1710 637 δὶ
1730 609 1780 637 οὐκ
1793 609 1902 646 ἀρέσκει

1077 654 1161 690 αὐτῷ,
1192 655 1229 690 μὴ
1252 655 1348 688 ἑαυτὴν
1370 653 1508 691 ἀπατάτω,
1531 653 1588 682 ἐπεὶ
1610 653 1706 690 μηδεὶς
1719 656 1773 682 τῶν
1798 655 1902 691 ἀνθρώα

1077 710 1137 726 πων
1153 700 1212 736 ὁρᾷ,
1229 698 1270 726 ὅτι
1295 699 1419 727 κάκεῖνον
1443 699 1576 731 λανθάνει.
1599 699 1691 730 Οὕτως
1720 698 1903 726 ὶπισκοπείτω

1078 743 1124 771 τὸν
1141 743 1231 781 λόγον,
1260 744 1309 778 τήν
1339 741 1442 771 ἔννοιαν
1473 745 1539 781 (23),
1567 746 1620 772 τῶν
1640 743 1730 780 μελῶν
1743 744 1789 771 καὶ
1805 742 1903 770 δακτύ-

1080 787 1136 815 λων
1161 789 1219 815 καθ¹
1241 787 1352 816 ἕκαστον
1378 789 1427 823 τὴν
1456 788 1573 824 κίνησιν.
1596 788 1646 815 Καὶ
1661 788 1683 816 εί
1701 788 1747 824 μὲν
1762 787 1903 826 ἀρᾶσκεται

1078 833 1200 867 τούτοις,
1216 833 1342 865 κινείσθω
1357 833 1426 870 πρὸς
1440 831 1562 861 ἕκαστον·
1580 832 1618 864 εἰς
1635 831 1664 860 δὲ
1681 833 1731 869 μή,
1756 833 1794 864 ὡς
1819 833 1903 870 ὁρῶν-

198 887 244 908 τος
260 876 387 909 αἰδείσθω
398 879 447 912 τὴν
463 876 534 915 ὄψιν,
551 878 582 905 Εἰ
594 878 645 915 γὰρ
662 880 780 916 μεριμνᾷ
795 880 853 908 πῶς
869 878 951 914 ἀρέσῃ
967 879 1006 913 τῷ
1023 877 1127 915 Κυρίῳ,
1143 875 1218 904 οὐδὲν
1235 877 1339 916 ὀφείλει
1355 880 1408 905 τῶν
1427 878 1465 914 μὴ
1483 877 1648 915 ἀρεσκόντων
1665 880 1765 905 ποιεῖν.

234 923 278 950 28.
294 923 343 951 Sin
360 924 547 959 autem,quia
571 923 669 951 nullus
692 923 846 950 hominum
863 923 949 956 videt,
967 931 1022 950 nu-

1111 923 1157 950 28.
1186 921 1217 950 Et
1246 920 1275 949 δὶ
1303 923 1345 950 ὅτι
1361 921 1448 953 οὐδεὶς
1464 924 1517 949 τῶν
1533 922 1683 959 ἀνθρώπιον
1701 923 1760 960 ὁρᾷ,
1788 922 1858 960 πρὸς
1872 922 1903 949 τὸ

198 969 264 996 tum
279 970 330 996 aut
345 976 508 996 sermonem
523 968 683 995 immittere
696 968 797 1001 audet;
815 968 943 1003 primum
958 968 1024 1003 qui-

199 1013 276 1046 dem,
289 1014 322 1040 ut
335 1021 387 1049 per
399 1021 430 1040 se
454 1015 543 1049 patet.
559 1012 702 1048 suiipsius
727 1012 892 1040 accusatrix
906 1015 961 1045 est,
977 1020 1026 1039 vo-

199 1056 343 1085 luntatem
358 1057 467 1085 latendi
484 1057 693 1085 accusatricem
710 1057 790 1084 intus
805 1057 917 1084 habens
934 1064 1027 1092 pravae

201 1101 393 1129 conscientias.
401 1102 542 1129 Prazterea
553 1102 708 1129 manileste
719 1101 948 1137 deprehenditur
959 1109 1028 1137 erga

201 1147 303 1182 sponsi
319 1147 493 1182 dignitatem
510 1146 653 1174 concutire.
666 1146 740 1174 Nam
755 1154 822 1174 cum
839 1146 1027 1182 incorporeus

205 1191 254 1222 sit.
271 1191 387 1219 medius
402 1193 430 1218 et
445 1191 576 1218 susurris
598 1193 627 1218 et
652 1191 822 1227 aspectibus
836 1193 864 1218 et
880 1190 1034 1226 cogitatio‘

206 1235 296 1263 nibus
313 1236 446 1269 interest;
464 1244 495 1262 ac
511 1235 665 1262 subdolam
682 1235 800 1270 quidem
818 1235 964 1270 ejusmodi
979 1233 1034 1262 vir"

206 1279 284 1316 ginis
300 1282 427 1307 mentem
445 1282 605 1315 aversatur,
623 1287 711 1315 seque
725 1279 896 1307 exteriorem
909 1279 1034 1315 virgini-

205 1324 275 1353 tatis
303 1325 471 1361 opinionem
503 1324 601 1352 odisse
629 1325 812 1352 demonstrat
843 1333 849 1352 :
881 1328 1033 1360 propterea

205 1370 293 1404 quod,
311 1369 381 1396 dum
398 1369 527 1404 deceptis
552 1369 704 1396 hominum
720 1369 814 1396 oculis
829 1369 986 1404 persuadet
1001 1376 1032 1396 se

203 1422 256 1450 per
276 1416 367 1442 totam
391 1414 481 1441 vitam
506 1413 532 1440 ei
557 1413 734 1449 desponsam
764 1421 840 1446 esse,
856 1421 909 1441 nec
937 1413 1031 1449 ipsius

203 1467 314 1494 sponsa
328 1460 383 1491 est,
395 1466 448 1486 nec
463 1458 592 1486 hominis
615 1460 714 1494 aperte
738 1466 820 1491 uxor,
837 1458 887 1486 sed
911 1457 1031 1494 virgini-

203 1503 273 1530 tatis
289 1502 407 1530 landem
432 1503 509 1538 apud
530 1502 662 1530 homines
677 1502 813 1538 virginali
839 1502 936 1538 specie
952 1503 1029 1530 fura-

203 1549 264 1582 tur,
281 1547 310 1574 in
327 1547 428 1582 sponsi
452 1550 549 1574 autem
574 1546 677 1580 oculis,
694 1555 778 1574 suam
794 1547 870 1583 apud
896 1547 1030 1575 homines

207 1591 406 1626 virginitatem
437 1594 599 1624 ostentans,
618 1591 752 1618 adultera
773 1594 828 1619 est.
845 1592 919 1623 Quin
945 1592 1029 1619 etiam
1047 1610 1068 1643 α

209 1638 313 1672 praeter
334 1635 470 1663 adulterii
490 1638 652 1671 peccatum,
669 1636 747 1671 quod
773 1637 803 1662 in
826 1644 913 1664 suum
938 1637 1032 1671 ipsius

211 1688 354 1716 sponsum
380 1680 547 1715 committit,
564 1680 660 1707 adhuc
675 1680 762 1707 etiam
779 1680 869 1716 impie
895 1681 924 1708 in
949 1681 1033 1708 illum

213 1724 424 1752 contumeliosa
445 1727 500 1757 est,
517 1733 550 1752 eo
572 1725 648 1760 quod
674 1724 827 1752 hominum
844 1728 1032 1761 conspectum

212 1770 307 1805 magis
323 1769 482 1797 verendum
506 1768 587 1796 illius
611 1772 767 1804 conspectu
790 1769 913 1804 judicet,
936 1778 1033 1797 coram

211 1814 280 1848 illis,
298 1816 418 1850 propter
436 1813 614 1849 opinionem,
632 1813 724 1840 facere
747 1813 884 1841 indecora
908 1822 966 1841 non
983 1823 1034 1841 au-

211 1859 295 1892 dens,
309 1866 407 1885 coram
424 1857 473 1884 illo
498 1860 607 1890 autem,
624 1857 673 1892 qui
689 1865 805 1893 semper
827 1858 921 1891 adest,
936 1857 1035 1894 impu-

211 1903 313 1930 denter
328 1902 427 1930 omnia
450 1902 568 1929 faciens.
587 1902 678 1937 lgitur
701 1905 733 1929 ut
756 1902 870 1930 vidente
894 1903 993 1930 omnia
1007 1905 1036 1931 et

210 1946 348 1974 audiente
364 1954 482 1981 sponso,
499 1946 579 1982 virgo
595 1948 660 1981 aget
675 1946 784 1974 omnia.

245 1991 289 2018 29.
299 1992 338 2018 Ac
349 1999 406 2018 non
418 1990 514 2018 solum
526 1990 548 2017 si
560 1990 626 2025 quis
635 1991 793 2024 videat,uut
802 1991 966 2027 audiat,qui
978 2000 1034 2019 non

210 2035 358 2064 celaturus
374 2038 424 2063 aut
439 2035 556 2070 adjutor
575 2035 694 2063 futurus
715 2036 908 2071 existimetur,
924 2036 1036 2064 cavebit

210 2089 247 2108 ne
262 2081 425 2116 quidquam
443 2080 539 2114 faciat,
551 2080 627 2115 quod
644 2080 768 2107 Domino
784 2081 938 2116 displiceat
954 2089 960 2108 :
978 2089 1035 2109 non

210 2125 307 2153 solum
322 2126 346 2153 si
362 2125 406 2152 vir
419 2125 505 2157 adsit,
523 2125 572 2151 sed
590 2124 704 2160 mulier,
718 2133 807 2160 eaque
824 2125 921 2161 puella
935 2133 969 2153 ex
984 2134 1034 2153 an-

210 2170 344 2197 cillarum
360 2177 493 2202 numero,
506 2167 577 2196 nihil
595 2171 646 2196 aut
661 2169 696 2196 ad
712 2172 848 2197 ornatum
864 2172 914 2197 aut
929 2170 963 2197 ad
981 2170 1036 2197 hu-

208 2222 329 2242 manum
345 2221 475 2241 amorem
492 2213 620 2248 audebit,
632 2214 709 2248 quod
727 2214 848 2242 Domino
865 2213 1034 2250 displiceat;

209 2258 259 2286 sed
272 2257 388 2285 etiamsi
399 2258 464 2293 ipsa
474 2257 536 2285 sola
548 2257 596 2292 sit,
608 2257 689 2285 nullo
701 2267 822 2293 prorsus
833 2258 953 2286 homine
964 2267 1036 2295 pras-

208 2304 300 2337 Bente,
317 2301 393 2330 nihil
412 2310 533 2338 prorsus
550 2309 647 2338 agere,
664 2303 740 2337 quod
757 2311 864 2338 sponso
880 2303 1036 2340 indignum
1051 2295 1075 2328 D

244 2414 269 2433 "
282 2413 339 2444 lca.
355 2421 489 2451 cxxxvni,
506 2415 550 2444 12.

254 2528 584 2568 21).Ὧς-θιλειῗλεγὲτιο.ῗ
606 2531 653 2558 Sic
667 2531 775 2568 plures
799 2540 871 2568 mss.
888 2532 976 2568 Editi,
1001 2531 1037 2562 ὡς

215 2564 295 2604 (δείλη
308 2564 421 2603 λεγίτω.
442 2564 537 2604 Gods;
550 2567 642 2604 Mam,
658 2564 695 2604 ὡς
720 2566 791 2604 θελει
817 2566 916 2604 λὲγων.
934 2564 974 2596 Ιιί
987 2577 1038 2604 ora

209 2601 377 2639 ejusrqure‘m
392 2611 460 2639 mox
475 2602 534 2630 dixi
550 2601 617 2630 libri
632 2602 673 2630 ita
690 2602 814 2639 legitur:
832 2601 943 2638 ’Ᾰττική
956 2605 973 2639 ἡ
991 2602 1037 2631 λέ-

210 2637 261 2673 ξὶς,
278 2637 336 2664 ἀντὶ
351 2637 461 2675 λεγὲτω.

245 2674 354 2710 (22)Δή
375 2674 466 2710 τοῦτο.
493 2674 540 2701 Sic
564 2682 635 2701 mss.
653 2676 788 2709 quatuor.
817 2675 879 2703 Non
907 2676 983 2703 male
1005 2676 1036 2703 in

210 2709 267 2747 alio
292 2707 429 2747 quodam,
451 2707 484 2743 δὴ
504 2711 605 2747 τοῦτο)ἶ
632 2707 747 2747 gemino
769 2712 917 2747 conﬁdens.
945 2712 1037 2740 Habet

211 2743 348 2779 alius—69}
366 2744 410 2773 διὰ
425 2747 515 2773 τοῦτο.
532 2743 619 2780 Editi,
636 2743 681 2771 διὰ
700 2747 790 2773 τοῦτο.

246 2778 368 2818 (23)]’ὁν
384 2781 473 2818 Λόγον,
487 2781 536 2818 τὴν
552 2778 763 2818 ἔννοιανκῠηιιε
779 2783 869 2811 codex
882 2791 899 2812 a
911 2783 1035 2811 Combe-

209 2815 276 2846 ﬁsio
292 2815 410 2852 citatus,
422 2815 476 2845 τῶν
498 2816 588 2855 λόγων
603 2817 652 2852 τὴν
669 2816 780 2847 ἔννοιαν.

1079 969 1165 1003 νεῦμα
1188 967 1205 1002 ἢ
1218 967 1265 994 τὸν
1281 966 1364 1004 λόγον
1381 966 1485 1003 τολμᾳ,
1503 966 1620 1003 μάλιστα
1637 966 1682 1003 μὶν
1703 966 1817 998 αὐτόθεν
1843 967 1904 993 εαυ-

1079 1015 1130 1046 τῆς
1156 1011 1210 1038 ἐστι
1233 1012 1400 1048 κατήγορος,
1422 1010 1504 1045 αὑτὴν
1518 1012 1568 1045 τήν
1583 1010 1704 1038 ἐπίνοιαν
1730 1013 1780 1038 τοῦ
1809 1010 1906 1042 λανθά-

1081 1065 1135 1082 νειν
1164 1056 1315 1092 κατήγορον
1344 1057 1395 1082 τοῦ
1424 1054 1530 1094 φαύλου
1566 1053 1719 1086 συνειδότος
1745 1055 1803 1091 (24)
1829 1053 1903 1081 ἔνδον

1081 1096 1192 1137 ἔχουσα.
1219 1100 1331 1127 Ἔπειτα
1357 1102 1479 1137 φανερῶς
1502 1099 1650 1137 εὑρίσκεται
1675 1099 1744 1137 πρὸς
1758 1099 1808 1134 τὴν
1834 1098 1906 1134 ἀξίαν

1082 1146 1130 1171 τοῦ
1145 1144 1264 1183 τυμφίου
1290 1143 1498 1182 τυφλώττουσα,
1529 1144 1688 1180 ’Δσώματος
1707 1144 1760 1182 γὰρ
1783 1142 1832 1178 ὢν,
1860 1143 1907 1180 μὲ-

1088 1199 1133 1220 σος
1156 1189 1200 1216 καί
1229 1191 1402 1226 ψιθυρισμῶν
1429 1189 1474 1216 καὶ
1506 1188 1671 1226 βλεμμάτων
1695 1188 1739 1216 καὶ
1762 1189 1907 1224 νοημάτων

1087 1230 1207 1268 ἕστηκεν·
1252 1233 1489 1272 ἀποστρεφόμενος
1533 1233 1579 1269 μὶν
1618 1236 1669 1268 τῆς
1703 1233 1835 1267 τοιαύτης
1859 1233 1907 1266 τήν

1087 1277 1206 1305 ὕπουλον
1234 1278 1361 1317 γνώμην,
1390 1281 1440 1313 τῆς
1471 1277 1499 1306 δὲ
1513 1278 1581 1316 πρὸς
1599 1277 1663 1309 τοὺς
1679 1276 1729 1313 ἔξω
1743 1277 1908 1316 φαινομένης

1086 1323 1250 1359 παρθενικῆς
1276 1322 1441 1360 ὑπολήψεως
1459 1323 1577 1360 μισητήν
1593 1321 1759 1361 ἀποφαίνων·
1790 1323 1832 1349 ὁτι
1848 1321 1909 1352 τοὺς

1086 1369 1138 1394 τῶν
1155 1366 1305 1404 ἀνθρώπων
1331 1366 1491 1406 ὀφθαλμοὺς
1511 1367 1650 1401 ἀπατῶσα,
1680 1367 1718 1399 ὡς
1743 1366 1819 1402 αὖτῷ
1848 1367 1909 1394 εαυ-

1085 1411 1134 1446 τὴν
1237 1410 1281 1438 διὰ
1307 1412 1368 1449 βίου
1393 1411 1576 1449 νυμφεύουσα,
1605 1409 1661 1439 οὔτ’
1687 1410 1790 1438 ἐκείνου
1804 1410 1908 1450 νύμφη⁷

1086 1454 1142 1483 οὔτ’
1158 1456 1300 1494 ἀνθρώπου
1323 1458 1448 1493 καθαρῶς
1472 1456 1527 1483 im
1555 1456 1636 1494 γυνὴ,
1666 1455 1739 1483 ἀλλά
1767 1456 1818 1490 τὴν
1848 1455 1910 1493 παρ’

1085 1499 1235 1538 ἀνθρώπων
1260 1498 1337 1536 δόξαν
1363 1500 1407 1528 ἰπὶ
1432 1502 1466 1538 τῇ
1482 1500 1612 1536 παρθενίᾳ
1627 1499 1671 1528 διὰ
1684 1502 1734 1528 τοῖ’)
1747 1501 1909 1536 παρθενικοῦ

1086 1545 1230 1582 σχήματος
1243 1544 1408 1579 κλέπτουσα,
1425 1545 1450 1572 ἰν
1468 1544 1622 1583 ὀφθαλμοῖς
1642 1547 1689 1572 τοῦ
1704 1544 1836 1584 νυμφίου,
1850 1547 1910 1581 παρ’

1088 1589 1240 1627 ἀνθρώποις
1255 1590 1304 1623 τήν
1331 1589 1475 1627 παροινίαν
1492 1590 1588 1624 ἑαυτῆς
1606 1588 1817 1626 ἑκπομπεύουσα
1848 1599 1909 1625 μοι-

1087 1633 1207 1671 χεύεται.
1232 1633 1285 1662 Καὶ
1308 1634 1376 1671 πρὸς
1400 1636 1433 1671 τῇ
1460 1637 1508 1669 τῆς
1525 1634 1649 1672 μοιχείας
1673 1633 1802 1671 ἁμαρτίᾳ,
1819 1635 1850 1668 ἢν
1875 1633 1912 1663 εἰς

1088 1679 1134 1706 τὸν
1161 1678 1277 1717 νυμφίον
1302 1679 1398 1713 εαυτῆς
1424 1679 1582 1715 ἁμαρτάνει,
1607 1676 1645 1706 ἔτι
1669 1678 1714 1705 καὶ
1743 1676 1851 1709 ἀσεϐῶς
1877 1677 1912 1708 εἷς

1088 1725 1182 1750 τοῦτον
1201 1721 1357 1761 ὑϐρίζουσα,
1387 1723 1428 1750 ὅτι
1443 1723 1492 1758 τήν
1528 1721 1589 1760 ὄψιν
1604 1725 1659 1750 τῶο
1675 1723 1827 1760 ἀνθρώπων
1843 1721 1913 1750 αἴδε-

1090 1766 1241 1804 σιμωτέραν
1267 1771 1317 1802 τῆς
1342 1767 1444 1795 ἐκείνου
1467 1767 1554 1805 ὅψεως
1577 1767 1791 1805 ἀποφαίνει-’ἐπὶ
1807 1767 1912 1794 τούτων

1091 1812 1149 1849 μὲν.
1167 1810 1211 1839 διὰ
1224 1813 1273 1846 τὴν
1293 1812 1443 1849 ὑπόληψιν,
1473 1813 1598 1850 πράττειν
1614 1813 1647 1839 τὰ
1675 1812 1783 1850 ἀπρεπῆ
1801 1812 1832 1838 οὗ
1847 1811 1912 1839 τολ-

1092 1859 1179 1893 μῶσα.
1205 1857 1246 1884 ἐπ’
1274 1857 1377 1884 ἐκείνου
1402 1855 1430 1885 δὲ
1451 1856 1492 1884 ἀεὶ
1507 1857 1650 1894 παρόντος,
1666 1855 1784 1887 ἀναιδῶς
1809 1856 1912 1883 ἅπαντα

1090 1901 1254 1935 πράττουσα.
1270 1902 1314 1933 Ὡς
1327 1902 1447 1938 ὁρῶντος
1462 1900 1507 1929 οὖν
1525 1902 1628 1929 ἅπαντα
1641 1902 1686 1928 καὶ
1703 1901 1851 1931 ἀκούοντος
1865 1902 1912 1928 τοῦ

1090 1945 1216 1984 νυμφίου,
1241 1947 1259 1980 ἡ
1287 1946 1419 1983 παρθένος
1435 1947 1539 1973 ἅπαντα
1553 1946 1657 1981 πράξει.

1125 1992 1169 2018 29.
1186 1991 1242 2018 Οὐκ
1257 1989 1300 2017 ἐὰν
1317 1990 1397 2027 μόνον
1486 1992 1525 2023 εἷς
1538 2001 1579 2022 τις
1595 1990 1678 2027 ἀκούῃ
1702 1990 1720 2025 ἢ
1747 1989 1836 2028 βλέπῃ
1859 1991 1912 2017 τῶν

1090 2035 1276 2071 νομιζομένων
1303 2035 1340 2071 μὴ
1369 2035 1546 2073 συγκρύπτειν
1573 2035 1590 2070 ἢ
1620 2034 1838 2072 συνεργάζεσθαι,
1864 2044 1913 2072 φυ-

1091 2079 1243 2115 λαττομένη
1272 2082 1358 2107 ποιεῖν
1383 2090 1409 2107 τι
1423 2079 1461 2118 ἐφ’
1477 2080 1500 2115 ᾦ
1515 2080 1529 2107 ὁ
1555 2079 1652 2117 Κύριος
1683 2079 1733 2106 οὐκ
1760 2079 1912 2116 ἀρέσκεται·

1089 2124 1134 2151 καὶ
1157 2124 1206 2151 οὐκ
1230 2123 1273 2151 ἐὰν
1306 2124 1343 2160 μὴ
1371 2124 1437 2161 ἀνὴρ
1466 2123 1539 2151 ἀλλὰ
1559 2125 1637 2162 γυνὴ,
1665 2124 1806 2151 καὶτοῦτο
1821 2123 1913 2160 κόριον

1089 2170 1143 2196 τῶν
1169 2168 1394 2205 ὑπηρετουμένων
1423 2170 1509 2206 παρῇ,
1537 2168 1738 2206 κατατολμῶσά
1763 2178 1837 2198 τινος
1861 2170 1913 2194 τῶν

1090 2212 1108 2247 ἢ
1124 2213 1191 2251 πρὸς
1206 2212 1405 2250 καλλωπισμὸν
1431 2214 1448 2248 ἢ
1471 2213 1641 2250 ἀνθρώπινον
1666 2212 1754 2250 ἔρωτα
1768 2215 1810 2249 τῷ
1825 2212 1914 2248 Κυρίῳ

1093 2258 1131 2294 μή
1146 2258 1324 2295 ἀρεσκόντων·
1339 2257 1411 2286 ἀλλὰ
1425 2257 1472 2285 κᾶν
1490 2257 1560 2295 μόνη
1589 2258 1657 2292 αὗτή
1672 2257 1700 2295 ᾔ,
1728 2255 1846 2294 μηδενὸς
1869 2256 1913 2284 ἆν-

1091 2302 1206 2339 θρώπων
1235 2301 1368 2340 παρόντος
1395 2303 1427 2330 τὸ
1453 2302 1579 2338 σύνολον,
1609 2303 1735 2341 πράττειν
1751 2303 1851 2329 τιτῶν
1877 2301 1912 2337 μὴ

1127 2532 1183 2568 (24)
1199 2529 1369 2562 Συνειδότος.
1387 2532 1526 2568 Quamvis
1549 2531 1611 2560 hac
1632 2531 1777 2567 scriptura
1801 2530 1832 2559 in
1856 2529 1914 2568 solo

1091 2570 1225 2596 occurrat
1239 2568 1405 2596 Colbertino
1415 2569 1445 2596 et
1460 2567 1517 2604 alio
1532 2575 1567 2595 ex
1581 2568 1690 2604 Regiis,
1703 2570 1805 2596 tamen
1821 2567 1916 2604 prafe~

1091 2602 1653 2642 rendavideturvulgataa,r§_crv.n;§t8dE1
1706 2639 1713 2642 _
1747 2638 1760 2642 _
1822 2602 1842 2642 ί

1126 2641 1183 2676 (25)
1198 2639 1241 2669 *Ως
1265 2640 1339 2675 αὑτῷ
1362 2636 1469 2676 tio-nixi.
1485 2640 1530 2667 Sic
1554 2639 1612 2668 duo
1634 2638 1846 2676 CombeﬁsLet
1869 2636 1914 2664 alii

1111 2674 1199 2712 iures.
1218 2676 1303 2712 Editi,
1320 2674 1358 2706 ὦς
1374 2675 1470 2710 αὐτήν.
1483 2676 1547 2703 Mox
1558 2675 1627 2704 editi
1639 2678 1668 2704 et
1680 2674 1816 2703 nonnulli
1833 2681 1912 2707 mss.,

1103 2711 1183 2747 κείνῳ
1199 2711 1301 2749 νύμφῃζ
1320 2712 1374 2749 Alii
1392 2715 1423 2739 ut
1439 2712 1467 2739 in
1482 2714 1572 2749 lentu.

1197 2745 1297 2789 Μόνόν.
1318 2748 1363 2776 Sic
1387 2749 1477 2777 codex
1501 2747 1678 2781 Mazarinus,
1695 2745 1804 2775 melius
1829 2751 1913 2781 quam

1091 2783 1173 2820 editi,
1192 2783 1285 2821 μόνος.
