2010 3145
176 168 234 198 ’181

647 166 844 198 APPENDIX
866 166 1029 198 OPERUM
1051 168 1085 199 8.
1107 167 1247 199 BASILII
1269 166 1406 198 MAGNI.

1821 165 1878 196 ’132

177 241 283 260 arcano
299 232 374 268 picta
390 231 515 267 fuerunt,
532 232 669 260 omnibus
690 233 719 260 in
741 233 835 261 lucem
861 233 970 269 profert
995 242 1001 261 :

1063 235 1118 265 τοῖς
1146 236 1211 260 πᾶσι
1239 232 1364 260 δεικνύει·
1395 231 1440 259 καὶ
1468 230 1538 259 ἔστιν
1566 229 1631 258 ἰδεῖν
1647 231 1693 258 τὸν
1715 231 1816 257 πίνακα
1829 233 1878 264 τῆς

175 286 209 305 ac
225 278 321 304 videre
335 280 381 304 est
395 277 525 304 tabulam
537 278 733 310 animm,varia
746 278 864 313 quidem
878 278 1000 306 historia

177 322 474 358 repletam,omnibus
490 325 588 349 autem
604 323 639 349 ad
657 323 848 358 spectandum
866 323 1000 358 proposi—

176 369 247 395 tam.
265 367 293 393 Si
309 374 376 402 ergo
393 366 495 393 divina:
511 368 646 402 quaedam
661 375 695 394 ex
711 368 803 395 sacris
828 367 1001 395 lectionibus

177 414 205 439 et
215 411 312 447 probis
322 411 550 447 cogitationibus
562 411 688 439 historias
701 412 855 439 videantur
869 412 1000 448 depictre,

177 456 264 483 laude
279 456 359 483 omni
374 456 463 491 digna
474 456 627 490 judicatur
642 458 670 484 et
686 464 770 484 mens
785 465 849 492 quae
866 457 1002 492 pinxit,et

177 509 241 536 quae
257 500 332 528 hanc
348 500 455 536 recepit
471 500 613 536 picturam
631 500 734 528 animae
747 500 848 528 tabula
864 510 870 528 :
889 501 934 528 his
950 501 1000 536 qui

176 545 322 580 picturam
338 545 447 578 vident,
460 545 591 572 recedere
608 545 643 572 ab
660 545 713 572 hoc
736 545 902 580 spectaculo
924 545 1001 572 648

177 589 344 617 nolentibus
360 597 392 616 eo
408 589 484 625 quod
502 591 635 624 sphctatu
651 589 773 625 dignum
790 590 844 623 sit;
863 590 1002 617 omnibus

177 637 273 661 autem
290 633 475 667 singularum
491 642 586 661 rerum
604 634 786 669 depictarum
804 634 1000 670 pulchritudi-

177 687 244 706 nem
259 681 289 705 et
303 678 422 714 ﬁguras,
439 680 502 705 tum
518 679 605 705 etiam
621 678 748 706 divinam
765 680 888 706 formam
904 678 1000 707 admi-

176 723 321 755 rantibus,
337 725 366 749 et
382 722 512 749 divinum
530 721 612 749 illum
630 722 768 758 pictorem
791 723 907 751 beatum
920 723 1000 758 judi-

177 767 408 801 cantibus,quod
425 766 515 793 vitam
532 766 560 793 in
578 775 664 794 carne
678 767 814 802 praeclare
831 767 1001 799 traduxerit,

177 811 233 839 sub
250 811 303 838 hoc
316 811 447 846 corporis
463 811 570 838 amictu
589 814 671 838 nocte
681 814 708 838 et
720 811 765 838 die
778 811 850 839 tales
861 811 1001 847 picturas,

178 858 282 891 printer
293 863 410 883 omnem
428 848 626 891 spectantiﬁm
643 864 738 891 spem,
762 855 887 892 eleganti
913 864 1001 882 manu

178 901 282 928 animae
299 899 404 927 tabulas
420 900 689 936 imprimens.0uod
701 900 725 928 si
738 903 837 936 turpes
850 903 878 928 et
888 900 1002 928 indeco-

178 954 216 972 rae
232 947 392 980 appareant
409 944 538 980 picturae,
555 945 710 980 opprobrio
723 947 752 972 et
767 945 825 972 risu
841 944 948 981 dignus
963 945 1004 980 pi-

178 992 242 1017 ctor
257 989 394 1016 omnibus
407 989 556 1016 videbitur
573 997 578 1016 :
596 989 703 1024 quippe
719 989 769 1024 qui
784 989 857 1017 alias
882 989 1006 1017 fortasse

179 1036 418 1070 spes,antequam
431 1033 591 1060 nudaretur
602 1033 701 1061 tabula
712 1033 792 1061 illius
803 1033 1006 1068 aniruaa,mon-

179 1078 324 1112 straverit,
337 1077 483 1105 contraria
496 1080 593 1105 autem
606 1078 663 1107 bis.
675 1086 739 1113 quae
750 1079 1004 1113 exspectabantur,

180 1122 280 1150 omnia
288 1124 352 1158 post
362 1124 504 1150 remotum
512 1123 642 1157 corporis
652 1123 750 1158 intcgu
757 1126 889 1150 mentum
897 1126 1007 1158 specta-

179 1167 294 1195 toribus
303 1167 448 1194 ostendat.
458 1166 581 1194 Ubinam
595 1175 663 1202 ergo
674 1166 728 1194 iste
739 1167 943 1202 abscondetur,
957 1167 1006 1202 qui

180 1221 215 1240 ex
231 1211 368 1239 instituta
384 1219 450 1238 cum
467 1211 557 1239 altero
574 1212 794 1246 comparatione
809 1211 844 1239 ab
869 1211 1008 1239 omnibus

178 1256 360 1292 judicandue
384 1255 448 1283 est?
470 1256 544 1283 Inter
557 1263 586 1283 se
601 1257 719 1283 invicem
733 1256 947 1291 cogitationibus
960 1263 1007 1283 ac-

181 1301 342 1329 cusantibus
358 1307 406 1327 aut
421 1301 508 1327 aliam
522 1300 732 1334 defendentibus
741 1300 898 1328 ".Ubinam
909 1302 1006 1328 autem

181 1345 283 1373 tabula
299 1344 349 1372 illa
365 1345 468 1372 animae
479 1345 718 1381 deponetur,quze
731 1344 926 1380 spectantium
937 1353 1008 1373 ocu-

138 1414 139 1417 η
182 1390 226 1418 los
242 1389 378 1425 turpibus
393 1389 525 1417 historiis
540 1397 573 1417 ac
589 1389 668 1417 omni
685 1389 814 1417 absurda
830 1391 926 1424 specie
951 1390 1008 1417 imv

183 1434 545 1469 plevit?0uemadmodum
562 1434 640 1461 enim
657 1434 707 1469 qui
723 1434 751 1460 in
768 1441 887 1470 corpore
900 1433 1009 1461 habent

183 1486 290 1510 necvos,
302 1481 458 1513 antequam
476 1478 721 1511 nudentur,veste
736 1478 803 1506 illos
818 1479 965 1506 occultant
981 1480 1009 1506 et

185 1522 346 1550 multorum
361 1522 454 1550 oculis
470 1523 650 1555 subducunt,
666 1531 699 1550 ac
715 1531 791 1558 sape
807 1522 1009 1559 splendidissi-

183 1575 232 1594 ma
246 1569 325 1593 veste
341 1567 539 1601 ornati,etiam
556 1567 669 1603 pulchri
686 1568 766 1595 intus
779 1575 843 1596 esse
858 1576 892 1595 ex
902 1570 1005 1595 ornatu

1054 279 1146 315 ψυχῆς
1163 277 1292 311 ποικίλης
1308 277 1354 313 μὶν
1377 277 1498 313 ἱστορίας
1512 275 1742 312 πεπληρωμένον,
1757 278 1822 302 πᾶσι
1851 273 1878 302 δὲ

1055 322 1093 353 εἱς
1123 323 1182 354 θέαν
1212 322 1380 360 ἐγκείμενον.
1415 321 1477 349 Ἐὰν
1507 321 1554 356 μὶν
1584 319 1631 347 οὖν
1661 319 1728 347 θεῖαί
1755 330 1826 351 τινες
1851 319 1877 354 ἐξ

1055 367 1273 404 ἀναγνωσμάτων
1291 367 1369 403 ἱερῶν
1386 366 1429 393 καὶ
1450 365 1557 392 ἐννοιῶν
1574 364 1725 403 φιλαρέτων
1751 364 1779 391 αἱ
1803 364 1876 390 ἱστο-

1055 412 1111 448 ρίαι
1133 411 1250 450 ὀφθῶσιν
1276 411 1505 448 ἐγγεγραμμέναι,
1534 410 1632 441 παντὸς
1652 408 1760 436 ἐπαίνου
1784 409 1798 435 ὁ
1825 411 1876 442 ζω-

1055 457 1197 495 γραφήσας
1220 458 1280 487 νοῦς
1305 456 1350 483 καὶ
1371 456 1384 482 ὁ
1400 454 1499 490 ταύτην
1525 453 1669 490 δεξάμενος
1692 454 1742 487 τήν
1770 453 1878 490 γραφὴν

1054 502 1105 533 τῆς
1119 502 1212 538 ψυχῆς
1229 500 1305 536 πίναξ
1321 499 1394 535 ἄξιος
1414 500 1541 537 κρίνεται·
1568 497 1625 526 οὐδ’
1652 498 1811 537 ἀφίστασθαι
1830 498 1879 529 τῆς

1057 545 1117 576 θέας
1141 547 1195 572 τῶν
1211 544 1392 582 ἱστορούντων
1405 544 1454 578 τὴν
1471 544 1577 582 γραφὴν
1604 541 1648 570 διὰ
1670 543 1701 570 τὸ
1725 541 1881 577 ἀξιοθέατον

1057 588 1215 617 ἐθελόντων·
1242 590 1366 617 ἁπάντων
1393 588 1421 616 δὶ
1444 588 1475 615 τὸ
1495 588 1554 619 καθ’
1569 586 1682 615 ἵκαστον
1693 589 1748 614 τῶν
1763 585 1881 624 γραφέν-

1055 644 1108 661 των
1125 632 1228 665 κάλλος
1243 644 1272 661 τι
1286 634 1329 661 καὶ
1346 633 1409 664 τοὺς
1421 632 1532 666 τύπους,
1547 631 1619 660 ἀλλὰ
1632 631 1676 658 καὶ
1699 631 1749 665 τήν
1775 629 1883 664 θεοειδῆ

1055 681 1109 705 τῶν
1135 678 1323 717 ἐγγραφέντων
1351 678 1458 716 μορφὴν
1484 677 1689 713 θαυμαζόντων,
1718 676 1762 703 καὶ
1793 685 1881 711 μακα-

1057 723 1185 760 ριζόντων
1202 723 1248 750 τὸν
1262 723 1333 750 θεῖον
1365 722 1508 760 ζωγράφον
1530 721 1641 756 ἐκεῖνον,
1665 720 1706 748 ὅτι
1728 719 1823 750 καλῶς
1843 722 1882 755 τῷ

1057 767 1082 795 ἐν
1099 768 1176 806 σαρκὶ
1192 768 1243 805 βίῳ
1269 767 1418 805 ἀχρήσατο,
1448 767 1499 794 ὑπὸ
1523 765 1612 802 τούτῳ
1634 767 1673 801 τῷ
1687 767 1737 792 τοῦ
1753 765 1881 801 σώματος

1056 809 1226 849 περιϐολαίῳ
1263 812 1358 842 νυκτὸς
1395 810 1440 838 καί
1481 811 1587 848 ἡμέρας
1619 809 1745 840 τοιαύτας
1775 809 1879 846 γραφὰς

1056 857 1129 893 παρά
1157 860 1241 884 πᾶσαν
1270 857 1324 884 τῶν
1354 857 1453 883 θεατῶν
1481 853 1577 882 ἰλπίδα
1591 853 1734 893 φιλοκάλῳ
1752 853 1828 891 χειρὶ
1842 855 1881 888 τῷ

1058 905 1108 936 τῆς
1123 902 1214 939 ψυχῆς
1228 900 1320 928 πίνακι
1338 900 1500 938 ιγχαράξας.
1517 900 1576 927 Ἐὰν
1594 897 1623 926 δὲ
1650 898 1762 936 αἲσχραί
1784 909 1814 925 τε
1837 898 1883 925 καὶ

1060 946 1190 983 ἀπρεπεῖς
1211 945 1379 984 ἀναφανῶσιν
1411 945 1439 972 αἱ
1467 944 1580 983 γραφαὶ,
1607 942 1742 980 αἰσχύνης
1769 942 1814 970 καὶ
1840 942 1882 979 γε·

1060 990 1150 1021 λωτος
1167 990 1337 1028 ὁξωγράφος
1363 988 1435 1024 ἄξιος
1462 991 1520 1020 τοῖς
1548 991 1627 1016 πᾶσιν
1653 987 1810 1026 ὀφθήσεται·
1837 985 1883 1014 ἅλ-

1062 1034 1111 1066 λας
1130 1035 1176 1070 μὲν
1208 1033 1273 1065 ἴσως
1299 1032 1410 1064 ἐλπίδας
1439 1033 1503 1071 πρὶν
1531 1035 1697 1071 γυμνοῦσθαι
1712 1032 1758 1059 τὸν
1783 1031 1881 1058 πίνακα

1061 1083 1110 1113 τῆς
1136 1080 1229 1116 ψυχῆς
1253 1078 1334 1106 αὐτοῦ
1360 1078 1510 1116 ὑποφήνας,
1541 1077 1646 1105 ἐναντία
1670 1075 1698 1104 δὲ
1725 1079 1779 1103 τῶν
1803 1075 1880 1103 ἔλπι-

1062 1124 1190 1158 σθὲντων,
1222 1123 1288 1159 μετὰ
1315 1123 1347 1150 τὸ
1373 1123 1550 1160 ἀφαιρεθῆναι
1565 1122 1656 1149 τὸτοῦ
1681 1121 1808 1157 σώματος
1835 1120 1883 1147 κά.-

1063 1168 1170 1205 λυμμα,
1201 1169 1302 1195 ἅπαντα
1317 1167 1342 1194 ἐν
1356 1167 1445 1203 τούτῳ
1459 1169 1518 1198 τοῖς
1533 1169 1638 1199 θεαταῖς
1663 1164 1806 1201 ἐπιδείξας.
1831 1166 1884 1192 Ποῦ

1063 1212 1110 1240 οὖν
1127 1212 1178 1250 ἄρα
1202 1212 1280 1243 οὗτος
1306 1210 1481 1239 καταδύσεται
1504 1211 1534 1238 ὲκ
1554 1210 1719 1248 συγκρίσεως
1744 1210 1813 1247 πρὸς
1839 1209 1884 1236 τὸν

1061 1256 1152 1295 ἕτερον
1177 1257 1249 1295 παρὰ
1277 1257 1382 1284 πάννων
1410 1256 1590 1293 κρινόμενος;
1620 1255 1724 1290 Μεταξυ
1752 1253 1884 1289 ἀλλήλων

1062 1304 1116 1329 τῶτ
1157 1301 1296 1338 λογισμῶν
1324 1300 1549 1338 κατηγορούντων
1588 1301 1606 1334 ἢ
1643 1299 1687 1326 καὶ
1729 1297 1884 1336 ὁμολογου-

1065 1347 1163 1382 μὲνων.
1185 1348 1240 1373 1ιοῦ
1254 1345 1283 1373 δὲ
1298 1347 1312 1373 ὁ
1327 1346 1405 1380 πίναξ
1421 1345 1524 1375 ἰκεῑνος
1551 1343 1602 1381 ἄρα
1615 1347 1665 1378 τῆς
1693 1345 1787 1381 ψυχῆς
1816 1344 1884 1370 ἀπο-

1061 1391 1202 1426 τεθήσεται
1228 1391 1241 1417 ὁ
1276 1390 1340 1421 τοὺς
1370 1389 1528 1428 ὀφθαλμοὺς
1557 1390 1610 1416 τῶν
1637 1390 1737 1415 θεατῶν
1764 1387 1885 1425 αἰσχρῶν

1063 1435 1188 1471 ἱστοριῶν
1221 1435 1265 1462 καὶ
1301 1434 1390 1468 πάσης
1427 1433 1581 1461 ἀλλοκότου
1611 1431 1682 1464 ἰδέας
1705 1432 1885 1467 ἀναπλήσας;

1062 1481 1105 1510 Ὡς
1126 1479 1176 1517 γὰρ
1205 1480 1231 1506 οἱ
1258 1479 1322 1511 τοὺς
1355 1478 1381 1506 ἐν
1408 1478 1515 1514 σώματι
1543 1475 1652 1515 ἔχοντες
1681 1477 1807 1514 μώμους,
1823 1477 1886 1513 πρὶν

1061 1525 1246 1562 γυμνωθῆναι,
1275 1525 1309 1560 τῇ
1338 1523 1429 1556 ἐσθῆτι
1456 1522 1660 1560 κεκρυμμένους
1688 1521 1732 1549 καὶ
1763 1519 1886 1556 ἀδήλους

1062 1568 1120 1599 τοῖς
1135 1567 1253 1600 πολλοῖς
1277 1565 1372 1605 ἔχουσι
1397 1566 1521 1597 τούτους·
1538 1565 1751 1605 περιφανεστάτῃ
1766 1564 1796 1592 δὲ
1820 1563 1887 1592 πολ-

183 1611 326 1639 exteriore
341 1611 563 1645 existimantur;
581 1612 632 1639 sed
649 1612 672 1639 si
698 1615 808 1640 vestem
832 1615 952 1647 exuant,
981 1615 1009 1640 et

1067 1613 1144 1643 λάκις
1160 1612 1252 1647 ἐσθῆτι
1276 1613 1470 1648 κοσμούμενοι,
1485 1611 1640 1638 τούναντίον
1658 1611 1702 1638 καὶ
1723 1610 1805 1638 καλοί
1820 1620 1889 1641 τινες

185 1656 255 1684 nudi
281 1656 310 1683 in
338 1656 441 1684 balneo
457 1659 629 1692 appareant,
645 1656 760 1684 ridiculi
777 1657 921 1692 videntur,
940 1658 1010 1685 dum

185 1709 292 1736 corpus
305 1701 465 1728 ostendunt
473 1700 637 1728 innumeris
645 1701 732 1728 navis
739 1705 844 1737 praeter
851 1701 1010 1737 plurimum

184 1745 269 1772 illum
284 1747 435 1772 externum
451 1745 585 1772 decorem
601 1745 1010 1781 deforme:neque,postquam

186 1790 299 1816 nudum
311 1789 449 1817 omnibus
462 1797 568 1824 corpus
583 1790 806 1825 apparuit,opus
818 1793 862 1817 est
872 1790 1012 1826 interpre-

187 1834 307 1867 tatione,
325 1834 374 1861 ubi
390 1837 419 1861 et
433 1833 549 1869 qualem
567 1842 678 1861 naevum
695 1834 819 1868 habeat;
836 1835 886 1862 sed
911 1835 1010 1862 statim

187 1887 220 1906 ac
235 1878 378 1905 nudatum
393 1881 448 1911 est,
462 1878 638 1914 conspicuus
653 1879 797 1914 cujusque
812 1879 935 1907 membri
952 1887 1012 1906 nai-

189 1931 244 1950 vus
259 1922 351 1950 oculis
367 1923 558 1958 semetipsum
575 1923 731 1958 aperitzita
746 1926 775 1951 et
788 1932 841 1951 nos
856 1926 1011 1959 postquam

189 1967 356 1994 exuerimus
370 1966 606 2002 integumentum
622 1966 729 2000 carnis,
747 1975 799 1995 nec
815 1968 920 1995 vestire
939 1968 1012 1996 iusi-

191 2014 236 2038 tos
252 2011 355 2038 animus
373 2019 477 2045 naevos,
495 2020 547 2039 nec
563 2012 712 2039 occultare
727 2011 786 2040 ullo
802 2013 888 2040 modo
905 2013 1013 2048 poteri-

191 2064 274 2090 mus;
291 2056 342 2084 sed
358 2056 496 2084 omnibus
511 2056 603 2084 oculis
618 2057 780 2092 conspicui,
794 2065 857 2092 qua
883 2065 1014 2094 corpore,

190 2099 269 2127 velut
292 2103 382 2133 veste,
409 2100 623 2128 abscondentes
637 2099 812 2136 latebamus,
829 2109 862 2128 ea
877 2102 1015 2130 omnibus

191 2145 283 2173 oculis
299 2146 378 2173 nuda
392 2146 591 2181 ostendemus,
608 2154 661 2173 nec
673 2146 734 2182 jam
750 2146 805 2173 erit
820 2147 942 2181 negandi
965 2149 1016 2174 aut

191 2190 386 2217 ratiocinandi
403 2190 494 2222 locus,
510 2198 577 2217 cum
593 2198 682 2225 opera
706 2190 771 2226 ipsa
794 2194 960 2225 cernentur,
987 2193 1016 2219 et

192 2237 349 2269 conspectu
366 2234 395 2261 in
411 2236 530 2261 auctore
545 2243 598 2262 suo
614 2237 820 2270 agnoscentnr.

1065 1654 1171 1684 ἔνδοθεν
1201 1657 1266 1684 εἶναι
1296 1657 1326 1684 ἐκ
1353 1658 1403 1683 τοῦ
1431 1655 1524 1691 ἔξωθεν
1554 1655 1658 1692 κόσμου
1687 1656 1886 1690 ὑπενοήθησαν,

1066 1701 1243 1738 ἐκδυσάμενοι
1268 1700 1297 1728 δὲ
1322 1702 1372 1736 τήν
1399 1700 1497 1733 ἐσθῆτα
1511 1700 1555 1727 καὶ
1570 1699 1667 1738 γυμνοὶ
1696 1699 1722 1727 ὲν
1751 1698 1887 1736 βαλανείῳ

1066 1746 1199 1785 ὀφθέντες,
1226 1745 1433 1783 καταγέλαστοι,
1471 1744 1544 1780 παρὰ
1579 1743 1688 1779 πολλὴν
1717 1744 1768 1778 τήν
1792 1742 1887 1779 ’ἔξωθεν

1066 1790 1143 1826 δόξαν
1162 1790 1268 1828 μυρίοις
1297 1793 1356 1821 τοῖς
1381 1790 1490 1826 μώμοις
1515 1788 1644 1826 ἐπίψογον
1669 1789 1700 1816 τὸ
1730 1789 1811 1824 σῶμα
1839 1787 1891 1815 δει-

1065 1835 1185 1870 κνύντες,
1213 1834 1357 1873 ἐφάνησαν·
1389 1835 1434 1861 καὶ
1463 1833 1494 1861 ού
1523 1833 1605 1871 χρεία
1633 1832 1792 1869 ἰρμηνείας,
1825 1833 1891 1869 μετὰ

1065 1879 1096 1906 τὸ
1111 1879 1214 1916 γυμνὸν
1228 1881 1286 1909 τοῖς
1301 1881 1380 1905 πᾶσιν
1398 1878 1512 1916 ὀφθῆναι
1539 1877 1571 1905 τὸ
1600 1879 1689 1913 σῶμα,
1705 1879 1757 1904 ποῦ
1771 1876 1817 1903 καὶ
1833 1878 1892 1907 πῶς

1067 1922 1126 1961 ἔχει
1151 1924 1196 1950 τὸν
1229 1925 1338 1959 μῶμον·
1362 1921 1426 1950 ἀλλ’
1455 1923 1512 1959 ἅμα
1539 1932 1569 1949 τε
1596 1922 1750 1959 {ppu-5071,
1763 1920 1809 1948 καί
1835 1922 1848 1948 ὁ
1864 1921 1890 1948 ἐν

1068 1969 1171 2004 ἑκάστῳ
1187 1967 1264 2004 μέλει
1296 1969 1395 2004 μῶμος
1422 1967 1577 2004 ὁρώμενος,
1603 1968 1636 2003 τῇ
1653 1964 1714 2002 ὄψει
1737 1966 1833 1993 ἑαυτὸν
1847 1966 1892 2003 ἑρ-

1070 2012 1191 2050 μηνεύει*
1207 2012 1278 2040 οὕτω
1292 2012 1337 2039 καὶ
1352 2013 1434 2048 ἡμεῖς
1448 2010 1626 2048 ἐκδυσάμενοι
1648 2011 1679 2038 τὸ
1702 2009 1892 2048 προκάλυμμα

1068 2061 1117 2092 τῆς
1132 2057 1241 2095 σαρκὸς,
1272 2055 1333 2084 οὔτε
1357 2055 1525 2094 περιστεῖλαι
1552 2055 1616 2086 τοὺς
1638 2055 1664 2082 ἄν
1680 2057 1714 2091 τῇ
1730 2054 1808 2092 ψυχῇ
1835 2054 1890 2090 μώ-

1071 2113 1150 2139 μους,
1171 2101 1232 2129 οὕτε
1256 2100 1411 2138 ἀποκρύψαι
1433 2103 1491 2132 πῶς
1515 2098 1695 2135 δυνησόμεθα·
1718 2098 1744 2125 ἐν
1761 2097 1839 2136 ὂψεσι
1865 2097 1892 2126 δὲ

1068 2150 1127 2178 τοῖς
1155 2149 1233 2173 πᾶσιν
1263 2145 1410 2184 ὁρώμενοι,
1440 2145 1456 2172 ἅ
1482 2147 1522 2181 τῷ
1550 2145 1657 2180 σώματι
1682 2143 1720 2174 ὡς
1743 2142 1769 2170 ἐν
1799 2143 1891 2178 ἐσθῆτι

1071 2191 1265 2229 ἐγκρύπτοντες
1303 2189 1483 2226 ἐλανθάνομεν
1523 2186 1643 2227 ἔχοντες,
1680 2190 1765 2215 ταῦτα
1801 2188 1892 2226 γυμνά

1071 2237 1151 2262 πᾶσιν
1168 2234 1323 2273 ὀφθαλμοῖς
1339 2232 1518 2270 ἐπιδείξομεν,
1548 2232 1636 2260 οὐκέτι
1666 2230 1727 2259 οὕτε
1742 2232 1892 2269 ἀρνήσεως,

193 2277 254 2305 οὕτε
283 2277 423 2316 λογισμῶν
452 2279 545 2316 χώραν
575 2276 703 2316 ἔχοντες,
734 2278 778 2306 ὅτε
801 2279 869 2307 αύτὰ
892 2279 926 2307 τὰ
955 2278 1021 2319 ἔργα
1049 2281 1153 2318 ὁρᾶται,
1182 2279 1227 2307 καὶ
1257 2279 1382 2318 ὁρώμενα
1409 2278 1435 2306 ἐν
1462 2280 1501 2314 τῷ
1537 2278 1691 2316 πεπραχότι
1718 2276 1895 2315 ἐπιγινώσκε-

191 2333 246 2351 ται.

228 2368 273 2396 31.
285 2370 348 2396 Non
364 2368 443 2396 enim
459 2369 579 2398 confuse
588 2372 616 2397 et
627 2369 799 2397 summatim
815 2379 860 2398 res
869 2371 1015 2404 videntur,

1107 2371 1151 2398 31.
1169 2369 1207 2397 Οὐ
1222 2368 1273 2406 γὰρ
1288 2367 1496 2406 συγκεχυμένως
1523 2377 1552 2395 τε
1573 2367 1618 2394 καὶ
1643 2364 1764 2394 καθόλου
1779 2367 1815 2394 τὰ
1829 2366 1896 2405 πρά-

193 2413 244 2440 sed
256 2415 289 2440 ut
298 2413 418 2449 depictas
430 2413 581 2449 sigillatim
594 2417 811 2450 cognoscuntur
822 2415 1016 2450 utsehabent;

195 2457 479 2494 quomodo,exempli
494 2466 593 2493 causa,
606 2459 765 2486 surrexerit
775 2467 790 2487 e
800 2458 873 2487 lecto
883 2460 919 2487 ad
934 2460 1016 2488 adul-

193 2502 300 2530 terium
317 2511 488 2538 properans.
505 2503 642 2539 qualibus
656 2504 751 2532 eundo
768 2513 839 2532 usus
854 2505 894 2533 sit
909 2505 1017 2538 gressi-

194 2546 340 2583 bus,quali
351 2549 529 2576 constitutus
540 2558 670 2584 corpore,
684 2553 713 2577 et
725 2549 841 2585 qualem
854 2558 913 2585 prae
928 2559 960 2577 se
975 2550 1018 2578 fe-

193 2600 260 2620 rens
271 2592 405 2620 habitum
415 2594 630 2629 processerit,et
645 2594 721 2621 unde
737 2593 881 2629 obrepens
893 2594 1018 2622 alienam

228 2651 250 2669 ³⁸
264 2653 348 2680 Rom.
364 2660 396 2686 ιι,
414 2652 456 2680 15.

229 2718 285 2754 (32)
314 2718 536 2756 Συγκεκραμὲνος
565 2720 605 2756 τῷ
634 2717 755 2753 σώματι.
786 2719 878 2747 Editio
906 2719 1018 2748 Veneta

195 2755 226 2792 et
238 2762 315 2792 unus
329 2755 364 2783 ex
380 2755 478 2792 Regiis
498 2755 755 2792 secundaumanu,
779 2755 1016 2792 συγκεκραμμᾷνος

193 2790 233 2833 τῇ)
257 2789 375 2833 subpetit.
392 2789 506 2833 Habent
521 2791 570 2818 alii
586 2790 773 2833 cpd‘i‘cesﬂduo
795 2789 1016 2833 onyxeicapptvoc

193 2823 225 2852 τὸ
238 2823 327 2862 σῶμα.
341 2825 403 2854 Duo
428 2827 478 2855 alii
502 2834 570 2855 cum
593 2825 770 2862 Colbertino,
795 2823 1017 2865 ωγκεκαμμινος

1071 2423 1163 2451 γματα
1178 2415 1328 2450 θεωρεῖται,
1354 2412 1417 2440 ἀλλ’
1447 2412 1486 2443 ὡς
1509 2411 1694 2449 ὗποζώγραφι
1716 2411 1785 2438 κατὰ
1818 2412 1896 2448 μέρος

1072 2459 1232 2497 γινώσκεται
1257 2458 1296 2488 ὡς
1319 2456 1388 2495 ἔχει’
1419 2458 1489 2493 οἷον,
1515 2458 1574 2488 πῶς
1595 2455 1704 2491 ἀνέστη,
1721 2456 1784 2494 φὰρε
1799 2457 1895 2490 εἲπεῖν,

1073 2503 1117 2530 ἐπὶ
1134 2503 1261 2541 μοιχείαν
1277 2503 1401 2540 ὁρμήσας
1413 2505 1464 2536 τῆς
1477 2500 1581 2537 κοίτης,
1605 2501 1650 2528 καὶ
1679 2500 1787 2532 ὁποίοις
1806 2501 1896 2538 βήμα-

1073 2558 1113 2575 σιν
1143 2547 1281 2585 ἐχρήσατο
1299 2545 1427 2585 βαδίζων
1457 2546 1532 2577 ὅπως
1557 2556 1587 2573 τε
1615 2545 1832 2584 συγκεκραμένος
1858 2547 1897 2581 τῷ

1073 2593 1180 2629 σώματι
1195 2593 1262 2629 (32),
1285 2590 1331 2619 καὶ
1359 2591 1390 2619 τὸ
1406 2594 1504 2629 σχῆμα
1518 2591 1613 2619 ὁποῖον
1627 2588 1730 2622 δεικνὺς
1744 2590 1897 2629 προσῆλθε,

1071 2720 1115 2755 τῷ-
1134 2718 1252 2754 σώματι.
1277 2718 1361 2755 Unus
1380 2726 1415 2755 ex
1428 2717 1536 2754 Regiis,
1549 2716 1774 2755 συγκεκυμμένος
1790 2719 1830 2744 τῶ
1845 2717 1897 2755 σῶ-

1074 2751 1148 2791 μᾶτι.
1166 2751 1232 2783 Mox
1247 2754 1336 2783 editio
1353 2754 1457 2788 Paris.,
1471 2751 1608 2791 ἷτροῆλθί.
1624 2751 1735 2782 Veneta
1758 2756 1788 2782 et
1813 2753 1899 2790 quin-

1073 2800 1130 2828 que
1142 2791 1256 2820 codices
1271 2793 1305 2820 ut
1320 2791 1350 2819 in
1365 2793 1455 2819 textu.
