2010 3145
119 145 173 176 738

735 148 853 179 LlBEB.
873 147 925 178 DE
946 147 1215 179 VIRGINITATE.

1767 145 1827 175 ’134

118 211 161 238 καὶ
175 210 258 238 πόθεν
279 212 452 250 παρεισρυιὶς
474 212 563 249 ἥψατο
587 214 637 248 τῆς
659 212 818 250 ἀλλοτρίας’
842 223 901 240 πως
915 223 943 240 τι

1001 213 1144 249 attigerit:
1162 213 1308 249 quomodo
1323 213 1511 248 semelipsam
1527 212 1570 240 illi
1582 212 1687 240 mulier
1700 211 1735 239 ad
1747 211 1827 240 nefa-

120 255 216 289 ἑαυτὴν
246 255 337 292 τούτῳ
366 257 436 294 πρὸς
463 257 513 291 τὴν
540 257 698 294 παράνομον
720 258 814 295 πρᾶξιν
839 259 856 292 ἡ
878 258 946 294 γυνὴ

121 299 260 328 ἰπεόίδου.
300 301 424 336 Καθάπερ
463 300 489 329 ἐν
525 301 629 334 πίνακι,
656 302 740 341 φημὶ,
769 302 836 329 κατὰ
866 301 947 340 μέρος

119 343 219 371 ἕκαστα
247 342 368 382 ἀκριϐῶς
392 346 637 383 χαταγεγραμμένα
658 346 816 384 ὀφθήσεται,
842 346 886 373 καὶ
915 346 947 373 οὗ

121 389 205 424 μόνον
233 389 267 416 τὰ
295 389 431 427 φθάσαντα
457 389 522 428 ἔργα
550 390 683 427 γενέσθαι,
716 390 789 418 ἀλλὰ
826 391 870 418 καὶ
909 391 946 427 μὴ

121 432 366 471 προχωρησάντων
393 437 446 461 τῶν
477 433 576 472 ἔργων,
591 435 618 462 αἱ
634 435 660 462 ἐν
673 437 713 471 τῷ
723 438 773 470 τῆς
789 437 881 473 ψυχῆς
902 435 932 462 πί

119 488 180 505 vam
196 478 340 516 γινόμεναι
357 480 414 514 (33)
429 477 541 506 ἔννοιαι.
558 478 640 507 Οὐδὲν
655 479 705 517 γάρ
725 479 780 507 tam
798 480 890 518 γραφή
921 479 946 507 ἐν

119 524 212 559 ψυχῇ,
242 522 260 556 ἢ
285 521 375 550 ἔννοια
391 523 453 561 πιρί
481 534 553 554 τινος
569 523 594 551 ιν
620 523 688 561 αὐτῇ
711 527 876 556 τυπωθιῖσα·
902 525 947 552 καὶ

121 565 198 594 οὐδέν
227 567 284 594 ἔστι
309 566 500 605 φαντασιώδης
525 579 554 596 τι
578 568 623 596 καὶ
646 567 781 604 ὃιαξοδική
806 567 893 596 ἔννοια
922 569 947 596 ἐν

120 612 211 648 ψυχῇ,
238 610 256 646 ἢ
280 612 370 650 γραφή
395 614 454 644 τοῖς
477 616 526 647 τῆς
546 612 689 652 φαντασίας
705 613 835 651 χρώμασί
851 624 880 641 τι
903 613 948 640 καὶ

123 656 273 693 μεγάθεα-ιν,
299 654 338 683 ἔτι
364 655 393 683 δὲ
416 658 566 694 σχήμασιν,
593 657 609 684 bl
633 658 646 685 6
671 660 733 689 νοῦς
751 657 776 685 ἐν
793 658 861 695 αὐτῇ
885 669 948 685 κατ-

122 701 325 738 εζωγράφησεν,
351 700 573 739 ἑγγεγραμμὲνη.
597 702 646 729 Καὶ
671 702 708 733 ὡς
733 703 747 729 6
771 703 820 736 τήν
836 713 949 739 σημειο-

120 745 257 782 γραφικὴν
280 745 381 782 τεχνην
411 747 516 781 μαθὼν,
547 747 654 774 πάντων
682 749 736 774 τῶν
767 747 888 782 σημείων
917 747 950 774 τὰ

123 789 255 826 σχήματα
268 789 314 816 xui
329 789 361 816 τὰ
377 790 509 826 ὀνόματα,
526 789 599 818 ἀλλὰ
618 791 661 818 καὶ
684 790 747 822 τοὺς
769 791 871 822 τύπους
894 793 948 818 τῶν

121 832 244 860 ὀκτάδων
271 833 345 871 φέρει
372 835 416 861 καὶ
442 833 577 871 τιτράδων
605 834 630 862 ιν
653 837 687 872 τῇ
700 837 777 872 ψυχῇ
791 835 950 872 τυπωσάμε-

121 888 178 911 νος,
193 877 239 905 καὶ
264 878 333 915 πρὸς
357 879 406 913 τὴν
434 879 528 916 χρείαν
549 882 602 907 τῶν
634 880 876 918 ὑπαγοριυομένων
905 879 950 907 διὰ

122 925 170 956 τῆς
194 922 290 960 χειρὸς
313 922 348 949 τὰ
370 921 395 949 ιν
418 925 452 960 τῇ
465 925 542 961 ψυχῇ
557 926 618 955 ταῖς
647 925 769 960 μνήμαις
799 924 949 962 ὶγγεγραμ-

127 966 192 1003 μίνα
209 966 253 994 ἐπὶ
269 968 319 999 τῇς
342 965 438 995 δέλτου
464 966 589 996 δεικνύει·
620 968 663 996 καὶ
683 967 700 996 ἃ
724 969 771 1005 μὲν
795 967 876 1004 ἴδιιξε
900 980 948 1004 ση-

126 1014 188 1047 μεῖα
215 1013 257 1048 τῷ
282 1011 405 1050 γραφιίῳ
418 1012 546 1050 χαράξας,
575 1012 591 1040 ἃ
620 1012 649 1041 δὶ
665 1012 779 1050 μηδέπω
796 1012 840 1041 διὰ
854 1014 948 1051 χειρὸς

122 1053 274 1093 διιχθέντα,
299 1055 326 1083 ἂν
354 1058 389 1092 τῇ
415 1058 493 1094 ψυχῇ
517 1057 593 1093 ὅμως
620 1058 851 1096 ἀπογεγραμμένα
879 1058 947 1085 ἀπό-

119 1109 213 1127 κειται·
243 1099 316 1127 οὕτω
340 1100 385 1127 καὶ
409 1101 426 1135 ἡ
451 1102 540 1139 ψυχὴ,
569 1101 617 1132 τὰς
646 1102 692 1138 μὶν
715 1101 817 1134 ἆννοίας
832 1101 876 1129 διὰ
893 1103 945 1129 σώ-

122 1154 205 1180 ματος
232 1143 388 1182 ἃνιργοῦσα,
428 1145 467 1176 εἷς
497 1145 574 1183 ἔργον
600 1147 750 1184 προήγαγε,
776 1146 824 1179 τὰς
848 1145 876 1174 δὲ
906 1147 943 1183 μὴ

121 1189 244 1226 φθάσασα
272 1189 379 1225 σώματι
408 1189 630 1222 ἀποτιλεσθιίσας
657 1192 724 1227 ἡμῖν
747 1189 889 1226 ἐπιδεῖξαι,
917 1191 943 1218 ἐν

120 1232 203 1269 ἑαυτῇ
232 1233 425 1269 τετυπωμίνας
441 1233 581 1273 φυλάττιι,
598 1235 621 1262 el
634 1236 678 1262 καὶ
708 1236 745 1271 μὴ
770 1237 942 1272 σωματικῶς.

119 1276 180 1304 ἀλλ’
199 1277 293 1314 oi)“th
308 1276 381 1315 ἔργῳ
394 1278 492 1310 ταύτας
512 1280 571 1311 καθ’
600 1280 698 1314 ἑαυτὴν
714 1279 867 1316 ἀσωμάτως
886 1279 944 1307 ἔπι-

113 1320 242 1350 τιλοῦσι.
258 1322 304 1353 Ὠς
328 1322 380 1360 γὰρ
413 1321 489 1360 ἔργον
519 1323 645 1360 σώματος
671 1325 703 1352 τὸ
727 1327 889 1361 σωματικῶς
918 1335 943 1352 τι

116 1365 283 1400 int-relicui,
319 1366 391 1394 οὕτω
406 1367 451 1394 καὶ
468 1369 561 1406 ψυχῆς
589 1368 666 1406 ἔργον
693 1368 725 1396 τὸ
753 1371 814 1400 ταῖς
830 1369 943 1400 ἐννοίαις

113 1410 159 1442 τὰς
182 1410 350 1447 ἀρεσκούσας
373 1411 520 1448 φαντασίας
544 1411 766 1451 τελισιουργῆσαι
795 1413 832 1444 ὡς
859 1413 942 1442 θέλει.

115 1454 162 1481 Διὸ
177 1455 223 1481 καὶ
238 1455 286 1486 τὰς
301 1455 327 1482 ἐν
343 1457 401 1492 (34)
426 1455 516 1492 ἐννοίᾳ
542 1457 674 1494 ἁμαρτίας
691 1459 729 1494 μῇ
745 1458 781 1488 ὡς
797 1457 943 1496 φαντασίας

114 1497 224 1533 ἁπλῶς,
242 1498 306 1527 ἀλλ’
322 1500 359 1531 ὡς
382 1498 446 1538 ἔργα
461 1500 486 1528 ἰν
503 1502 580 1538 ψυχῇ
601 1502 730 1540 γινόμενα
753 1503 820 1530 κατὰ
844 1502 875 1529 τὸ
902 1501 943 1529 δί-

114 1553 177 1571 χαιο
207 1543 344 1581 κρίνεσθαι
370 1543 420 1573 δεῖ.
444 1546 488 1577 Ὠς
518 1545 563 1573 οὖν
591 1544 638 1574 κᾶν
662 1547 700 1583 μὴ
727 1547 816 1586 γράφῃ
833 1548 850 1582 ὴ
879 1546 940 1585 χεὶρ

966 899 988 932 Β

115 1587 147 1614 τὰ
161 1590 276 1624 σημεῖα,
303 1588 379 1624 ὅμως
400 1592 460 1620 τοῖς
485 1591 608 1628 σχήμασι
624 1582 678 1618 τῶν
693 1582 814 1628 σημείῶν
831 1592 848 1626 ὴ
958 1582 979 1616 C

114 1631 166 1666 ὅλη
197 1632 357 1670 ἁπανταχοῦ
378 1634 605 1672 χαταγίγραπται·
630 1635 675 1662 καὶ
705 1636 719 1662 6
747 1634 885 1666 ἀποδύσας
910 1636 941 1663 τὸ

115 1678 195 1712 σῶμα
225 1675 280 1704 ἴδοι
310 1676 340 1704 ἆν
369 1678 452 1713 αὐτὴν
481 1681 520 1715 τῷ
534 1679 676 1717 λιγομὲνῳ
691 1680 840 1716 κομμέντῳ
855 1683 940 1708 πᾶσαν

114 1723 385 1758 καταγεγραμμένην
411 1722 481 1750 οὕτω
508 1723 574 1759 μετᾶ
600 1724 632 1757 τὸ
655 1723 841 1756 ἀποδύσασθαι
867 1726 941 1761 ἡμᾶς

113 1765 144 1792 τὸ
169 1765 261 1800 σῶμα,
285 1769 358 1793 πᾶσα
383 1765 471 1794 ἔννοια
493 1767 530 1795 ὡς
553 1768 580 1795 ἐν
607 1771 699 1806 γραφῇ
727 1768 770 1796 ἐπὶ
786 1772 836 1804 τῆς
850 1771 942 1807 ψυχῆς

115 1810 290 1847 γιγραμμίνη
307 1810 465 1849 ὀφθήσεται.
491 1813 541 1840 Καὶ
567 1813 657 1851 ὥσπερ
680 1814 694 1840 6
721 1815 758 1850 μὴ
792 1814 884 1850 μαθὼν
909 1814 943 1840 τὰ

117 1857 229 1890 σημεῖα,
259 1854 363 1882 τούτων
391 1855 417 1882 ἐν
445 1858 479 1893 τῇ
502 1858 578 1894 ψυχῇ
603 1857 653 1885 οὐχ
675 1855 733 1896 ἕχιι
762 1857 942 1897 ἐγγραφέντας

114 1897 177 1928 τοὺς
206 1897 320 1929 τύπους·
338 1899 352 1926 6
381 1897 409 1926 δὶ
440 1899 544 1936 μαθὼν,
573 1899 622 1928 κᾶν
655 1901 693 1937 μὴ
722 1901 812 1940 γράφῃ
834 1901 940 1939 ἡχιὶρ,

116 1941 180 1973 τοὺς
192 1942 295 1974 τύπους
312 1943 400 1970 αὐτῶν
412 1946 446 1981 τῇ
465 1945 579 1980 μαθήσει
610 1944 636 1972 ἂν
651 1947 729 1983 ψυχῇ
758 1945 941 1983 ἀπεγράψατο⁶

116 1986 187 2014 οὕτω
203 1987 249 2014 καὶ
265 1988 279 2014 6
308 1988 347 2023 μὴ
369 1987 496 2024 ἐννοήσας
523 1999 549 2016 τι
578 1989 738 2027 ἁμάρτημα,
765 1989 863 2017 τούτου
892 1991 943 2017 οὐκ

114 2029 172 2069 [χει
199 2033 251 2066 τήν
277 2032 424 2070 φαντασίαν
448 2032 474 2060 ἐν
499 2034 577 2071 ψυχῇ
599 2035 803 2072 γιγραμμὲνηψ
822 2035 835 2062 6
850 2033 879 2062 δὲ
903 2034 942 2062 ἓν·

114 2077 226 2110 νοήσας,
251 2075 299 2103 κᾶν
331 2077 368 2113 μὴ
397 2079 569 2115 προχωρήσῃ
591 2078 623 2105 τὸ
648 2077 739 2116 ἔργον,
761 2079 837 2115 ὅμως
866 2079 892 2107 ἰν
907 2080 941 2116 τῇ

116 2121 193 2158 ψυχῇ
206 2119 265 2158 ἔχει
280 2120 327 2152 τὰς
344 2121 488 2160 φαντασίας
507 2124 562 2150 τῶν
584 2124 746 2157 νοηθέντων,
772 2124 809 2154 ὡς
839 2122 865 2151 ἕν
887 2134 940 2152 τινι

115 2164 207 2192 πίνακι
224 2167 317 2203 σαφῶς
335 2165 534 2203 γεγραμμένας.
566 2166 645 2195 Ἀλλ’
673 2168 710 2198 ὡς
739 2167 794 2195 ἐκεῖ
809 2169 823 2196 6
849 2169 941 2205 μαθὼν

115 2208 146 2236 τὰ
160 2211 273 2246 σημεῖα,
301 2209 418 2246 ἀμελείᾳ
445 2213 494 2238 τοῦ
523 2209 715 2250 διαγράφεσθαι
744 2214 836 2247 ταῦτα,
869 2212 940 2251 λήθῃ

1002 258 1079 286 rium
1091 266 1165 293 opus
1177 257 1340 286 tradiderit.
1353 257 1438 285 Velut
1448 257 1476 284 in
1495 257 1604 291 tabula,
1617 257 1748 292 inquam,
1766 256 1827 283 sin-

1002 303 1071 339 gula
1086 305 1220 330 accurate
1241 302 1389 338 descripta
1415 306 1582 333 cernentur,
1598 309 1650 328 nec
1675 309 1709 328 ea
1731 300 1828 328 solum

1003 355 1066 382 quae
1078 348 1113 374 ad
1129 350 1226 374 actum
1240 347 1380 382 perducta
1394 349 1474 379 sunt,
1483 346 1533 373 sed
1545 345 1633 373 etiam
1645 345 1759 372 actibus
1771 353 1827 373 non

1003 391 1227 427 erumpentibus
1243 391 1335 419 iusius
1353 390 1381 418 in
1393 391 1497 419 enimze
1513 390 1613 418 tabula
1624 390 1826 425 cogitationes.

1003 435 1080 462 Nihil
1097 435 1173 463 enim
1189 435 1267 463 aliud
1285 437 1329 463 est
1345 435 1457 470 pictura
1473 435 1501 462 in
1518 435 1627 468 anima,
1645 434 1700 462 nisi
1717 434 1826 469 cogita-

1003 480 1043 507 tio
1060 479 1185 515 alicujus
1202 480 1242 507 rei
1259 480 1288 507 in
1305 480 1370 516 ipsa
1384 480 1560 507 informata:
1579 487 1631 507 nec
1647 478 1725 506 aliud
1743 478 1829 514 quid-

1004 532 1091 559 quam
1117 527 1161 552 est
1190 523 1364 560 imaginaria
1391 526 1421 551 ot
1449 530 1609 551 excurrens
1636 522 1773 557 cogitatio
1799 521 1827 548 in

1004 568 1172 600 anima,nisi
1187 568 1302 604 pictura
1318 567 1540 603 imaginationis
1555 566 1752 600 coloribus,et
1766 573 1828 593 ma-

1004 613 1210 648 gnitudinibus
1222 616 1310 648 atque
1322 612 1408 640 eliam
1426 612 1613 647 ﬁguris,quas
1626 610 1654 637 in
1671 610 1735 645 ipsa
1746 618 1830 637 mens

1003 657 1078 685 647
1107 657 1248 693 depinxit,
1264 657 1420 684 delineata.
1444 657 1478 684 Et
1501 655 1749 691 quemadmodum
1777 654 1827 690 qui

1003 704 1096 729 artem
1112 705 1247 729 notarum
1264 701 1510 733 didicit,omnium
1528 702 1663 728 notarum
1679 699 1788 735 ﬁguras
1799 700 1827 726 et

1004 746 1134 777 nomina,
1151 749 1238 781 atque
1253 746 1338 774 etiam
1355 746 1492 773 octadum
1513 745 1621 772 formas
1636 747 1665 771 et
1678 743 1826 771 tetradum

1003 790 1032 817 in
1049 793 1145 818 anima
1160 791 1317 826 impressas
1333 790 1429 823 habet,
1446 792 1474 817 et
1488 790 1522 818 ad
1546 797 1633 816 usum
1650 796 1750 816 eorum
1764 795 1826 822 quae

1004 835 1161 868 dictantur,
1180 843 1230 871 per
1254 843 1375 862 manum
1389 843 1431 869 ea,
1444 843 1506 870 qua?
1522 833 1669 861 memoriae
1685 831 1827 867 inscripta

1004 883 1083 914 sunt,
1094 881 1122 907 in
1139 879 1239 907 tabula
1254 880 1400 913 ostendit;
1418 881 1505 915 atque
1520 878 1592 906 alias
1608 878 1726 913 quidem
1741 878 1826 904 notas

1004 924 1080 960 stylo
1097 924 1308 960 ﬁguravit,alies
1323 932 1390 952 vero
1406 923 1536 951 nondum
1552 931 1640 950 manu
1658 921 1826 957 designatis,

1004 969 1033 996 in
1050 969 1147 996 anima
1164 974 1258 997 tamen
1275 969 1425 1005 descripta:
1442 970 1596 996 servantur
1611 975 1617 994 :
1636 967 1674 994 ita
1689 968 1718 993 et
1728 966 1826 993 anima

1002 1013 1075 1041 aliae
1087 1015 1203 1050 quidem
1215 1013 1488 1049 cogitetiones,dum
1500 1021 1551 1047 per
1561 1020 1667 1047 corpus
1676 1013 1824 1046 operatur,

1001 1058 1037 1085 ad
1055 1061 1151 1086 actum
1169 1057 1314 1093 perduxit,
1331 1057 1404 1084 alias
1427 1064 1503 1091 vero,
1521 1064 1594 1091 quas
1610 1055 1741 1082 nondum
1757 1062 1822 1081 cor-

1001 1110 1069 1137 pore
1091 1102 1232 1138 perfeclas
1248 1101 1332 1128 nobis
1352 1100 1492 1133 ostendit,
1509 1100 1536 1127 in
1561 1099 1657 1134 seipse
1682 1099 1822 1126 formatas

1000 1149 1106 1180 servat,
1121 1146 1175 1173 etsi
1193 1154 1249 1173 non
1262 1144 1460 1180 corporaliter,
1478 1144 1527 1172 sed
1545 1145 1662 1179 proprio
1673 1150 1758 1178 opere
1774 1150 1823 1170 eas

1000 1199 1051 1226 per
1061 1190 1251 1226 semetipsum
1262 1189 1484 1225 incorporaliter
1495 1187 1823 1224 perﬁcit.0uemadmo~

1000 1236 1069 1262 dum
1080 1235 1156 1263 enim
1167 1235 1296 1271 corporis
1304 1243 1380 1270 opus
1390 1236 1434 1261 est
1442 1233 1552 1268 aliquid
1563 1231 1751 1268 corporaliter
1763 1239 1823 1266 per-

999 1288 1095 1316 agere,
1112 1280 1152 1308 ita
1166 1282 1194 1308 et
1209 1279 1312 1307 animas
1329 1287 1404 1314 opus
1419 1281 1463 1306 est
1478 1277 1625 1314 placentes
1641 1276 1696 1304 sibi
1717 1276 1822 1311 imagi-

999 1325 1144 1357 nationes,
1159 1324 1280 1352 arbitrio
1295 1332 1348 1351 suo
1374 1331 1425 1359 per
1448 1322 1654 1358 cogitationem
1671 1321 1706 1348 ad
1722 1323 1820 1348 actum

999 1369 1166 1405 perducere.
1185 1368 1266 1396 Unde
1277 1370 1305 1396 et
1315 1370 1444 1404 peccata,
1461 1376 1524 1403 quae
1540 1367 1568 1393 in
1581 1365 1755 1401 cogitatione
1772 1372 1821 1401 po-

998 1415 1055 1442 sita
1069 1417 1151 1448 sunt,
1166 1423 1223 1441 non
1252 1416 1285 1441 ut
1309 1412 1501 1449 cogitationes
1522 1410 1705 1446 simpliciter.
1723 1410 1773 1437 sed
1789 1411 1822 1437 ut

998 1467 1086 1495 opera
1100 1458 1130 1485 in
1146 1458 1244 1486 anima
1261 1460 1378 1493 peccata
1393 1464 1510 1492 aaquum
1536 1454 1730 1490 estjudicari.
1747 1455 1821 1486 Que-

998 1501 1406 1538 madmodumigituretiamsi
1419 1503 1502 1528 notas
1515 1508 1621 1527 manus
1632 1507 1688 1526 non
1702 1498 1821 1530 scribat,

999 1549 1133 1574 notarum
1144 1549 1242 1574 tamen
1257 1545 1358 1582 ﬁguris
1369 1547 1429 1572 tota
1445 1545 1544 1572 anima
1559 1544 1668 1580 ubique
1682 1542 1823 1578 inscripta

998 1594 1053 1624 est,
1069 1595 1097 1619 et
1112 1591 1136 1619 si
1149 1591 1217 1626 quis
1232 1599 1339 1626 corpus
1355 1591 1511 1621 removeat,
1527 1591 1618 1616 totam
1634 1589 1762 1615 animam
1779 1587 1821 1614 vi-

997 1635 1086 1669 debit,
1103 1643 1136 1663 eo
1152 1635 1228 1671 quod
1245 1635 1363 1668 dicitur,
1379 1636 1543 1661 commento
1569 1632 1738 1668 inscriptam
1757 1640 1764 1659 :
1780 1631 1822 1659 sic

997 1683 1154 1716 postquam
1170 1688 1277 1715 corpus
1291 1679 1470 1711 exuerimus,
1480 1677 1577 1706 omnis
1592 1677 1729 1713 cogitatio
1743 1675 1822 1704 velut

997 1725 1025 1752 in
1037 1724 1205 1760 pictura,ita
1214 1724 1243 1752 in
1251 1724 1350 1752 anima
1356 1723 1503 1751 videbitur
1512 1722 1600 1750 inscri
1607 1725 1664 1758 pta.
1676 1722 1708 1749 Et
1717 1729 1820 1758 quem-

997 1769 1154 1797 admodum
1167 1770 1216 1804 qui
1228 1771 1311 1796 notas
1319 1776 1376 1796 non
1387 1767 1605 1802 didicit,earum
1615 1766 1643 1793 in
1654 1766 1753 1793 anima
1763 1773 1820 1792 non

997 1813 1086 1841 habet
1099 1814 1263 1850 descriptas
1283 1813 1411 1846 formas;
1428 1812 1477 1847 qui
1494 1819 1559 1838 vero
1575 1810 1686 1842 didicit,
1704 1809 1820 1836 etiamsi

997 1867 1104 1886 manus
1115 1867 1171 1886 non
1184 1858 1408 1891 scribat,earum
1420 1857 1527 1884 formas
1536 1855 1676 1883 discendo
1685 1854 1713 1881 in
1722 1853 1821 1881 anima

996 1902 1147 1937 inscripsit
1160 1910 1167 1930 :
1179 1902 1219 1930 ita
1234 1905 1262 1929 et
1277 1902 1326 1937 qui
1343 1902 1378 1929 de
1394 1902 1511 1937 peccato
1526 1899 1624 1933 aliquo
1641 1907 1697 1926 non
1713 1898 1820 1934 cogita-

996 1946 1049 1980 vit,
1064 1946 1144 1974 illius
1159 1946 1315 1981 imaginem
1332 1946 1435 1973 animae
1454 1945 1628 1980 impressam
1645 1951 1702 1971 non
1717 1942 1822 1977 habet;

997 1991 1046 2026 qui
1063 1999 1129 2018 vero
1144 1991 1291 2026 cogitavit,
1307 1989 1422 2018 etiamsi
1448 1998 1506 2017 non
1522 1988 1660 2024 procedat
1675 1995 1760 2023 opus,
1776 1990 1824 2014 ta-

997 2044 1063 2063 men
1081 2036 1108 2063 in
1125 2035 1224 2063 anima
1239 2032 1383 2070 imagines
1399 2042 1498 2061 eorum
1518 2041 1582 2068 qua
1596 2031 1826 2067 cogitavit,velut

997 2080 1026 2108 in
1040 2079 1166 2116 quadam
1179 2078 1369 2113 tabula,clare
1378 2078 1543 2113 descriptas
1554 2076 1712 2104 habet.Sed
1724 2083 1828 2110 quem-

998 2125 1156 2152 admodum
1174 2124 1232 2151 illic
1248 2123 1298 2159 qui
1315 2126 1400 2150 notas
1415 2121 1554 2156 didicit,si
1571 2129 1620 2148 eas
1637 2120 1765 2148 scribere
1778 2127 1824 2147 ne-

997 2168 1099 2205 gligat,
1111 2168 1310 2197 obliviscenda
1326 2167 1392 2195 illas
1408 2175 1422 2195 e
1439 2166 1580 2194 memoria
1596 2165 1724 2201 abjiciet,
1741 2163 1781 2191 ita
1794 2165 1827 2191 ut

997 2213 1134 2248 deinceps
1160 2212 1301 2248 temporis
1325 2220 1481 2248 progressu
1507 2210 1618 2238 nullius
1631 2211 1693 2245 jam
1709 2208 1822 2237 octadis

116 2253 182 2280 αὐτὰ
195 2255 246 2288 τῆς
265 2255 378 2298 μνήμης
394 2254 425 2282 ἃν
441 2253 589 2292 ἀποϐάλοι,
610 2256 647 2287 ὡς
676 2258 775 2293 μηκίτι
790 2256 887 2285 λοιπὸν
902 2258 941 2294 τῷ

1000 2258 1123 2294 ﬁguram
1149 2259 1200 2285 aut
1224 2257 1348 2285 formam
1376 2259 1426 2284 aut
1453 2264 1558 2284 nomen
1587 2254 1729 2282 memoria
1753 2254 1825 2282 reti-

115 2298 210 2335 χρόνῳ
227 2297 365 2335 μηδεμιᾶς
381 2298 520 2338 ἀναφέρειν
543 2299 657 2333 ὀκτάδος
681 2305 788 2339 σχῆμα,
805 2301 822 2336 ἢ
849 2302 933 2330 τύπον

115 2333 353 2388 ῇδνομασίαννεΐς
370 2333 495 2380 μνήμηψ
513 2344 584 2372 οὕτω
598 2345 643 2372 καὶ
669 2346 683 2373 6
699 2333 828 2381 ἒννοήσας
845 2333 948 2388 ἄτοπαί

116 2386 137 2414 Il.
154 2387 307 2423 ἀμεΛήσειι
319 2390 375 2416 τῶν
393 2388 517 2425 ἐννοιῶν,
542 2389 586 2417 καὶ
614 2389 654 2427 ἐφ’
684 2390 775 2429 ὲτᾶρας
799 2386 946 2422 καλλίονας

113 2431 158 2459 τὸν
172 2434 237 2459 νοῦν
254 2431 433 2470 ἀσχολήσειι,
449 2433 543 2472 χρόνῳ
556 2433 586 2462 ἅν
603 2445 669 2462 ποτε
695 2438 778 2463 ταῦτα
801 2439 851 2471 τῆς
877 2437 947 2473 μνή-

117 2487 170 2512 μης
194 2477 291 2504 ἑαυτοῦ
316 2475 452 2513 ἐκϐαλὼν,
477 2480 511 2515 τῇ
537 2478 610 2515 λήθᾳ
620 2479 702 2511 αὐτὰς
717 2482 765 2508 τοῦ
777 2484 827 2515 τῆς
852 2483 946 2519 ψυχῆς

114 2520 226 2552 πίνακος
243 2520 429 2559 ἀπαλείψειεν.
457 2521 541 2551 Οὐδὲν
567 2523 619 2561 γάρ
641 2523 696 2551 ἐστι
723 2525 830 2561 μνήμη,
855 2525 872 2559 ἢ
899 2526 945 2553 τύ-

114 2574 199 2596 πωσις
224 2565 348 2601 ἐννοιῶν,
375 2566 412 2599 ὡς
427 2566 453 2594 ἐν
469 2568 559 2605 ψυχῇ,
574 2568 785 2608 ὑποζώγραφος.
809 2569 862 2598 Καὶ
886 2572 944 2601 πῶς

149 2662 206 2707 (33)
222 2662 442 2707 Γινόμεναι..Ῑῑο
466 2672 538 2707 mss:
564 2667 700 2707 quatuor.
717 2667 805 2702 Editi,
816 2664 943 2707 Jivdpu-

117 2707 168 2735 ναι.
185 2701 254 2731 Qua
267 2701 434 2735 sequuntur
457 2701 641 2730 restituimus
651 2711 685 2730 ex
700 2711 758 2730 uno
773 2701 872 2731 codice
887 2701 942 2731 Re-

139 2734 174 2762 io.
194 2734 324 2776 Habebat
347 2735 437 2776 editig
452 2736 565 2776 Vepeta.
592 2735 734 2776 Οὐδὲ-γᾴρ
750 2738 805 2765 ἐστι
817 2737 846 2776 ,ἓν
863 2739 940 2776 ψυχῇ

131 2748 174 2768 μυ.
194 2748 324 2775 uaueuat
347 2748 435 2763 υυιιιυ
456 2748 565 2764 veneta.
592 2748 662 2766 υυοε
684 2748 734 2775 γαρ
750 2748 805 2765 εστι
821 2748 846 2765 sv
863 2748 906 2774 ψυ”
922 2750 940 2776 ῃ

131 2769 456 2816 ννοιαὼξξηεηλοὲδί
466 2771 517 2816 γᾴρ
533 2771 604 2800 ιστιν
619 2772 695 2816 ορδὶν
710 2773 736 2802 ἰν
752 2775 794 2816 ,τῇ
810 2775 887 2816 ψυχῇ
902 2748 941 2802 έν-

118 2814 183 2833 vom.
201 2805 281 2836 Illud
297 2804 323 2834 ιν
339 2805 408 2840 αὗτῆ
424 2815 458 2836 ex
472 2804 524 2837 se“:
537 2817 608 2838 mu.
624 2804 939 2847 desumptuin'eﬁ'pro

1003 2305 1072 2330 neat
1087 2312 1094 2331 :
1111 2303 1152 2330 ita
1166 2305 1195 2330 et
1217 2303 1267 2338 qui
1283 2302 1411 2330 absurda
1426 2301 1572 2336 cogitavit,
1588 2300 1613 2328 si
1639 2300 1692 2328 has
1716 2300 1827 2336 cogita-

1004 2347 1099 2376 tiones
1124 2347 1252 2384 negligat
1267 2349 1295 2374 et
1310 2347 1339 2374 in
1356 2345 1527 2374 melioribus
1549 2348 1677 2373 mentem
1693 2346 1825 2380 occupet,

1003 2391 1064 2420 haec
1089 2391 1230 2428 temporis
1255 2399 1409 2428 progressu
1426 2399 1441 2419 e
1463 2390 1605 2418 memoria
1627 2389 1746 2417 tandem
1772 2388 1826 2416 ali-

1003 2437 1120 2472 quando
1145 2436 1312 2472 projiciens,
1328 2435 1525 2463 obliviscendo
1549 2443 1584 2462 ex
1598 2434 1702 2462 anima:
1726 2432 1826 2461 tabula

1002 2481 1119 2510 delebit.
1135 2481 1213 2509 Nihil
1228 2481 1307 2509 enim
1323 2480 1402 2508 aliud
1415 2481 1459 2508 est
1473 2480 1624 2512 memoria,
1641 2478 1697 2506 nisi
1715 2478 1823 2513 cogita-

1000 2526 1114 2554 tionum
1130 2526 1219 2554 veluti
1235 2526 1349 2561 depicta
1364 2525 1393 2552 in
1410 2525 1509 2552 anima
1524 2522 1740 2551 informatio.Et
1754 2530 1825 2557 quo-

1001 2571 1087 2599 modo
1103 2571 1252 2607 possimus
1266 2570 1392 2605 effugere
1408 2577 1507 2605 poenas
1516 2567 1661 2603 ejusmodi
1672 2565 1823 2601 cogitatio-

997 2669 1202 2710 oo_q_uod_erat
1216 2668 1245 2710 in
1262 2665 1458 2710 editjsnywdc‘.
1476 2663 1736 2710 Rursusphloexloco
1752 2671 1824 2691 non-

997 2697 1070 2732 nulli
1087 2705 1201 2732 codices
1216 2706 1244 2732 et
1258 2697 1480 2734 editio'Veneta,
1495 2700 1538 2727 καὶ
1558 2697 1644 2729 οὐδείς
1661 2697 1726 2726 εστι.

1032 2741 1089 2776 (34)
1103 2741 1158 2778 Ἐυ.
1177 2739 1345 2778 Praepositio
1368 2738 1468 2778 addita
1480 2745 1514 2778 εξ
1538 2735 1633 2778 tribus
1656 2743 1727 2763 mss.
1745 2734 1820 2778 Illud

996 2771 1046 2810 δεῖ,
1060 2771 1137 2812 quod
1154 2771 1246 2813 paulo
1258 2776 1324 2811 post
1339 2773 1482 2809 sequitur,
1498 2773 1688 2808 desumptum
1704 2779 1739 2799 ex
1754 2771 1818 2799 cod.

995 2811 1152 2840 Mazarino.

1026 2820 1152 2841 ιῑυιηο.
