2010 3145
111 147 170 178 ’137
726 145 843 177 LIBER
866 146 917 177 DE
939 146 1196 178 VIRGINITATE
1203 168 1212 178 .
1762 149 1822 180 738

111 214 169 240 τίον
184 212 214 240 αἱ
231 213 280 248 μὶν
295 211 462 250 προάγουσιν
488 211 620 249 ἁμαρτίαι
646 213 700 239 τῶν
727 208 882 248 βλαϐέντων
912 210 940 239 ἐκ

996 214 1049 240 aut
1063 213 1226 241 actionibus
1252 213 1394 241 damnum
1417 221 1564 249 accepere,
1581 217 1711 249 praeeunt
1724 215 1754 243 in
1771 215 1816 243 in-

112 259 166 284 τῶν
191 257 345 294 μοχθηρῶν
370 255 459 294 λόγων
484 255 501 290 ἢ
529 256 663 293 πράξεων,
678 254 888 294 προειληφότων
912 265 941 283 τι

114 301 150 332 εἰς
167 298 245 336 ᾅδου,
261 300 306 328 καὶ
320 301 354 328 τὰ
368 300 540 338 κολαστήρια
555 303 614 331 τοῖς
630 303 680 334 τῆς
707 297 813 337 βλάϐης
842 299 940 331 αἰτίοις

115 344 374 383 παρασκευαζόντων
405 344 460 372 ἐκεῖ
477 355 483 361 ·
513 344 541 372 αἱ
567 343 596 372 δί
632 343 677 371 καί
714 343 939 378 ἐπακολουθοῦσι,

115 392 167 417 τῶν
192 389 238 417 καὶ
262 390 329 426 μετὰ
352 390 398 417 τὸν
425 388 535 417 ἐκείνων
553 388 677 423 θάνατον,
693 387 727 416 δι’
741 389 770 423 ἢν
794 388 939 417 κατέλιπον

115 437 152 471 τῷ
170 434 222 472 βίῳ
237 433 345 468 κακίαν,
361 433 387 469 ἐξ
402 433 489 461 αὐτῶν
516 432 724 470 βλαπτομένων.
741 433 786 464 Ὡς
815 434 865 471 γὰρ
889 431 941 465 ἕως

114 480 161 507 τοῦ
190 481 236 505 νῦν
264 479 278 505 ὁ
310 478 440 514 μακάριος
469 475 552 505 Δαϐἰδ
578 478 646 515 πρὸς
661 474 813 504 θεοσέϐειάν
841 488 871 505 τε
895 477 940 504 καὶ

115 524 246 562 προνοίας
262 522 406 559 ἐπίγνωσιν
424 521 536 561 ὠφελεῖ,
550 522 594 550 καὶ
610 522 636 550 οἱ
659 522 684 558 ιε
704 522 788 549 αὐτοῦ
813 522 939 561 ὠφελού-

117 579 192 605 μενοι
218 566 455 595 ἐπακολουθούσας
478 567 551 603 αὐτῷ
575 566 728 603 πέμπουσιν
753 566 871 599 ἐντεῦθεν
897 566 940 594 ἰπὶ

114 616 171 646 τοῖς
186 613 298 644 οἰκείοις
325 612 521 649 κατορθώμασι
542 612 591 644 τὰς
617 614 671 639 τῶν
697 611 812 639 ἐπαίνων
838 613 940 650 φωνάς·

116 659 187 687 οὕτω
213 657 342 696 Μαρκίων
372 657 418 684 καὶ
449 658 476 685 οἱ
503 657 598 685 λοιποὶ
613 659 666 684 τῶν
682 655 941 694 αἰρετικὰξίγκατα-

115 703 283 740 σπειράντων
313 704 354 738 τῷ
383 702 434 739 βίῳ
463 699 588 739 δόγματα
617 700 795 738 βλάπτουσιν,
816 701 939 728 ἁπάντων

114 750 167 775 τῶν
199 746 226 782 ἐξ
260 746 348 774 αὐτῶν
382 746 499 778 ἐντεῦθεν
531 745 741 784 βλαπτομένων,
770 745 942 784 πικροτέροις

113 791 177 822 τοὺς
203 790 438 829 προκατάρξαντας
467 794 517 825 τῆς
545 790 638 820 κακίας
661 789 868 826 κολαστηρίοις,
896 789 941 817 καὶ

115 835 201 864 πάλαι
230 835 307 872 ὅμως
334 837 492 870 τεθνεῶτας,
518 834 573 862 ἐκεῖ
601 833 815 872 παραδιδόντων.
832 834 865 861 Ei’
890 834 940 872 γὰρ

115 879 171 915 ἕνα,
187 880 281 918 φησὶν,
307 879 351 908 ἐάν
380 890 420 910 τις
445 882 499 908 τῶν
532 881 635 917 μικρῶν
666 878 840 916 σκανδαλίσῃ,
860 878 942 906 τοῦδε

115 927 162 953 τοῦ
178 927 296 956 θανάτου
311 923 385 960 ἄξιος
400 924 531 960 κρίνεται,
545 924 559 951 ὁ
572 923 728 958 τοσούτους,
746 922 792 951 διὰ
818 926 866 950 τοῦ
886 925 941 960 (39)

118 970 264 1006 μοχθηροῦ
280 969 342 1007 βίου
357 968 426 1006 ηρὸς
448 969 594 1007 διαφθορὰν
619 969 693 1003 ἡθῶν
714 967 940 996 καταλελοιπέναι

116 1013 316 1051 ὑποδείγματα,
332 1013 349 1047 ἢ
367 1013 520 1052 φθοροποιὰ
542 1014 638 1051 ψυχῶν
662 1012 805 1052 ἀναφυέναι
827 1014 883 1049 (40)
908 1013 941 1041 τὰ

114 1057 248 1095 δόγματα,
266 1056 462 1093 σκανδαλίζων,
474 1057 530 1088 καὶ,
549 1058 615 1093 μετὰ
629 1057 675 1084 τὸν
693 1057 797 1084 οἰκοῖον
815 1056 939 1092 θάνατον,

115 1103 238 1130 ἁπάντων
262 1101 292 1129 ἃν
321 1104 375 1129 τῶν
402 1101 437 1129 δι’
453 1102 533 1129 αὐτὸν
562 1101 790 1136 ἀποθνησκόντων
820 1099 961 1129 θανάτων

117 1147 265 1178 ὑπεύθυνος
291 1146 371 1182 ἀξίως
399 1146 443 1174 καὶ
472 1145 583 1177 δικαίως
609 1145 788 1185 ἀποφανθείη,
804 1147 862 1173 καθ’
876 1145 941 1174 ἕκα-

116 1202 177 1219 στον
190 1193 245 1218 τῶν
263 1190 298 1218 δι’
322 1190 400 1218 αὐτὸν
424 1190 682 1229 τραυματιζομένων
706 1191 724 1225 ἢ
753 1190 940 1226 ἀποθνησκόν-

114 1246 166 1263 των
181 1235 308 1269 ἐνταῦθα,
323 1235 392 1263 κατὰ
415 1235 461 1263 τὸν
491 1234 546 1262 ἐκεῖ
574 1235 659 1262 αἰῶνα
686 1234 940 1272 τραυματιζομένου

115 1291 142 1308 τε
160 1282 210 1307 τοῦ
236 1279 327 1307 αἰτίου
356 1279 401 1307 καὶ
429 1279 657 1315 ἀποθνήσκοντος.
688 1279 721 1308 Εἰ
749 1279 778 1307 δὶ
805 1280 850 1307 καὶ
873 1280 941 1308 κατὰ

114 1327 209 1352 τοῦτον
226 1324 273 1351 τὸν
300 1325 400 1354 τρόπον
426 1325 453 1351 αἱ
482 1324 529 1361 μὶν
552 1324 700 1362 προάγουσι
723 1323 844 1362 πράξεις,
859 1325 887 1352 αἱ
912 1323 940 1352 δὲ

114 1367 344 1401 ἐπακολουθοῦσι·
360 1368 404 1396 καὶ
429 1368 518 1405 ὥσπερ
541 1369 568 1396 αἱ
596 1369 646 1396 ὑπὸ
670 1368 763 1400 κακίας
789 1367 886 1396 hiare)
895 1379 940 1396 ου-

117 1413 210 1440 θοῦσαι
239 1412 344 1448 μείζονι
368 1411 480 1440 κολάσει
501 1413 547 1440 τὸν
571 1411 658 1440 αἴτιον
687 1415 740 1441 τῶν
754 1413 813 1441 καθ’
828 1411 938 1440 ἕκαστον

114 1457 313 1495 βλαπτομένων
329 1455 537 1495 παραδιδόασιν·
555 1458 582 1484 αἱ
598 1456 627 1485 δὲ
647 1457 700 1484 ἀπὸ
724 1458 821 1494 ἀρετῆς
849 1457 940 1494 μειζό-

89 1499 97 1507 ’
112 1512 162 1529 νων
179 1502 239 1529 καθ’
252 1500 363 1529 ἕκαστον
380 1503 433 1528 τῶν
456 1501 656 1540 ὠφελουμένων
682 1511 711 1529 τε
739 1501 784 1529 καὶ
813 1501 867 1529 ἀπὸ
891 1511 940 1529 κα‹

114 1546 171 1578 κίας
197 1545 415 1583 ἐπιστρεφόντων
444 1546 490 1573 τὸν
517 1544 679 1573 διδάσκαλον
703 1548 789 1583 γερῶν
816 1546 938 1582 ἀξιοῦσι’

997 258 1122 290 fernum,
1135 261 1159 284 el
1175 257 1317 293 supplicia
1334 257 1434 285 damni
1449 259 1617 286 auctoribus
1633 259 1691 286 illic
1708 268 1814 296 prvpa-

995 304 1080 336 rant;
1097 301 1156 329 ulia
1170 310 1237 329 vero
1263 302 1495 338 subsequuntur,
1512 311 1617 338 nempe
1639 311 1750 339 eorum,
1767 305 1815 340 qui

995 347 1082 374 etiam
1099 346 1135 373 ab
1150 345 1220 379 illis,
1230 348 1296 382 post
1310 346 1426 374 illorum
1445 349 1577 378 mortem.
1594 348 1630 375 ob
1648 347 1748 376 relicta
1763 358 1818 377 saa-

995 390 1059 418 culo
1067 393 1256 418 monumenta
1263 391 1398 427 nequitiae
1407 391 1693 425 Itsduntur.Quemad
1700 393 1819 420 modum

995 435 1072 462 enim
1093 434 1235 462 hactenus
1252 436 1354 462 beatus
1369 435 1458 462 David
1477 435 1510 461 ad
1529 434 1580 462 Dei
1594 434 1704 462 cultum
1719 438 1747 462 et
1758 444 1821 471 pro-

994 479 1127 506 videntia:
1143 479 1323 515 agnitionem
1336 479 1432 514 juvat,
1449 481 1478 507 et
1492 479 1542 515 qui
1558 480 1594 507 ab
1611 487 1644 507 eo
1666 480 1817 515 juvantur,

996 523 1122 560 propriis
1139 523 1273 559 praeclare
1291 523 1373 551 iactis
1389 523 1456 551 hinc
1472 526 1501 551 et
1517 523 1637 552 laudum
1653 533 1737 552 voces
1754 533 1819 561 quae

995 569 1094 604 ipsum
1110 567 1430 603 sequuntur,emittunt
1445 577 1451 595 :
1469 568 1512 596 sic
1527 568 1654 596 Marcion
1671 571 1699 596 et
1709 569 1758 597 alii
1768 571 1818 606 qui

996 612 1131 641 haretica
1142 612 1320 648 dogmatain
1336 612 1391 640 hac
1407 613 1465 640 vita
1480 613 1818 648 seminavere,damnum

996 657 1136 691 inferunt,
1152 665 1186 684 ac
1213 665 1326 688 omnes,
1343 657 1393 692 qui
1409 656 1445 684 ab
1461 656 1503 684 eis
1517 657 1563 684 hic
1578 657 1734 692 laeduntur,
1749 667 1819 695 gra-

995 701 1124 730 vioribus
1132 701 1201 728 mali
1212 703 1345 729 auctores
1354 701 1575 737 suppliciis,etsi
1584 703 1647 737 jam
1659 702 1727 730 olim
1745 712 1819 732 mor-

996 749 1073 779 tuos,
1086 745 1147 773 illic
1161 746 1292 773 tradunt.
1309 746 1380 774 Nam
1397 747 1421 774 si
1437 746 1473 779 is,
1489 746 1596 782 inquit,
1611 747 1662 782 qui
1677 756 1769 776 unum
1784 757 1819 776 ex

996 790 1126 827 parvulis
1141 790 1391 823 soandalizsverit,
1406 790 1456 818 tali
1474 794 1567 819 morte
1582 792 1689 828 dignus
1700 792 1816 827 judica-

996 837 1045 862 tur
1059 836 1133 870 ‘,qui
1148 837 1191 862 tot
1201 843 1233 862 ac
1247 837 1344 862 tantos
1357 834 1575 871 scandalizavit,
1591 836 1661 864 dum
1680 837 1818 873 improba

997 880 1061 907 vita:
1077 880 1112 907 ad
1128 879 1322 915 corruptelam
1340 888 1455 907 morum
1467 879 1607 916 relinquit
1621 882 1819 918 exempla,aut

996 923 1161 959 perniciosa
1175 923 1330 951 animabus
1346 923 1468 960 pellulat
1483 925 1630 960 dogmata,
1643 926 1744 954 mortis
1755 935 1818 955 om-

996 968 1141 1003 nium,qui
1153 970 1271 1004 propter
1281 977 1347 996 cum
1362 969 1538 1002 moriuntur,
1551 971 1693 1005 reuejure
1708 980 1741 999 ac
1756 980 1818 1000 mo-

996 1013 1052 1040 rito
1063 1012 1269 1048 judicetur,ita
1285 1016 1418 1049 ut.prout
1430 1013 1538 1049 singuli
1554 1018 1672 1050 propter
1686 1024 1752 1044 eum
1770 1016 1817 1045 hic

995 1059 1249 1090 vulnerantur,aut
1265 1057 1440 1090 moriuntur,
1457 1057 1519 1094 ipse
1535 1062 1635 1086 auctor
1649 1060 1678 1087 iu
1695 1060 1745 1088 illa
1760 1062 1820 1089 vita

994 1102 1164 1130 vulneretur
1177 1104 1206 1129 et
1223 1102 1375 1129 moriatur.
1393 1103 1472 1135 Quod
1483 1102 1506 1130 si
1520 1103 1595 1131 649
1610 1105 1697 1132 etiam
1714 1113 1818 1133 secun-

995 1147 1065 1174 dum
1083 1146 1158 1174 hanc
1174 1146 1315 1173 rationem
1332 1146 1396 1174 aliae
1413 1147 1530 1182 quidem
1548 1150 1714 1183 praecedunt
1729 1150 1817 1178 actio-

995 1199 1058 1225 nes,
1082 1191 1144 1218 alia:
1169 1199 1236 1218 vero
1261 1190 1501 1226 subsequuntur;
1518 1191 1541 1219 si
1567 1194 1817 1228 quemadmodum

995 1243 1058 1271 quae
1075 1242 1109 1262 ex
1125 1234 1257 1270 nequitia
1284 1238 1514 1271 consequuntur,
1531 1237 1635 1272 majori
1659 1238 1816 1274 supplicio,

996 1281 1083 1315 prout
1097 1279 1223 1315 quisque
1239 1279 1362 1312 laeditur,
1374 1279 1443 1307 mali
1457 1283 1606 1309 auctorem
1621 1283 1760 1318 tradunt;
1778 1284 1818 1311 ita

995 1324 1083 1352 etiam
1100 1332 1162 1360 qua)
1178 1332 1211 1351 ex
1226 1324 1333 1352 virtute
1352 1328 1573 1360 consequuntur
1588 1327 1818 1363 actiones,prout

995 1369 1120 1405 quisque
1139 1369 1262 1404 juvatur
1286 1371 1336 1396 aut
1351 1378 1368 1396 a
1385 1369 1453 1396 vitio
1478 1372 1638 1403 revocatur,
1657 1372 1818 1406 majoribus

997 1413 1123 1449 praemiis
1135 1415 1308 1449 magistrum
1317 1416 1438 1449 augent;
1448 1414 1592 1450 habetque
1603 1415 1816 1452 profeclovirgo

994 1467 1028 1485 ex
1045 1460 1169 1493 utraque
1194 1460 1286 1493 parte,
1303 1457 1371 1485 vitio
1395 1460 1446 1485 aut
1470 1458 1586 1492 virtute,
1602 1459 1675 1486 alias
1699 1460 1817 1495 quidem

995 1502 1191 1538 prmeedentes
1201 1501 1418 1535 actiones,alial
1429 1510 1496 1529 vero
1511 1506 1742 1538 consequentes;
1761 1505 1815 1532 mi-

994 1555 1060 1575 sera
1075 1546 1193 1582 quidem
1218 1545 1268 1574 illa
1291 1548 1346 1580 est,
1362 1554 1427 1581 qua:
1444 1549 1547 1582 praeter
1566 1556 1681 1583 poenam
1707 1550 1817 1585 proprii

113 1591 156 1619 καὶ
172 1592 191 1626 ἠ
208 1591 342 1629 παρθένος
358 1591 409 1628 ἄρα
424 1589 483 1628 ἔχει
510 1591 586 1622 τινὰς
610 1591 670 1622 καθ’
695 1590 819 1628 ἑκάτερον
843 1590 940 1625 ἀρετῆς

997 1590 1212 1627 peccati,etiam
1229 1591 1265 1618 ob
1278 1589 1402 1618 aliarum
1417 1599 1530 1625 casum,
1548 1592 1656 1627 quibus
1671 1593 1700 1621 in
1717 1602 1818 1629 pecca-

114 1637 131 1671 ἢ
147 1635 253 1670 κακίας,
268 1635 317 1666 τὰς
348 1635 394 1672 μὲν
424 1635 598 1672 προαγούσας
625 1635 745 1672 πράξεις,
771 1635 818 1666 τὰς
847 1634 870 1662 δ’
894 1634 940 1663 έπ-

995 1638 1057 1663 tum
1073 1635 1188 1662 labendi
1199 1637 1301 1662 auctor
1317 1635 1501 1671 fuit,semper
1515 1637 1656 1664 acerbiori
1673 1639 1818 1674 supplicio

117 1679 331 1712 ακολουθούσας·
348 1680 393 1707 καὶ
408 1679 488 1707 ἀθλία
504 1680 552 1716 μὲν
579 1679 680 1715 ἐκείνη,
697 1681 714 1715 ἡ
737 1679 806 1718 πρὸς
834 1681 868 1717 τῇ
898 1679 940 1707 διὰ

996 1680 1123 1707 traditur
1139 1688 1145 1707 :
1162 1683 1193 1707 at
1207 1683 1252 1707 ter
1267 1680 1359 1712 beata,
1377 1688 1442 1716 qua)
1457 1683 1560 1716 prater
1584 1682 1716 1718 proprias
1735 1691 1818 1712 coro-

116 1725 165 1760 τήν
182 1724 286 1752 οἰκείαν
303 1723 435 1762 ἁμαρτίαν
452 1723 577 1759 κολάσει,
592 1724 637 1752 καὶ
654 1723 698 1751 διὰ
711 1724 742 1752 τὸ
760 1726 814 1752 τῶν
843 1724 940 1763 ἑτέρων

996 1733 1060 1759 nas,
1077 1724 1165 1752 etiam
1191 1727 1306 1760 propter
1321 1723 1397 1759 illas,
1415 1733 1478 1760 quae
1503 1725 1531 1753 in
1548 1725 1628 1754 illius
1654 1727 1818 1757 imitatione

118 1772 228 1805 πτῶμα,
245 1770 289 1800 αῖς
317 1768 437 1803 ὑπέδειξε
452 1768 515 1800 τοὺς
544 1769 612 1807 πρὸς
642 1768 775 1806 ἁμαρτίαν
802 1767 940 1804 ὀλίσθους,

996 1771 1184 1804 coronantur,
1201 1777 1252 1804 pro
1277 1769 1402 1805 singulis
1419 1771 1485 1805 post
1501 1773 1622 1798 mortem
1640 1771 1669 1798 in
1693 1771 1745 1800 illa
1759 1773 1818 1802 vita

118 1814 157 1842 άεὶ
183 1813 332 1851 πικροτέρα
359 1813 470 1841 κολάσει
504 1812 730 1851 παραδιδομένη’
759 1813 944 1851 τρισμακαρία
998 1816 1164 1841 coronatur.

120 1857 148 1886 δὶ
162 1858 265 1893 ἐκείνη,
282 1859 300 1893 ἡ
316 1857 384 1895 πρὸς
400 1860 461 1889 τοῖς
479 1857 558 1888 ἰδίοις
574 1860 715 1896 στεφάνοις
729 1858 774 1885 καὶ
791 1856 836 1885 διὰ
850 1858 896 1889 τὰς
912 1857 944 1886 έκ
957 1859 1005 1885 τοῦ
1020 1858 1087 1895 πρὸς
1102 1857 1185 1891 αὐτὴν
1212 1856 1298 1892 ζήλου
1325 1858 1546 1895 στεφανουμένοις,
1562 1860 1623 1890 καθ’
1637 1859 1749 1895 ἑκάστην
1775 1861 1820 1888 καὶ

120 1902 186 1939 μετὰ
200 1902 315 1929 θάνατον
332 1901 400 1929 κατὰ
414 1902 459 1929 τὸν
476 1901 531 1929 ἐκεῖ
546 1901 632 1929 αἰῶνα
646 1902 859 1940 στεφανουμένη.

151 1948 195 1976 34.
208 1946 241 1974 Εἰ
262 1945 307 1974 οὖν
325 1944 402 1974 οὐδέν
418 1946 475 1974 ἐστι
490 1947 676 1984 κεκρυμμένον
693 1947 707 1974 ὃ
728 1946 777 1974 οὐκ
800 1945 940 1974 ἀποκαλυ-

118 1993 260 2030 φθήσεται,
283 1990 328 2019 διὰ
356 1991 457 2023 πάντας
479 1991 541 2022 τοὺς
563 1991 779 2029 προειρημένους
807 1991 907 2029 λόγους
922 1992 939 2025 ἡ

116 2036 248 2074 παρθένος
263 2036 308 2063 καὶ
326 2036 394 2072 μόνη
412 2034 489 2071 οὖσα,
505 2039 554 2070 τῆς
571 2036 627 2072 (41)
651 2035 853 2073 ἀναμαρτησίας
880 2035 940 2063 ἑαυ-

117 2084 164 2115 τῆς
181 2081 377 2118 προνοήσεται,
393 2080 424 2108 οὗ
439 2079 485 2111 τὰς
500 2082 554 2108 τῶν
572 2078 679 2107 λοιπῶν
701 2080 849 2116 ἀνθρώπων
866 2078 941 2116 ὄψεις

118 2125 212 2160 μόνον,
227 2124 302 2152 ἀλλὰ
317 2123 416 2161 πολλῷ
431 2123 526 2158 πλέον,
543 2124 626 2162 φημὶ,
641 2124 689 2155 τὰς
710 2124 807 2159 ἑαυτῆς
827 2123 871 2151 καὶ
886 2125 940 2151 τῶν

117 2170 279 2207 ἁπανταχοῦ
322 2169 449 2206 ὁρώντων
488 2168 611 2207 ἀγγέλων
654 2168 838 2206 ἔντρεπομένη
857 2190 863 2197 ,
893 2169 942 2195 Διὰ

114 2216 195 2242 τοῦτο
220 2214 283 2252 γὰρ,
313 2213 406 2250 φησὶν,
437 2212 541 2251 ὀφείλει
568 2214 585 2247 ἡ
615 2213 681 2250 γυνὴ
716 2212 836 2249 ἐξουσίαν
867 2211 940 2250 ἔχειν

116 2258 159 2286 ἐπὶ
187 2261 240 2292 τῆς
267 2256 391 2302 κεφαλῆς
421 2256 465 2284 διὰ
493 2257 556 2288 τοὺς
586 2256 730 2295 ἀγγέλους.
746 2257 783 2284 Οὐ
810 2257 860 2295 γὰρ
889 2255 939 2291 δεῖ,
956 2270 979 2302 D

115 2301 161 2330 κᾶν
190 2302 217 2330 ἐν
245 2301 316 2338 οἷ’κῳ
346 2302 415 2338 μόνη
445 2302 587 2337 καθέζηται
617 2302 788 2336 καθ’έαυτὴν
805 2303 822 2336 ἡ
843 2302 942 2339 παρθέν-

114 2357 169 2381 νος,
188 2345 259 2374 διότι
283 2345 380 2383 μηδεὶς
396 2346 509 2384 πάρεστι
530 2348 584 2373 τῶν
608 2345 770 2383 ἀνθρώπων,
787 2345 942 2383 ἀδιαφόρως

116 2392 295 2428 γυμνοῦσθαι.
313 2389 388 2418 ΙΙολὺ
404 2390 466 2428 γὰρ,
482 2390 565 2429 φημὶ,
583 2389 725 2427 ἆπαγωγὸς
746 2391 764 2424 ἡ
791 2390 869 2427 φύσις
891 2392 941 2417 τοῦ

116 2435 227 2471 θήλεος,
256 2438 341 2463 πᾶσαν
372 2434 470 2473 ἄρρενα
507 2434 586 2474 φύσιν
612 2435 671 2462 καθ’
700 2435 796 2467 ἑαυτῆς
826 2434 941 2462 ἐπισπά-

117 2486 221 2512 σασθαι.
239 2479 287 2507 Καὶ
308 2478 338 2507 οὗ
354 2478 399 2506 διὰ
412 2481 493 2506 τοῦτο
512 2479 593 2515 μόνον
621 2478 801 2516 φυλάττεσθαι
824 2477 864 2506 δεῖ
892 2479 940 2510 τὰς

115 2527 168 2552 τῶν
185 2524 323 2561 δαιμόνων
343 2523 483 2562 ἐπηρείας,
500 2523 621 2561 ἀοράτως
641 2522 834 2562 ἐφεδρευούσας
860 2524 940 2560 ἡμῖν,

117 2568 155 2596 ἀεὶ
176 2568 391 2602 ὑποπτεύουσαν,
406 2567 479 2595 ἀλλὰ
505 2567 550 2594 καὶ
575 2566 619 2594 διὰ
647 2567 711 2599 τοὺς
739 2571 829 2602 πᾶσιν,
846 2568 941 2606 φησὶν,

118 2612 276 2651 αἰδεσίμους
299 2611 434 2651 ἀγγέλους
468 2611 589 2647 ἱξουσίαν
616 2610 688 2649 ἔχειν
714 2611 829 2651 ὀφείλει.
860 2613 940 2650 Ἀνὴρ

120 2657 163 2693 μὶν
176 2657 237 2697 γὰρ,
255 2658 292 2688 ὡς
321 2659 370 2685 τοῦ
399 2655 546 2695 ἀγγελικοῦ
571 2655 672 2693 τρόπον
702 2657 762 2683 τινὰ
786 2655 940 2694 ἀξιώματος

150 2721 160 2737 ι
173 2715 280 2744 Matth.
295 2723 375 2749 xvm,
390 2715 417 2742 6.
456 2715 466 2732 ⁵
481 2714 586 2743 Matth.
601 2723 630 2749 ι,
645 2715 691 2744 26.
728 2715 739 2733 ⁸
753 2717 763 2742 l
779 2717 842 2743 Cor.
859 2723 898 2750 xx,
914 2716 956 2743 10.

159 2776 202 2810 39)
217 2776 282 2802 Τοῦ.
300 2774 480 2810 Legendum,
495 2773 537 2801 τό.

159 2776 192 2804 39
217 2776 282 2802 Τοῦ.
300 2776 480 2810 Legendum,
495 2776 537 2801 τό.

149 2776 204 2847 laci
218 2808 389 2849 ’Λναφυέναι.
405 2810 499 2845 Forte,
516 2809 692 2849 ἀναφανῆναι.
710 2810 788 2839 Em'r.

1030 1946 1074 1973 3t.
1091 1946 1119 1973 Si
1135 1946 1224 1982 igitur
1239 1946 1311 1974 nihil
1327 1948 1371 1974 est
1385 1946 1533 1974 occultum
1544 1949 1621 1983 quod
1639 1957 1697 1977 non
1714 1950 1821 1979 revela-

996 1990 1074 2018 bitur
1088 1991 1109 2025 ⁵,
1127 1993 1243 2026 propter
1267 1999 1369 2018 omnes
1394 1992 1548 2026 praedictas
1571 1993 1699 2022 rationes
1724 1995 1817 2031 virgo,

995 2035 1111 2063 etiamsi
1127 2034 1189 2062 sola
1201 2034 1334 2066 sit.dabit
1349 2043 1466 2070 operam
1480 2040 1512 2063 ut
1527 2040 1678 2071 peccatum
1690 2039 1821 2075 effugiat,

996 2088 1052 2107 non
1069 2078 1165 2107 solum
1179 2078 1359 2114 reliquorum
1376 2079 1528 2106 hominum
1546 2080 1656 2114 oculos,
1670 2082 1720 2109 sed
1733 2083 1821 2111 etiam

997 2123 1089 2151 multo
1119 2124 1213 2159 magis
1240 2131 1310 2151 suos
1341 2123 1435 2159 ipsius
1461 2132 1493 2151 ac
1518 2124 1687 2159 angelorum
1712 2127 1822 2163 ubique

997 2170 1182 2204 spectantum
1208 2168 1340 2194 reverita.
1358 2170 1507 2203 Propterea
1524 2170 1595 2196 enim
1611 2169 1698 2205 debet,
1714 2171 1821 2207 inquit,

997 2213 1097 2240 mulier
1117 2214 1276 2248 potestatem
1292 2211 1392 2240 habere
1412 2221 1495 2242 supra
1510 2216 1590 2249 caput
1600 2218 1714 2250 propter
1737 2224 1821 2251 ange-

996 2257 1038 2284 ιω
1052 2257 1138 2284 ⁶.Νοο
1155 2256 1233 2284 enim
1249 2259 1388 2292 oportet,‘
1402 2259 1434 2284 ut
1447 2257 1563 2285 etiamsi
1590 2259 1651 2286 sola
1674 2261 1754 2288 domi
1774 2269 1822 2289 se-

995 2301 1063 2329 deat
1083 2301 1162 2337 virgo
1179 2303 1332 2336 propterea
1348 2302 1425 2337 quod
1442 2302 1541 2330 nullus
1558 2304 1639 2331 adest
1655 2304 1819 2340 hominum,

995 2345 1196 2373 indili'erenter
1209 2345 1475 2374 nudetur.Multum
1487 2347 1564 2374 enim
1577 2351 1674 2376 statuo
1685 2358 1749 2377 esse
1760 2350 1822 2378 ille-

995 2390 1149 2418 oebrarum
1175 2389 1203 2416 in
1229 2389 1354 2417 feminea
1378 2393 1493 2426 natura,
1511 2394 1543 2418 ut
1567 2401 1683 2420 onmem
1707 2394 1820 2423 virilem

996 2436 1131 2462 naturam
1148 2433 1177 2460 in
1193 2434 1385 2470 semetipsam
1401 2435 1508 2463 trahat.
1526 2436 1626 2473 Neque
1641 2438 1677 2465 oh
1693 2446 1755 2466 eam
1774 2448 1821 2467 so-

996 2478 1057 2506 lum
1073 2486 1190 2506 causam
1208 2477 1334 2513 injurias
1349 2479 1600 2516 demonum,quae
1618 2482 1703 2510 nobis
1719 2482 1823 2511 invisi-

996 2522 1093 2551 biliter
1108 2522 1297 2556 insidiantur,
1314 2531 1416 2552 cavere
1431 2525 1517 2553 debet
1531 2534 1564 2554 ac
1580 2534 1697 2562 semper
1718 2535 1822 2563 suspe-

996 2571 1059 2595 ctae
1067 2567 1175 2596 habere
1188 2576 1194 2602 ;
1211 2568 1261 2596 sed
1275 2567 1362 2596 etiam
1379 2569 1415 2596 ob
1427 2571 1600 2598 reverendos
1611 2570 1760 2604 omnibus,
1776 2571 1821 2598 in-

996 2612 1070 2649 quit,
1086 2612 1205 2649 angelos
1229 2614 1404 2649 poteststem
1421 2614 1528 2642 habere
1553 2614 1647 2642 debet.
1663 2614 1714 2641 Vir
1728 2615 1819 2651 enim,

996 2665 1062 2685 cum
1079 2656 1241 2694 angelicam
1267 2657 1483 2693 quodammodo
1504 2659 1676 2694 potestatem
1701 2657 1817 2695 habent,

1029 2774 1085 2811 (41)
1100 2774 1169 2811 Τῆς.
1193 2773 1239 2811 8_ic
1263 2775 1506 2811 mssaquatuor.’
1523 2773 1610 2809 Editi,
1626 2772 1684 2805 τάς.
1706 2776 1818 2805 [bidem

995 2808 1187 2845 unus'codex,
1203 2809 1308 2836 ἑαυτοῦ·
1326 2808 1412 2844 alius,
1427 2808 1535 2844 ἑαυτήν.
