2010 3145
216 150 277 180 739

683 147 881 178 APPENDIX
901 147 1066 180 OPERUM
1087 149 1120 180 S.
1143 147 1285 180 BASILll
1307 148 1446 180 MAGNI.

1863 151 1922 182 ’110

216 217 294 244 nudo
309 215 403 251 capite
418 214 569 242 sodalibus
588 214 712 242 ﬁdenter
723 222 754 241 se
770 214 916 242 ostendat.
933 214 1038 242 Mulier

1095 212 1144 248 ὢν,
1155 216 1247 250 γυμνῇ
1262 215 1295 251 τῇ
1311 213 1418 251 κεφαλῇ
1434 217 1491 246 τοῖς
1507 214 1636 253 φράτορσι
1653 215 1760 252 θαρσῶν
1776 215 1920 253 έωράσθω.

218 264 328 294 autem,
345 268 409 296 qua:
422 259 514 287 multo
530 258 707 292 inferiorem,
719 266 807 294 quam
823 257 983 292 vir,sortita
998 262 1043 286 est

217 309 353 334 naturam
381 306 553 340 potestatem
573 303 677 331 habeat
693 303 722 331 in
739 304 851 339 capite;
868 312 952 331 suam
969 312 1040 340 pris-

216 349 350 378 stantiori
374 349 624 381 summissionem,
642 348 776 375 habendo
806 350 980 383 potestatem
1010 347 1040 374 in

217 394 320 430 capite,
346 395 482 421 decenter
505 393 657 420 conﬁtens.
674 394 837 427 Propterea,
853 392 960 427 inquit,
976 392 1040 427 ipsa

216 439 303 466 etiam
322 441 426 466 natura
442 437 556 473 capillis
571 444 672 464 earum
689 439 778 472 caput
801 436 829 463 in
847 436 952 463 vertice
973 444 1040 463 con-

216 484 297 516 texit,
314 492 368 511 sua
384 484 486 518 sponte
510 482 629 515 docens,
646 490 702 508 non
729 483 871 516 oportere,
888 482 920 507 ut
937 480 1040 508 mulier

217 536 360 563 unquam,
377 535 433 554 non
450 526 545 554 solum
571 526 626 553 alio
647 525 745 561 aliquo
770 525 913 560 membro,
936 526 987 552 sed
1005 533 1040 552 ne

215 574 310 609 capite
323 572 440 607 quidem
456 571 654 598 indiil‘erenter
677 571 821 604 nudetur;
837 573 865 597 et
888 570 957 605 quia
970 570 1037 597 solae

214 617 372 650 interdum,
388 615 459 642 viris
484 615 663 648 absentibus,
687 614 716 641 id
737 615 831 641 facere
855 622 912 642 non
937 622 1036 642 veren-

213 664 270 695 tur,
296 659 535 688 venerabiliorem
560 659 630 686 viris
655 658 825 693 dignitatem
851 658 967 693 adjecit,
993 659 1035 686 di-

211 714 280 734 cens
296 714 302 733 :
317 707 428 741 propter
452 704 573 738 angelos,
590 703 639 739 qui
664 703 773 739 ubique
798 703 906 731 adsunt
929 706 957 731 et
971 712 1035 739 qum

209 754 352 786 geruntur
374 750 482 776 vident;
508 749 684 776 Revereatur
710 756 779 783 ergo
803 748 901 776 omnis
918 748 1034 781 mulier,

209 796 306 822 adhuc
329 797 426 822 autem
453 793 546 821 multo
564 793 658 829 magis
675 793 754 828 virgo
770 792 902 828 angelos,
919 793 1035 820 etiamsi

211 839 273 868 sola
297 839 407 875 absque
430 837 601 866 hominibus
630 837 709 864 domi
739 840 870 864 versetur
888 846 894 864 :
911 839 939 864 et
967 845 1034 864 eum

211 885 370 912 necessitas
400 883 508 910 incidet
532 882 654 910 curandi
682 881 823 917 corporis,
843 884 872 909 et
897 884 984 918 caput
1006 885 1034 909 et

210 928 328 965 singula
348 935 528 963 componens
557 935 630 962 opus
659 928 805 962 properet,
834 929 862 953 et
890 929 1033 962 quantum

211 973 272 1001 ﬁeri
290 972 510 1008 potest,operiat
526 971 712 1004 membra,ita
728 974 759 998 ut
775 979 831 998 non
849 970 946 998 solum
963 979 1033 998 suos

209 1017 304 1054 ipsius
325 1025 359 1045 ae
388 1016 557 1051 angelorum
586 1015 686 1043 oculos
715 1024 831 1051 semper
857 1017 1032 1050 revereatur,

210 1062 261 1090 sed
278 1062 364 1090 etiam
382 1064 522 1097 tanquam
539 1060 567 1087 in
593 1059 709 1095 proprio
725 1060 891 1087 exercendae
915 1060 1033 1096 pietatis

210 1106 337 1134 sacrario
364 1106 398 1133 ad
423 1105 563 1141 pudorem
587 1104 774 1139 semetipsam
798 1104 930 1132 studiose
952 1113 1032 1132 exer-

209 1153 283 1179 ceat.

243 1241 287 1268 35.
304 1240 384 1272 Quod
401 1239 425 1267 si
442 1247 476 1267 ne
489 1240 550 1266 tum
566 1238 684 1274 quidem
697 1246 763 1265 eum
775 1230 838 1265 sola
851 1240 905 1270 est,
917 1237 1031 1266 indiffe-

206 1288 304 1313 renter
329 1284 499 1315 nudabitur,
517 1282 610 1310 multo
631 1282 735 1317 magis,
753 1282 892 1310 fratribus
908 1282 937 1310 in
953 1283 1031 1310 650

204 1330 320 1358 Christo
344 1328 549 1365 presentibus,
568 1327 755 1362 semetipsam
777 1329 805 1354 et
820 1326 918 1354 tunica
934 1329 962 1354 et
977 1335 1030 1363 pu-

204 1375 273 1402 dore
283 1374 412 1401 modeste
422 1372 586 1404 exornabit;
598 1379 654 1398 non
667 1371 762 1399 solum
773 1370 887 1398 nullum
899 1380 933 1398 ex
942 1379 1031 1399 mem-

206 1419 278 1454 bris,
294 1427 358 1455 que:
373 1420 453 1445 veste
469 1416 628 1453 operienda
649 1418 730 1448 sunt,
747 1416 852 1443 nudari
869 1419 978 1444 temere
994 1417 1031 1444 si-

207 1465 348 1498 nens,sed
366 1464 494 1491 maxima
508 1463 596 1490 etiam
613 1463 772 1490 attentione
787 1463 976 1497 semetipsum
993 1463 1028 1489 ad

207 1511 349 1537 damnum
365 1509 516 1535 vitandum
530 1515 720 1543 componens,
734 1509 765 1534 ut
780 1515 838 1534 non
854 1507 948 1534 solum
966 1507 1031 1542 ipsa

207 1554 298 1582 illaesa
314 1555 489 1589 permaneat,
507 1552 556 1580 sed
573 1552 659 1580 etiam
676 1551 726 1587 qui
741 1551 853 1584 vident,
870 1551 979 1579 nullam
996 1559 1029 1579 ex

1096 259 1166 292 Γυνή
1193 256 1221 285 δὲ
1250 257 1348 295 ἀνδρὸς
1375 257 1476 294 πολλῷ
1505 258 1608 286 έλάττω
1625 258 1749 296 λαχοῦσα
1763 260 1813 293 τὴν
1831 260 1919 298 φύσιν,

1096 301 1216 338 ἐξουσίαν
1233 303 1321 341 ἐχέτω
1337 303 1380 330 ἐπὶ
1394 305 1445 336 τῆς
1459 306 1600 342 κεφαλῆς·
1627 301 1672 330 διὰ
1699 305 1747 331 τοῦ
1772 303 1848 341 ἔχειν
1878 303 1920 331 έπῖ

1094 351 1144 382 τῆς
1171 347 1293 387 κεφαλῆς
1322 348 1370 382 τήν
1397 347 1535 383 ἐξουσίαν,
1564 349 1614 383 τὴν
1643 348 1710 385 πρὸς
1738 349 1769 376 τὸ
1797 352 1918 386 κρεῖττον

1096 393 1233 429 ὑποταγὴν
1250 392 1432 430 εὐσχημόνως
1457 392 1643 431 ὁμολογοῦσα.
1663 393 1711 420 Διὰ
1731 392 1824 428 τοῦτο,
1841 394 1918 430 φησὶ,

1093 437 1139 464 καὶ
1170 437 1236 470 αὐτὴ
1253 438 1270 471 ἡ
1297 436 1375 476 φύσις
1403 440 1462 467 ταῖς
1491 437 1559 475 θριξὶ
1588 438 1638 472 τήν
1665 436 1786 476 κεφαλὴν
1816 437 1918 465 τούτων

1094 480 1194 509 ἄνωθεν
1232 481 1418 519 ἐπεκάλυψεν,
1448 481 1541 514 αὐτόθι
1571 483 1625 517 (42)
1663 481 1849 515 παιδεύουσα,
1879 483 1918 510 δτι

1093 527 1225 563 προσήκει
1241 529 1356 564 γυναῖκα
1373 525 1522 562 μηδέποτε,
1539 526 1592 564 οὐχ
1607 526 1649 554 ὅτι
1671 525 1741 554 ἄλλο
1756 537 1782 554 τι
1798 529 1853 554 τῶν
1871 538 1918 564 με.

1093 569 1160 606 λῶν,
1177 569 1250 598 ἀλλὰ
1267 569 1337 607 μηδὶ
1350 571 1401 605 τὴν
1417 571 1537 608 κεφαλὴν
1563 570 1720 610 ἀδιαφόρως
1735 572 1916 608 γυμνοῦσθαιν

1091 614 1135 641 καὶ
1152 613 1246 649 ἐπειδή
1263 614 1344 651 μόναι
1360 613 1465 653 ἀνδρῶν
1483 616 1522 651 μή
1547 614 1688 652 παρόντων
1714 614 1770 643 ἔσθ’
1783 616 1829 643 ὅτε
1852 616 1917 652 πρὸς

1090 659 1170 686 τοῦτο
1198 660 1407 696 καταθαρσοῦσι,
1431 661 1462 687 τὸ
1488 658 1700 697 αἶδεσιμώτερον
1729 663 1784 687 τῶν
1812 659 1914 698 ἀνδρῶν

1091 703 1198 740 ἀξίωμα
1212 704 1386 742 προστέθιικε
1408 705 1472 740 (43),
1490 704 1585 739 εἰπὼν,
1611 703 1655 732 διὰ
1680 704 1744 737 τοὺς
1771 704 1915 743 ἀγγέλους,

1089 747 1155 779 τοὺς
1182 749 1341 786 ἁπανταχοῦ
1366 749 1500 785 παρόντας
1528 759 1557 776 τι
1593 748 1638 776 καὶ
1675 749 1708 776 τὰ
1742 750 1916 786 πραττόμενα

1093 793 1242 830 βλέποντας
1269 792 1407 825 Αἶδείσθω
1423 792 1468 820 οὗν
1492 796 1564 820 πᾶσα
1587 794 1668 830 γυνή,
1688 792 1727 821 ἔτι
1751 792 1780 821 δὶ
1805 795 1913 830 μᾶλλον

1090 838 1106 871 ἡ
1126 838 1258 874 παρθένος
1272 837 1336 870 τοὺς
1351 838 1498 876 ἀγγέλους,
1514 838 1558 865 καὶ
1576 838 1645 875 μόνη
1668 838 1819 876 ἀνθρώπων
1835 838 1860 866 έν
1876 842 1914 876 τῷ

1089 881 1156 918 οἰόιῳ
1195 883 1378 920 ὑπάρχουσα·
1408 883 1451 910 καὶ
1491 883 1554 910 ὅταν
1588 880 1725 920 συμϐαίνῃ
1764 883 1914 922 ἀναγκαίως

1089 926 1278 962 ἐπιμιλεῖσθαι
1292 927 1340 954 τοῦ
1370 928 1510 963 σώματος,
1525 927 1558 955 τά
1583 938 1612 955 τε
1635 927 1702 955 κατὰ
1720 927 1843 965 κεφαλὴν
1870 929 1914 956 καὶ

1087 972 1121 998 τὰ
1138 972 1198 1003 καθ’
1219 971 1333 999 ἕκαστον
1360 971 1586 1010 περιστέλλουσα,
1612 970 1795 1000 έπισπευδέτω
1818 973 1850 1000 τὸ
1875 972 1914 1010 ἔρ-

1082 1025 1147 1053 γον
1163 1015 1207 1043 καὶ
1231 1016 1268 1047 ὡς
1295 1016 1352 1043 οἷόν
1367 1016 1397 1043 τέ
1413 1015 1496 1048 ἐστιν,
1511 1015 1698 1053 έπικρυπ-τέτω
1721 1016 1754 1044 τὰ
1779 1016 1864 1053 μέλη,
1881 1017 1910 1045 οὐ

1090 1061 1172 1097 μόνον
1184 1063 1247 1091 τοὺς
1263 1061 1359 1095 ἑαυτῆς
1386 1060 1546 1100 ὀφθαλμοὺς
1566 1060 1611 1088 καὶ
1636 1061 1702 1097 μετὰ
1715 1061 1820 1089 τούτων
1848 1062 1909 1093 τοὺς

1086 1108 1140 1133 τῶν
1155 1104 1276 1144 ἀγγέλων
1293 1105 1333 1133 ἀεὶ
1359 1104 1519 1141 αἰδουμένη,
1535 1104 1609 1132 ἀλλά
1631 1105 1676 1132 καὶ
1701 1105 1791 1143 ὥσπερ
1816 1106 1842 1134 έν
1873 1106 1913 1134 οἷ-

1087 1150 1154 1186 κιίῳ
1178 1149 1338 1188 ἁσκητηρίῳ
1355 1151 1410 1187 (44)
1432 1149 1501 1187 πρὸς
1527 1148 1596 1177 αἷδῶ
1626 1149 1722 1184 ἑαυτὴν
1752 1149 1911 1189 φιλοκάλως

1088 1196 1215 1222 ἀσκοῦσα.

1122 1241 1166 1268 35.
1184 1239 1214 1268 bi
1235 1238 1264 1266 δὶ
1287 1237 1350 1267 οὔτε
1368 1239 1429 1266 καθ’
1453 1239 1549 1273 ἑαυτὴν
1576 1239 1643 1266 οὖσα
1664 1237 1822 1277 ἀδιαφόρως
1845 1241 1908 1268 ἁπο-

1086 1285 1268 1322 γυμνώστται,
1285 1283 1384 1319 πολλῷ
1399 1283 1494 1320 πλέον,
1510 1282 1635 1322 ἀδελφῶν
1652 1283 1677 1310 έν
1708 1284 1818 1321 Χριστῷ
1843 1295 1909 1322 παρ-

1086 1329 1182 1364 όντων,
1205 1327 1301 1362 έαυτὴν
1326 1327 1370 1355 καὶ
1394 1329 1492 1364 χιτῶνι
1524 1327 1568 1354 καὶ
1593 1326 1668 1355 αἴδοῖ
1695 1328 1845 1366 σωφρόνως
1865 1339 1910 1356 κο-

1086 1374 1194 1409 σμήσιι·
1212 1372 1242 1399 οὐ
1259 1372 1341 1408 μόνον
1359 1370 1434 1399 οὐδέν
1459 1374 1512 1399 τῶν
1537 1371 1640 1408 μελῶν,
1657 1372 1673 1399 ἆ
1697 1371 1738 1400 δεῖ
1757 1374 1793 1410 τῇ
1818 1373 1909 1408 ισθῆτι

1084 1417 1266 1445 καλύπτεσθαι
1295 1418 1362 1453 (45),
1392 1418 1634 1454 παραγυμνοῦσθαι
1664 1416 1759 1448 ἁπλῶς
1785 1417 1904 1457 ἆφιιῖσα,

1084 1461 1157 1489 ἀλλὰ
1171 1461 1216 1489 καὶ
1230 1461 1348 1498 μάλιστα
1362 1464 1506 1499 προσιχῶς
1530 1461 1627 1495 ἑαυτὴν
1643 1461 1710 1498 πρὸς
1735 1461 1766 1489 τὸ
1790 1460 1909 1495 ἀελαὸὶς

1084 1505 1322 1543 περιστέλλουσα·
1350 1505 1396 1533 ’ίνα
1427 1506 1464 1542 μὴ
1501 1505 1581 1542 μόνον
1611 1505 1678 1540 αὗτή
1709 1502 1923 1544 ἁνεπηρέαστο(

1085 1552 1165 1589 μένῃ,
1182 1550 1255 1578 ἀλλὰ
1283 1550 1328 1578 καὶ
1354 1551 1379 1577 cl.
1403 1551 1519 1586 ὁρῶντες
1546 1549 1682 1587 μηδιμίαν
1712 1550 1742 1578 έκ
1768 1555 1821 1586 τῆς
1851 1551 1910 1583 θέας

207 1601 327 1634 aspectu
345 1597 498 1625 materiam
514 1597 614 1624 damni
631 1597 786 1632 accipiant.
805 1596 927 1624 Videnles
942 1597 1026 1630 enim,

1087 1596 1210 1624 ὑπόθεσιν
1243 1593 1350 1633 βλάϐης
1374 1592 1560 1631 λαμϐάνωσιν.
1588 1593 1700 1626 Ἰδόντες
1726 1595 1789 1633 γὰρ,
1817 1597 1908 1634 φησὶν,

207 1642 370 1678 inquit,ﬁlii
384 1642 431 1668 Dei
445 1641 520 1676 filias
535 1641 688 1674 hominum,
707 1640 776 1676 quod
791 1643 879 1668 essent
893 1641 1027 1674 pulchra,

206 1688 404 1715 descenderunt
414 1686 448 1713 ad
460 1686 523 1713 illa:
533 1686 552 1711 ".
570 1685 676 1712 Idonea
687 1688 732 1713 est
741 1686 818 1712 enim
835 1685 946 1712 nudata
962 1685 1027 1720 pul-

206 1732 351 1764 chritudo,
373 1733 405 1758 ut
422 1730 498 1758 ﬁlios
522 1729 608 1757 etiam
626 1729 676 1756 Dei
702 1730 737 1756 ad
754 1729 930 1766 voluptatem
947 1729 1028 1765 pelli-

205 1777 304 1811 eiat,et
319 1779 459 1811 tanquam
476 1773 673 1809 homines,qui
688 1776 806 1809 propter
819 1782 883 1801 eam
901 1773 1028 1801 moriun-

204 1819 404 1854 tur,mortales
415 1819 532 1847 efficiat.
549 1818 643 1850 Quare
660 1826 717 1845 non
733 1820 858 1853 oportet,
875 1820 907 1845 ut
921 1818 956 1845 de
972 1826 1027 1846 sua

204 1869 318 1894 tantum
335 1865 492 1892 securitate
507 1862 643 1895 sollicita,
659 1870 760 1890 eorum
777 1862 944 1898 salutis,qui
962 1862 1025 1889 laedi

204 1909 455 1946 possunt,nullam
472 1907 613 1935 rationem
630 1907 736 1934 habent
753 1915 758 1934 :
776 1907 825 1934 sed
843 1907 928 1934 debet
944 1908 1028 1935 undi-

203 1963 259 1990 quo
275 1957 304 1982 et
317 1963 376 1981 suae
392 1953 485 1988 ipsius
500 1951 679 1988 virginitatis
692 1951 887 1979 inviolabilem
900 1952 1026 1988 pulchri-

200 1999 332 2027 tudinem
345 2000 502 2031 servare,et
511 1996 547 2023 iis
559 1996 608 2029 qui
619 1995 698 2022 illam
711 1995 937 2028 vident,lucrum
950 1997 1023 2030 vitas,

201 2052 257 2072 non
277 2046 398 2070 mortem
423 2050 456 2069 ex
473 2042 589 2076 peccato
605 2040 768 2068 conciliare.
786 2040 845 2068 Etsi
867 2041 944 2068 enim
961 2042 1026 2077 ipsa

201 2087 321 2117 conﬁdit
336 2085 514 2122 virginitatis
530 2093 589 2112 sua:
606 2085 690 2112 firmo
708 2085 867 2120 proposito.
883 2085 970 2113 debet
981 2088 1024 2114 ta-

200 2142 266 2161 men
282 2140 382 2160 curam
399 2129 662 2167 gerere,inquit,ut
678 2137 713 2156 ne
728 2131 817 2164 ponat
832 2129 1022 2158 olfensionem

200 2177 283 2205 fratri
300 2179 350 2204 aut
365 2174 536 2203 scandalum
553 2174 573 2201 ⁸.

236 2222 280 2249 36.
299 2221 346 2248 Sic
361 2221 450 2256 igitur
465 2219 546 2254 virgo
559 2221 587 2246 et
598 2221 695 2259 mente
707 2221 734 2246 et
745 2222 824 2245 motu
837 2221 865 2246 et
882 2219 975 2247 forma
991 2228 1023 2248 ac

1084 1641 1110 1668 οἱ
1137 1641 1189 1668 υἱοὶ
1219 1642 1267 1667 τοῦ
1298 1642 1365 1667 Θιοῦ
1402 1639 1450 1670 τὰς
1488 1639 1636 1677 θυγατέρας
1668 1641 1722 1667 τῶν
1747 1641 1907 1678 ἀνθρώπων,

1083 1686 1124 1713 δτι
1153 1684 1235 1712 καλαί
1263 1684 1325 1718 εἶσι,
1347 1683 1552 1721 κατηνέχθησαν
1579 1685 1646 1722 πρὸς
1684 1683 1774 1714 αὐτάς.
1804 1685 1906 1714 Ἱκανὸν

1081 1730 1132 1768 γάρ
1154 1729 1210 1757 ἐστι
1239 1728 1502 1766 παραγυμνούμενον
1533 1727 1647 1764 κάλλος,
1675 1729 1720 1755 καὶ
1748 1729 1825 1761 υἱοὺς
1841 1732 1907 1757 Θεοῦ

1081 1774 1149 1811 πρὸς
1165 1773 1267 1808 ήδονήν
1280 1775 1436 1811 γοητεῦσαι,
1461 1773 1505 1800 καὶ
1532 1773 1569 1804 ὡς
1592 1773 1751 1811 ἀνθρώπους
1775 1772 1820 1802 διὰ
1844 1773 1906 1802 ταύ-

1079 1829 1129 1853 την
1146 1819 1366 1853 ἀποθνήσκοντας
1385 1817 1497 1852 θνητοὺς
1513 1816 1662 1854 ἀποδεῖξαι.
1679 1817 1725 1845 Διὸ
1740 1817 1772 1845 οὗ
1795 1817 1838 1846 δεῖ
1858 1821 1904 1846 τοῦ

1081 1864 1177 1898 ἑαυτῆς
1192 1860 1328 1893 ἀϐλαϐοῦς
1357 1862 1438 1898 μόνον
1464 1862 1669 1900 φροντίζουσαν,
1683 1866 1733 1896 τῆς
1757 1864 1812 1890 τῶν
1838 1863 1903 1900 βλα-

1081 1905 1162 1941 ϐῆναι
1185 1907 1340 1944 δυναμένων
1364 1909 1539 1946 καταφρονεῖν
1567 1907 1713 1942 σωτηρίας,
1741 1906 1814 1934 ἀλλὰ
1836 1918 1903 1934 παν-

1078 1953 1193 1990 ταχόθεν
1218 1952 1262 1979 καὶ
1292 1952 1391 1986 ἑαυτῆς
1421 1950 1520 1978 ἄσυλον
1550 1951 1582 1978 τὸ
1606 1954 1655 1985 τῆς
1681 1951 1827 1989 παρθενίας
1841 1951 1905 1979 κάλ-

1080 1997 1128 2028 λος
1152 1996 1307 2036 φυλάττειν,
1329 1995 1374 2023 καὶ
1398 1997 1457 2026 τοῖς
1483 1996 1583 2032 ὁρῶσιν
1613 1995 1697 2029 αὐτὴν
1728 1997 1784 2032 (46)
1809 1994 1902 2033 κέρδος

1081 2045 1164 2077 ζωῆς,
1185 2041 1230 2069 καὶ
1258 2042 1296 2077 μὴ
1331 2040 1376 2068 τὸν
1412 2040 1436 2076 ἐξ
1471 2039 1604 2078 ἁμαρτίας
1630 2040 1743 2067 θάνατον
1777 2050 1903 2078 πραγμα-

1078 2086 1210 2118 τεύεσθαι.
1229 2085 1259 2113 El.
1287 2085 1339 2123 γὰρ
1369 2084 1413 2112 καὶ
1438 2084 1505 2118 αὐτὴ
1527 2083 1640 2111 πέποιθε
1659 2086 1699 2120 τῷ
1723 2085 1772 2118 τῆς
1802 2085 1902 2121 παρθι-

1078 2130 1134 2162 νίας
1148 2130 1275 2165 ἁπτώτῳ,
1293 2128 1356 2156 ἀλλ’
1372 2128 1448 2165 ὅμως
1473 2129 1646 2165 προνοεῖσθαι
1671 2127 1721 2163 διῑ,
1739 2129 1818 2167 φησὶ,
1836 2129 1904 2156 ὣστι

1080 2175 1118 2211 μὴ
1132 2175 1233 2202 τιθέναι
1247 2173 1415 2212 πρόσκομμα
1428 2175 1467 2209 τῷ
1481 2171 1591 2212 ἀδελφῷ
1605 2173 1624 2207 ἢ
1641 2171 1800 2201 σκάνδαλον.

1113 2221 1157 2247 36.
1175 2218 1252 2245 οὕτω
1269 2216 1298 2245 δὶ
1313 2219 1330 2252 ἡ
1347 2217 1475 2255 παρθένος
1489 2217 1534 2244 καὶ
1563 2217 1678 2254 γνώμης
1702 2219 1748 2244 καί
1771 2218 1902 2252 κινήσεως

199 2266 300 2294 habitu
318 2268 346 2292 et
362 2266 490 2300 gestu,et
502 2262 564 2290 sola
579 2266 609 2289 et
624 2271 689 2289 cum
701 2262 815 2297 uliis,sd
832 2263 858 2290 id
873 2265 949 2300 quod
961 2264 1021 2300 pla-

1087 2264 1121 2291 ιαὶ
1140 2266 1247 2302 μορφῆς
1263 2262 1308 2289 καὶ
1325 2263 1479 2300 σχήματος,
1493 2262 1538 2289 καὶ
1557 2261 1626 2298 μόνη
1653 2261 1697 2309 καὶ
1723 2262 1782 2298 μετ’
1797 2261 1902 2296 ἄλλων,

199 2313 244 2338 eet
269 2317 377 2345 sponso
393 2317 446 2336 suo
471 2307 627 2335 salubriter
641 2308 814 2343 composita,
830 2315 895 2335 eum
923 2309 1024 2344 sponsi

1087 2309 1147 2344 τρὸς
1172 2308 1204 2335 τὸ
1231 2306 1344 2344 ἀρέσκον
1374 2306 1458 2341 αὐτῆς
1483 2309 1522 2342 τῷ
1551 2305 1662 2345 νυμφίῳ
1676 2303 1778 2344 ἔχουσα
1809 2307 1900 2344 ὑγιῶς,

198 2355 300 2384 amicis
321 2357 399 2382 caste
421 2353 612 2388 colloquetur.
629 2351 692 2379 Non
714 2360 790 2379 enim
807 2353 841 2379 ad
869 2353 1023 2382 hominum

199 2400 297 2428 odium
314 2407 378 2426 eam
403 2398 528 2425 ferentes
545 2396 735 2432 includimus,
752 2397 801 2424 sed
827 2399 973 2427 accuratis
987 2399 1022 2426 li-

199 2443 463 2474 neamentistotam
478 2450 493 2469 a
504 2441 599 2477 capite
620 2449 712 2477 usque
727 2442 762 2469 ad
778 2442 961 2478 pedes,velut
974 2444 1022 2472 Dei

231 2539 242 2556 "
256 2539 327 2566 Gen.
344 2545 384 2571 v1,
398 2537 424 2563 2.
463 2536 474 2554 ⁸
489 2535 572 2564 Rom.
589 2543 646 2570 xxv,
663 2535 706 2564 13.

244 2643 285 2677 In?)
303 2640 414 2671 Λύτόθι.
431 2640 555 2677 Codices
566 2639 711 2677 nonnulli,
727 2637 848 2677 αὐτόθεν.

244 2648 285 2677 Ii!)
303 2648 414 2671 Λοτοθι.
431 2648 549 2667 uoolces
566 2648 711 2672 nonnulli,
727 2648 848 2670 αυτοθεν.

231 2648 288 2714 ἓ4ξζ)
304 2676 490 2714 spongea”.
508 2675 582 2702 ιςόίιί
597 2675 720 2707 addunt,
736 2677 789 2701 τῶν
806 2674 939 2712 ἀγγέλων,
956 2685 1019 2712 quae

196 2715 302 2741 melius
319 2713 426 2741 desunt
441 2713 469 2739 in
487 2714 614 2745 quatuor
630 2719 701 2738 mss.

231 2750 289 2784 (44)
305 2747 491 2785 ’ᾼσκητηρίῳ.
508 2745 756 2785 Qorpusyirginis
772 2747 919 2781 intelligit.

232 2781 287 2820 (45)
304 2784 350 2820 ῘΛ
378 2781 691 2820 δεῖς-’καλύπτεσθαιῖ
707 2782 752 2809 sic
779 2790 850 2810 mss.
881 2786 1018 2819 quatuor.

195 2817 283 2856 Editi,
298 2818 374 2848 ἀεὶ...
391 2817 575 2847 καλύπτουσα.

1077 2356 1136 2385 τοῖς
1149 2355 1198 2380 τοῦ
1212 2352 1334 2389 νυμφίου
1360 2351 1452 2389 φίλοις
1473 2353 1598 2388 καθαρῶς
1623 2349 1765 2387 ὁμιλήσιι.
1791 2351 1830 2380 Οὐ
1852 2352 1899 2389 γὰρ

1078 2398 1116 2428 εἰς
1159 2395 1362 2434 μισανθρωπίαν
1404 2396 1529 2434 φέροντας
1569 2395 1652 2430 αὐτὴν
1695 2395 1900 2432 ἀπεκλείσαμεν,

1078 2441 1140 2470 ἀλλ’
1157 2439 1279 2479 ἀκριϐέσι
1294 2440 1390 2472 τύποις
1406 2439 1473 2476 ὅλην
1490 2439 1590 2467 ἄνωθεν
1614 2440 1667 2467 ἀπὸ
1689 2443 1813 2478 κεφαλῆς
1837 2439 1899 2478 ἄχρι

1673 2639 1814 2675 erlttit,
1844 2639 1897 2671 καί,

1111 2640 1167 2675 (Ιιϐ)
1195 2637 1297 2673 Αὐτήν.
1328 2638 1422 2667 Editio
1449 2638 1623 2675 Parisiensis

1677 2678 1764 2703 encta
1779 2679 1807 2703 et
1821 2676 1897 2704 codi-

1075 2676 1152 2711 quod
1170 2674 1357 2709 sustulimus,
1374 2675 1444 2710 quia
1458 2674 1487 2702 in
1510 2675 1637 2702 editione

1075 2710 1159 2739 cibus
1175 2719 1246 2738 mss.
1265 2711 1355 2747 deest.
1373 2710 1463 2738 Paulo
1478 2714 1544 2746 post
1566 2711 1698 2738 eamdem
1716 2712 1896 2747 conjunctio-
1934 2725 1944 2732 -

1075 2755 1143 2775 nem
1168 2750 1235 2774 ante
1259 2745 1326 2780 αὐτή
1353 2745 1520 2774 addidimus
1544 2755 1578 2775 ex
1596 2746 1724 2775 editions
1749 2745 1858 2776 Veneta
1871 2750 1897 2775 et

1074 2783 1223 2811 codicibus
1239 2791 1312 2810 mss.
