2010 3145
126 152 181 182 τυ

747 149 861 181 LIBER
882 149 934 180 DE
954 148 1219 182 VIRGlNlTATE.

1773 152 1834 182 ’112

127 215 216 245 ποδῶν
230 219 298 245 Θεοῦ
313 215 425 254 ἄγαλμα
445 218 682 255 ζωγραφήσαντες,
710 215 782 243 οὕτω
804 215 872 252 πρὸς
886 214 949 246 τοὺς

1013 215 1208 249 simulacrum.
1223 217 1421 253 informatum,
1436 219 1479 246 sic
1503 219 1537 247 ad
1564 219 1631 246 ﬁdei
1650 219 1832 250 domesticos

129 265 176 296 τῆς
192 261 309 292 πίστεως
332 261 448 292 οἰκείους
472 259 610 296 ἐπιδεξίως
635 260 790 299 προάγομεν
813 260 880 296 (47),
903 258 950 286 Ἱνα

130 307 172 334 καί
197 307 334 344 σχήματι,
359 306 403 333 καὶ
429 306 515 342 λόγῳ,
535 306 625 344 νύμφη
653 304 765 340 ἀληθῶς
777 306 825 332 τοῦ
852 302 951 340 Κυρίου

131 351 250 389 ὀφθεῖσα,
281 349 411 389 ὠφελήσῃ
439 349 502 381 τοὺς
530 349 706 386 ὁμιλοῦντας.
734 348 881 384 Ὀμιλείτω
895 358 952 375 τοι-

130 397 228 432 γαροῦν
256 395 293 426 ὡς
319 393 411 431 νύμφη
443 395 509 431 μετᾶ
537 393 629 425 αἰδοῦς
662 396 721 425 τοῖς
749 392 797 421 τοῦ
823 392 951 432 νυμφίου,

131 439 212 478 φημὶ,
228 439 387 476 ὑπηρὲταις,
411 439 455 466 καῖ
472 438 604 475 ὁμιλείτω
635 439 793 476 ἁπανταχοῦ
812 438 842 465 τὸ
867 436 953 476 νηφά-

130 485 187 511 λιον
205 483 339 518 σώζουσα,
364 486 409 511 Δεῖ
430 484 480 521 γὰρ
497 483 579 518 αὐτὴν
596 483 720 520 ἀκεραίαν
739 483 786 519 μὶν
817 483 882 509 εἶναι
915 481 954 512 ὡς

130 529 299 566 περιστερὰν,
317 528 451 566 φρονίμην
481 527 510 555 δὶ
534 528 570 558 ὡς
597 528 642 555 τὸν
671 525 740 567 ὅφιν.
774 526 884 561 Ἐπειδὴ
901 526 953 564 γὰρ

129 574 155 601 αἱ
171 573 197 600 ἒν
223 573 330 609 σώματι
355 573 441 610 ψυχαὶ
462 571 639 600 ἀδυνατοῦσαι
656 571 794 607 ἀλλήλαις
823 573 878 608 (48)
906 581 953 609 γυ-

132 620 205 654 μνῶς
220 618 282 655 περὶ
300 618 398 655 ἀρετῆς
413 617 532 653 ὁμιλεῖν,
553 619 611 649 τοῖς
636 617 836 654 περικειμινοις
860 616 953 652 σώμα-

131 673 169 690 σιν
184 662 313 700 ὀργάνοις
328 661 395 700 πρός
409 672 438 689 τε
451 663 501 696 τήν
514 662 607 700 φωνὴν
621 661 665 689 καὶ
680 662 731 696 τὴν
755 661 815 688 Θὲαν
839 660 956 698 ἀναγκά-

133 710 221 741 ζονται
237 707 370 744 χρῆσθαι,
394 707 440 733 καὶ
456 707 469 733 ὁ
487 707 526 743 μὴ
540 705 688 742 δυνάμενος
712 707 804 743 ψυχῆς
820 704 956 741 ἰνδεδεμέ-

131 761 178 785 νης
196 751 304 787 σώματι
319 749 424 782 κάλλος
441 749 520 785 ἲδεῖν,
536 750 554 785 ἢ
585 750 658 788 λόγῳ
675 751 732 787 (49)
761 749 861 785 ταύτης
875 749 956 777 ἀκοῦ-

132 806 185 829 σαι,
198 795 229 822 τὸ
244 798 293 823 τοῦ
313 795 442 831 σώματος
468 795 572 831 κίνημα
589 795 614 822 ἂν
631 796 653 831 ᾧ
684 794 754 822 ἐστιν
770 795 830 832 ὁρᾷ,
846 793 891 821 καὶ
906 797 956 828 τῆς

133 839 176 868 διὰ
200 840 298 868 τούτου
326 843 419 878 φωνῆς
447 839 599 876 ἐπακούων,
627 840 659 866 τὸ
687 839 791 870 κάλλος
814 839 897 873 αὐτῆς
914 837 958 866 διὰ

132 885 234 912 τούτων
251 883 450 922 ἀναλογίζεται,
479 884 523 911 καὶ
552 884 582 911 οὐ
612 884 688 923 φωνή
720 883 801 920 μόνον
831 883 848 918 ἢ
877 883 956 934 καὶῆ
975 901 997 934 Β

135 929 257 967 βλίμμα,
287 928 377 966 ὥσπερ
402 928 428 956 δν
456 928 602 965 κατόπτρῳ
631 929 662 955 τὸ
690 931 739 963 τῆς
769 929 860 966 ψυχῆς
889 926 959 960 εἶδος

133 973 259 1001 δεικνύει·
290 973 361 1001 ἀλλὰ
376 973 420 1001 καὶ
437 973 586 1009 στολισμὸς
601 971 711 1010 ἀνδρὸς,
733 973 777 1000 καὶ
799 972 898 1010 γέλως,
913 972 957 999 καὶ

135 1019 210 1055 βῆμα
238 1016 334 1051 ποδὸς,
359 1016 522 1055 ἀναγγέλλει
545 1017 607 1053 περὶ
623 1017 715 1046 αὐτοῦ.
741 1017 858 1045 Ἔλαθον
875 1016 903 1044 δέ
917 1027 958 1044 τι-

134 1073 175 1094 νες
203 1062 256 1089 ἀπὸ
285 1064 333 1089 τοῦ
355 1061 443 1096 ἡδέως
472 1061 578 1089 ἀκούειν
612 1063 660 1089 τοῦ
689 1064 834 1098 μουσικοῦ,
861 1062 958 1098 μηκέτι

135 1107 180 1143 μὲν
197 1107 243 1134 τὸν
261 1106 403 1143 μουτικὸν,
421 1105 493 1134 ἀλλᾶ
508 1106 539 1133 τὸ
556 1106 695 1144 ὁρώμενον
720 1104 843 1144 ὄργανον,
868 1105 903 1133 δι’
927 1105 958 1133 οὗ

133 1150 301 1179 ἀπολαύουσι
327 1154 377 1185 τῆς
397 1153 446 1178 τοῦ
463 1153 594 1187 μουσικοῦ
618 1150 783 1187 ἀπιστημης,
799 1147 958 1188 καταὸραχὺ

134 1196 302 1233 ἀγαπῶντες.
330 1196 378 1222 Διά
401 1197 481 1222 τοῦτο
506 1194 547 1222 δεῖ
568 1195 722 1232 ἀναγκαίως
749 1196 798 1230 τήν
826 1195 959 1232 παρθένον

134 1237 253 1277 ἀκριϐῶς
268 1240 319 1274 τὴν
339 1240 423 1274 ἀκοὴν
439 1239 485 1266 καὶ
499 1240 531 1266 τὸ
544 1237 622 1276 ὄμμα
633 1242 737 1277 τηρεῖν,
767 1240 866 1275 μήπως
889 1238 958 1276 λάθῃ

134 1285 190 1312 ἀντὶ
207 1283 348 1319 λαλούσης
363 1285 456 1322 ψυχῆς
472 1284 503 1311 τὸ
519 1282 554 1311 δι’
568 1283 598 1310 οὗ
614 1283 682 1318 αὑτή
708 1283 789 1311 λαλιῖ
814 1283 956 1320 ἀγαπῶσα.

136 1329 226 1360 Διινὸς
249 1329 300 1366 γάρ
322 1328 393 1356 ἐστιν
419 1329 432 1356 ὁ
466 1329 628 1364 ζηλοτυπῶν
653 1328 702 1362 τήν
726 1328 787 1364 περὶ
815 1329 846 1356 τὸ
873 1328 957 1356 καλὸν

134 1375 211 1410 ἡμῶν
229 1372 360 1408 διάθεσιν,
387 1372 432 1400 διὰ
454 1373 555 1404 παντὸς
568 1373 672 1410 τρόπου
689 1372 795 1411 ὑφελεῖν
815 1373 862 1409 μὶν
877 1372 958 1409 ἡμῶν

133 1419 162 1446 τὸ
173 1417 354 1454 ποθούμενον,
369 1417 401 1445 τὸ
417 1417 446 1445 δὲ
458 1416 528 1444 ἴδιον
553 1417 713 1456 πανούργως
736 1418 804 1455 πρὸς
830 1418 876 1444 τὸν
905 1417 957 1444 πό-

136 1469 179 1495 θον
194 1461 410 1497 ἀνθυπαλλάξαι.
431 1461 510 1491 Οὕτω
537 1462 587 1500 γὰρ
617 1459 713 1494 ἔλαθόν
741 1472 810 1494 τινες
829 1461 881 1489 ἀπὸ
909 1464 957 1489 τοῦ

134 1506 220 1542 ἡδέως
245 1507 351 1534 ἀκούειν
379 1509 428 1534 τοῦ
456 1507 519 1545 περὶ
545 1507 642 1544 ἀρετῆς
658 1505 753 1544 λόγου,
769 1506 813 1533 καὶ
829 1507 891 1541 περὶ
907 1507 956 1541 τὴν

134 1554 258 1579 κινοῦσαν
284 1553 380 1578 τοῦτον
404 1552 496 1589 ψυχὴν
520 1550 681 1585 διακεῖσθαι,
704 1553 739 1588 τῇ
762 1553 870 1589 συνεχεῖ
885 1551 954 1588 ἀκοῇ

133 1596 226 1633 καὶτῇ
242 1596 289 1632 θέᾳ
313 1595 506 1628 ἐντυπωθὲντες
537 1595 584 1633 μὶν
612 1596 661 1630 τήν
694 1596 801 1633 μορφὴν
827 1597 880 1622 τῶν
909 1597 956 1622 τοῦ

137 1641 263 1677 σώματος
278 1641 470 1679 χαρακτήρων,
496 1641 540 1668 καὶ
555 1642 589 1678 τῇ
614 1642 691 1680 φωνῇ
713 1641 763 1675 τὴν
790 1641 873 1674 ἀκοὴν
896 1639 958 1667 ἀτό-

136 1696 193 1718 πως
208 1684 379 1722 θελχθίντες·
398 1685 486 1712 οὐκετι
503 1683 595 1720 δὲτὴν
620 1686 712 1722 ψυχὴν
729 1686 778 1719 τὴν
799 1683 844 1712 διὰ
866 1687 958 1723 φωνῆς

136 1729 293 1768 ἐνεργοῦσαν
308 1730 353 1757 τὸν
379 1729 475 1767 λόγον,
500 1730 530 1764 ἢν
555 1730 586 1756 τὸ
605 1729 668 1767 πρὶν
686 1729 842 1766 ἀγαπῶντες
857 1732 959 1766 περιεῖ-

135 1785 184 1802 πον
200 1775 247 1802 τὸν
269 1775 422 1811 ἄνθρωπον,
449 1773 522 1802 ἀλλᾶ
546 1774 576 1801 τὸ
604 1776 684 1810 σῶμα
706 1774 737 1801 τὸ
749 1773 958 1810 διακονούμενον

137 1818 226 1850 αὐτοῖς
240 1818 274 1846 τὰ
289 1822 339 1853 τῆς
355 1820 447 1857 ψυχῆς
461 1817 533 1846 καλὰ
554 1817 651 1846 λοιπὸν
668 1818 835 1856 ἀγαπῶντες.
864 1819 960 1856 Ἀγχι-

138 1863 235 1901 θύρους
251 1863 304 1901 γάρ
321 1874 384 1902 φασι
400 1863 445 1890 καὶ
460 1861 596 1898 ’Έλληνες
626 1863 673 1893 οᾶις
701 1862 795 1894 κακίας
810 1863 876 1890 εἶναι
902 1865 961 1894 ταῖς

140 1907 258 1945 ἀρεταῖς.
287 1908 394 1945 Εκάστῃ
425 1907 476 1945 γὰρ
502 1907 598 1944 ἀρετῆς
624 1907 691 1944 θύρᾳ
709 1907 758 1941 τήν
784 1908 839 1943 (50)
867 1907 960 1934 κακίαν

137 1952 303 1989 ὁμοιοτάτην
321 1951 392 1979 ἰδέαν
409 1951 571 1988 ἑκιιέρωθεν
587 1952 772 1989 παρήρμοσεν,
795 1950 832 1978 'iv'
847 1951 861 1978 ὁ
877 1961 960 1978 σπου-

139 1997 224 2033 δάζων
252 1997 314 2034 περὶ
339 1998 394 2033 (51)
421 1997 471 2031 τήν
501 1996 610 2032 ἀρετὴν,
638 1996 778 2033 παρεστὼς
802 1995 902 2031 ταύτης
930 1996 961 2023 τὸ

138 2045 244 2078 πρῶτον
276 2044 309 2078 τῇ
340 2041 416 2079 θύρᾳ,
447 2041 491 2068 καὶ
519 2041 626 2079 κρούειν
646 2040 746 2076 ταύτην
774 2039 872 2070 δοκῶν.
889 2040 961 2068 ἀνοί-

138 2087 229 2125 γιῐσης
253 2086 326 2122 αύτῷ
351 2084 455 2118 ἐνθένδε
470 2086 487 2121 ἢ
512 2084 615 2117 ἐνθινδι
632 2087 695 2121 μιᾶς
717 2087 772 2112 τῶν
802 2089 889 2122 θυρῶν
910 2088 961 2119 τῆς

138 2131 243 2167 κακίας,
269 2130 299 2158 lx
323 2132 372 2164 τῆς
403 2129 568 2167 ὁμοιότητος
595 2129 754 2164 ἀπατηθεὶς,
783 2129 820 2161 ὡς
849 2129 887 2160 εἲς
918 2129 963 2157 τὸν

137 2177 185 2210 τῆς
199 2175 298 2213 ἀρετῆς
323 2175 397 2202 οἶκον
421 2173 550 2206 εἴσὲλθον
572 2174 620 2201 εἶθ’
648 2174 699 2201 ὑπὸ
729 2174 835 2201 πάντων
867 2173 908 2201 ἐπὶ
927 2175 961 2210 τῇ

138 2220 224 2256 ἀπάτῃ
235 2219 403 2257 γελώμενος,
417 2219 511 2256 χρόνῳ
525 2229 554 2246 τε
566 2218 611 2246 καὶ
633 2219 714 2256 πείρᾳ
745 2219 830 2255 μάθῃ,
855 2218 885 2245 οὐ
914 2219 961 2254 μό-

1006 262 1165 296 prudenter
1175 262 1359 296 adducimus,
1369 266 1402 291 ut
1414 264 1483 291 dum
1500 266 1528 291 et
1538 264 1637 292 habitu
1654 267 1681 292 et
1692 272 1827 292 sermone

1007 314 1072 332 vere
1088 314 1196 340 sponsa
1213 306 1324 334 Domini
1342 307 1466 342 videtur,
1477 308 1709 344 colloquentibus
1726 309 1829 344 prosit.

1007 349 1197 385 Colloquatur
1206 350 1295 386 igitur
1304 355 1330 378 ut
1343 360 1450 387 sponsa
1459 354 1625 380 verecunda
1637 362 1704 381 cum
1717 354 1830 390 sponsi,

1008 393 1140 430 inquam,
1158 395 1312 430 ministris,
1324 405 1356 424 ac
1373 396 1556 433 colloquatur
1573 398 1680 433 ubique
1689 399 1832 426 sobrieta-

1008 441 1066 466 tem
1083 448 1210 467 servans.
1221 440 1340 476 Oportet
1354 441 1432 468 enim
1445 442 1609 476 simplicem
1622 442 1700 469 illam
1711 443 1830 477 quidem

1008 491 1072 511 esse
1088 487 1119 510 ut
1135 484 1314 518 columbam,
1326 485 1501 520 prudentem
1513 494 1579 514 vero
1596 489 1627 514 ut
1637 489 1802 522 serpentem
1812 487 1832 515 °.

1009 528 1063 555 Sed
1082 528 1150 564 quia
1165 528 1282 564 illigata:
1297 529 1409 564 corpori
1426 530 1541 564 anima,
1553 539 1619 558 cum
1637 539 1694 559 non
1711 534 1834 567 possent

1010 573 1093 600 nudis
1109 573 1145 600 de
1161 573 1281 601 veritate
1297 573 1375 601 inter
1387 583 1417 602 se
1433 574 1570 611 colloqui,
1591 575 1761 611 corporibus
1777 576 1834 603 cir-

1010 617 1239 650 cumstantibus,
1256 618 1333 646 velut
1355 619 1571 652 instrumentis,
1590 623 1652 647 tum
1669 621 1703 647 ad
1720 628 1834 654 vocem,

1010 664 1072 688 tum
1090 662 1124 688 ad
1140 662 1234 689 visum
1246 665 1390 697 coguntur
1400 663 1461 696 uti;
1479 664 1530 699 qui
1545 673 1600 691 non
1619 666 1715 700 potest
1729 665 1835 692 animas

1011 706 1123 742 corpori
1140 706 1256 742 illigata:
1277 707 1524 742 pulchritudinem
1544 709 1643 736 videre
1659 711 1709 736 aut
1723 710 1835 737 ratione

1011 750 1092 778 illam
1109 751 1216 782 audire.
1234 752 1363 788 corporis
1379 755 1491 780 motum
1502 753 1532 780 in
1548 761 1605 789 quo
1621 753 1671 780 illa
1681 755 1736 786 est,
1747 754 1835 787 videt.

1011 796 1134 831 ejusque
1150 804 1247 823 vocem
1266 805 1316 832 per
1331 797 1401 824 illud
1412 798 1550 825 emissam
1563 798 1696 831 audiens,
1711 797 1838 834 pulchri-

1011 839 1142 867 tudinem
1157 839 1236 868 illius
1258 849 1292 868 ex
1309 841 1354 868 his
1375 841 1527 876 dijudicst,
1553 849 1605 870 nec
1628 850 1682 869 vox
1697 842 1794 870 solum
1810 845 1838 870 et

1012 887 1159 919 aspectus,
1176 885 1254 912 velut
1269 885 1298 912 in
1314 885 1444 921 speculo,
1458 886 1561 914 animae
1572 887 1698 922 speciem
1713 887 1838 914 demon-

1014 930 1119 962 strant,
1135 929 1185 956 sed
1202 932 1230 956 et
1245 930 1370 957 amictus
1396 930 1450 957 viri
1465 933 1494 958 et
1508 931 1585 958 risus
1601 933 1628 958 et
1644 931 1726 966 pedis
1742 931 1837 959 inces-

1014 981 1065 999 sus
1077 972 1161 1000 illum
1173 973 1310 1009 produnt.
1323 973 1461 1002 Nonnulli
1475 977 1572 1002 autem
1586 976 1698 1003 musico
1713 974 1838 1004 libenter

1014 1017 1170 1050 audiendo,
1192 1017 1271 1045 brevi
1297 1018 1497 1053 imprudentes
1521 1022 1670 1054 ccsperunt
1695 1027 1752 1047 non
1775 1021 1838 1055 jam

1015 1062 1229 1094 musicum.sed
1243 1062 1471 1090 instrumentum
1486 1064 1561 1099 quod
1574 1063 1838 1100 videtur,perquod

1014 1106 1119 1134 musici
1135 1109 1195 1134 arte
1211 1107 1414 1142 perfruuntur,
1426 1107 1556 1144 diligere.
1570 1111 1724 1144 Propterea
1739 1117 1839 1137 neces-

1014 1150 1091 1178 sario
1106 1153 1229 1186 oportet,
1247 1154 1279 1178 ut
1292 1151 1373 1187 virgo
1390 1155 1525 1180 accurate
1549 1153 1683 1181 auditum
1699 1156 1727 1181 et
1741 1154 1838 1181 visum

1014 1195 1169 1228 custodiat,
1184 1203 1219 1222 ne
1235 1196 1308 1223 forte
1335 1205 1386 1232 pro
1408 1197 1507 1224 anima
1521 1206 1583 1232 quis
1607 1197 1748 1236 loquitur,
1763 1197 1838 1225 illud

1014 1247 1065 1274 per
1079 1239 1156 1274 quod
1173 1240 1236 1275 ipsa
1261 1240 1401 1276 loquitur,
1427 1242 1599 1277 imprudens
1614 1241 1727 1278 diligat.
1743 1242 1838 1270 Solers

1013 1285 1092 1311 enim
1108 1286 1162 1317 est,
1172 1285 1221 1320 qui
1238 1288 1337 1313 nostro
1346 1285 1413 1313 boni
1425 1286 1517 1313 amori
1529 1287 1648 1320 invidet,
1660 1287 1740 1314 omni
1752 1287 1838 1314 modo

1014 1328 1098 1355 nobis
1114 1329 1285 1356 subtrahere
1302 1329 1329 1356 id
1346 1330 1421 1365 quod
1439 1330 1651 1364 desideramus,
1663 1334 1692 1358 et
1705 1331 1780 1365 quod
1794 1331 1838 1366 ip-

1013 1372 1075 1400 sius
1091 1373 1243 1408 proprium
1260 1380 1303 1401 est
1320 1377 1416 1401 astute
1431 1375 1464 1402 ad
1483 1376 1710 1402 desiderandum
1728 1375 1837 1402 substi-

1013 1419 1102 1444 tuere.
1119 1417 1165 1444 Sic
1181 1418 1258 1444 enim
1276 1418 1421 1450 nonnulli,
1438 1419 1506 1445 dum
1526 1418 1649 1446 libenter
1664 1418 1789 1446 audiunt
1801 1419 1837 1446 de

1012 1461 1119 1488 virtute
1139 1470 1315 1493 sermonem.
1331 1471 1363 1490 ac
1387 1463 1515 1490 animam
1543 1462 1625 1490 illum
1643 1463 1836 1498 proierentem

1013 1505 1149 1540 diligunt,
1166 1506 1488 1542 assiduootillauditu
1511 1515 1543 1534 ac
1561 1507 1623 1535 visu
1636 1507 1838 1543 imprudentes

1013 1559 1046 1578 eo
1062 1551 1179 1578 deducti
1196 1553 1276 1585 sunt,
1287 1553 1319 1578 ut
1334 1551 1579 1580 lineamentorum
1590 1552 1720 1588 corporis
1736 1553 1836 1580 forma

1014 1595 1041 1622 in
1058 1595 1099 1622 eis
1115 1595 1365 1630 imprimerentur,
1382 1604 1415 1623 ac
1439 1604 1539 1623 eorum
1556 1597 1674 1624 auditus
1691 1605 1759 1625 voco
1774 1605 1837 1624 ma-

1010 1640 1105 1675 jorem
1123 1639 1152 1667 iu
1169 1640 1288 1667 modum
1313 1639 1538 1674 demulceretur,
1564 1649 1616 1668 nec
1627 1641 1689 1676 jam
1707 1642 1836 1669 animam

1013 1684 1481 1721 vocisinstrumentoloquentem,
1493 1694 1581 1721 quem
1590 1689 1674 1713 antea
1685 1685 1839 1722 diligentes

1014 1728 1164 1756 hominem
1180 1729 1324 1760 colebant.
1340 1730 1389 1756 sed
1413 1738 1529 1765 corpus,
1546 1731 1623 1765 quod
1639 1730 1713 1766 ipsis
1733 1730 1837 1758 animis

1015 1773 1091 1800 bona
1107 1773 1304 1805 ministrabat,
1316 1774 1454 1810 deinceps
1467 1775 1631 1810 diligerent.
1644 1775 1746 1802 Vicina
1760 1775 1838 1802 enim

1015 1825 1079 1845 esse
1095 1817 1178 1845 aiunt
1191 1818 1279 1845 etiam
1296 1818 1385 1846 Grieci
1402 1818 1473 1845 vitia
1492 1819 1659 1846 virtutibus.
1677 1818 1838 1854 Unicuique

1015 1862 1093 1889 enim
1104 1862 1323 1895 virtutisjanuis
1333 1862 1434 1889 vitium
1446 1863 1542 1897 specie
1553 1862 1737 1890 simillimum
1750 1863 1839 1891 utrin-

1016 1914 1071 1940 que
1087 1906 1244 1941 adsptavit,
1262 1910 1292 1933 ul
1316 1907 1366 1942 qui
1391 1907 1508 1934 virtutis
1533 1908 1683 1934 studiosus
1699 1910 1754 1940 est,
1770 1915 1837 1935 cum

1017 1951 1144 1986 primum
1162 1950 1347 1986 illiusjanuae
1363 1953 1441 1979 astat
1452 1959 1572 1986 eamque
1584 1953 1699 1980 videtur
1710 1952 1839 1988 pulsare,

1017 1998 1118 2030 aperta
1133 1994 1174 2022 illi
1192 1995 1260 2022 hinc
1276 1998 1326 2022 aut
1341 1995 1421 2022 illinc
1437 2005 1493 2023 una
1510 2004 1543 2023 ex
1555 1997 1657 2032 januis
1673 1997 1744 2031 vitii,
1758 1997 1841 2024 simi-

1017 2039 1141 2066 litudine
1157 2039 1296 2073 deceptus
1315 2042 1455 2075 tanquam
1482 2040 1511 2067 in
1528 2040 1644 2068 virtutis
1659 2041 1780 2068 domum
1797 2041 1841 2068 in-

1018 2085 1129 2117 troeat;
1147 2091 1179 2110 ac
1195 2083 1301 2110 deinde
1318 2084 1353 2110 ab
1369 2084 1507 2111 omnibus
1522 2085 1558 2112 ob
1574 2092 1701 2112 errorem
1723 2085 1840 2118 irrisus,

1017 2131 1147 2163 tempore
1163 2130 1192 2155 et
1206 2128 1384 2164 experientia
1405 2128 1510 2160 discat,
1525 2136 1582 2155 non
1599 2129 1693 2156 solum
1710 2137 1741 2156 se
1755 2128 1842 2164 longe

1017 2180 1081 2200 esse
1094 2173 1128 2199 ab
1144 2171 1194 2199 illa
1206 2172 1320 2204 virtute,
1330 2172 1415 2207 cujus
1427 2172 1584 2208 aliquando
1592 2173 1708 2208 pulsare
1716 2173 1840 2208 januam

1019 2217 1179 2250 videbatur,
1197 2217 1244 2244 sed
1270 2225 1306 2244 ne
1321 2216 1400 2244 illius
1415 2216 1531 2252 quidem
1553 2216 1641 2244 limen
1656 2218 1776 2245 omnino
1791 2226 1841 2245 su-

138 2275 181 2291 νον
207 2263 305 2302 πόρῥω
335 2264 464 2301 ὑπάρχων
495 2262 600 2298 ἐκείνης
629 2266 679 2297 τῆς
710 2263 808 2300 ἀρετῆς
837 2263 869 2296 ἧς
898 2273 958 2290 ποτε

1020 2269 1204 2296 pergressum
1221 2269 1295 2295 esse,
1312 2269 1406 2296 neque
1422 2261 1500 2288 illius
1516 2262 1638 2293 foribus.
1655 2265 1687 2289 ut
1702 2265 1786 2290 antea
1801 2262 1841 2289 vi-

138 2308 243 2345 κρούειν
260 2306 347 2335 ἐδόκει
362 2308 411 2341 τὴν
439 2307 532 2343 θύρανσ
550 2305 623 2333 ἀλλὰ
648 2307 717 2343 μήτε
731 2309 784 2334 τῶν
807 2305 894 2333 οὐδῶν
919 2306 964 2333 αὖ·

139 2356 188 2386 τῆς
203 2353 253 2387 τήν
268 2351 355 2390 ἀρχὴν
388 2348 516 2388 ὑπερϐὰς,
536 2351 605 2387 μήτε
619 2352 653 2387 τῇ
681 2350 757 2388 θύρᾳ,
788 2350 825 2381 ὡς
840 2350 872 2378 τὸ
899 2350 963 2388 πρὶν

139 2395 236 2429 ἐδόκει,
261 2396 401 2434 παρεστὼς
425 2397 491 2433 γοῦν
516 2395 560 2422 καὶ
587 2395 704 2432 κρούων.
730 2395 808 2424 Οὕτω
823 2395 874 2432 γὰρ
902 2395 964 2426 τοὺς

145 2442 189 2478 μὲν
210 2440 372 2479 θαρσαλέουι
397 2439 585 2478 βουλομένους
612 2440 675 2467 εἶναι
697 2440 764 2477 πρὸς
787 2440 885 2477 ἀρετὴν
900 2441 964 2477 θρι-

141 2489 192 2517 σεῑς
220 2485 363 2520 ἀπατήσασ
385 2482 477 2520 ἔδιὶξι·
494 2484 557 2515 τοὺς
584 2482 613 2511 δὶ
627 2481 812 2523 φνϐουμᾶνους
827 2483 892 2516 τοὺς
919 2483 964 2512 ἰπὶ

174 2541 185 2558 ⁹
199 2540 303 2569 Matth.
320 2549 349 2573 ι,
363 2539 406 2567 16.

173 2603 228 2639 (47)
244 2602 414 2639 Προάγομεν.
442 2602 488 2630 Sic
506 2601 628 2639 _codices
656 2609 728 2629 mss.
754 2601 909 2630 Combeﬁs.
934 2604 964 2630 et

143 2637 237 2678 plures
247 2637 313 2678 alii.
328 2637 418 2678 Editi,
434 2637 609 2678 περιάγομεν.
668 2675 673 2678 _
771 2671 844 2678 ,ΠΜ

145 2671 230 2736 Hi8)
247 2673 412 2709 ’Δλλήλαιφ
437 2671 483 2702 Sic
507 2671 579 2702 mss.
605 2675 740 2709 quatuor.
771 2671 856 2709 Editi,
873 2671 963 2708 ἀλλή-

162 2721 206 2736 ως.

162 2721 206 2742 ως.

173 2747 227 2781 (49)
244 2745 334 2782 Λόγῳ.
351 2746 398 2774 Sic
413 2745 502 2782 editio
517 2747 619 2774 veneta
635 2747 663 2773 et
678 2754 727 2773 sex
744 2753 816 2773 mss.
836 2744 960 2773 codices.

141 2781 575 2821 EditioPsi'isunsiMéwo-_
627 2816 634 2821 .
703 2817 708 2821 _
805 2815 812 2821 .
854 2815 860 2821 .

172 2819 227 2855 (50)
240 2818 307 2853 Τήν.
331 2815 429 2847 Codex
449 2815 531 2853 Μαί,
546 2817 595 2851 τὴν
612 2816 661 2851 sic,
685 2817 785 2854 sicque
805 2815 876 2852 legit
889 2817 961 2844 Am-

1019 2307 1152 2339 debstur,
1164 2305 1292 2333 astitisse
1306 2314 1413 2342 easque
1425 2308 1570 2342 pulsasse.
1582 2307 1628 2334 Sic
1640 2307 1718 2334 cnim
1731 2315 1779 2334 eos
1791 2306 1842 2342 qui

1019 2350 1074 2378 sibi
1083 2351 1118 2378 ad
1127 2349 1265 2377 virtutem
1276 2350 1363 2378 fidere
1373 2350 1481 2383 volunt,
1490 2351 1660 2379 temerarios
1671 2351 1841 2387 decipiendo

1018 2395 1147 2423 ostendit
1164 2403 1169 2422 :
1187 2395 1331 2430 fugientes
1356 2396 1532 2423 temeritatis
1549 2398 1658 2429 notum,
1676 2396 1796 2431 ignavia
1814 2398 1842 2423 et

1019 2439 1118 2476 pusilli
1147 2439 1235 2467 animi
1262 2439 1368 2475 arguit.
1395 2440 1664 2468 Commiserationis
1693 2441 1841 2468 studiosos

1019 2491 1105 2521 prave
1117 2484 1152 2511 ad
1164 2483 1234 2511 vitia
1245 2483 1384 2511 emollivit
1397 2492 1402 2512 :
1422 2485 1605 2513 discedentes
1616 2484 1841 2514 atenenioribus

1019 2603 1136 2630 brosius
1163 2601 1212 2637 qui
1239 2602 1325 2630 vertit
1354 2601 1530 2630 simillimam
1559 2603 1595 2637 ίπν
1614 2601 1680 2629 vilia
1697 2602 1843 2637 ferentem

1019 2639 1151 2674 utrinque
1173 2635 1302 2673 speciem.
1335 2639 1412 2666 Idem
1444 2638 1522 2673 legit,
1552 2636 1648 2673 ἑκάστῃ
1674 2636 1723 2672 γὰρ
1746 2635 1842 2673 ἀρετῆς

1019 2673 1166 2711 θύρᾳίεοᾱ
1185 2683 1249 2711 qua;
1264 2674 1309 2711 bis
1326 2676 1492 2711 narrantur,
1516 2682 1572 2711 non
1588 2681 1768 2711 unaquaque
1784 2673 1842 2711 vir-

1019 2708 1088 2738 tutis
1100 2708 1307 2745 jsnus'el'iicit,
1325 2710 1373 2738 sed
1401 2710 1462 2744 ipse
1487 2708 1589 2736 salutis
1606 2711 1709 2736 nostra:
1736 2708 1841 2743 hostis,

1018 2747 1052 2775 de
1068 2755 1126 2782 quo
1142 2754 1199 2782 non
1215 2745 1305 2774 multo
1321 2748 1386 2773 ante
1401 2745 1515 2782 locutus
1530 2747 1584 2772 est.

1054 2778 1110 2819 (5|)
1126 2781 1200 2819 Περί,
1217 2781 1347 2814 Quatuor
1361 2789 1433 2810 mss.
1451 2781 1576 2815 codices,
1594 2778 1648 2808 ιπί.
