2010 3145
192 140 252 171 ’143

660 129 860 163 APPENDIX
878 126 1042 160 OPERUM
1063 126 1097 158 Β.
1119 125 1263 158 BASILH
1283 125 1424 157 MAGNI.

1837 127 1896 158 ἰιι

191 204 354 236 affectibus,
371 201 505 230 crudeles
528 202 556 228 et
579 199 757 227 inhumanos
777 195 873 224 effecit
888 203 895 222 :
912 201 1014 230 quem-

1071 193 1106 229 τῇ
1118 191 1266 229 θρασύτητι
1293 191 1395 236 ψόγους
1423 189 1531 222 δειλοὺς
1558 191 1604 219 καὶ
1634 191 1826 230 μικροψύχους
1847 192 1898 220 ἀπ-

192 249 348 278 adrnodum
364 247 451 275 etiam
468 254 518 273 eos
533 244 584 280 qui
600 242 752 271 cbaritatis
769 239 1017 277 pulchritudinem

192 295 418 330 persequuntur.
435 290 500 318 falsi
518 288 647 317 nominis
658 287 799 315 cbaritate
814 285 842 312 in
860 283 956 311 carnis
967 291 1017 310 vo-

192 328 321 374 luptates
335 340 364 364 et
374 337 566 371 viluperatam
579 334 614 362 ab
631 331 768 360 omnibus
780 330 868 357 vitam
880 328 1015 356 indecore

132 384 139 391 '
193 384 327 419 conjecil,
343 384 394 410 aut
415 382 471 409 sibi
486 382 521 408 ab
538 380 593 407 hoc
609 378 714 415 probro
729 378 874 407 caventes,
891 374 1014 401 fratrum

193 436 292 457 osores
307 427 410 458 effecit,
422 434 454 453 ac
469 432 587 452 omnem
605 423 663 450 illis
677 421 744 449 boni
761 427 879 448 sensum
897 417 1014 453 eripuit.

193 474 306 501 Rursus
321 471 411 507 igitur
423 470 461 497 Ne
475 469 594 496 declines
617 467 652 494 ad
665 466 810 494 dexteram
833 467 881 491 aut
896 462 931 490 ad
945 462 1015 489 sini-

191 522 278 545 stram
294 516 326 549 ιο,
343 523 377 543 ne
392 514 512 549 decepta
530 513 560 539 in
577 519 665 539 unam
682 510 810 545 aliquam
822 507 1015 542 vitiijanuam

191 561 322 593 incidas;
339 560 389 587 sed
407 558 532 586 mediam
550 556 650 584 incede
665 554 781 582 virtutis
797 552 884 585 viam,
899 559 932 579 ac
949 549 1016 578 ubi-

191 614 247 642 que
263 604 463 636 considerans,
480 601 626 637 quomodo
642 601 737 631 caute,
749 606 804 625 non
817 599 848 624 ut
860 595 1015 630 insipiens,

190 640 239 679 sed
258 652 291 677 ut
305 649 422 684 sapiens
447 645 582 674 ambules
593 647 627 678 “,
644 645 713 680 quia
735 643 765 670 in
782 641 878 670 medio
894 640 1016 676 laqueo-

190 703 254 722 rum
271 693 393 724 incedis,
405 694 435 720 et
450 699 539 727 super
554 690 660 726 pinnas
676 688 794 716 urbium
811 686 919 714 transis
932 685 964 719 η,
979 684 1016 711 da

189 747 319 775 operam,
336 741 368 765 ut
384 737 413 764 in
439 736 575 771 laqueum
593 742 648 770 praa
673 731 852 769 negligentia
876 738 933 758 non
950 729 1015 763 inji-

189 785 249 812 cias
275 783 376 819 pedem
404 784 500 812 tuum,
526 788 562 807 ne
586 778 703 815 quando
725 785 759 804 ex
781 783 864 803 muro
888 773 1015 801 civitatis

189 831 293 856 nostra!
308 826 429 862 delapsa
444 825 550 852 misera
566 831 678 859 pereas.

1072 235 1179 273 ήλεγξι.
1204 236 1253 263 Καὶ
1265 234 1330 266 τοὺς
1356 235 1402 272 μὲν
1433 238 1584 272 συμπαθεῖς
1601 236 1667 263 εἶναι
1696 235 1898 271 σπουδάζοντας

1071 281 1140 319 πρὸς
1163 281 1196 307 τὰ
1218 279 1290 314 πάθη
1306 282 1397 312 κακῶς
1412 279 1570 316 ἓμαλάκισε·
1601 280 1664 313 τοὺς
1691 280 1719 308 δὶ
1747 282 1778 308 τὸ
1807 281 1898 317 ἐμπα-

1070 326 1112 356 θὲς
1140 325 1288 364 φεύγοντας
1310 324 1435 360 ἀνηλεεῖς
1456 325 1500 352 καὶ
1530 325 1729 362 ἀπανθρώπους
1758 325 1896 361 ἐποίησεν·

1069 369 1159 408 ὥσπερ
1189 370 1233 397 οὖν
1250 369 1296 396 καὶ
1323 369 1388 402 τοὺς
1402 373 1451 404 τῆς
1466 369 1574 407 ἀγάπης
1589 370 1620 398 τὸ
1635 369 1738 401 κάλλος
1761 369 1896 406 μεταδιώο

1068 424 1175 447 κοντας,
1211 413 1382 451 ψευδωνῦμῳ
1417 414 1515 452 ἀγάπῃ,
1551 415 1569 450 ἢ
1599 414 1636 445 ιίς
1666 415 1765 452 σαρκὸς
1794 414 1894 450 ἡδονὰς

1069 459 1113 486 καί
1143 459 1272 496 ἐπίψογον
1301 461 1366 486 πᾶσι
1395 458 1453 496 βίον
1481 459 1611 496 ἀπρεπῶς
1638 459 1851 494 κατηκόντισεν,
1877 461 1893 496 ἢ

1070 501 1289 540 ιύλαῦουμὲνους
1318 503 1363 531 τὸν
1392 502 1435 530 ἐπὶ
1451 503 1560 534 τούτοις
1587 504 1684 540 μῶμον
1712 503 1896 543 μισαδέλφους

1068 548 1176 576 καὶτοῦ
1200 547 1286 575 καλοῦ
1301 548 1479 583 ἀναισθήτους
1509 547 1631 583 ἐποίησε.
1662 547 1748 576 Πάλιν
1775 548 1821 576 οὗν
1849 550 1893 584 Μὴ

1069 591 1196 630 ἐκκλίνῃς
1224 592 1263 623 sic
1291 592 1324 620 τὰ
1348 591 1421 627 δεξιὰ
1448 592 1465 627 ἢ
1496 592 1534 623 si:
1562 593 1595 620 τὰ
1624 593 1761 630 ἀριστερὰ,
1786 592 1834 621 ἳνα
1857 595 1893 630 μὴ

1068 636 1218 672 π)ανηθεὶς
1247 636 1284 667 εἷς
1311 636 1374 672 μίαν
1403 636 1462 664 τινὰ
1488 638 1541 663 τῶν
1557 640 1608 672 τῆς
1622 636 1718 668 κακίας
1733 638 1822 675 θυρῶν
1839 638 1897 665 6M-

1069 682 1179 719 σθήσῃς·
1195 680 1268 709 ἀλλὰ
1284 681 1369 718 μέσην
1399 679 1500 708 ὁδεύων
1521 681 1570 715 τὴν
1600 681 1709 719 ἀρετὴν,
1739 683 1784 709 καὶ
1810 681 1894 710 ἀπαν-

1068 728 1155 764 ταχοῦ
1173 725 1281 763 βλέπων
1308 728 1366 757 πῶς
1384 723 1504 763 ἀκριϐῶς
1519 727 1685 763 περιπατῇς,
1716 727 1753 762 μή
1775 727 1814 757 ὡς
1831 725 1895 754 ἄσο-

1069 782 1128 810 φος,
1145 769 1207 798 ἀλλ’
1223 772 1259 802 ὼς
1273 770 1368 809 σοφὸς,
1384 769 1424 798 ὅτι
1441 770 1467 797 ἐν
1496 771 1571 806 μέσῳ
1584 769 1705 808 παγίδων
1721 774 1891 808 περιπατεῖς,

1067 815 1111 842 καὶ
1142 814 1232 842 ἐπάνω
1272 814 1409 850 ἐπάλξεων
1446 814 1553 842 πόλεων
1589 812 1746 848 διοϐαίνεις,
1774 817 1892 850 προνοοῦ

188 871 262 901 ὅπως
280 871 342 907 μήτ’
358 858 396 901 είς
411 866 511 906 παγίδα
527 858 579 895 που
605 866 762 905 ῥᾳθυμοῦσα
777 861 898 901 ἐμϐάλῃς
916 862 962 889 τὸν
988 859 1059 888 πόδα
1083 870 1143 893 σου,
1162 860 1269 896 μήποτε
1285 859 1337 887 ἀπὸ
1352 858 1400 886 τοῦ
1419 859 1529 897 τείχους
1543 862 1594 894 τῆς
1610 858 1719 890 πόλεως
1744 861 1825 896 ἡμῶν
1845 871 1892 888 πε-

188 918 272 943 σοῦσα
288 915 424 951 ἀποθάνῃς
440 915 542 944 κακῶς.

220 962 264 989 37.
286 959 432 996 Diligendi
457 959 547 994 igitur
569 957 619 994 qui
645 956 681 984 ad
707 962 848 992 sponsum
875 952 1009 984 invitant,
1026 952 1049 984 Β

187 1007 238 1034 sed
254 1006 341 1033 debet
364 1003 479 1031 dilectio
495 1004 574 1039 justa
598 1009 662 1029 esse
688 1009 720 1028 ac
742 1008 800 1027 non
825 998 956 1029 confusa,
974 1004 1011 1024 ne

187 1050 337 1078 ministros
353 1049 464 1085 sponsi,
481 1048 663 1075 continenter
677 1043 831 1072 audiendis
846 1043 962 1070 illorum
975 1041 1010 1068 de

185 1103 293 1131 sponso
316 1093 513 1126 sermonibua,
529 1100 609 1127 aeque
634 1098 667 1118 ac
682 1097 824 1125 sponsum
852 1086 1009 1122 aliquando

184 1129 321 1175 diligens.
337 1139 447 1165 evertat
470 1136 644 1172 dignitatem
669 1133 782 1170 sponsi,
799 1140 831 1160 ac
857 1129 1008 1167 pronubis,

184 1174 266 1220 aqua
282 1182 347 1210 illos
361 1190 394 1209 ac
410 1181 564 1209 Dominum
581 1180 740 1211 honorans,
752 1177 910 1204 maximam
923 1174 1010 1201 faciat

186 1228 336 1264 injuriam.
355 1228 419 1255 Jam
444 1234 511 1253 vero
527 1224 729 1260 imprudentes
751 1220 898 1249 nonnulla)
924 1218 1009 1246 mini-

185 1263 263 1300 stros
280 1280 336 1299 non
364 1279 445 1306 eaque
471 1278 505 1297 ac
520 1277 673 1304 sponsum,
699 1267 750 1295 sed
776 1266 863 1294 etiam
880 1263 1009 1300 amplius

185 1325 273 1354 quam
289 1323 432 1350 sponsum
449 1314 538 1349 impie
559 1313 722 1341 dilexerunt
739 1311 879 1346 :jamque
895 1307 1008 1344 sponsi,

185 1361 230 1389 cui
247 1361 430 1397 desponsatas
457 1359 582 1391 fuerant,
599 1356 690 1385 semel
705 1355 812 1387 oblitae,
829 1356 894 1381 tota;
911 1353 1007 1380 famu-

183 1406 279 1434 lorum
295 1405 396 1441 sponsi
419 1404 500 1431 facta;
515 1404 585 1430 sunt
600 1409 724 1437 sponsae,
740 1399 785 1427 vel
802 1398 899 1435 potius
915 1405 949 1424 ne
966 1397 1007 1424 fa-

183 1451 330 1479 mulorum
348 1449 467 1486 quidem
483 1447 595 1484 sponsi,
612 1446 662 1474 sed
687 1445 848 1473 alienorum
865 1449 1006 1478 quorum-

182 1495 249 1522 dam
265 1497 365 1530 turpes
381 1493 522 1520 mulieres
537 1492 704 1519 evaserunt.
719 1488 837 1517 Nullum
853 1487 932 1515 enim
948 1494 1007 1513 car-

182 1539 278 1567 nalem
295 1546 422 1574 sponsus
439 1539 540 1564 noster
551 1534 720 1563 ministrum
729 1534 836 1561 habere
844 1531 1005 1567 deprehen-

181 1584 270 1618 ditur,
287 1583 338 1610 sed
354 1590 457 1610 omnes
473 1580 579 1617 spiritu
594 1580 731 1607 viventes.
749 1578 816 1610 Qum
834 1579 930 1604 autem
949 1584 1006 1603 non

180 1627 296 1663 spiritui
317 1627 519 1654 ministrorum
545 1624 655 1660 sponsi,
674 1624 724 1651 sed
740 1630 841 1650 eorum
866 1620 1004 1649 carnibus
1020 1635 1041 1669 ο

179 1680 244 1700 sese
266 1671 494 1707 desponderunt,
521 1670 573 1704 hE,
599 1671 631 1696 ut
653 1668 840 1695 manifestum
866 1667 920 1699 est,
936 1673 1004 1692 cum

180 1717 247 1744 illos
262 1725 279 1744 a
303 1715 465 1743 ministerio
491 1713 590 1750 sponsi
612 1713 689 1740 652
714 1711 825 1739 alienos
849 1718 923 1743 esse,
939 1712 1003 1736 tum

179 1761 356 1797 semetipsas
369 1767 426 1787 non
445 1757 590 1786 ministris
601 1756 712 1793 sponsi,
728 1755 778 1783 sed
794 1754 898 1782 alienis
912 1753 1004 1782 servis

179 1807 370 1842 desponsatas
384 1812 459 1836 esse,
474 1803 676 1831 ostenderunt.
688 1799 899 1835 Debentigitur
914 1798 1003 1826 etiam

178 1859 244 1878 cum
261 1850 327 1877 istis
341 1851 426 1877 caute
441 1847 578 1883 colloqui,
596 1848 765 1874 nascentem
780 1844 888 1871 sensim
899 1851 934 1870 ex
948 1842 1005 1870 col-

177 1895 276 1930 loquio
285 1901 452 1929 corpoream
462 1891 706 1920 consuetudinem
720 1889 878 1925 prudenter
889 1888 1003 1915 abscin-

178 1940 292 1973 dentes,
307 1940 336 1965 et
349 1938 377 1965 in
395 1936 586 1972 colloquendo
595 1937 739 1968 caventes,
753 1942 788 1961 ne
798 1933 868 1960 dum
881 1932 1004 1960 ﬁdenter

177 1991 245 2011 cum
262 1983 332 2017 illis,
357 1985 389 2010 ut
414 1990 480 2008 cum
504 1980 605 2016 sponsi
630 1978 758 2011 famulis,
785 1977 1001 2013 colloquuntur,

176 2027 378 2063 imprudentes
395 2026 438 2054 vel
453 2034 502 2053 eos
522 2025 558 2052 ad
574 2033 608 2052 ea
627 2033 690 2060 qua:
708 2031 765 2051 non
781 2025 894 2058 oportet
907 2022 1002 2050 detor-

176 2075 295 2108 queant,
311 2071 354 2099 vel
371 2071 545 2105 semetipsas
562 2072 666 2105 printer
681 2068 862 2104 propositum
880 2075 1001 2102 scopum

175 2117 204 2144 in
220 2116 318 2144 carnis
331 2116 493 2151 voluptates
510 2114 635 2142 absurde
648 2112 794 2147 dejiciant.
808 2112 862 2139 Sed
875 2112 1002 2139 charitas

171 2161 308 2188 habenda
337 2160 473 2196 proximi,
505 2159 575 2194 quia
601 2158 707 2192 Diliges
733 2157 895 2192 proximum
922 2158 1002 2183 tuum

171 2207 242 2233 sicut
268 2205 386 2240 teipsum
406 2204 437 2236 ‘3,
466 2211 499 2231 ac
525 2211 639 2238 sponsas
665 2202 718 2229 hoc
743 2204 920 2236 praeceptum
945 2200 1002 2228 sibi

172 2251 289 2285 gratum
307 2256 435 2284 sponsus
462 2247 593 2274 tradidit.
619 2248 709 2278 Certe,
726 2245 832 2280 inquit,
847 2245 957 2279 diliges,
973 2247 1002 2273 et

173 2296 320 2329 quatenus
331 2292 380 2320 uni
392 2293 516 2319 istorum
529 2291 611 2324 facis,
625 2289 695 2316 mihi
708 2298 816 2325 sponso
828 2293 878 2317 tuo
887 2290 957 2318 facis
969 2291 999 2318 “.

174 2338 230 2366 Sed
247 2346 303 2365 non
321 2337 407 2364 debet
421 2335 537 2364 libidini
563 2334 689 2363 obnoxia
713 2342 776 2361 esse
791 2334 929 2368 charitas,
947 2343 999 2363 uec

172 2391 279 2410 nomen
296 2381 448 2409 charitatis
464 2380 621 2412 mentiens,
639 2387 668 2406 re
683 2380 810 2406 evertere
825 2379 998 2414 dignitatem

169 2434 244 2455 verae
275 2426 435 2454 charitatis.
469 2424 604 2457 Quandiu
643 2423 761 2459 quidem
802 2424 838 2450 ob
867 2432 996 2452 amorem

168 2470 282 2507 sponsi,
299 2478 398 2498 amare
421 2470 523 2497 fratres
549 2467 667 2503 videris,
684 2475 782 2495 servas
798 2470 826 2495 et
840 2467 869 2495 in
886 2476 952 2496 eum
969 2470 997 2496 ct

168 2516 199 2544 in
229 2515 294 2543 illos
324 2514 496 2551 gravitatem
525 2512 686 2541 charitatis.
717 2512 771 2540 Sed
800 2513 823 2540 si
850 2521 906 2540 non
932 2514 995 2549 jam

1118 916 1136 944 Ἴ

1101 949 1145 990 3ρ.
1175 949 1294 987 ’Δγαπᾷν
1327 947 1428 976 οὖνδεῖ
1456 948 1520 980 τοὺς
1549 949 1617 986 πρὸς
1645 948 1692 976 τὸν
1707 948 1824 988 νυμφίον
1839 959 1892 976 πα-

1065 992 1258 1031 ρηκαλοῦντας,
1275 992 1347 1021 ἀλλὲ
1363 992 1405 1021 δεῖ
1429 993 1478 1028 τὴν
1507 992 1613 1031 ἀγάπην
1643 992 1748 1020 δικαίαν
1778 993 1823 1021 καὶ
1854 994 1891 1030 μὴ

1066 1039 1272 1076 συγκεχυμένην
1302 1040 1451 1072 ποιεῖσθαι,
1473 1037 1519 1064 ἵνα
1550 1038 1588 1074 μή
1613 1037 1678 1069 τοὺς
1694 1038 1831 1076 ὑπηρέτας
1845 1040 1893 1065 τοῦ

1063 1083 1194 1122 νυμφίου,
1211 1082 1263 1110 ἀπὸ
1291 1084 1339 1109 τοῦ
1367 1084 1489 1120 συνεχῶς
1512 1081 1620 1110 ἀκούειν
1649 1081 1736 1109 αὑτῶν
1767 1082 1800 1110 τὰ
1828 1083 1888 1120 περὶ

1063 1130 1111 1155 τοῦ
1127 1127 1245 1164 νυμφίου
1262 1125 1432 1162 λαλούντων,
1460 1127 1534 1157 ῖσους
1562 1128 1612 1153 τοῦ
1640 1126 1758 1165 νυμφίου
1781 1127 1891 1164 ἀγαπή-

1063 1173 1129 1200 σασά
1143 1182 1220 1206 ποτε,
1248 1171 1350 1208 καθέλῃ
1384 1171 1429 1207 μὲν
1443 1171 1475 1198 τὸ
1490 1170 1598 1207 ἀξίωμα
1614 1173 1661 1198 τοῦ
1676 1172 1811 1210 νυμφίου,
1842 1173 1891 1199 τοῦ

1064 1215 1093 1244 δὲ
1121 1215 1348 1255 νυμφαγωγοὺς,
1376 1218 1416 1251 τῷ
1443 1215 1507 1248 τοὺς
1537 1216 1676 1252 ἰσοτίμους
1703 1218 1743 1252 τῷ
1771 1216 1891 1254 Δισπότῃ

1064 1261 1145 1299 ἄγειν,
1176 1260 1290 1296 ἀδικήσῦ
1318 1260 1351 1288 τὰ
1381 1260 1506 1298 μέγιστα.
1536 1258 1608 1295 ’Ήδη
1626 1259 1655 1288 δὲ
1683 1262 1752 1292 ²τινες
1781 1259 1888 1296 ἔλαθον,

1063 1306 1112 1334 οὐκ
1124 1305 1171 1333 ’ίσα
1185 1309 1225 1342 τῷ
1250 1305 1362 1344 νυμφίῳ
1395 1305 1540 1342 ὑπηρέτας,
1571 1304 1643 1332 ἀλλὰ
1670 1305 1715 1332 καὶ
1735 1305 1821 1333 πλιον
1841 1306 1889 1333 αὑ-

1061 1351 1138 1385 τοὺς,
1176 1347 1279 1382 ἀσεϐῶς
1319 1350 1501 1388 ἇγαπήσασαι·
1540 1349 1586 1376 καὶ
1612 1351 1660 1376 τοῦ
1690 1350 1737 1386 μὶν
1767 1350 1888 1389 νυμφίου

1063 1395 1171 1429 λοιπὸν,
1196 1396 1263 1433 πρὸς
1288 1394 1317 1422 ὅν
1352 1393 1549 1433 ἐνυμφεύσαντο
1575 1394 1695 1430 καθάπαξ
1723 1393 1888 1432 ἐπιλαθόμε-

1061 1450 1116 1476 ναι,
1146 1440 1208 1468 ὅλαι
1238 1438 1266 1467 δὲ
1293 1441 1347 1467 τῶν
1378 1438 1491 1466 οἴκετῶν
1519 1441 1567 1466 τοῦ
1595 1438 1712 1478 νυμφίου
1727 1439 1832 1478 νύμφαι
1847 1450 1889 1476 γι-

1062 1485 1182 1521 νόμεναι,
1211 1484 1318 1521 μᾶλλον
1349 1482 1379 1511 δὲ
1403 1482 1465 1511 οὐδὲ
1480 1485 1535 1510 τῶν
1565 1483 1677 1511 οἲκετῶν
1694 1485 1741 1511 τοῦ
1756 1483 1888 1522 νυμφίου,

1062 1529 1136 1557 ἀλλά
1151 1528 1305 1566 ἀλλοτρίων
1330 1530 1411 1555 τινῶν
1440 1528 1564 1566 γυναῖκες
1589 1527 1700 1565 αἴσχραὶ
1728 1527 1888 1565 εὖριθεῖσαι.

1062 1572 1164 1603 Οὐδένα
1191 1574 1241 1612 γὰρ
1275 1573 1401 1611 σαρκικὸν
1434 1573 1448 1600 ὁ
1483 1572 1600 1611 νυμφίος
1634 1573 1714 1608 ἡμῶν
1749 1572 1887 1609 ὑπηρίτην

1061 1617 1134 1657 ἔχων
1174 1618 1335 1654 εὑρίσκεται,
1374 1617 1446 1645 ἀλλᾶ
1479 1617 1582 1649 πάντας
1614 1616 1745 1653 πνεύματι
1774 1619 1888 1652 ζῶντας.

1059 1665 1093 1692 Ai.
1107 1663 1136 1691 δὲ
1153 1664 1190 1700 μὴ
1206 1665 1245 1699 τῷ
1260 1662 1392 1699 πνεύματι
1418 1664 1472 1689 τῶν
1504 1661 1729 1699 ὑπηρετουμένων
1753 1664 1794 1697 τῷ
1819 1672 1888 1698 νυμ-

1059 1708 1124 1748 φίῳ,
1155 1707 1228 1736 ἀλλὰ
1255 1710 1314 1739 ταῖς
1344 1706 1433 1745 σαρξὶν
1460 1706 1548 1734 αὐτῶν
1578 1707 1672 1737 ἑαυτὰς
1684 1705 1793 1737 ἀτόπως
1817 1717 1885 1742 νυμ-

1059 1752 1199 1793 φεύσασαι,
1217 1751 1301 1787 δῆλον
1319 1751 1355 1783 ὡς
1371 1750 1513 1782 κάκείνους
1540 1750 1705 1788 ἀλλοτρίους
1720 1754 1770 1785 τῆς
1797 1751 1883 1788 ὑπηρε

1058 1798 1117 1828 σίας
1143 1799 1192 1824 τοῦ
1220 1795 1348 1835 νυμφίου,
1388 1795 1432 1823 καὶ
1461 1795 1556 1826 ἑαυτὰς
1585 1795 1639 1833 οὐχ
1664 1795 1812 1833 ὑπηρέταις
1836 1796 1883 1823 τοῦ

1057 1841 1186 1879 νυμφίου,
1229 1839 1302 1868 ἀλλὰ
1341 1839 1500 1877 ἀλλοτρίοις
1538 1838 1649 1871 δούλοις
1687 1839 1883 1878 νυμφευθείσας

1059 1886 1224 1924 ἀπήλεγξαν.
1251 1885 1356 1914 Οὐκοῦν
1384 1885 1429 1912 καὶ
1458 1884 1565 1916 τούτοις
1595 1881 1714 1921 ἀκριϐῶς
1739 1884 1885 1920 ὁμιλείτω-

1059 1942 1118 1966 σαν,
1142 1932 1192 1965 τήν
1219 1929 1394 1969 ἐμφυομὲνην
1421 1930 1476 1966 (52)
1502 1928 1640 1967 λαθραίως
1656 1928 1686 1956 ἆκ
1705 1932 1756 1964 τῆς
1771 1928 1883 1965 ὁμιλίας

1058 1976 1218 2012 σωματικὴν
1257 1975 1398 2010 συνήθειαν
1436 1973 1576 2013 φρονίμως
1615 1973 1802 2010 ἐκτέμνουσαι·
1839 1974 1884 2000 καὶ

1058 2021 1083 2048 ἰν
1111 2020 1145 2058 τῇ
1162 2019 1270 2056 ὁμιλεῖν
1298 2019 1512 2057 φυλασσόμεναι,
1540 2019 1578 2054 μὴ
1601 2017 1630 2045 ὲκ
1644 2020 1692 2045 τοῖ’)
1713 2018 1833 2055 θαρσεῖν,
1847 2018 1884 2048 ὡς

1056 2067 1104 2093 τοῦ
1126 2065 1242 2104 νυμφίου
1272 2064 1396 2098 οἰκείοις,
1428 2062 1561 2099 λάθωσιν,
1591 2063 1608 2098 ἢ
1638 2061 1754 2093 ἐκείνους
1784 2061 1886 2099 πρὸςᾶ

1059 2112 1097 2148 μή
1125 2108 1166 2137 δεῖ
1195 2107 1403 2147 ἁποσφήλασαι,
1431 2108 1448 2143 ἢ
1479 2107 1574 2138 ἑαυτὰς
1602 2107 1675 2145 παρὰ
1699 2107 1745 2134 τὸν
1773 2106 1885 2145 προκεί-

1059 2166 1138 2192 μενον
1153 2155 1252 2182 σκοπὸν
1277 2152 1321 2180 ἐπὶ
1348 2153 1395 2183 τὰς
1425 2152 1522 2190 σαρκὸς
1538 2150 1638 2187 ἡδονὰς
1667 2151 1775 2182 ἀτόπως
1805 2161 1884 2178 κατα-

1057 2198 1199 2228 ϐαλοῦσαι.
1230 2196 1319 2226 Ἀλλὰ
1343 2197 1450 2234 ἀγάπην
1467 2195 1508 2224 δεῖ
1521 2199 1574 2224 τῶν
1591 2195 1709 2232 πλησίον
1723 2196 1882 2230 κεκτῆσθαι,

1057 2244 1098 2272 ὅτι
1141 2243 1307 2280 Ἀγαπήσεις
1349 2242 1394 2269 τὸν
1433 2240 1550 2276 πλησίον
1594 2251 1653 2276 σου,
1695 2241 1733 2271 ὡς
1777 2239 1880 2267 ἑαυτόν·

1055 2288 1100 2316 καὶ
1115 2289 1195 2315 τοῦτο
1211 2286 1323 2324 ἀρέσκον
1353 2285 1420 2322 αὐτῇ
1436 2285 1450 2312 ὁ
1478 2284 1595 2323 νυμφίος
1617 2285 1651 2321 τῇ
1667 2283 1760 2322 νύμφῃ
1775 2284 1880 2321 παράγ-

1016 2319 1144 2371 Βγελμα
1173 2319 1285 2359 diﬁc-ma.
1302 2329 1352 2357 Καὶ
1380 2319 1472 2369 φησιν,
1503 2319 1664 2366 ἀγαπήσεις,
1692 2319 1879 2366 καῖ-ἐφ’-ὅσον

1054 2378 1090 2406 ἑνὶ
1106 2376 1208 2404 τούτων
1225 2377 1327 2409 ποιεῖς,
1356 2373 1418 2410 ἐμοὶ
1433 2376 1473 2410 τῷ
1501 2375 1540 2408 σῷ
1567 2372 1674 2409 νυμφίῳ
1687 2374 1786 2403 ποιεῖς.
1803 2371 1881 2401 Ἀλλ’

1053 2422 1102 2450 οὐκ
1127 2421 1237 2458 ἔμπαθῆ
1253 2417 1378 2446 εἶναιδεῖ
1405 2419 1454 2452 τὴν
1483 2417 1602 2455 ἀγάπην,
1616 2415 1678 2444 οὐδὶ
1699 2414 1789 2452 ὄνομα
1811 2415 1880 2452 αὐτῇ

1051 2464 1268 2503 ἐπιψευδομὲνην
1286 2464 1340 2499 (53)
1369 2463 1487 2499 ἀγάπης,
1513 2464 1552 2498 τῷ
1582 2461 1655 2500 ἔργῳ
1685 2461 1801 2498 ἀναιρεῖν
1828 2460 1875 2495 τὴν

1052 2512 1126 2548 ἀξίαν
1148 2513 1199 2545 τῆς
1224 2506 1310 2539 ὅντως
1327 2506 1446 2545 ἀγάπης.
1472 2508 1532 2535 ’Ότι
1551 2504 1604 2538 ἕως
1631 2506 1660 2533 ἄν
1685 2504 1730 2533 διὰ
1743 2506 1794 2540 τὴν
1810 2504 1877 2542 πρὸς

205 2603 228 2622 ⁸ο
243 2603 325 2631 Prov.
341 2611 380 2635 IV,
394 2602 438 2629 27.
479 2602 500 2619 “
517 2600 624 2636 Ephes.
640 2608 668 2633 v,
686 2599 728 2626 15.
769 2599 791 2616 ¹¹
808 2599 894 2627 Eccli.
911 2608 950 2634 xx,
964 2601 1010 2630 20.

1062 2601 1152 2628 'Luc.
1169 2606 1198 2632 χ,
1215 2596 1261 2624 27.
1301 2595 1324 2613 ιδ
1340 2594 1443 2623 Matth.
1459 2602 1524 2629 xxv,
1539 2594 1583 2622 40.

204 2687 571 2726 (52)Ὲμφυᾳμένην.-Ηιξο
597 2685 743 2726 scriptura
767 2683 997 2726 solius_est_co-

170 2721 428 2758 diéis'Col'bertini,
446 2721 496 2752 sed
514 2721 725 2759 percommode
741 2722 878 2759 emendat
892 2722 994 2758 vulga~

169 2763 229 2789 tam
261 2756 646 2799 lectionem'_vupc§§uopéqv,
680 2757 774 2799 cujus.
793 2757 896 2799 vitium
927 2756 994 2787 cum

168 2797 349 2834 perspiceret
362 2793 491 2826 Ccmbei‘.
505 2793 678 2831 'legendum
695 2793 828 2829 putabat,
846 2804 995 2830 μνηστευο-

1055 2684 1147 2758 μέῖἒῶ-
1171 2717 1248 2763 Αὖτῇ
1273 2713 1518 2777 ,ἐπιῒρυδοῧένηι
1549 2714 1659 2755 Codex_
1678 2713 1875 2744 Colbertinus,

1055 2757 1132 2777 ...ιτηιν
1151 2763 1202 2777 nm
1218 2763 1296 2777 αυτη.
1314 2753 1335 2777 E
1356 2755 1407 2777 mo
1447 2753 1532 2777 eneta
1547 2753 1576 2777 et
1596 2751 1711 2777 codices
1727 2757 1801 2777 mss.
1817 2756 1874 2777 non

1050 2750 1140 2792 αὐτὴν]
1151 2750 1412 2792 proﬂainﬁrEditiq
1421 2750 1532 2780 Veneta
1547 2753 1576 2779 et
1596 2750 1711 2779 codices
1727 2757 1801 2777 mss.
1817 2756 1874 2777 non

1050 2787 1136 2829 nulli,
1151 2787 1220 2827 αὐτῇ
1237 2788 1279 2816 ἐπὶ
1295 2787 1473 2825 ψιυδομὲνης.
