2010 3145
105 171 156 202 748

694 166 812 197 LIBER
834 166 886 196 DE
907 165 1176 198 VIRGINITATE.

1726 170 1788 203 746

105 238 141 266 τὸν
156 235 260 276 νυμφίον
275 234 380 273 ἀγάπην
397 234 530 273 ἀγαπῶσα
559 233 640 272 φαίνῃ
668 230 732 264 τοὺς
760 231 904 271 ἀδελφοὺς,

964 236 1083 270 propter
1096 234 1192 270 illum,
1208 235 1259 263 sed
1274 243 1323 263 eos
1348 238 1465 272 propter
1479 237 1653 273 semetipsos
1667 246 1703 266 ex
1717 246 1787 267 con-

107 283 188 317 σώζεις
209 280 251 308 καὶ
277 280 307 307 τὸ
329 280 397 317 πρὸς
425 279 525 307 ἐκεῖνον
555 279 600 306 καὶ
621 278 653 305 τὸ
669 278 737 316 πρὸς
752 277 852 309 αὐτοὺς
875 277 907 305 τὸ

105 331 146 362 τῆς
170 325 270 363 ἀγάπης
298 325 404 361 σιμνόν.
423 323 546 353 Ἐπειδὰν
577 322 606 351 δὲ
625 321 714 350 οὐκέτι
745 320 779 349 δι’
794 322 906 358 ἰκτῖνον,

105 371 163 399 ἀλλὰ
181 370 286 400 τούτους
301 368 335 396 δι’
351 367 449 400 αὐτοὺς
466 368 519 396 ἀπὸ
540 371 589 403 τῆς
612 366 754 403 συνηθείας
777 366 811 404 ᾖς
842 367 906 404 ἀγα-

103 418 176 449 πῶσα,
204 413 374 452 διαφθείρασα
403 414 447 440 καὶ
476 413 526 447 τήν
555 413 623 450 πρὸς
653 412 753 439 ἐκεῖνον
786 411 905 448 ἀγάπην,

102 459 137 487 καὶ
153 458 251 496 ἔμπαΘῆ
272 458 372 494 ταύτην
393 458 539 493 ποιήσασα,
565 455 753 494 ψευδώνυμον,
769 456 813 483 καὶ
841 454 905 492 οὐχὶ

101 505 141 539 τὴν
174 502 259 538 ἀληθῆ
302 501 376 540 ἔχεις
418 501 536 540 ἀγάπην.
566 502 671 539 Ἀγάπη
710 500 761 538 γὰρ
807 499 905 537 σαρκὸς

102 548 159 583 πάθη
181 549 233 585 (54)
249 547 300 586 οὐχ
322 547 442 575 ἅπτεται·
465 545 528 574 οὑδὶ
551 544 652 583 ἄλογος
677 545 742 573 οὖσα
770 545 822 572 ὑπὸ
844 555 905 573 συν-

101 593 178 627 ηθιίας
195 590 318 627 ζωώδους
342 591 459 628 ἀκρίτως
483 591 514 618 τὸ
536 590 634 627 σεμνὸν
649 590 745 624 ἑαυτῆς
776 589 819 617 ἐπὶ
849 590 905 616 σώ-

103 647 159 674 ματα
170 636 317 675 καταφέρει.
336 635 427 664 Ἀλλᾶ
447 635 545 673 λογικὴ
562 634 640 669 οὖσα,
656 635 700 662 καὶ
728 634 780 669 ὅλη
810 633 904 674 σοφίας

101 681 181 718 μεστὴ,
196 680 332 719 ἐμφρόνως
349 681 446 715 ἑαυτὴν
461 680 531 718 πρὸς
554 679 629 714 ἀξίαν
659 681 718 710 τοῖς
746 679 905 716 προσώποις

99 726 154 753 κατὰ
178 726 207 753 τὸ
235 725 337 753 δίκαιον
363 724 520 753 ταλαντεύει
538 734 544 741 ·
573 723 638 755 τοὺς
676 724 723 761 μὲν
768 723 903 761 ὑπηρέτας

98 770 198 809 νυμφίου
213 769 337 808 λογισμῷ
361 768 396 797 δι’
416 769 518 798 ἐκεῖνον
541 771 659 806 τιμῶσα,
676 768 756 796 αὐτὸν
785 766 826 804 δὲξ
838 767 903 795 έκεῖ-

98 809 172 842 νονόύ
192 813 233 842 διὰ
245 814 369 848 τούτους,
387 813 428 841 ὅτι
457 813 518 852 περὶ
552 813 635 841 αὐτοῦ
665 812 735 850 αὐτῇ
763 810 904 851 διαλέγον-

98 870 140 894 ται,
164 858 231 887 ἀλλὰ
258 857 293 886 δι’
322 858 401 886 αὐτὸν
436 858 626 895 περιίπουσα⁸
659 857 704 885 καὶ
734 855 760 885 εἷ’
785 868 827 889 τις
856 857 902 893 μὶν

99 903 183 931 ὲκιίνου
198 903 317 941 ἐραστὴς,
332 903 429 931 τοῦτον
444 901 488 930 διὰ
503 904 534 930 τὸ
563 903 631 940 πρὸς
656 901 758 929 ἐκείνον
787 901 900 941 φίλτρον

99 949 185 986 ἑταῖρον
198 948 353 985 νομίζουσα·
371 948 395 975 εἴ
414 947 443 976 δέ
457 959 497 979 τις
522 949 572 975 τοῦ
601 946 662 984 περὶ
689 947 772 974 αὐτοῦ
801 944 902 983 ἔρωτος

101 991 190 1028 ἀμελεῖ,
214 993 300 1021 οὐκέτι
329 992 438 1026 τοῦτον,
460 991 508 1021 κᾶν
533 992 617 1027 αὐτὴν
640 991 786 1030 κολακεύῃ,
803 991 840 1022 ὡς
862 992 903 1018 οί-

101 1039 160 1064 χεῖον
180 1037 274 1075 ὁρῶσα.
306 1036 379 1066 ἀλλὰ
407 1037 451 1065 καί
479 1036 596 1074 μάλιστα
619 1036 649 1064 ἐκ
676 1040 727 1072 τῆς
760 1035 905 1068 κολακείας

101 1081 141 1115 τὴν
155 1079 294 1117 ἐπιϐουλὴν
327 1081 527 1116 ὑποπτεύουσα,
544 1080 585 1110 ὅτι
617 1080 727 1118 ἀμελῶν
757 1083 806 1109 τοῦ
833 1092 904 1118 νυμ-

102 1125 152 1164 φίου
171 1126 227 1165 περὶ
250 1127 278 1154 ὃν
309 1127 377 1161 αὗτή
406 1127 546 1163 ἐπτόηται,
573 1127 755 1164 προσποιήτῳ
779 1128 813 1163 τῇ
841 1126 903 1164 περὶ

101 1171 136 1197 τὸν
173 1171 282 1211 νυμφίον
319 1172 403 1207 αὐτῆς
441 1171 577 1210 θεραπείᾳ,
608 1170 728 1206 δελεάζει
761 1172 816 1208 (55)
856 1171 902 1207 μὶν

99 1215 182 1251 ταύτην
209 1217 244 1248 ὡς
268 1218 414 1253 συμπονῶν
440 1217 510 1253 αὐτῇ
534 1216 601 1254 πρὸς
631 1216 681 1250 τήν
712 1215 814 1243 ἐκείνου
842 1214 903 1252 ἀρὲ-

101 1269 181 1294 σχειαν,
196 1259 234 1298 ἐφ’
249 1261 342 1289 ἑαυτὸν
372 1259 400 1288 δὲ
426 1260 510 1293 αὐτῆς
536 1261 581 1288 τὸν
600 1257 688 1298 ἔρωτα.
710 1260 739 1288 lx
761 1263 812 1295 τῆς
842 1270 903 1287 συν-

100 1307 166 1341 εχοῦς
185 1305 292 1342 ὁμιλίας
318 1306 470 1342 μεταθεῖναι
495 1303 649 1341 σπουδάζει,
666 1305 692 1332 ἰν
721 1306 903 1344 νυμφαγωγοῢ

100 1349 196 1386 ὀνόματί
210 1362 238 1379 τε
252 1351 296 1379 καὶ
314 1352 437 1388 σχήματι
456 1351 556 1388 μοιχὸς
576 1353 626 1385 τῆς
649 1349 757 1390 νύμφης
782 1349 904 1387 πανούρ-

99 1405 143 1431 γως
167 1396 315 1433 γινόμενος.
333 1396 469 1427 Ἐντεῦθεν
497 1395 547 1434 γὰρ
577 1394 680 1423 πολλαὶ
708 1397 748 1431 τῷ
772 1398 822 1430 τῆς
837 1395 903 1432 ἀγά-

99 1449 143 1473 πης
159 1438 265 1478 ὀνόματι
293 1438 454 1479 καταϐραχὺ
483 1440 551 1478 πρὸς
573 1440 607 1467 τὰ
630 1443 680 1474 τῆς
706 1439 804 1476 σαρκὸς
829 1440 901 1476 πάθη

100 1483 140 1511 ὑπὸ
164 1489 210 1520 τῆς
236 1485 375 1521 συνηθείας
403 1487 617 1522 κατενεχθεῖσαι,
638 1484 736 1522 πόρναι
765 1485 809 1511 καὶ
839 1494 903 1520 μοι-

99 1528 195 1565 χαλίδες
208 1530 250 1558 καὶ
265 1528 413 1568 ἀλλότριαι
429 1529 460 1557 οὐ
472 1531 584 1563 τῆστοῦ
609 1528 709 1567 Κυρίου
734 1528 816 1565 μόνον
838 1539 904 1566 νυμ-

99 1573 298 1610 φεύσεως,άλλὰ
327 1575 372 1602 καὶ
400 1576 448 1602 τοῦ
477 1574 544 1601 κατά
573 1574 657 1611 σάρκα
684 1573 804 1610 νομίμου
830 1574 904 1612 παρὰ

964 278 1119 307 suetudine
1143 279 1258 315 diliges,
1284 288 1475 316 corrumpens
1501 281 1580 310 illius
1597 290 1737 319 amorem,
1753 291 1787 311 ao

962 322 1078 350 libidini
1103 323 1261 351 obnoxium
1286 324 1426 359 ofﬁciens,
1452 325 1526 354 falso
1550 326 1731 355 nominatam
1754 336 1787 356 ac

962 367 1084 395 minime
1110 376 1208 396 veram
1233 369 1323 398 habes
1349 369 1532 398 charitatem.
1561 370 1693 399 Charitas
1708 373 1787 401 enim

962 412 1060 440 carnis
1075 412 1213 441 libidines
1239 422 1296 441 non
1321 414 1439 450 attingit
1457 423 1462 441 :
1480 423 1532 442 nec
1548 415 1669 444 rationis
1684 425 1787 452 expers

961 464 995 483 ex
1025 458 1239 486 consuetudine
1267 458 1386 486 animali
1416 459 1590 495 gravitatem
1616 469 1700 488 suam
1723 461 1788 490 sine

959 501 1068 537 judicio
1084 502 1224 530 transfert
1249 502 1277 530 in
1294 511 1424 538 corpora.
1450 504 1503 532 Sed
1528 504 1651 532 rationis
1667 514 1787 542 compos

960 554 994 574 ac
1009 547 1069 574 tota
1084 546 1232 582 sapientiae
1247 547 1334 583 plena
1348 548 1508 583 prudenter
1526 550 1717 585 semetipsam
1734 559 1786 586 pro

959 591 1063 618 merito
1080 599 1283 626 personarum,
1295 594 1328 619 ut
1343 600 1460 628 aequum
1476 595 1532 627 est,
1546 593 1692 630 impendit
1706 604 1712 629 ;
1731 595 1786 623 mi-

959 635 1068 663 nistros
1093 636 1204 671 sponsi,
1235 636 1347 664 ratione
1371 640 1490 673 propter
1514 637 1598 666 illum
1624 639 1783 675 honoraris,

959 679 1042 707 illum
1059 682 1156 708 autem
1169 689 1227 708 non
1244 683 1429 717 proptereos,
1442 682 1512 718 quia
1521 682 1556 710 de
1567 682 1618 710 illo
1630 683 1784 719 loquentes

959 724 1051 759 audit,
1067 725 1117 752 Sed
1135 727 1254 761 propter
1277 725 1375 761 ipsum
1391 726 1509 761 colens;
1536 735 1568 754 ac
1584 727 1608 755 si
1624 728 1689 763 quis
1704 728 1785 758 illius

959 770 1072 796 amator
1087 771 1140 802 est,
1158 769 1286 797 amicum
1308 769 1392 798 illum
1408 771 1444 798 ob
1460 771 1560 806 sponsi
1576 780 1706 800 amorem
1721 774 1785 801 exi-

957 813 1077 849 stimat;
1094 813 1119 841 si
1135 814 1201 849 quis
1216 816 1314 842 autem
1329 814 1410 842 illius
1429 823 1557 843 amorem
1575 816 1706 853 negligit,
1724 826 1782 845 non

955 857 1015 892 jam
1030 858 1124 894 illum,
1140 858 1258 886 etiamsi
1268 861 1442 895 assentetur,
1455 862 1487 888 ut
1499 861 1672 889 familiarem
1683 861 1782 897 habet,

961 903 1012 930 sed
1028 903 1155 930 maxime
1180 912 1214 931 ex
1237 904 1300 940 ejus
1314 905 1512 933 assentatione
1536 905 1659 934 insidias
1683 907 1783 943 suspi-

962 949 1055 981 catur,
1071 949 1224 984 propterea
1247 949 1324 984 quod
1347 948 1498 986 negligens
1523 958 1675 986 sponsum,
1695 960 1784 987 quem

957 991 1008 1019 illa
1022 992 1194 1028 admiratur,
1211 992 1349 1021 simulato
1371 994 1467 1030 ipsius
1483 995 1585 1030 sponsi
1602 995 1682 1023 cultu
1705 996 1783 1024 ines-

958 1039 1004 1065 cat
1019 1045 1093 1071 eam,
1111 1038 1196 1073 quasi
1214 1037 1310 1074 ipsam
1336 1039 1454 1074 adjuvet
1469 1041 1502 1067 ut
1526 1048 1634 1076 sponso
1650 1040 1783 1076 placeat;

957 1082 987 1109 in
1003 1082 1194 1118 semetipsum
1219 1085 1318 1111 autem
1333 1083 1414 1112 illius
1437 1092 1566 1112 amorem
1582 1085 1701 1113 assiduo
1723 1086 1783 1113 col-

956 1126 1056 1163 loquio
1071 1128 1227 1156 transferre
1250 1130 1382 1162 conatur,
1407 1129 1463 1156 sub
1479 1130 1605 1164 pronubi
1621 1130 1740 1158 nomine
1754 1132 1784 1159 et

958 1172 1055 1208 specie
1079 1172 1194 1201 adulter
1218 1181 1332 1208 sponsas
1357 1173 1555 1202 fraudulenter
1580 1175 1685 1202 factus.
1709 1175 1783 1203 Hinc

957 1216 1035 1244 enim
1052 1217 1150 1245 multae
1167 1217 1318 1245 cbaritatis
1334 1218 1452 1246 nomine
1468 1218 1610 1254 paulatim
1632 1220 1667 1246 ad
1684 1219 1781 1248 carnis

957 1261 1094 1290 libidines
1110 1270 1143 1289 ex
1159 1262 1373 1290 consuetudine
1387 1264 1415 1290 et
1431 1262 1628 1291 familiaritate
1644 1263 1782 1299 delapsae,

959 1307 1126 1334 meretrices
1150 1309 1178 1334 et
1202 1306 1339 1334 adulteras
1367 1315 1399 1335 ao
1424 1316 1482 1335 non
1506 1308 1602 1335 solum
1626 1316 1643 1336 a
1666 1308 1783 1336 Domini

958 1351 1156 1387 sponsalibus,
1173 1352 1224 1380 sed
1240 1351 1327 1379 etiam
1343 1361 1360 1379 a
1375 1351 1485 1380 carnali
1502 1352 1689 1380 matrimonio
1705 1353 1783 1387 apud

957 1395 1093 1423 homines
1109 1395 1240 1432 legitimo
1256 1396 1357 1424 aliena:
1380 1405 1499 1432 prorsus
1513 1396 1785 1432 deprehenduntur.

957 1440 1031 1468 Nam
1056 1448 1124 1468 cum
1149 1440 1347 1477 virginitatem
1370 1440 1492 1468 Domino
1516 1440 1657 1475 voverint,
1683 1444 1786 1476 postea

958 1485 1056 1513 carnis
1071 1484 1273 1520 voluptatibus
1288 1485 1380 1518 victae,
1397 1485 1492 1521 stupri
1509 1487 1660 1520 peccatum
1681 1486 1787 1513 matri-

959 1529 1051 1558 monii
1068 1530 1185 1557 nomine
1208 1531 1365 1565 przetexere
1389 1529 1490 1557 volunt
1505 1538 1512 1557 :
1531 1538 1588 1557 non
1605 1530 1786 1566 ignorantes,

959 1575 1076 1611 opinor,
1092 1574 1227 1609 quamvis
1244 1573 1457 1610 ignorationem
1480 1582 1537 1610 prae
1553 1583 1585 1602 se
1601 1575 1704 1609 ferant,
1721 1583 1786 1603 eam

99 1616 233 1653 ἀνθρώποις
261 1620 354 1658 γάμου
383 1618 551 1646 παντάπασιν
582 1617 805 1656 ἀπηλέγχθησαν.
831 1621 902 1656 Παρ-

961 1628 1023 1655 quae
1039 1619 1138 1646 datam
1161 1626 1270 1655 sponso
1295 1627 1348 1646 suo
1373 1619 1520 1647 dexteram
1543 1619 1672 1654 violavit,
1693 1627 1787 1656 neque

100 1662 172 1692 θενίαν
197 1663 245 1701 γὰρ
273 1666 314 1700 τῷ
339 1663 430 1700 Κυρίῳ
455 1661 692 1701 ἐπαγγειλάμεναι,
709 1663 756 1695 εἴθ’
774 1663 825 1690 ὑπὸ
848 1663 902 1691 τῶν

961 1663 1041 1691 illius
1056 1671 1194 1699 sponsam
1210 1671 1284 1696 esse,
1293 1671 1380 1699 quem
1391 1663 1544 1700 illegitime
1553 1663 1680 1700 reliquit,
1692 1673 1787 1701 neque

98 1707 179 1743 σαρκὸς
204 1707 311 1742 ἡδονῶν
336 1710 498 1743 νικηθεῖσαι,
516 1708 565 1742 τὴν
594 1710 644 1742 τῆς
669 1706 796 1744 πορνείας
820 1708 904 1744 ἁμαρ⁴

961 1708 1052 1743 illius,
1068 1708 1115 1736 cui
1131 1716 1161 1736 se
1177 1715 1228 1743 per
1241 1707 1394 1735 libidinem
1407 1708 1516 1743 junxit,
1529 1709 1692 1737 secundum
1707 1708 1786 1745 leges

95 1749 142 1777 τίειν
167 1752 252 1789 γάμου
284 1751 400 1789 ὀνόματι
436 1750 622 1790 περιστίλλειν
664 1751 802 1779 ἐθέλουσιν
821 1762 827 1768 ·
858 1752 904 1780 οὐκ

963 1761 1081 1781 uxorem
1098 1753 1187 1780 videri
1204 1761 1301 1789 posse.

96 1793 231 1831 ἀγνοοῦσαι,
255 1798 348 1833 οἶμαι,
375 1795 422 1824 κᾶν
453 1795 561 1834 ἄγνοιαν
590 1794 622 1831 δὴ
653 1798 866 1833 προσποιῶνται,
883 1797 925 1825 ὅτι
951 1797 969 1832 ἡ
994 1794 1138 1835 παραϐᾶσα
1166 1797 1213 1827 τὰς
1243 1797 1311 1835 πρὸς
1337 1796 1383 1824 τὸν
1414 1796 1530 1835 νυμφίον
1561 1797 1658 1832 ἑαυτῆς
1687 1796 1785 1832 δεξιὰς,

97 1838 146 1867 οὔτε
170 1841 264 1869 τούτου
297 1841 352 1869 ἰστὶ
377 1840 481 1880 νύμφη,
498 1841 526 1868 ὃν
557 1840 722 1878 παρανόμως
752 1840 907 1877 κατέλιπεν,
924 1840 980 1869 οὔτ’
1010 1840 1122 1876 ἐκείνου,
1140 1840 1162 1877 ᾧ
1189 1840 1233 1868 διὰ
1261 1841 1347 1873 πάθος
1376 1838 1477 1876 ἕζιυξεν
1507 1841 1614 1877 ἑαυτήν,
1644 1841 1711 1870 κατά
1738 1841 1786 1869 νό-

99 1894 154 1918 μους
165 1886 229 1923 γυνὴ
241 1884 354 1913 δύναται
371 1885 523 1922 εὑρεθῆναι.

123 1929 162 1957 38.
176 1930 238 1958 Τότε
252 1931 304 1969 γὰρ
321 1930 441 1966 νόμιμος
458 1931 512 1966 (56)
530 1929 574 1956 καὶ
590 1939 659 1956 κατα
673 1929 720 1960 τὰς
745 1929 817 1961 θείας
834 1933 902 1967 Γρα-

96 1973 136 2008 φὶς
149 1974 300 2002 συνίσταται
314 1974 412 2012 γάμος,
429 1973 490 2001 ὅταν
510 1974 548 2010 μὴ
565 1973 649 2005 πάθος
670 1973 772 2008 ἡδονῆς
800 1984 906 2011 προκα-

95 2015 184 2055 ταλάϐῃ
209 2021 257 2046 τοῦ
288 2019 376 2055 νόμου
404 2019 453 2052 τὴν
485 2017 742 2056 χρείαν,λογισμὸς
759 2017 787 2046 δὲ
800 2021 849 2046 τοῦ
877 2029 906 2046 τε

96 2060 126 2091 εἷς
142 2063 262 2099 βοήθειαν
279 2062 428 2100 ἀναγκαίου
440 2063 485 2090 καὶ
500 2063 548 2097 τῆς
564 2065 618 2090 τῶν
644 2061 748 2090 παίδων
771 2061 904 2101 διαδοχῆς

95 2107 133 2132 ῒῦῦ
144 2108 227 2144 γάμου
242 2108 374 2145 προσθεὶς
399 2107 445 2134 τὸν
474 2108 586 2141 σκοπὸν,
602 2106 694 2144 τίμιον
719 2106 805 2140 ὅντως
836 2119 905 2145 μνη-

96 2150 161 2188 στεύῃ
187 2153 230 2180 τὸν
256 2153 359 2190 γάμον.
382 2153 448 2180 "Ore
475 2154 529 2179 τῶν
558 2152 711 2189 ἀναγκαίων
740 2155 788 2180 τοῦ
816 2153 906 2190 γάμου

96 2196 292 2236 προειληφότων
318 2198 358 2232 τῷ
384 2195 520 2234 λογισμῷ,
544 2197 589 2223 καὶ
616 2195 750 2234 κρηπῖδος
777 2196 853 2234 ἁγίας
879 2196 905 2224 ἐν

96 2239 171 2276 Κυρίῳ
198 2241 267 2269 κατὰ
306 2241 408 2278 νόμους
448 2240 580 2276 τεθείσης,
612 2240 827 2278 ἐπακολούθημα
858 2243 906 2269 τοῦ

95 2285 150 2311 κατὰ
163 2285 207 2312 τὸν
223 2286 312 2324 γάμον
342 2285 501 2322 ἀναγκαίου,
515 2286 533 2320 ἡ
549 2285 579 2312 ἐκ
608 2289 658 2320 τῆς
689 2284 788 2321 μίξεως
808 2284 905 2321 ἡδονὴ,

97 2328 149 2362 μίαν
177 2330 262 2368 σάρκα
290 2330 339 2364 τήν
367 2328 415 2356 δύο
458 2332 575 2357 ποιοῦσα
603 2329 763 2368 εὑρίσκεται.
795 2328 905 2364 Ἐπειδὴ

95 2372 138 2410 γὰρ
152 2374 165 2401 ὁ
179 2374 204 2402 iv
221 2375 302 2413 ψυχῇ
316 2374 452 2411 λογισμὸς
473 2374 521 2405 τὰς
548 2375 637 2412 ψυχὰς
662 2371 821 2412 προλαϐὼν,
838 2374 906 2402 κατᾶ

94 2417 118 2443 τὸ
132 2419 292 2456 φαινόμενον
319 2419 464 2456 ἀναγκαῖον
485 2421 611 2456 συνῆψεν.
640 2419 753 2451 εἰκότως
777 2429 905 2456 προηνω-

96 2462 177 2496 μὲναις
206 2464 318 2495 ταύταις
346 2464 391 2491 καὶ
416 2465 433 2498 ἡ
460 2466 512 2491 τῶν
541 2466 645 2502 σαρκῶν
659 2466 714 2491 τῶν
729 2463 754 2490 ἐν
771 2464 813 2494 αἷς
839 2463 904 2491 εἰσιν

95 2504 193 2543 ἔννομος
220 2507 319 2539 ἕνωσις
345 2507 541 2544 ἠκολούθησεν.
566 2509 648 2538 Ὅταν
672 2507 701 2535 δὶ
728 2510 782 2535 τῶν
808 2509 904 2546 ψυχῶν

94 2549 154 2579 ἀλλο
176 2553 225 2587 τὴν
251 2553 342 2591 ἀρχὴν
365 2552 557 2590 προθεμένων,
568 2554 596 2581 αἱ
629 2553 722 2591 σάρκες
748 2551 783 2580 δι’
803 2552 904 2588 ἡδονὴν

93 2595 120 2622 τὰ
148 2597 233 2625 obuia
260 2597 546 2635 πραγματευσάμιναι,
574 2599 621 2630 τὰς
646 2597 672 2626 ἐν
697 2597 790 2628 αὐταῖς
816 2598 905 2636 ψυχὰς

107 2687 172 2727 ,(54)
187 2689 278 2727 neten,
303 2689 348 2718 Sic
364 2689 460 2727 editio
482 2689 593 2727 Yeneta
612 2691 640 2717 et
655 2698 713 2727 sex
737 2699 810 2720 mss.
828 2690 910 2720 Pari-

93 2724 188 2767 siepsis
203 2725 306 2760 editio,
321 2725 426 2753 παθῶν.
443 2725 540 2755 Codex
557 2725 721 2757 Mazarinus
737 2727 794 2756 alia
807 2735 908 2761 manu,

92 2759 392 2835 ῗαῖἕῶςΙΧ-Ιροσποιήτῳ
412 2798 488 2835 ait...
522 2795 660 2835 θεραπείᾳ,
695 2796 827 2833 δελεάζει.
858 2799 910 2827 C0-

93 2830 140 2860 dek
166 2830 314 2863 recentior
341 2830 482 2871 ColnbéL,
509 2830 732 2871 προσποιεῖται...
758 2830 808 2870 τήν
833 2835 910 2872 Θερα-

245 2898 376 2929 Ριτιοι..
402 2899 457 2929 Gn.
481 2898 576 2930 XXX.

995 1931 1041 1959 38.
1067 1931 1150 1958 Tunc
1174 1930 1252 1958 enim
1277 1930 1409 1967 legitime
1432 1933 1461 1959 et
1485 1932 1648 1960 secundum
1671 1932 1786 1960 divinas

960 1975 1126 2011 Scripturas
1151 1975 1374 2003 matrimonium
1399 1976 1594 2011 contrahitur,
1619 1985 1686 2005 cum
1710 1977 1787 2006 653

959 2019 1120 2055 voluptatis
1137 2027 1220 2046 amor
1235 2027 1291 2046 non
1317 2020 1463 2055 praevertit
1477 2020 1551 2056 legis
1567 2022 1785 2056 necessitatem,

961 2065 1012 2092 sed
1029 2063 1166 2100 cogitatio
1184 2064 1340 2090 necessarii
1357 2063 1457 2090 auxilii
1473 2066 1502 2092 et
1517 2064 1675 2092 liberorum
1689 2073 1787 2092 susce-

960 2108 1068 2145 ptionis
1084 2107 1234 2145 proposita
1245 2107 1431 2135 matrimonio
1441 2115 1506 2136 vere
1522 2108 1708 2137 honorabiles
1719 2117 1786 2137 con-

961 2153 1041 2182 ciliat
1056 2153 1185 2189 nuptias.
1210 2153 1282 2181 Cum
1308 2152 1482 2181 necessitate
1505 2153 1686 2182 matrimonii
1702 2155 1785 2190 prius

961 2199 1059 2227 animo
1084 2200 1234 2234 concepta,
1259 2200 1287 2226 et
1302 2200 1402 2226 sancto
1426 2198 1456 2226 in
1481 2198 1605 2226 Domino
1622 2200 1786 2228 secundum

960 2243 1040 2280 leges
1051 2243 1128 2278 jacto
1153 2243 1356 2277 fundamento,
1379 2243 1525 2279 appendix
1540 2245 1720 2272 matrimonii
1736 2253 1787 2274 nc-

961 2287 1109 2315 cessitatis
1125 2295 1190 2314 esse
1201 2287 1441 2323 deprehenditur,
1452 2288 1627 2317 concubitus
1637 2289 1786 2326 voluptas,

962 2339 1025 2367 quae
1041 2339 1158 2358 carnem
1176 2331 1301 2358 duorum
1319 2340 1409 2359 unam
1432 2332 1531 2360 efficit.
1548 2333 1690 2367 Quoniam
1709 2334 1787 2362 enim

961 2375 1065 2403 anima:
1081 2375 1170 2403 insita
1180 2375 1252 2403 ratio
1261 2376 1376 2404 animas
1385 2376 1414 2404 in
1425 2379 1610 2404 antecessum
1623 2379 1787 2407 secundum

960 2420 1051 2453 illam,
1070 2428 1132 2455 quae
1149 2423 1279 2456 apparet,
1292 2421 1496 2448 necessitatem
1513 2422 1787 2457 conjunxit,merito

961 2464 1126 2492 animarum
1143 2465 1378 2500 coniunctionem
1388 2466 1476 2493 etiam
1488 2467 1621 2500 carnium
1637 2467 1666 2494 in
1679 2468 1787 2503 quibus

961 2511 1116 2537 versantur
1143 2509 1274 2546 legitima
1302 2511 1470 2546 conjunctio
1503 2511 1702 2547 consequitur.
1731 2512 1785 2540 Sed

961 2562 1028 2582 cum
1044 2554 1201 2583 animabus
1215 2555 1295 2582 aliud
1311 2555 1367 2583 sibi
1391 2556 1427 2584 ab
1443 2555 1525 2584 initio
1542 2556 1784 2592 proponentibus,

961 2607 1064 2627 carnes
1087 2599 1122 2626 ob
1147 2599 1326 2635 voluptatem
1351 2608 1384 2628 ea
1409 2609 1472 2636 qua:
1497 2600 1552 2628 sibi
1577 2599 1695 2636 propria
1716 2603 1786 2629 sunt

964 2689 1040 2718 πείαν
1055 2688 1100 2718 καὶ
1116 2687 1246 2722 δελιάζιι.

1000 2727 1055 2763 (56)
1071 2724 1212 2763 Νόμιμος.
1237 2725 1415 2763 Colbert._et
1435 2733 1514 2763 unus
1538 2726 1701 2763 exrRegiis,
1722 2736 1788 2763 νομι

989 2758 1215 2797 ώςζΝοιίΙὸῐιεο
1239 2761 1342 2789 vocula
1365 2758 1393 2786 δέ
1408 2761 1508 2797 addita
1532 2769 1547 2788 e
1563 2758 1700 2797 pluribus
1713 2758 1788 2793 ms's.

989 2772 1036 2793 ως.
1052 2772 1113 2790 non
1129 2772 1215 2797 longe
1241 2772 1342 2789 vuuuia
1365 2772 1393 2786 οε
1408 2772 1508 2789 ααυιιυ.
1532 2772 1547 2788 θ
1563 2772 1697 2797 ριυῐΊουΒ
1713 2772 1788 2793 mss.

966 2772 1054 2861 Fatale
1069 2799 1136 2835 post
1152 2797 1225 2826 satis
1240 2797 1391 2825 commode
1406 2795 1561 2834 legeretur,
1574 2798 1636 2826 τότε
1650 2801 1703 2827 τῶν
1721 2800 1788 2838 ἀναγ

966 2845 999 2861 κα
1013 2844 1062 2861 ων.

966 2844 1062 2862 καιων.

1589 2900 1628 2928 24
