2010 3145
224 168 227 174 ,
237 144 298 174 ’14⁸1
710 140 908 171 APPENDIX
930 139 1094 172 OPERUM

1116 140 1149 171 S.
1171 139 1314 171 BASILII
1336 139 1474 172 MAGNI.
1865 140 1915 171 148

237 211 410 246 quaerentes,
423 208 539 237 animas
555 216 619 244 quas
636 207 665 234 in
682 207 754 244 ipsis
766 207 906 242 resident,
923 206 993 235 vitio
1013 215 1062 235 sue

1122 207 1161 242 τῷ
1173 206 1230 233 κατ’
1246 205 1329 237 αὐτὰς
1356 205 1433 233 πάθει
1460 204 1639 237 δουλιυοόσας
1659 205 1803 240 ἐνώσωσι»,
1818 204 1916 233 ἀκολού-

237 253 436 290 emancipatas
450 253 676 288 conjunxsrunt,
693 252 839 288 appendix
854 252 952 279 carnis
969 251 1065 279 malo-

236 307 303 327 rum
327 299 407 326 facta
423 298 527 326 animae
552 297 689 333 iniquum
712 297 900 324 concubitum
928 297 1065 324 reddunt.

236 343 288 371 Gui
317 343 395 370 enim
420 342 500 378 operi
525 349 577 369 nec
602 341 691 369 insita
715 341 819 369 anima:
847 341 921 368 ratio
945 349 997 368 nec
1021 341 1068 368 lex

235 387 358 424 preeivit,
374 386 447 413 illud
464 394 481 413 ι
496 385 686 419 conscientia,
704 387 736 413 ut
761 385 842 413 omni
857 393 891 413 ex
907 387 987 421 parte
1003 385 1066 412 ille-

235 431 382 468 gitimum,
395 431 564 458 damnatur.
585 429 752 465 Propterea,
763 429 870 465 inquit,
882 430 991 457 Mulier
1000 430 1066 457 alli-

234 480 304 512 gata
318 477 357 503 est
373 475 437 510 legi,
451 476 554 510 quanto
569 476 690 509 tempore
716 474 785 501 vivit
801 475 845 501 vir
859 475 931 509 ejus.
948 473 1028 509 Quod
1042 474 1067 500 εἰ

233 524 361 547 martum
388 519 480 554 fuerit
502 519 557 553 vir,
583 518 669 546 libera
683 523 722 546 est
749 519 797 546 cui
810 519 870 546 vult
893 519 991 553 nubat,
1007 527 1065 546 non

233 563 416 599 simpliciter,
433 562 478 590 sed
503 565 610 590 tantum
637 563 667 590 in
693 564 822 598 Domino,
839 563 935 598 inquit
952 563 984 598 η,
998 563 1065 598 quia

233 610 261 636 et
276 616 339 644 quas
356 609 448 634 morte
463 607 517 634 viri
535 606 624 634 libera
644 607 680 634 ad
707 607 827 643 nuptias
843 607 919 634 facta
935 610 990 639 est,
1007 615 1064 634 non

233 652 304 689 quia
319 651 441 679 liberata
456 653 502 678 est
518 650 703 686 simpliciter,
721 652 772 678 sed
793 651 821 678 in
839 651 964 679 Domino
980 651 1066 679 debet

235 697 354 725 nubere.
371 696 444 729 Quid
461 697 507 723 est
522 697 620 723 autem
632 695 661 722 in
677 695 801 723 Domino
817 695 939 731 nuptias
951 697 1066 723 contra-

234 741 326 769 here?
341 740 403 768 Non
419 740 515 767 carnis
525 738 729 775 voluptatibus
745 740 780 767 ad
794 740 984 767 concubitum
997 742 1065 767 ante

235 784 375 822 pertrahi,
393 785 443 812 sed
467 784 657 819 dijudicando
683 784 711 811 id
729 785 806 819 quod
823 784 896 812 utile
911 785 947 811 ad
963 784 1064 816 vitam,

236 830 341 864 eligere
356 828 486 864 nuptias.
503 828 658 864 Propterea
672 828 762 856 etiam
778 828 984 856 necessitatem
1000 836 1064 856 ma-

234 873 364 902 trimonii
380 874 496 901 Creator
510 873 540 900 in
556 874 661 901 natura
676 873 818 901 instituit.
1078 896 1102 928 Β

270 962 315 990 39.
331 962 412 994 Quod
428 962 452 990 si
470 962 530 989 hac
544 961 586 989 ita
601 969 632 989 se
647 961 769 996 habent,
787 969 822 989 ne
844 969 908 990 sese
923 961 1063 997 decipiat,

236 1007 370 1042 inquam,
394 1014 459 1042 qua
483 1015 517 1034 ex
545 1006 710 1041 virginitate
740 1006 769 1033 in
799 1006 896 1034 carnis
926 1006 1064 1034 libidines

236 1051 356 1087 delapsa
371 1053 425 1084 est,
442 1051 511 1086 quia
535 1051 758 1078 matrimonium
788 1051 830 1078 illi
852 1051 888 1078 ad
911 1053 1064 1086 peccatum

236 1096 440 1132 imputabitur.
458 1095 585 1123 Primum
602 1095 734 1131 quidem,
747 1095 816 1131 quia
831 1096 940 1123 malam
956 1095 1062 1129 basim,

237 1140 410 1168 concubitus
422 1139 599 1174 voluptatem
612 1142 640 1167 et
653 1139 900 1175 praevaricationis
912 1142 1063 1176 peccatum

238 1185 294 1212 sibi
310 1186 374 1220 ipsa
388 1184 505 1220 posuit;
525 1184 630 1211 deinde
641 1192 718 1218 vero,
733 1185 811 1220 quod
823 1193 889 1212 cum
904 1184 995 1212 libera
1006 1192 1064 1211 non

238 1231 315 1258 esset
329 1230 399 1265 (non
415 1228 494 1256 enim
518 1230 652 1256 mortuus
676 1230 722 1255 est
735 1228 779 1255 vir
793 1229 868 1263 eius,
894 1230 927 1255 ut
941 1228 987 1256 cui
1002 1228 1065 1255 vult

238 1274 351 1307 nubat),
368 1273 481 1300 vivente
501 1272 661 1300 immortali
677 1273 738 1300 viro
754 1273 888 1300 adultera
902 1272 1063 1305 vocabitur.

238 1318 391 1346 mortalem
407 1317 443 1345 ob
460 1317 556 1345 carnis
570 1316 709 1344 libidines
721 1317 750 1344 in
769 1317 883 1345 Domini
900 1317 1064 1345 thalamum

237 1362 439 1391 introducens.
457 1362 538 1394 Quod
555 1361 632 1389 enim
649 1363 761 1397 spectat
771 1362 806 1389 ad
821 1361 988 1397 legitimum
1005 1370 1065 1390 ma-

234 1407 410 1435 trimonium
435 1416 452 1434 a
477 1414 584 1442 sponso
609 1408 795 1441 occupatum,
820 1406 996 1441 virginitatis
1013 1406 1065 1434 ha-

237 1452 326 1484 bitus,
353 1452 425 1478 datas
455 1451 591 1483 dexterae,
615 1457 771 1486 processus
795 1451 825 1478 in
849 1451 999 1486 publicum
1028 1451 1064 1479 ob

234 1496 340 1523 initum
356 1503 423 1523 cum
439 1494 489 1523 illo
516 1495 621 1528 fcedus,
637 1502 736 1522 coram
761 1495 899 1523 omnibus
919 1497 1065 1523 testantur

233 1548 298 1568 eam
314 1540 350 1567 de
364 1539 424 1572 illo,
438 1541 471 1567 ut
492 1539 566 1573 viro,
586 1539 778 1574 gloriantem,
795 1539 824 1566 in
850 1539 1012 1575 publicum,
1031 1547 1064 1567 eo

235 1584 314 1621 quod
330 1585 530 1619 praeoccupata
557 1585 635 1610 esset
659 1592 676 1610 ει
691 1583 763 1616 viro,
788 1583 930 1619 prodisse.
948 1584 1021 1611 Nam
1038 1584 1062 1612 si
1079 1579 1101 1612 C

236 1637 295 1656 non
313 1628 393 1663 prius
407 1636 422 1655 e
438 1627 568 1662 paternis
591 1627 730 1654 thalamis
754 1627 851 1662 prodit
869 1627 960 1663 virgo,
977 1636 1064 1662 quam

236 1673 372 1708 legitimo
387 1672 448 1699 viro
461 1673 576 1707 juncta,
588 1679 714 1707 cumque
729 1671 881 1699 dominum
893 1675 921 1699 et
930 1671 995 1699 vitae
1007 1680 1066 1699 mo-

241 1717 405 1745 deratorem
421 1715 517 1750 palam
534 1723 706 1751 agnoscens,
723 1715 861 1751 deinceps
877 1716 932 1743 sub
948 1716 1066 1743 nomine

241 1760 305 1794 viri,
322 1760 372 1796 qui
388 1768 453 1788 eam
469 1759 591 1787 sortitus
607 1761 661 1793 est,
673 1766 687 1786 e
704 1761 823 1794 paterna
835 1760 920 1787 domo
932 1760 1062 1795 prodeat;

238 1806 318 1841 virgo
334 1807 411 1833 certe
426 1803 536 1840 prodiit
550 1812 565 1831 e
581 1804 713 1839 paternis
727 1803 877 1837 thalamis,
894 1806 926 1831 ut
941 1803 1063 1839 legitimi

237 1851 292 1878 viri
308 1857 447 1886 sponsam
472 1849 603 1884 professa
627 1851 655 1876 et
670 1849 724 1876 sub
741 1849 805 1882 ejus
829 1848 981 1876 dominatu
995 1857 1064 1876 con-

238 1896 342 1924 stituta
357 1895 386 1922 in
402 1894 552 1930 publicum
577 1894 717 1929 prodiret.
743 1894 824 1927 Quod
840 1894 866 1922 si
887 1896 978 1922 testes
994 1897 1065 1922 sunt

237 1947 458 1976 prograssuum,
473 1939 522 1974 qui
537 1938 598 1965 haec
610 1938 719 1970 vident,
731 1940 821 1966 testes
836 1939 964 1973 profecto
974 1938 1062 1966 iidem

237 1987 317 2017 sunt,
333 1984 450 2011 cuinam
463 1982 513 2011 illa
523 1983 692 2017 conjuncta,
701 1985 752 2009 aut
762 1983 848 2018 cujus
858 1983 914 2010 viri
922 1991 1062 2018 sponsam

235 2030 377 2065 professa,
387 2036 402 2056 e
411 2027 539 2064 paternis
548 2027 660 2055 aedibus
671 2027 700 2054 in
714 2027 866 2062 publicum
876 2028 1060 2063 processerit.

234 2073 315 2106 Quod
332 2073 357 2101 si
371 2073 414 2100 has
439 2071 546 2108 nuptiae
562 2073 590 2099 et
612 2071 740 2099 testibus
765 2075 794 2099 et
817 2072 1020 2107 progressibus
1034 2074 1063 2100 et

234 2119 371 2146 omnibus
388 2117 475 2144 rebus
501 2116 675 2148 manifestas,
692 2123 745 2143 nec
770 2118 906 2144 mortuus
921 2117 999 2144 654
1018 2119 1062 2144 est

231 2162 276 2189 vir
289 2162 363 2196 ejus,
376 2160 442 2188 talis
457 2160 549 2195 igitur
564 2159 738 2193 moechatur,
749 2159 863 2187 vivente
873 2160 934 2188 viro
945 2168 1062 2196 semper

231 2205 376 2240 adultera,
395 2203 440 2231 vel
465 2204 563 2239 potius
586 2204 622 2231 ad
649 2204 854 2239 perfruendam
879 2204 1059 2240 voluptatem

230 2249 378 2285 impudice
402 2248 583 2281 fornicatur;
609 2247 679 2282 quia
703 2251 802 2276 autem
827 2248 900 2276 vivit
922 2249 965 2276 vir
984 2249 1059 2284 ejus,
1074 2262 1097 2294 D

230 2293 341 2321 nefario
358 2292 502 2320 adulterio
517 2292 744 2320 contaminatur.
756 2292 813 2320 Nec
824 2293 958 2328 equidem
975 2293 1058 2321 video

229 2338 377 2374 quomodo
405 2336 456 2363 illa
483 2344 535 2371 pro
565 2335 726 2363 immortali
752 2339 809 2364 Deo
837 2337 990 2365 mortalem
1021 2338 1056 2365 ad

229 2390 314 2410 suam
341 2380 436 2417 ipsius
464 2379 622 2415 perniciem
653 2380 802 2409 hominem
834 2381 1056 2417 complectatur,

228 2431 346 2462 semper
359 2426 389 2452 in
405 2424 498 2452 oculis
512 2424 567 2452 viri
583 2424 673 2460 impie
697 2425 726 2452 in
742 2434 810 2453 eum
826 2434 857 2453 se
873 2433 977 2462 gerens
993 2426 1058 2454 ille-

228 2470 339 2508 gitimis
365 2469 551 2505 amplexibus
568 2477 574 2496 :
593 2472 643 2497 aut
665 2471 811 2505 quomodo
836 2470 925 2498 homo
940 2470 989 2498 ille
1004 2471 1057 2499 Do-

227 2515 300 2544 mini
315 2513 411 2542 cubile
426 2522 520 2542 ausus
538 2517 583 2542 est
599 2514 701 2542 insane
719 2515 922 2542 conscendere.
939 2515 1012 2543 Nam
1024 2525 1059 2544 ex

225 2559 364 2588 humanis
389 2559 478 2586 rebus
505 2558 652 2594 supplicia
677 2559 720 2586 sie
747 2559 931 2595 peccantium
956 2559 1058 2588 existi-

261 2645 283 2664 "
298 2645 309 2673 Ι
325 2647 390 2672 Gor.
406 2652 460 2678 vn,
477 2643 523 2671 39.

1122 256 1198 287 θημα
1225 252 1279 277 τῶν
1311 251 1409 287 σαρκὸς
1432 252 1520 277 κακῶν
1549 249 1688 287 γινόμεναι
1703 249 1728 276 αἱ
1743 249 1918 288 ψυχαὶ,παρά-

1121 305 1204 332 νομον
1233 296 1282 330 τήν
1314 295 1385 331 μίξιν
1422 294 1590 332 έργάζυνται.
1617 294 1653 320 Οὗ
1692 293 1740 331 γὰρ
1768 294 1781 321 ὁ
1807 294 1830 321 ὲν
1855 295 1916 332 ψυχῇ

1121 339 1205 377 λόγος
1235 340 1278 367 καὶ
1305 340 1391 376 νόμος
1417 339 1472 376 οὐχ
1496 340 1618 376 ἡγήσατο
1636 336 1811 376 ἓργου,τοῦτο
1835 339 1917 366 παντά-

1120 394 1200 411 πασιν
1225 394 1384 420 παρανομον
1415 382 1466 411 ὕπὸ
1502 387 1551 418 τῆς
1588 381 1764 418 συνειδήσεως
1790 381 1919 418 ἰστηλίτευ-

1119 438 1183 457 ται.
1211 428 1260 455 Διὰ
1295 430 1397 464 τοῦτο,
1424 428 1511 467 φησὶ,
1546 427 1616 462 Γυνή
1647 426 1747 454 δέδεται
1777 427 1863 463 νόμῳ,
1887 426 1917 465 ἐφ’

1120 473 1181 501 ὅσον
1211 472 1312 511 χρόνον
1344 474 1377 510 ζῇ
1407 473 1421 500 6
1449 472 1517 510 ἀνὴρ
1546 471 1640 506 αὐτῆς.
1670 472 1730 500 Ἐὰν
1760 470 1787 499 δὶ
1815 472 1917 508 ἀποθάνῃ

1120 518 1134 545 ὁ
1161 517 1240 554 ἀνὴρ,
1268 517 1395 554 ἐλευθέρα
1423 516 1494 544 ἐστὶν
1522 517 1544 552 ᾦ
1582 515 1655 543 θέλει
1683 517 1851 554 γαμηθῆναι·
1878 515 1919 553 οὐχ

1120 561 1225 595 ἁπλῶς,
1255 560 1328 589 ἀλλὰ
1365 561 1445 598 μόνον
1477 561 1502 588 έν
1534 560 1636 599 Κυρίῳ,
1667 560 1765 599 φησιν’
1790 560 1828 587 δτι
1854 561 1918 594 καὶὴ

1118 608 1158 642 τῷ
1186 607 1291 642 θανάτῳ
1317 608 1366 633 τοῦ
1391 604 1488 643 ἀνδρὸς
1517 605 1645 643 ἐλευθέρα
1660 605 1920 643 γενομένη(57)πρὸς

1119 650 1218 688 γάμον,
1245 651 1298 687 οὐχ
1324 650 1365 677 δτι
1391 649 1568 687 ήλευθιρώθη
1594 648 1700 683 ἁπλῶς,
1716 648 1779 677 ἀλλ’
1803 649 1826 676 ἐν
1845 649 1920 686 Κυρίῳ

1119 694 1223 733 οφιίλει
1253 698 1353 731 γῆμαι.
1370 694 1402 723 Τί
1428 693 1456 721 δέ
1483 693 1539 721 ἐστι
1562 694 1593 721 τὸ
1618 693 1644 721 ἐν
1672 694 1761 732 Κυρίῳ
1780 694 1823 721 τὸν
1850 693 1919 730 γάμον

1120 742 1265 773 συστῆναις
1292 738 1331 767 Τὸ
1363 739 1399 775 μὴ
1430 742 1656 776 προϋποσυρῆναι
1684 738 1735 766 ὑπὸ
1762 740 1814 765 τῶν
1840 738 1919 775 σαρκὸς

1119 782 1226 818 ἡδονῶν
1256 783 1324 821 πρὸς
1349 784 1398 818 τὴν
1432 783 1513 820 μίξιν,
1544 782 1616 810 ἀλλὰ
1650 783 1736 820 κρίσει
1764 785 1810 810 τοῦ
1836 781 1920 809 λυσιτε-

1120 830 1233 858 Λοῦντος
1257 828 1325 865 πρὸς
1348 828 1395 855 τὸν
1425 827 1495 865 βίον,
1512 827 1619 854 ἑλέσθαι
1643 828 1688 854 τὸν
1711 827 1806 864 γάμον.
1821 827 1861 854 Διὸ
1885 826 1920 853 καί

1118 873 1149 899 τὸ
1165 872 1311 910 ἀναγκαῖον
1336 874 1384 899 τοῦ
1408 872 1496 909 γάμου
1514 872 1527 899 ὁ
1544 872 1666 907 Ποιητής
1686 871 1713 899 ἰν
1736 873 1770 909 τῇ
1790 872 1859 910 φύσει
1881 870 1912 898 διε

1117 917 1224 952 τάξατο.

1153 962 1197 989 39.
1228 961 1262 990 Εἴ
1290 960 1319 988 δὶ
1346 963 1429 989 ταῦτα
1465 963 1562 989 τοῦτον
1593 960 1652 998 ἔχει
1688 961 1734 988 τὸν
1762 961 1865 998 τρόπον,
1891 961 1919 997 μή

1118 1005 1246 1034 ἀπατάτω
1263 1007 1374 1042 ἑαυτὴν,
1391 1005 1506 1045 φημῖ,ή
1533 1005 1586 1033 ἀπὸ
1612 1006 1755 1044 παρθενίας
1784 1005 1818 1036 είς
1843 1005 1921 1043 σαρκὸς

1118 1050 1190 1085 πάθη
1207 1051 1410 1087 κατενεχθεῖσα,
1426 1050 1467 1077 ὅτι
1483 1050 1571 1087 γάμος
1589 1050 1658 1086 αὐτῇ
1682 1050 1720 1080 εἷς
1743 1050 1775 1077 τὰ
1796 1049 1921 1087 ἁμάρτημα

1119 1094 1320 1132 λογισθήσεται.
1346 1096 1458 1131 Πρῶτον
1484 1094 1548 1131 μὲν,
1577 1094 1618 1122 ὅτι
1642 1095 1728 1129 κακήν
1755 1093 1866 1130 κρηπῖδα
1886 1096 1923 1127 τῆς

1120 1138 1284 1175 συμπλοκῆς
1303 1139 1352 1172 τήν
1379 1137 1493 1173 ἡδονὴν,
1517 1138 1563 1166 καὶ
1591 1139 1641 1174 τὴν
1678 1140 1729 1174 τῆς
1771 1136 1923 1174 παραϐάσεως

1120 1183 1251 1221 ἁμαρτίαν
1291 1182 1373 1220 ἑαυτῇ
1411 1185 1468 1220 (58)
1498 1181 1680 1211 κατεϐάλετο·
1713 1181 1794 1211 ἔπειθ’
1820 1182 1856 1210 ὅτι
1886 1181 1924 1208 οὐκ

1120 1227 1186 1254 οὖσα
1211 1226 1339 1265 ἐλευθέρα
1362 1227 1405 1263 (οὐ
1427 1227 1478 1265 γὰρ
1503 1227 1631 1259 ἀπέθανεν
1658 1227 1744 1262 αὐτῆς
1767 1228 1780 1254 ὁ
1803 1227 1872 1263 ἀνὴρ,
1889 1225 1923 1252 ἵνα

1120 1271 1143 1307 ᾧ
1172 1272 1300 1308 βούλεται
1332 1273 1470 1309 γαμηθῇ),
1488 1274 1587 1306 ζῶντος
1611 1274 1659 1300 τοῦ
1689 1272 1821 1304 ἀθανάτου
1847 1269 1922 1308 ἀνδρὸς

1122 1315 1257 1354 μοιχαλὶς
1286 1316 1464 1354 χρηματίσει,
1494 1317 1590 1351 θνητὸν
1615 1315 1660 1343 διὰ
1687 1316 1761 1351 πάθη
1787 1315 1874 1353 σαρκὸς
1895 1316 1924 1349 τῷ

1118 1363 1167 1388 τοῦ
1184 1360 1282 1397 Κυρίου
1296 1363 1389 1396 παστῷ
1404 1360 1595 1398 ἐπεισάγουσα.
1612 1362 1674 1389 ’Ότι
1708 1362 1756 1398 μὶν
1779 1361 1827 1399 γὰρ
1849 1359 1923 1396 προεί-

1120 1404 1193 1444 ληφε
1215 1406 1248 1432 τὰ
1272 1407 1320 1432 τοῦ
1349 1406 1439 1443 γάμου
1468 1405 1573 1442 νόμιμα
1604 1405 1618 1432 ὁ
1647 1406 1775 1443 νυμφίος,
1790 1406 1819 1432 τὸ
1845 1407 1923 1441 σχῆμα

1119 1451 1169 1482 τῆς
1192 1449 1348 1487 παρθενίας,
1370 1450 1397 1476 αἱ
1423 1448 1518 1485 δεξιαὶ,
1534 1450 1551 1484 ἠ
1576 1449 1617 1477 ἐπ’
1643 1449 1740 1486 ἐκείνῳ
1763 1448 1870 1486 πρόοδος
1890 1446 1923 1474 ἐπὶ

1120 1495 1228 1521 πάντων
1263 1496 1404 1530 μαρτυρεῖ,
1421 1494 1462 1520 ὅτι
1488 1493 1562 1530 αὐτῷ
1583 1492 1659 1531 ἀνδρὶ
1686 1492 1863 1530 σιμνυνομένη
1885 1491 1920 1520 τὰς

1121 1538 1165 1566 ἐπὶ
1194 1540 1234 1574 τῷ
1264 1537 1446 1576 προειληφότι
1472 1537 1548 1575 ἀνδρὶ
1573 1537 1710 1575 προόδους
1737 1535 1922 1574 ἐπόμπευεν.Εὶ

1120 1584 1171 1620 γὰρ
1200 1582 1230 1610 οὐ
1257 1582 1390 1619 πρότερον
1419 1585 1472 1610 τῶν
1502 1583 1634 1620 πατρῴων
1664 1582 1795 1619 θαλάμων
1823 1581 1921 1618 πρόεισιν

1119 1629 1136 1662 ἡ
1166 1627 1307 1664 παρθένος,
1323 1627 1387 1664 πρὶν
1418 1627 1434 1662 ἢ
1464 1625 1541 1665 ἀνδρὶ
1569 1627 1680 1664 νομίμῳ
1710 1629 1857 1665 συζυγεῐσα,
1883 1624 1922 1651 ὑπὸ

1117 1671 1207 1708 τούτῳ
1224 1671 1334 1708 αὐθέντῃ
1349 1671 1436 1698 τεκαὶ
1462 1672 1600 1709 προστάτῃ
1629 1674 1678 1699 τοῦ
1710 1672 1769 1710 βίου
1795 1671 1921 1707 ἐπιγραψα-

1121 1715 1199 1753 μένη,
1218 1715 1314 1743 λοιπὸν
1334 1718 1373 1751 τῷ
1400 1715 1514 1752 ὀνόματι
1538 1718 1585 1743 τοῦ
1611 1715 1749 1753 λαχόντος
1771 1714 1860 1753 ἀνδρὸς
1884 1714 1922 1739 τοῖ’

1117 1760 1246 1798 πατρῴου
1262 1758 1339 1787 oi'xou
1365 1759 1506 1797 προέλθοι,
1523 1761 1566 1788 καὶ
1593 1762 1610 1795 ἡ
1642 1761 1776 1799 παρθένος
1801 1760 1848 1797 ἄρα
1868 1767 1921 1795 προ-

1117 1804 1186 1838 ῆλθε
1212 1806 1265 1831 τῶν
1295 1805 1428 1843 πατρῴων
1457 1803 1587 1842 θαλάμων
1617 1805 1654 1836 ὡς
1686 1805 1715 1832 ἂν
1739 1802 1920 1842 ἐπιγραψαμένη

1118 1848 1229 1886 ἔννομον
1246 1849 1328 1885 ἑαυτῇ
1341 1850 1386 1876 τὸν
1412 1849 1538 1887 νυμφίον,
1555 1849 1599 1877 καὶ
1622 1851 1656 1886 τῇ
1684 1850 1736 1877 ὑπὸ
1759 1849 1843 1884 τούτῳ
1867 1856 1920 1883 προ-

1118 1893 1212 1928 στασίᾳ
1239 1893 1286 1924 τὰς
1310 1893 1348 1924 εἷς
1374 1895 1487 1932 φανερὸν
1515 1893 1649 1932 προόδους
1689 1894 1827 1932 πομπεύῃ.
1852 1892 1878 1921 Et
1901 1889 1923 1917 δὲ

1120 1939 1251 1976 μάρτυρεν
1268 1937 1393 1976 προόδων
1421 1938 1447 1965 οἱ
1473 1940 1556 1966 ταῦτα
1583 1939 1713 1976 ὁρῶντες,
1733 1938 1856 1976 μάρτυρες
1882 1935 1922 1972 ἄρα

1117 1983 1143 2010 οἱ
1173 1982 1249 2009 αὐτοὶ
1278 1982 1323 2009 καὶ
1351 1983 1404 2010 τίνι
1434 1982 1579 2021 ἐζευγμένη
1602 1982 1619 2017 ἢ
1648 1983 1711 2011 τίνα
1738 1980 1920 2020 έπιγραψαμένη

1117 2026 1209 2063 ἄνδρα,
1230 2029 1282 2054 τῶν
1323 2027 1457 2064 πατρῴων
1487 2026 1569 2055 οἴκων
1601 2027 1639 2059 si:
1664 2028 1763 2064 μέσους
1790 2025 1922 2065 προῆΛϐεν.

1115 2071 1149 2099 Ei!
1165 2070 1193 2098 δὲ
1204 2072 1218 2098 ὁ
1233 2071 1319 2109 γάμος
1336 2072 1412 2102 οὗτος
1427 2074 1484 2103 τοῖς
1508 2072 1622 2109 μάρτυσι
1649 2073 1694 2099 καιιῖ
1724 2076 1781 2103 ταῖς
1811 2067 1922 2108 προόδοις

1115 2115 1159 2143 καὶ
1184 2118 1249 2143 πᾶσι
1273 2117 1433 2153 περιφανὴς,
1459 2115 1508 2144 οὐκ
1535 2116 1646 2144 ἀπέθανε
1676 2115 1715 2152 δὶ,
1732 2117 1812 2156 φημὶ,
1827 2116 1840 2143 δ
1865 2114 1920 2149 ἀνὴρ

1115 2160 1219 2194 αὐτῆς·
1236 2160 1393 2198 μοιχεύεται
1423 2160 1468 2188 οὗν
1498 2162 1515 2196 ἡ
1544 2161 1672 2196 τοιαύτη,
1694 2165 1794 2197 ζῶντος
1818 2162 1862 2188 τοῦ
1886 2159 1920 2185 άν-

1116 2203 1178 2243 δρὸς
1207 2203 1251 2231 διὰ
1282 2205 1343 2241 βίου
1372 2206 1570 2243 μοιχευομένη·
1588 2205 1695 2243 μᾶλλον
1723 2205 1752 2234 δὶ
1780 2205 1812 2233 δι’
1834 2203 1920 2239 ἡδονῆς

1117 2250 1164 2286 μὲν
1194 2249 1343 2277 ἀπόλαυσιν
1379 2250 1536 2280 ἀκολάσιως
1578 2251 1758 2289 πορνεύουσα,
1788 2249 1829 2278 διὰ
1850 2247 1875 2275 δὲ
1897 2246 1921 2273 τὸ

1116 2296 1163 2330 ζῇν
1195 2295 1240 2321 τὸν
1271 2293 1355 2331 ἄνδρα
1392 2295 1560 2331 παρανόμως
1590 2296 1772 2333 μοιχεύουσα.
1798 2294 1842 2322 Καὶ
1878 2291 1920 2327 οὐχ

1113 2341 1169 2376 cpio
1197 2341 1256 2370 πῶς
1274 2339 1320 2374 μὲν
1346 2338 1414 2372 αὖτή
1437 2339 1495 2366 ἀντὶ
1523 2339 1655 2366 ἀθανάτου
1685 2342 1752 2368 Θεοῦ
1769 2338 1858 2373 θνητὸν
1885 2334 1918 2361 ἐπὶ

1113 2385 1189 2418 κακῷ
1213 2383 1310 2417 ἑαυτῆς
1335 2382 1476 2420 ἄνθρωπον
1500 2383 1633 2421 περιέπει,
1660 2384 1685 2412 ἐν
1715 2383 1863 2423 ὀφθαλμοῖς
1887 2377 1919 2406 ἀεὶ

1113 2430 1160 2454 τοῦ
1176 2426 1274 2465 ἀνδρὸς
1299 2428 1336 2459 εἷς
1362 2428 1442 2456 αὐτὸν
1469 2431 1527 2459 ταῖς
1553 2429 1723 2466 παρανόμοις
1750 2429 1845 2465 μίξισιν
1871 2424 1918 2451 ἀσε-

1114 2469 1207 2499 ϐοὗσα·
1224 2474 1282 2503 πῶς
1304 2471 1332 2500 δὲ
1358 2472 1460 2504 ἐκεῖνος
1485 2473 1498 2499 ὁ
1530 2472 1670 2511 ἅνθρωπος
1699 2476 1734 2510 τῇ
1764 2474 1810 2500 τοῦ
1835 2469 1918 2506 Κυρίου

1113 2517 1191 2553 κοίτῃ
1222 2516 1358 2553 ἐτόλμησε
1398 2515 1539 2553 μανιωδῶς
1572 2515 1710 2553 ἐπιϐῆναι.
1736 2519 1782 2546 Ἐκ
1804 2517 1851 2553 γὰρ
1875 2514 1917 2540 τῶν

1113 2561 1293 2599 ἀνθρωπίνων
1324 2560 1366 2589 δεῖ
1389 2562 1439 2596 τήν
1469 2561 1547 2597 δίκην
1584 2562 1669 2593 οὕτως
1703 2558 1917 2600 ἐξαμαρτανόντων

259 2727 473 2767 (ᾖἹλΓινιομινη.
493 2727 544 2767 βἰο
568 2728 735 2757 Combeﬁsii
758 2728 873 2756 codices
898 2730 926 2756 et
951 2729 1050 2765 plures

1118 2731 1147 2767 iis
1162 2732 1263 2766 editio,
1279 2731 1385 2759 ἑαυτοῦ.
1416 2733 1524 2760 Ibidem
1547 2734 1629 2767 editi,
1644 2730 1836 2764 κατεϐάλλετο,
1856 2736 1916 2757 mss.

224 2764 285 2792 alii.
303 2765 390 2796 Editi,
403 2765 547 2800 γινομένη.

258 2799 315 2835 (58)
329 2799 438 2836 Ἑαυτῇ.
456 2801 503 2828 Sic
524 2801 612 2829 editio
638 2802 747 2828 Veneta
772 2803 801 2828 et
815 2808 887 2828 mss.
905 2800 1050 2829 Parisien-

1105 2766 1205 2806 plures
1221 2770 1252 2795 ut
1268 2768 1296 2795 in
1313 2771 1406 2806 textu.
1422 2769 1484 2796 Non
1501 2769 1586 2806 longe
1601 2778 1677 2798 unus
1694 2778 1728 2798 ex
1745 2768 1847 2805 Regiis,
1859 2774 1916 2802 μυν-

1105 2802 1188 2839 χαλὶς
1204 2803 1382 2841 χρηματίζιι.
