2010 3145
98 155 158 186 ’μθ

716 152 835 183 LIBER
856 151 909 188 DE
932 152 971 183 VI
976 151 1199 183 RGINITATE.

1752 152 1813 182 750

102 220 292 258 στοχάζεσθαι.
308 218 384 250 Τίνος
417 218 465 256 μὶν
492 217 551 255 ἆξία
578 219 596 253 ὴ
627 218 685 246 ἀντὶ
715 219 770 255 (59)
800 217 928 255 εὐγενοῦς

991 218 1096 246 manda
1112 220 1195 247 sunt.
1216 219 1347 251 Quanam
1364 218 1443 246 enim
1459 218 1547 255 digna
1562 219 1607 246 est
1627 227 1724 255 poena,
1749 226 1814 255 qua

103 264 200 303 ἀνδρὸς
228 264 296 303 πρὸς
338 263 437 292 δοῦλον
480 263 577 298 ἑαυτῆς
618 262 795 302 φθειρομένη,
824 261 869 290 καὶ
896 263 931 299 τῇ

103 309 250 346 δεσποτικῇ
275 309 355 346 κοίτῃ
382 308 427 335 τὸν
453 307 562 343 οῗκέτην
595 308 632 339 εἲς
659 304 811 341 ἰπιϐουλὴν
841 306 931 334 ἐπεισ-

103 355 226 392 άγουσα;
243 353 316 385 τίνος
334 352 362 381 δὲ
375 352 448 388 ἄξιος
464 353 478 380 ὁ
494 351 594 383 δοῦλος
609 350 737 389 δεσποίνῃ
763 352 858 379 ἑαυτοῦ
886 351 930 378 καὶ

102 399 179 436 κοίτῃ
194 398 291 436 κυρίου
307 398 401 425 ἑαυτὸν
419 395 541 434 ἀσελγῶς
558 396 720 435 έπιῤῥίψαςς

137 445 182 472 40.
202 442 291 471 ’Λλλιὶ
315 443 343 470 αἱ
368 442 447 481 σοφαὶ
470 440 604 477 τοσαύτην
633 439 755 469 ἀσέϐειαν
783 441 843 469 καθ’
869 441 931 468 δαυ-

99 491 152 516 τῶν
181 486 227 515 διὰ
256 487 354 525 σαρκὸς
384 487 457 522 πάθη
483 486 668 523 τολμήσασαι,
684 486 753 524 πρὸς
779 487 820 518 οἷς
835 486 867 513 οὐ
884 484 930 513 δα-

99 533 227 571 κρύουσι,
256 531 341 559 τόπον
372 531 478 563 ἑαυταῖς
509 528 674 569 κουφότερον
702 533 761 562 τοῖς
801 529 930 569 δάκρυσιν

104 577 312 614 ἱτοιμάζουσαι,
330 575 368 604 ἔτι
383 576 428 604 καὶ
456 577 487 603 ἢν
517 575 669 614 ὑπέσχοντο
699 575 830 614 πρότερον
859 586 930 613 παρ-

97 622 190 650 θενίαν
222 622 376 659 ἀρνοῦνται.
406 621 459 655 Τήν
486 620 537 659 γάρ
566 617 717 658 παράϐασιν
750 623 800 655 τῆς
829 621 929 658 παρθε-

100 667 158 698 νίας
176 666 293 704 αἰσχρὰν
307 665 352 693 καὶ
380 663 562 692 ἐπονείδιστον
586 663 631 692 διὰ
655 666 705 700 τὴν
731 663 855 693 δουλείαν
881 668 930 700 τῆς

100 710 203 746 ἡδονῆς
232 710 305 748 παρᾶ
331 713 410 738 πᾶσιν
446 709 637 747 γνωρίζουσαι,
666 711 701 746 τῇ
739 709 849 748 ἀρνήσει
889 711 929 745 τῷ

102 756 209 793 μείζονι
224 757 300 791 κακῷ
329 754 430 782 οἲ⁷ονται
458 755 509 789 τὴν
538 753 670 792 ἁμαρτίαν
699 754 928 792 παραμυθεῖσθαι·

100 800 262 838 ἀνθρώπους
294 799 352 836 μὲν,
379 799 448 838 πρὸς
483 798 528 830 οὒς
559 798 597 830 είς
623 798 774 836 ἀπολογίαν
801 801 851 833 τῆς
878 808 929 825 πα-

98 842 239 882 ραϐάσεως
268 844 317 879 τήν
349 843 460 881 ἄρνησιν
489 842 691 881 προΐσχονται,
725 843 752 870 αἱ
781 843 928 879 θαυμάσιαι

98 887 260 926 αἷόοῧμεναι
289 889 356 925 (60)·
371 888 417 916 τὸν
445 887 474 916 δὶ
502 888 616 925 Κύριον,
637 887 705 926 πρὸς
733 888 762 915 ὂν
789 886 926 925 γεγόνασιν

97 933 193 964 αὑταῖς
220 933 248 961 αἱ
278 932 372 968 δεξιαὶ,
389 931 434 960 διὰ
460 932 492 960 τὸ
517 933 555 964 εἷς
573 932 653 970 βάθος
667 934 758 960 κακῶν
786 931 924 969 ἐμπεσεῖν,

99 978 199 1006 Λοιπὸν
215 977 247 1005 οὐ
269 975 446 1016 φοϐούμεναι·
464 977 513 1004 οὐκ
538 975 635 1004 εἰδυῖαι
661 975 722 1014 ἄρα,
739 976 780 1004 δτι
810 974 924 1004 διπλοῦν

97 1022 142 1050 καὶ
164 1023 230 1059 παρ’
247 1023 399 1061 ἀνθρώποις
420 1021 464 1049 καὶ
490 1022 564 1058 παρὰ
583 1024 623 1058 τῷ
647 1020 738 1060 Κυρίῳ
753 1021 783 1048 τὸ
798 1019 927 1059 ἔγκλημα

97 1067 158 1095 καθ’
189 1067 292 1094 έαυτῶν
321 1066 431 1097 ἀτόπως
460 1066 711 1100 κατασκευάζουσι·
738 1067 791 1094 τῶν
822 1065 869 1102 μὲν
897 1064 927 1092 έκ

99 1115 148 1146 τῆς
175 1108 405 1148 προϐεϐοημένης
431 1110 585 1149 παρθενίας,
608 1110 630 1138 εί
655 1110 699 1138 καὶ
724 1111 865 1147 ἀρνοῦνται
895 1109 926 1137 τὸ

103 1155 270 1193 ὑποσχέσθαι
297 1155 411 1191 ταύτην,
433 1155 465 1182 τὸ
496 1153 629 1192 μανιῶδες
658 1155 704 1183 καὶ
734 1155 830 1191 ῗταμὸν
860 1154 927 1189 πρὸς

100 1201 134 1228 τὰ
168 1203 249 1228 πᾶσιν
289 1199 502 1237 ὁμολογούμενα
539 1199 806 1237 ἀποστρεφομένων,
831 1197 870 1227 ἔτι
900 1197 927 1226 δὶ

100 1245 144 1273 καὶ
164 1245 328 1281 μισούντων·
344 1247 392 1272 τοῦ
409 1243 447 1277 δὲ,
463 1244 531 1282 πρὸς
561 1245 602 1276 οἷς
630 1241 786 1282 παρέϐησαν
817 1243 854 1275 είς
881 1243 927 1274 τὰς

103 1291 237 1325 συνθήκας
267 1290 318 1324 τῆς
346 1289 504 1327 παρθενίας,
528 1289 579 1323 τήν
612 1288 671 1316 ἀντὶ
708 1288 850 1325 μετανοίας
880 1288 927 1325 ἅρ-

101 1345 180 1369 νησιν
218 1333 380 1372 πικρότερον
419 1333 456 1365 είς
497 1333 527 1361 τὸ
561 1333 626 1370 παρ’
653 1333 726 1369 αὑτῷ
754 1332 928 1370 δικαστήριον

102 1379 253 1415 κρίνοντος.
274 1379 333 1405 ’Ἵνα
362 1377 407 1405 οὖν
439 1378 477 1414 μὴ
502 1377 611 1415 ἀγάπης
641 1377 755 1414 ὀνόματι
782 1377 819 1409 είς
849 1380 929 1405 τοῦτο

101 1427 149 1458 τῆς
194 1422 327 1461 ἁμαρτίας
374 1421 478 1459 ἐμπέσῃ
524 1423 542 1457 ἡ
585 1422 716 1460 παρθένος
771 1423 931 1460 βάραθρον,

102 1468 269 1504 ἀπροσπαθῆ
306 1467 355 1502 τήν
397 1467 504 1504 ἀγάπην
547 1467 591 1495 καὶ
629 1467 747 1505 καθαρὰν
795 1466 928 1503 μετιέτω.

103 1513 141 1542 Οὐ
157 1513 210 1550 γὰρ
238 1512 333 1550 χώραν
360 1511 427 1546 αὕτη
453 1509 505 1548 ἕξει
535 1510 759 1548 προολισθησάσῃ
783 1512 838 1548 (61)
860 1510 929 1549 πρὸς

987 271 1039 298 pro
1055 262 1146 290 nobili
1161 263 1222 290 viro
1238 271 1305 291 cum
1321 271 1403 291 servo
1419 271 1472 291 suo
1497 264 1703 299 corrumpitur,
1729 266 1759 291 et
1782 264 1813 292 in

986 306 1108 335 herilem
1124 307 1232 335 lectum
1249 316 1365 335 servum
1383 308 1418 335 ad
1435 307 1557 336 insidias
1573 307 1747 336 introducit?
1755 317 1814 344 qua

986 351 1094 387 dignus
1110 360 1197 388 pcena
1213 360 1315 380 servus
1330 354 1384 386 est,
1401 351 1452 388 qui
1467 351 1497 379 in
1512 352 1661 380 dominam
1678 360 1762 380 suam
1785 354 1813 380 et

986 395 1016 423 in
1033 396 1146 424 domini
1164 396 1261 424 cubile
1277 396 1425 432 impudice
1442 395 1548 424 irruit?

1022 441 1069 468 40.
1090 441 1145 469 Sed
1171 441 1319 477 sapientes
1344 440 1410 476 illis,
1437 449 1500 476 quas
1521 440 1610 468 talem
1633 439 1813 477 impietatem

986 488 1086 513 contra
1113 485 1288 521 semetipsas
1313 487 1431 521 propter
1446 485 1544 513 carnis
1558 484 1696 513 libidines
1712 493 1815 521 perpe-

985 531 1112 565 trarunt,
1136 532 1334 565 praeterquam
1360 530 1438 565 quod
1461 538 1519 557 non
1543 529 1756 565 lacrymantur,
1783 532 1816 558 ut

985 574 1132 602 mitiorem
1156 574 1213 602 sibi
1239 574 1334 602 locum
1359 574 1496 610 lacrymis
1521 576 1696 610 praeparent,
1719 574 1815 602 adhuc

985 618 1084 653 etiam,
1101 626 1188 653 quam
1203 619 1286 654 prius
1302 618 1461 654 promisere
1476 618 1684 654 virginitatem,
1704 619 1812 655 promi-

985 663 1060 691 sisse
1075 671 1107 691 se
1123 664 1317 700 negant.Nam
1333 671 1399 691 cum
1416 663 1550 692 violatam
1564 663 1763 700 virginitatem
1782 664 1813 692 in

984 708 1091 744 probro
1106 708 1142 735 ob
1158 709 1326 736 servitutem
1342 708 1502 744 voluptatis
1513 710 1542 736 et
1557 708 1719 745 ignominia
1734 709 1812 745 apud

985 761 1089 781 omnes
1104 761 1169 781 esse
1185 753 1327 788 noverint,
1345 754 1535 788 inﬁciatione,
1550 762 1613 790 quae
1628 754 1727 790 majus
1751 762 1812 782 ma-

984 798 1047 826 lum
1072 801 1126 831 est,
1151 798 1289 826 videntur
1303 798 1359 826 sibi
1374 800 1527 835 peccatum
1540 806 1695 833 excusare;
1712 807 1745 826 ac
1759 798 1812 826 ho-

985 843 1080 871 mines
1096 842 1227 879 quidem,
1244 843 1351 878 quibus
1372 844 1408 871 ad
1433 843 1652 871 excusationem
1675 842 1812 879 praevari-

985 886 1107 914 cationis
1135 886 1345 915 inﬂeiationem
1375 887 1550 922 obtendunt,
1576 887 1726 916 mirabiles
1755 887 1811 915 illas

982 933 1168 967 reverentur;
1194 932 1245 960 sed
1273 932 1438 968 Dominum,
1468 932 1514 960 cui
1530 932 1603 960 dates
1627 932 1759 968 dexterae,
1776 940 1810 960 eo

980 976 1056 1012 quod
1070 975 1099 1003 in
1115 976 1297 1012 profundum
1313 977 1459 1005 malorum
1475 976 1563 1013 lapsa:
1579 976 1651 1011 sint,
1665 985 1723 1004 non
1744 977 1809 1012 jam

981 1021 1194 1050 metuunt.Non
1207 1021 1308 1049 vident
1320 1022 1461 1058 profecto,
1472 1021 1578 1057 duplex
1589 1029 1619 1049 se
1629 1024 1658 1049 et
1669 1021 1745 1057 apud
1756 1021 1808 1049 ho-

980 1065 1074 1094 mines
1089 1067 1118 1094 et
1132 1065 1208 1102 apud
1222 1068 1312 1094 Deum
1329 1066 1438 1094 crimen
1455 1065 1646 1101 sibimetipsis
1658 1065 1746 1094 stulte
1758 1074 1811 1102 pa-

981 1110 1168 1146 rsre:quippe
1179 1119 1247 1138 cum
1259 1110 1395 1140 homines
1405 1110 1442 1139 ob
1453 1110 1629 1139 celebratam
1642 1110 1723 1146 prius
1733 1110 1811 1138 fama

982 1155 1328 1191 virginitatem,quamvis
1344 1164 1409 1183 eam
1421 1163 1451 1184 se
1463 1155 1635 1192 promisisse
1652 1155 1814 1191 negent,fu—

983 1208 1077 1228 rorem
1094 1202 1123 1227 et
1136 1200 1350 1236 impudentiam
1366 1200 1395 1228 in
1412 1200 1525 1236 iis,quae
1542 1200 1681 1228 omnibus
1695 1202 1774 1228 certa
1784 1201 1814 1228 et

984 1244 1134 1281 explorata
1148 1245 1378 1281 snut,negandis
1393 1246 1564 1273 aversantur
1579 1247 1668 1281 atque
1684 1244 1810 1273 oderint:

985 1289 1126 1317 Dominus
1142 1298 1207 1318 vero
1223 1289 1353 1317 additam
1379 1289 1495 1318 violatis
1521 1289 1700 1325 virginitatis
1724 1289 1812 1317 {tnde-

985 1334 1067 1362 ribus
1084 1333 1295 1362 inﬁciationem
1312 1342 1362 1369 pro
1378 1334 1700 1370 pmnitentia,acerbius
1715 1333 1743 1360 in
1760 1341 1814 1362 suo

981 1378 1094 1415 judicio
1112 1378 1340 1406 condemnet.Ne
1356 1378 1445 1414 igitur
1459 1379 1514 1406 sub
1529 1377 1680 1406 eharitalis
1697 1378 1815 1406 nomine

985 1423 1013 1450 in
1031 1423 1084 1451 hoc
1101 1423 1212 1459 peccati
1227 1423 1399 1451 barathrum
1427 1423 1538 1451 incidat
1561 1422 1652 1458 virgo,
1679 1421 1811 1451 libidinis

986 1469 1132 1503 expertem
1148 1470 1177 1496 et
1193 1476 1297 1503 puram
1313 1467 1485 1496 charitatem
1501 1468 1815 1503 persequatur.Neque

986 1512 1077 1546 enim,
1093 1511 1116 1539 si
1132 1512 1167 1539 ad
1183 1511 1362 1548 voluptatem
1385 1511 1506 1548 delapsa
1533 1511 1582 1547 sit,
1605 1511 1703 1539 locum
1727 1513 1756 1540 in
1781 1520 1816 1540 ea

105 1555 209 1592 ἡδονὴν
239 1556 270 1583 τὸ
299 1559 471 1594 προσωπεῖον
499 1558 548 1583 τοῦ
572 1556 676 1594 γάμου’
695 1555 757 1583 οὐδὲ
772 1555 932 1594 σοφίσασθαι

991 1556 1108 1584 habebit
1124 1556 1203 1584 larva
1217 1556 1345 1591 coniugii
1363 1564 1369 1584 :
1388 1564 1441 1584 nec
1457 1556 1575 1585 nomine
1591 1557 1722 1594 conjugii
1737 1557 1815 1585 ludi-

107 1601 221 1638 ὀνόματι
246 1601 337 1638 γάμου
360 1601 405 1627 τὸν
431 1602 518 1635 ζῶντα
540 1600 638 1635 εαυτῆς
658 1598 740 1638 ἄνδρα
765 1600 804 1637 μὴ
832 1598 931 1627 ἀπολε-

991 1601 1069 1629 ﬁcari
1085 1609 1172 1629 suum
1189 1600 1284 1637 ipsius
1310 1601 1405 1629 virum
1432 1601 1552 1629 minime
1575 1601 1673 1630 soluta
1697 1601 1814 1638 poterit,

105 1645 211 1683 λυμένη
257 1643 426 1680 δυνήσεται,
455 1645 550 1680 θνητὸν
585 1644 687 1672 ἐκείνου
730 1644 774 1672 ἰπὶ
816 1646 932 1682 μοιχικῇ

108 1690 202 1727 πράξει
235 1689 302 1726 μετὰ
328 1689 461 1721 τοσαύτας
489 1689 537 1720 τὰς
565 1693 627 1727 παρ’
653 1689 735 1717 αὐτοῦ
763 1689 845 1726 τιμὰς
872 1689 933 1716 ἀσε-

107 1732 162 1766 ϐῶς
192 1734 397 1771 προτιμήσασα.
413 1734 470 1762 Οὐγ
497 1733 654 1772 ἀλλοτρίως
683 1733 735 1771 γὰρ
763 1733 793 1761 ἂν
819 1744 863 1765 τις
890 1733 935 1761 καὶ

107 1779 149 1806 ἰπὶ
176 1781 231 1806 τῶν
256 1777 387 1806 τοιούτων
411 1778 442 1806 τὸ
466 1777 651 1806 ἀποστολικὸν
680 1777 878 1817 άναφθέγξεται,
894 1777 936 1806 ὅτι

107 1825 191 1853 ’Όταν
250 1822 502 1861 καταστρηνιάσωσι
558 1824 606 1850 τοῦ
657 1824 774 1860 Χριστοῦ
791 1844 798 1858 ,
837 1825 936 1861 γαμεῖν

110 1867 259 1902 θέλουσιν,
288 1866 401 1905 ἔχουσαι
429 1870 516 1905 κρῖμα
549 1866 591 1894 ὅτι
628 1867 677 1902 τὴν
707 1867 819 1904 πρώτην
849 1867 938 1895 πίστιν

109 1913 255 1948 ἠθέτησαν·
273 1912 304 1939 οὐ
318 1911 416 1949 γάμον,
433 1910 506 1940 ἀλλὰ
528 1911 655 1949 μοιχείαν
686 1910 730 1939 διὰ
759 1912 819 1949 βίου
846 1914 936 1943 κακῶς

112 1955 320 1994 μιθοδεύουσαι.

145 2003 190 2031 41.
207 2000 312 2037 Μηδεῖς
329 2000 374 2028 οὖν
389 2000 497 2036 οίκέτης
522 2000 561 2032 εὶς
587 2002 717 2028 τοσοῦτον
745 1997 868 2032 ἀσεϐείας
897 2000 937 2028 οἱ-

112 2045 300 2084 στρηλατήσῃ,
330 2045 368 2077 ὡς
392 2048 443 2080 τῆς
470 2043 632 2080 δεσποτικῆς
662 2046 791 2077 ἅπτεσθαι
819 2045 936 2084 νύμφης.

113 2089 219 2125 Μηδεὶς
236 2089 308 2117 οὕτω
336 2088 477 2127 μανιώδης
492 2088 643 2127 ἱερόσυλος,
657 2089 695 2121 ὡς
722 2091 772 2124 τῆς
801 2089 938 2128 ἀχράντου

113 2135 213 2173 ἱερείας
244 2134 339 2172 χερσῖν
369 2133 532 2166 ἀκολάστοις
560 2134 742 2173 ἐφάπτεσθαι.
772 2133 875 2170 Μηδεὶς
900 2134 938 2165 είς

112 2182 242 2207 τοσοῦτον
271 2179 401 2210 ἀπονοίας
428 2179 542 2213 ἡκέτω,
573 2179 611 2210 ὡς
653 2179 822 2214 τηλικαύτην
860 2178 938 2214 δίκην

114 2227 173 2255 τοῖς
190 2222 349 2261 ἱεροσύλοις
366 2223 559 2261 ἐπηρτημένην
580 2224 663 2261 ὁρῶν,
680 2223 718 2260 μή
746 2221 799 2250 τῶν
824 2223 938 2261 ἀψύχων

989 1645 1144 1674 mortalem
1171 1645 1196 1672 ei
1212 1645 1247 1673 ad
1261 1645 1377 1673 facinus
1393 1645 1530 1674 adulterii
1545 1649 1612 1682 post
1627 1649 1668 1675 tot
1683 1649 1817 1683 acceptos

989 1690 1025 1718 ab
1041 1698 1075 1718 eo
1091 1690 1216 1718 honores
1232 1690 1322 1726 impie
1339 1690 1502 1724 praeferens.
1520 1690 1581 1719 Non
1599 1692 1675 1719 enim
1691 1691 1819 1719 absurde

990 1735 1025 1763 de
1040 1734 1150 1762 talibus
1166 1734 1238 1762 illud
1255 1734 1385 1771 Apostoli
1401 1735 1514 1763 dicatur
1541 1743 1549 1762 :
1576 1735 1643 1763 Cum
1666 1736 1821 1764 luxuriatae

989 1780 1096 1816 lucrint
1121 1780 1150 1807 ίη
1171 1779 1290 1815 Christo,
1306 1780 1409 1808 nubere
1424 1780 1522 1808 volunt
1538 1789 1548 1808 :
1563 1779 1690 1808 habentes
1704 1781 1819 1808 damna-

991 1825 1177 1860 tionem,quia
1192 1824 1312 1860 primam
1326 1824 1413 1860 ﬁdem
1428 1825 1540 1852 irritam
1555 1826 1682 1860 fecerunt
1698 1824 1719 1841 ¹⁶
1736 1832 1742 1852 :
1760 1832 1819 1852 non

991 1868 1232 1904 conjugium,sed
1248 1868 1427 1896 adulterium
1443 1877 1496 1905 per
1504 1870 1597 1897 totam
1608 1869 1698 1896 vitam
1712 1868 1822 1897 nefarie

993 1914 1213 1950 persequentes.

1030 2002 1074 2030 M.
1090 2001 1197 2029 Nullus
1215 2001 1302 2037 igitur
1316 2010 1417 2030 servus
1441 2004 1530 2030 oestro
1553 2003 1683 2038 percitus
1706 2011 1739 2031 eo
1763 2003 1821 2030 im-

993 2046 1110 2083 pietatis
1137 2047 1259 2080 feratur,
1286 2048 1317 2074 ut
1341 2047 1518 2075 dominicam
1544 2055 1684 2082 sponsam
1709 2049 1820 2083 tangat.

994 2092 1085 2119 Nemo
1110 2091 1149 2119 ita
1175 2090 1303 2120 furiosus
1327 2091 1365 2119 sit
1380 2091 1551 2128 sacrilegus,
1568 2093 1601 2119 ut
1616 2091 1822 2120 intaminatam

994 2136 1177 2165 sacerdotem
1193 2136 1332 2164 manibus
1357 2136 1515 2172 impudicis
1539 2138 1650 2172 tangat.
1676 2136 1765 2164 Nemo
1789 2145 1822 2165 co

995 2181 1117 2209 insanias
1134 2180 1278 2214 deveniat,
1299 2183 1332 2208 ut
1355 2189 1422 2209 cum
1446 2183 1489 2209 tot
1510 2189 1542 2209 ac
1565 2182 1648 2209 tanta
1673 2181 1824 2218 sacrilegis

996 2225 1142 2261 supplicia
1157 2225 1327 2261 impendere
1342 2225 1509 2261 videat,non
1527 2225 1688 2254 inanimato
1703 2234 1738 2254 ex
1753 2234 1824 2254 auro

116 2269 145 2296 ἰκ
174 2269 283 2306 χρυσοῦ
313 2267 357 2295 καὶ
385 2267 507 2306 ἀργύρου
528 2267 597 2303 ὕλης
615 2268 809 2304 πεποιημένων
826 2270 927 2295 σκευῶν

995 2275 1045 2298 aut
1062 2271 1183 2305 argento
1198 2270 1333 2303 vosa,sed
1350 2270 1479 2298 animata
1500 2272 1528 2298 ct
1552 2270 1678 2298 viventia
1703 2271 1825 2299 donaria

117 2311 182 2340 ἀλλ’
220 2312 307 2340 αὐτῶν
348 2311 481 2350 ἐμψύχων
525 2312 570 2340 καὶ
613 2312 721 2347 ζώντων
758 2312 939 2348 ἀναθημάτων

118 2356 254 2394 λῃστρικῇ
283 2356 358 2394 χειρὶ
399 2354 527 2394 βεϐήλως
557 2354 800 2393 ἐπιλαμϐάνεσθαι.
826 2356 940 2385 Μᾶλλον

115 2401 145 2430 εὶ
161 2399 259 2438 μηδεὶς
284 2399 372 2432 οὕτως
395 2398 463 2428 ἔστω
480 2400 597 2435 ἀνόσιος,
614 2401 651 2432 ὡς
668 2401 706 2438 μή
721 2400 754 2428 τὰ
770 2400 796 2428 ἐν
821 2403 860 2437 τῷ
885 2403 942 2437 ναῷ

116 2446 212 2484 ἄψυχα
240 2445 333 2481 σκεύη,
362 2444 426 2474 ἀλλ’
459 2445 539 2473 αὐτὸν
572 2445 618 2473 τὸν
661 2445 724 2473 ναὸν
750 2447 798 2473 τοῦ
832 2444 941 2484 Κυρίου,

117 2491 242 2518 τουτέστι
271 2493 321 2526 τῆς
349 2490 484 2528 παρθένου
512 2491 544 2518 τὸ
572 2492 672 2527 σῶμα,
701 2490 746 2517 καὶ
782 2490 866 2525 αὐτὴν
895 2491 944 2525 τήν

115 2535 285 2572 τιμιωτάτην
312 2535 436 2563 ἁπάντων
466 2534 492 2562 ἰν
521 2535 611 2571 τούτῳ
640 2535 732 2573 ψυχὴν
767 2538 818 2570 τῆς
842 2535 944 2573 παρθέ-

117 2591 178 2614 νου,
195 2580 344 2618 ἱερώτατου
369 2579 394 2607 ἐν
422 2581 461 2616 τῷ
489 2582 545 2616 ναῷ
573 2581 622 2608 τοῦ
664 2577 763 2617 Κυρίου
806 2579 943 2616 ἀνάθημα,

120 2627 179 2656 τοῖς
218 2624 366 2655 ἀκολασίας
405 2627 519 2662 πυρσοῖς
564 2622 738 2663 βαρϐαρικῶς
771 2623 944 2663 καταφλέξαι.

159 2684 180 2701 ¹³
196 2684 208 2711 l
223 2683 300 2711 Tim.
317 2691 344 2717 ν,
359 2683 402 2711 11.

159 2741 213 2776 (59)
230 2741 262 2768 Ἦ
275 2739 347 2776 ἀντί.
362 2740 424 2770 Duc
440 2741 566 2776 codices,
583 2739 625 2776 εἴη
641 2739 710 2769 ἀντί.

159 2742 203 2776 (59
230 2741 262 2768 Ἦ
275 2741 347 2768 ἀντι.
362 2741 424 2770 Duc
440 2741 566 2776 codices,
583 2741 625 2776 εἴη
641 2741 710 2769 ἀντί.

155 2741 213 2814 (6οἒ
226 2813 233 2814 7
248 2774 424 2814 Αἴδούμιναι.
451 2778 582 2814 Quatuor
615 2777 744 2812 codices,
776 2775 948 2814 αἱρούμεναι.

123 2813 207 2843 Unus
219 2813 391 2848 Combeﬂs.,
408 2813 555 2851 ὁρώμεναι.

997 2323 1085 2342 manu
1098 2314 1273 2349 praedatoria
1288 2315 1404 2350 impure
1419 2315 1607 2351 arripiat.Vel
1623 2315 1722 2351 potius
1738 2324 1823 2344 nemo

997 2359 1068 2386 adeo
1085 2358 1226 2386 scelestus
1243 2359 1328 2393 sit,ut
1343 2367 1400 2387 non
1412 2359 1573 2387 inanimato.
1584 2359 1614 2388 in
1626 2359 1735 2396 templo
1746 2368 1826 2396 vasa,

997 2403 1047 2430 sed
1065 2402 1162 2438 ipsum
1180 2402 1323 2439 templum
1342 2403 1499 2439 Domini,id
1517 2404 1696 2440 est,virginis
1708 2413 1826 2440 corpus,

997 2449 1026 2475 et
1042 2447 1135 2483 ipsam
1151 2447 1181 2475 in
1197 2455 1230 2475 eo
1245 2448 1377 2476 omnium
1395 2449 1522 2477 maxime
1537 2449 1612 2478 655
1629 2448 1826 2478 venerabilem

999 2491 1128 2520 animam
1145 2492 1278 2528 virginis,
1290 2493 1524 2521 sacratissimum
1540 2493 1570 2521 in
1586 2493 1696 2529 templo
1714 2493 1828 2521 Domini

999 2537 1166 2571 donarium,
1185 2537 1374 2573 impudicitia
1388 2537 1502 2566 facibus
1517 2538 1640 2566 barbare
1656 2537 1826 2566 succendat.

999 2581 1055 2610 Sed
1073 2582 1096 2610 si
1113 2590 1167 2610 sua
1182 2585 1287 2618 sponte
1303 2582 1384 2610 dedit
1398 2582 1587 2618 semetipsum
1602 2582 1694 2618 virgo,
1714 2581 1826 2609 viclans

1001 2626 1106 2654 initum
1124 2634 1191 2654 cum
1207 2635 1315 2662 sponso
1328 2627 1434 2663 fmdus,
1449 2635 1483 2656 ac
1498 2627 1607 2661 omnia,
1632 2629 1661 2653 et
1683 2625 1828 2660 templum

1042 2742 1096 2778 (61)
1131 2739 1370 2779 [Ιροολισθησάσῂ.
1405 2741 1506 2769 Plures
1534 2748 1617 2774 mss.,
1646 2738 1828 2777 προολισοοῦ-

1005 2786 1047 2814 σῃ.
