2010 3145
221 155 279 189 ’151

693 153 889 186 APPENDIX
909 153 1073 185 OPERUM
1095 154 1132 186 S.
1152 152 1294 184 BASILII
1316 152 1456 184 MAGNI.

1855 155 1906 186 752

220 225 249 252 et
263 222 418 252 donarium
435 223 464 250 et
479 221 639 250 amicitiam
666 229 732 249 cum
757 228 790 248 eo
815 220 1046 248 intercedentem

1103 217 1184 247 Ἀλλ’
1210 217 1234 246 εί
1258 217 1369 246 ἑκοῦσαν
1404 216 1536 246 ἐπιδωκςν
1575 218 1673 253 ἑαυτὴν
1703 219 1836 257 παρθένος,
1862 231 1906 248 πα,

219 270 248 296 et
271 268 353 304 regni
378 266 558 296 consortium
575 266 611 294 ob
626 265 804 302 voluptatem
820 264 1002 293 confundens
1018 266 1048 293 et

219 313 408 348 conculcans,
425 319 460 339 ne
476 311 573 339 tradas
588 313 616 338 te
631 310 673 338 illi
688 311 723 338 ad
740 310 910 338 societatem
923 309 1045 345 peccati.

218 357 369 393 Siquidem
385 364 438 384 nec
454 355 576 392 pulcher
589 355 697 390 Joseph
713 354 838 382 domina;
855 354 885 381 in
901 361 968 382 eum
999 353 1045 381 fu-

220 400 502 436 renti,semetipsum
514 400 548 427 ad
561 398 862 435 impudicitiamillius
872 397 1046 434 explendam

219 446 334 474 tradere
341 445 433 474 voluit
440 445 471 472 ¹“¹.
481 444 535 472 Sed
542 444 658 472 etiamsi
665 446 696 471 tu
705 444 735 470 in
745 443 839 470 foedus
849 443 976 479 conjugii
987 451 1045 470 non

219 491 343 525 venires,
354 489 436 517 alteri
453 489 641 524 semetipsam
658 487 795 515 traderet.
806 487 857 515 llle
872 487 962 522 igitur
978 495 1046 523 pec-

219 535 275 563 cati
292 542 391 570 poenas
407 533 484 567 luat;
501 535 532 560 tu
548 540 615 560 vero
627 534 656 560 te
671 532 769 568 ipsum
786 539 894 568 purum
917 533 944 559 et
970 531 1046 559 inte-

219 587 304 615 grum
320 581 423 613 (σοι-νει,
445 585 497 605 nec
513 584 613 612 poenas,
629 584 693 612 quis
709 584 760 611 pro
776 575 882 603 delicto
900 576 929 604 in
948 575 1046 604 Domi-

219 632 289 651 num
307 622 438 651 admisso
451 621 603 655 inferetur,
613 621 760 657 particeps
777 620 913 649 afficiare.
925 620 1047 656 Oportet,

218 667 325 703 inquit,
341 667 448 695 Filium
463 666 582 694 homini:
596 666 673 694 tradi
689 666 721 693 1'.
742 666 786 694 νω
807 667 902 694 autem
927 665 976 693 illi
998 673 1048 701 per

218 720 298 748 quem
325 711 412 739 Filius
442 711 561 738 hominis
588 710 730 738 traditur!
759 709 920 738 conduceret
947 711 1001 745 ipsi
1024 710 1049 737 si

217 761 302 785 natus
315 763 371 784 non
386 757 453 784 esset
469 755 504 784 ’°.
524 755 626 783 Nonne
639 754 776 782 similiter
802 763 866 790 quae
892 754 1047 790 virginita-

218 803 279 829 tem
290 803 358 828 ante
368 799 620 836 professa,deinde
631 801 744 827 mutato
755 799 903 835 proposito
919 798 1047 834 cuipiam

219 845 333 874 homini
357 845 488 872 fruenda)
508 843 669 879 voluptatis
698 843 793 880 gratia
822 843 949 879 seipsam
979 851 1049 871 con-

218 890 327 927 junxit,
342 889 457 917 etiamsi
474 889 552 942 dicat
568 897 574 917 :
591 890 709 924 Oportet
732 896 779 916 me
802 888 921 923 nubere,
948 896 1049 924 quem-
1063 909 1087 942 B

221 935 381 963 admodum
397 934 505 962 Filium
521 933 652 962 hominia
665 933 808 961 traditum
825 933 955 969 oportuit
971 940 977 961 :
996 933 1048 961 sed

221 982 321 1008 tamen
346 988 386 1007 vae
412 979 467 1014 illi,
483 987 535 1015 per
549 986 635 1014 quem
650 978 701 1006 illa
716 978 884 1012 foederibus,
901 986 965 1014 qua;
980 985 1047 1005 cum

223 1033 331 1061 sponso
348 1025 513 1060 pepegerat,
530 1023 625 1059 ruptis
640 1025 668 1050 et
690 1022 817 1058 violatis,
839 1031 924 1051 suam
949 1022 1047 1050 libidi-

222 1077 288 1097 nem
304 1067 505 1104 impletildem
520 1068 599 1096 enim
615 1067 683 1096 huic
697 1067 921 1101 homini,dicere
938 1067 1046 1100 ausim,

222 1113 419 1150 praestabilius
433 1112 608 1148 foret,quam
624 1112 650 1141 si
665 1112 784 1140 sceleris
800 1113 940 1140 adversus
951 1111 1048 1139 Domi-

221 1166 292 1187 num
309 1157 346 1185 ab
360 1157 414 1185 hac
430 1157 546 1192 impura
561 1157 667 1193 patrati
682 1157 780 1185 socius
795 1157 825 1184 in
836 1156 950 1192 judicio
966 1164 1047 1192 repe-

222 1203 324 1231 riatur.
338 1202 404 1230 Jam
421 1209 486 1229 vero
502 1209 597 1230 nonne
613 1201 698 1229 audis
713 1209 780 1229 eum
797 1201 966 1236 adulterari,
996 1201 1048 1236 qui

221 1247 310 1276 etiam
340 1245 492 1274 dimissam
521 1245 636 1274 duxerit
660 1245 703 1273 ὀἳ
728 1245 790 1273 Etsi
819 1244 908 1278 enim,
939 1245 1047 1281 inquit,

221 1293 342 1328 propter
356 1290 473 1326 culpam
490 1290 544 1317 fuit
555 1290 689 1324 dimissa,
705 1290 775 1318 vivit
789 1291 887 1317 tamen
903 1289 946 1317 vir
972 1290 1046 1325 ejus.

1102 261 1204 301 ραϐἆσα
1235 263 1282 300 μὶν
1307 263 1357 297 τὴν
1387 263 1454 300 πρὸς
1467 263 1513 290 τὸν
1528 262 1644 302 νυμφίον
1660 263 1804 299 συνθήκην,
1819 264 1907 292 πάντα·

1102 307 1129 335 δὶ
1158 308 1202 335 καὶ
1229 308 1304 343 ναὸν,
1330 307 1375 334 καὶ
1406 307 1542 343 ἀνάθημα,
1571 308 1615 334 καὶ
1644 307 1734 345 φιλίαν
1774 309 1821 343 τήν
1847 310 1906 347 πρὸς

1101 352 1191 386 αὐτὸν,
1213 353 1257 380 καὶ
1293 351 1431 390 βασιλείας
1459 352 1600 380 κοινωνίαν
1631 351 1665 379 δι’
1691 351 1791 388 ἡδονὴν
1817 353 1907 386 πάθους

1101 397 1239 435 συγχέασα
1264 407 1293 424 τε
1321 397 1391 433 ὁμοῦ
1420 396 1464 424 καὶ
1507 397 1658 433 πατήσασα,
1689 398 1725 434 μὴ
1755 399 1856 435 χρήσῃς
1880 400 1908 434 τῇ

1100 442 1212 479 τοιαύτῃ
1232 442 1327 469 σαυτὸν
1358 441 1394 473 είς
1424 441 1568 469 κοινωνίαν
1597 442 1647 476 τής
1672 442 1815 479 ἁμαρτίας.
1843 443 1907 471 Ἑπεὶ

1102 485 1165 514 οόδὲ
1181 487 1194 513 ὁ
1209 485 1293 517 καλὸς
1317 487 1418 525 Ἰωσὴφ
1445 486 1481 523 τῇ
1513 485 1639 523 δισποινῃ
1661 486 1819 524 ἐπιμανείσῃ
1846 487 1909 523 αὐτῷ

1102 531 1196 558 ἑαυτὸν
1216 531 1284 569 πρὸς
1311 531 1360 565 τήν
1390 534 1440 566 τῆς
1465 530 1612 562 ἀκολασίας
1642 530 1790 559 ἀπόλαυσιν
1818 535 1909 569 χρῆσαι

1102 575 1249 611 ἠθέλησεν.
1267 574 1347 603 Ἀλλ’
1363 575 1385 602 εί
1400 575 1444 603 καὶ
1464 576 1501 611 μή
1518 575 1549 602 σὺ
1564 574 1648 609 ἦλθες
1673 575 1717 602 ἐπὶ
1746 576 1795 610 τὴν
1824 587 1909 603 κοινω-

1101 619 1159 647 νίαν
1190 622 1237 647 τοῦ
1266 620 1368 657 γάμου,
1396 619 1475 656 ἄλλῳ
1503 619 1599 654 ἑαυτὴν
1620 618 1787 649 ἐπιδίδωσιν.
1803 621 1910 651 Ἐκεῖνος

1102 664 1148 692 οὖν
1175 664 1221 695 τὰς
1250 664 1294 692 ἐπὶ
1322 666 1356 701 τῇ
1387 663 1505 702 ἁμαρτίᾳ
1533 664 1614 691 αὐτοῦ
1643 664 1753 696 εὐθύνας
1780 664 1911 702 ἐχέτωσὺ

1103 708 1131 737 Si
1147 709 1242 736 σαυτὸν
1259 709 1374 747 καθαρὸν
1391 708 1510 746 φύλαττε
1523 708 1567 736 ἐπὶ
1595 710 1628 745 τῇ
1652 709 1782 745 κοινωνίᾳ
1807 713 1854 744 τῆς
1879 709 1910 740 εἷς

1101 754 1147 781 τὸν
1179 753 1278 792 Κύριον
1318 753 1489 791 παρανομίας
1531 753 1657 788 εὐθύνης.
1687 756 1742 790 Δεῖ³
1773 754 1846 793 φησὶ,
1871 754 1909 781 τὴν

1101 799 1163 825 Υἱὸν
1206 801 1253 826 τοῦ
1296 798 1440 836 ἀνθρώπου
1483 797 1689 836 παραδοθῆναι.
1717 798 1786 826 Οὐαὶ
1821 797 1857 832 δὲ,
1882 797 1911 826 δι’

1103 843 1134 870 οὗ
1171 844 1185 871 ὁ
1223 843 1285 875 Υίὸς
1323 845 1370 870 τοῦ
1406 843 1552 880 ἀνθρώπου
1589 842 1789 881 παραδίδοται·
1816 844 1909 882 συνέφε-

1103 897 1145 926 ρεν
1185 888 1259 924 αὐτῷ
1288 887 1310 914 αἱ
1339 888 1376 923 μή
1405 887 1544 925 ἐγεννήθη.
1567 887 1605 916 Οὐ
1639 887 1709 914 κατὰ
1741 888 1786 915 τὸν
1826 887 1909 924 ὅμοιον

1102 933 1203 969 τρόπον
1234 931 1335 969 ἔκρινεν
1352 933 1369 966 ἡ
1396 931 1526 970 πρότερον
1551 933 1601 966 τὴν
1629 931 1772 968 παρθενίαν
1803 933 1909 970 ὑποσχο-

1106 977 1184 1013 μένη,
1203 976 1370 1012 μεταθεμὲνη
1399 975 1427 1003 δὲ
1451 976 1534 1011 αὐτὴν
1562 977 1619 1013 (62)
1643 977 1780 1014 ἀνθρώπῳ
1804 977 1853 1005 τινὶ
1879 977 1910 1007 είς

1103 1020 1205 1056 ἡδονῆς
1235 1019 1384 1048 ἀπόλαυσιν
1416 1021 1513 1056 ζεῦξαι,
1530 1020 1577 1048 κᾶν
1604 1020 1681 1059 λέγῃ·
1700 1024 1746 1048 Δεῖ
1775 1032 1807 1058 με
1832 1032 1911 1058 γαμη-

1103 1066 1191 1100 θῆναι,
1208 1065 1244 1096 ὡς
1259 1066 1305 1092 τὸν
1322 1066 1383 1092 Υῖὸν
1412 1068 1460 1092 τοῦ
1485 1065 1629 1102 ἀνθρώπου
1658 1064 1699 1092 δεῖ
1729 1065 1910 1104 παρσδοθῆναι”

1104 1109 1176 1138 ἀλλά
1192 1109 1263 1144 οὐαὶ,
1279 1108 1358 1137 διὀὗ
1374 1109 1461 1145 ἐκείνη
1491 1110 1538 1141 τὰς
1565 1110 1632 1148 πρὸς
1659 1110 1705 1137 τὸν
1735 1111 1844 1150 νυμφίον
1869 1120 1910 1137 πα.

1103 1152 1207 1191 ραεᾶσα
1235 1155 1380 1190 συνθήκας,
1409 1156 1458 1189 τήν
1497 1155 1594 1189 ἑαυτῆς
1622 1154 1769 1191 ἐπιθυμίαν
1797 1154 1909 1192 πλῆροῖ;

1103 1200 1235 1238 Συνὲφερε
1260 1200 1311 1237 γὰρ
1340 1199 1432 1235 ἐκείνῳ
1460 1201 1499 1235 τῷ
1525 1199 1660 1236 ἀνθρώπῳ
1690 1199 1799 1236 (τολμῶ
1827 1199 1909 1234 εἷ’πεῖν)

1101 1244 1133 1271 τὸ
1149 1244 1213 1271 αὐτὸ
1228 1244 1312 1281 (63)ἢ
1326 1243 1372 1271 ’ίνα
1387 1244 1518 1275 κοινωνὸς
1533 1247 1583 1278 τῆς
1605 1244 1642 1275 είς
1671 1245 1719 1271 τὸν
1751 1245 1846 1281 Κύριον
1870 1254 1910 1271 πα-

1104 1289 1234 1326 ρανομίας
1258 1292 1308 1323 τῆς
1332 1287 1484 1316 ἀκολάστου
1528 1288 1631 1323 ἐκείνης
1675 1287 1849 1326 δικαζόμενος
1874 1288 1909 1315 εὐ-

222 1335 298 1373 ρςθῇ.
327 1335 386 1363 Οὐκ
411 1333 518 1366 ἀκούεις
546 1332 575 1361 δὲ
603 1333 644 1361 ὅτι
672 1333 718 1361 καὶ
747 1334 761 1361 ὁ
787 1332 995 1370 ἁπολιλυμὲνην
1025 1335 1120 1371 γαμῶν
1154 1336 1305 1370 μοιχᾶται;
1334 1333 1365 1360 Et
1394 1333 1446 1370 γὰρ
1488 1333 1533 1360 καὶ
1572 1333 1753 1369 ἀπολὲλπαι,
1783 1334 1855 1373 φησὶ,
1882 1332 1911 1360 δι’

221 1379 320 1414 αῒτίαν,
337 1377 410 1406 ἀλλὰ
425 1380 457 1415 ζῇ
475 1378 558 1413 αὐτῆς
575 1379 589 1406 ὁ
605 1379 683 1416 ἀνήρ.

257 1428 301 1455 42.
324 1429 381 1455 Cur
404 1426 495 1462 igitur
514 1423 679 1452 molestiam
696 1422 815 1451 exhibes
831 1422 981 1451 dimissis?
997 1431 1048 1451 cur

221 1480 279 1501 non
293 1472 347 1500 das
363 1473 479 1506 tempus
492 1471 556 1497 tum
571 1466 625 1504 illi,
638 1469 671 1496 ut
680 1476 714 1495 ea
728 1467 758 1495 in
774 1467 933 1503 semetipsa
948 1474 1047 1495 erren-

220 1517 280 1550 det,
296 1516 331 1544 ob
348 1524 412 1551 qua:
427 1514 550 1543 dimissa
564 1515 626 1547 est;
652 1515 716 1540 tum
741 1512 767 1540 ei
792 1512 843 1548 qui
869 1512 991 1544 dimisit,
1015 1514 1048 1539 ut

220 1560 422 1588 misericordia
444 1559 474 1586 in
500 1557 720 1594 resipiscentem
751 1559 859 1591 motus,
883 1565 986 1584 rursus
1010 1556 1046 1583 ad

1138 1423 1180 1450 42.
1197 1421 1227 1449 Τί
1250 1421 1296 1450 οὗν
1325 1421 1451 1460 ἐνοχλεῖς
1477 1424 1511 1458 τῇ
1527 1421 1721 1459 ἀπολελυμὲνῃ
1734 1432 1741 1457 ;
1756 1422 1783 1450 τί
1803 1422 1850 1450 οὐκ
1875 1422 1909 1449 ἆν-

1103 1466 1185 1500 δίδως
1210 1469 1302 1506 καιρὸν
1327 1467 1436 1505 κάκείνῃ
1465 1468 1561 1503 ἑαυτὴν
1586 1466 1785 1506 διορθώσασθαι
1814 1468 1850 1506 ἐφ’
1876 1468 1909 1497 οἷς

1103 1512 1236 1548 ἀπελύθη,
1265 1513 1310 1540 καὶ
1343 1513 1388 1540 τὸν
1415 1512 1590 1540 ἀπολύσαντα
1618 1512 1849 1551 σπλαγχνισθὲνται
1874 1512 1908 1539 ἐπί

1101 1559 1134 1594 τῇ
1152 1556 1330 1594 διορθωθείσῃ
1348 1559 1415 1594 (64),
1429 1557 1467 1588 εἷς
1482 1557 1574 1585 ἑαυτὸν
1591 1557 1666 1589 αὖθις
1683 1558 1716 1585 τὸ
1741 1558 1832 1586 ἑαυτοῦ
1859 1558 1910 1584 ἁνα-

219 1613 251 1633 se
277 1606 390 1632 revocet
413 1611 500 1632 suum
525 1602 620 1638 ipsius
645 1601 823 1636 membrum,
848 1601 898 1629 sed
913 1601 1047 1637 praeripis

1102 1603 1248 1637 κτήσασθαι
1267 1601 1359 1639 μέλος.
1378 1601 1450 1629 ἀλλὰ
1473 1602 1656 1640 προαρπάζεις
1686 1603 1733 1630 τὸν
1758 1603 1846 1640 καιρὸν
1869 1604 1909 1635 τῆς

219 1652 337 1685 tempus
363 1647 587 1681 emendationis,
611 1646 725 1674 vivente
748 1646 810 1673 viro
836 1646 990 1674 dimissam
1015 1645 1044 1673 in

1102 1645 1284 1684 διορθώσεως,
1309 1648 1409 1681 ζῶντος
1435 1648 1484 1674 τοῦ
1513 1645 1609 1684 ἀνδρὸς
1637 1647 1686 1682 τήν
1718 1639 1910 1682 ἀπολελυμένην

221 1692 442 1722 matrimonium
470 1691 600 1719 ducens?
626 1690 705 1725 Sine,
722 1690 829 1726 inquit,
846 1690 881 1717 ad
898 1690 1042 1718 viventem

221 1739 320 1767 redeat
335 1736 423 1766 simul
439 1738 468 1764 et
482 1736 638 1763 reducatur
653 1734 757 1762 melior
772 1734 849 1762 facta
864 1734 984 1769 mulier;
1000 1734 1045 1762 vel

222 1791 339 1819 semper
355 1790 407 1810 nec
421 1781 526 1815 viduas,
543 1787 595 1807 nec
612 1778 711 1807 uxoris
727 1787 833 1807 nomen
856 1778 978 1813 habens,
1005 1779 1045 1807 di-

223 1826 376 1856 missionis
400 1834 506 1858 causae,
531 1832 617 1860 quam
645 1823 771 1860 praebuit
794 1823 911 1857 marito,
928 1831 1044 1859 pcenam

221 1872 379 1909 persolvat.
391 1871 435 1899 Tu
450 1878 528 1905 vero,
544 1870 630 1897 etiam
648 1870 806 1904 antequam
823 1868 968 1905 intelligat
983 1877 1046 1904 pro-

220 1917 328 1953 prium,
351 1916 387 1943 ob
412 1914 489 1951 quod
516 1913 640 1941 dimissa
669 1915 723 1947 est,
749 1914 913 1948 peccatum,
939 1913 1045 1949 raptim

219 1960 316 1988 iniens
332 1968 399 1987 cum
415 1967 448 1987 ea
463 1957 647 1993 conjugium,
664 1957 851 1985 audaciorem
867 1957 902 1985 ad
928 1959 1046 1993 peccata

219 2005 346 2033 absurde
369 2003 459 2037 facis;
485 2005 513 2030 et
532 2003 603 2030 dum
629 2002 742 2030 vivente
769 2002 830 2030 viro
846 2010 963 2038 semper
977 2011 1044 2030 cum

218 2050 314 2077 aliena
345 2048 513 2080 mmcharis,
544 2046 713 2075 facilitatem
743 2046 825 2075 illius
850 2048 884 2075 ad
910 2047 1046 2075 violanda

217 2093 347 2130 conjugii
362 2093 471 2121 foedera
485 2092 612 2120 absurde
627 2091 795 2119 confirmas.
813 2091 887 2120 Nam
904 2092 928 2119 si
946 2092 1046 2120 dimis-

217 2147 280 2167 sam
307 2147 324 2166 a
347 2137 463 2166 mortali
487 2137 548 2164 viro
577 2136 733 2172 accipiens,
757 2136 847 2172 impie
871 2136 1043 2170 moechatur,

218 2183 310 2211 multo
326 2182 422 2217 magis
437 2181 525 2217 impie
540 2189 591 2216 per
607 2182 697 2208 lotam
711 2180 801 2208 vitam
818 2180 1045 2216 mcechatur,qui

218 2226 396 2254 immortalis
411 2226 463 2253 viri
480 2233 797 2260 sponsam,numquam
811 2225 1045 2258 dimissam,cor-

218 2279 355 2306 rumpere
369 2270 486 2298 audeat.
503 2268 564 2297 Etsi
580 2269 658 2297 enim
675 2269 864 2306 semetipsum
881 2270 993 2298 dimisit
1008 2271 1044 2298 ad

1099 1691 1338 1728 γαμῶν;Ἑασον,
1355 1690 1448 1730 φησὶν,
1477 1692 1494 1725 ἡ
1525 1691 1592 1729 πρὸς
1619 1691 1665 1718 τὸν
1699 1694 1785 1726 ζῶντα
1812 1690 1908 1718 ἐπανελ-

1101 1738 1156 1767 θεῖν
1199 1735 1255 1771 ἅμα
1291 1735 1336 1762 καὶ
1375 1735 1560 1773 ἐπαναχθῆναι
1599 1734 1734 1763 καλλίονα
1775 1734 1908 1772 γενομένην

1099 1782 1220 1818 γυναῖκα,
1249 1780 1266 1815 ἢ
1294 1780 1334 1808 ἀεὶ
1367 1781 1435 1817 μήτε
1459 1781 1560 1818 χήραν,
1592 1782 1661 1817 μήτε
1694 1781 1806 1819 γυναῖκα
1835 1780 1908 1817 ὑπάρ-

1101 1834 1214 1862 χουσαν,
1236 1828 1286 1859 τῆς
1316 1824 1359 1852 ἐπὶ
1389 1827 1422 1861 τῇ
1453 1825 1543 1864 ἀφίσει
1568 1825 1654 1857 αἶτίας
1684 1826 1715 1860 ἢν
1745 1825 1857 1863 παρέσχε
1881 1826 1913 1859 τῷ

1101 1868 1177 1906 ἀνδρὶ
1208 1868 1285 1904 δίκην
1315 1867 1430 1898 διδόναι.
1462 1869 1498 1897 Σὺ
1529 1868 1556 1897 δὲ
1585 1870 1648 1907 πρὶν
1686 1870 1732 1897 καὶ
1758 1870 1867 1897 συνεῖναι
1888 1867 1913 1894 τὸ

1101 1913 1200 1942 οἰκεῖον
1226 1914 1251 1941 ἒν
1285 1916 1319 1951 τῇ
1358 1914 1488 1942 ἀπολύσει
1528 1914 1691 1952 ἁμάρτημα,
1723 1915 1845 1952 ἀρπάζων
1871 1913 1912 1946 τὴν

1101 1959 1168 1997 πρὸς
1193 1959 1274 1993 αὐτὴν
1301 1958 1435 1996 συζυγίαν,
1456 1957 1662 1996 τολμηροτέραν
1688 1959 1758 1997 πρὸς
1782 1959 1814 1986 τὰ
1840 1959 1913 1994 ἀμαρ-

1100 2004 1209 2040 τήματα
1242 2003 1348 2034 ἀτόπως
1380 2003 1477 2041 ἐργάζῃ
1495 2012 1500 2019 ·
1533 2006 1632 2038 ζῶντος
1672 2005 1721 2040 μὲν
1757 2006 1804 2031 τοῦ
1831 2001 1912 2039 ἀνδρὸς

1101 2049 1141 2075 ἀεὶ
1169 2048 1219 2082 τὴν
1264 2046 1412 2084 ἀλλοτρίαν
1454 2048 1603 2086 μοιχεύων,
1634 2046 1749 2076 εὔκολον
1793 2047 1829 2082 δὲ,
1855 2046 1911 2083 ὅπερ

1101 2090 1263 2132 {omn-rpite
1291 2093 1325 2119 τὰ
1354 2092 1380 2119 ἐν
1408 2094 1442 2130 τῇ
1472 2090 1622 2129 συμϐιώσει
1647 2093 1804 2130 πταίσματα
1816 2091 1911 2120 ἀτόπως

1101 2138 1201 2165 ἀσκῶν.
1218 2136 1248 2164 Εἰ
1277 2135 1305 2164 δὲ
1334 2137 1348 2164 ὁ
1376 2137 1427 2171 τήν
1451 2136 1524 2174 παρὰ
1547 2138 1647 2172 θνητοῦ
1663 2136 1760 2175 ἀνδρὸς
1788 2135 1911 2164 ἀπολελυ-

1103 2182 1184 2217 μένην
1232 2178 1378 2217 λαμϐάνων
1424 2181 1562 2218 μοιχεύων
1607 2179 1709 2218 ἀσεϐεῖ,
1739 2180 1834 2217 πολλῷ
1860 2181 1911 2207 ἀσε-

1101 2224 1226 2262 ϐέστερον
1256 2224 1300 2252 διὰ
1336 2225 1395 2263 βίου
1427 2225 1551 2263 μοιχεύει
1581 2226 1594 2253 ὁ
1622 2226 1672 2260 τὴν
1711 2228 1760 2254 τοῦ
1796 2225 1910 2253 ἀθανάτου

1101 2269 1196 2308 ἀνδρὸς
1235 2270 1345 2309 νύμφην
1400 2269 1536 2306 μηδέποτε
1588 2269 1797 2307 ἀπολελυμένην
1836 2278 1909 2306 παρα-

217 2315 315 2344 carnis
328 2314 467 2342 libidines
482 2313 665 2349 confugiens,
680 2315 711 2341 tu
727 2321 794 2341 vero
816 2314 897 2342 illam
921 2323 957 2342 ne
981 2317 1044 2342 tan-

1102 2318 1205 2354 φθεῖραι
1227 2313 1349 2351 τολμῶν.
1368 2315 1419 2343 Καὶ
1447 2314 1468 2341 εἰ
1494 2315 1590 2350 ἑαυτὴν
1606 2314 1656 2353 γὰρ
1678 2315 1793 2343 ἀπολύει
1818 2316 1848 2351 τῇ
1868 2323 1910 2349 μι-

216 2368 279 2397 gas.
304 2359 381 2387 Vivit
404 2358 482 2387 enim
506 2358 551 2385 vir
565 2358 640 2393 ejus,
657 2366 709 2385 nec
725 2358 788 2386 vult
803 2367 866 2387 eam
883 2359 1041 2388 dimittere.

217 2404 347 2432 Concede
358 2403 413 2438 illi,
431 2404 463 2430 ut
473 2404 663 2438 semetipsam
679 2402 816 2439 inspiciat
831 2412 959 2440 quonam
975 2413 1043 2440 pro-

217 2449 301 2485 lapsa
317 2448 365 2481 sit,
381 2448 518 2476 morbum
544 2449 717 2482 concoquat,
743 2447 891 2476 carnalem
913 2456 1041 2476 amorem

216 2493 305 2528 eluat,
329 2492 470 2528 temporis
485 2499 658 2528 progressus
673 2491 849 2527 consideret,
866 2495 976 2528 quanta
992 2502 1043 2521 au-

217 2538 284 2566 deat
299 2537 429 2566 facinora
451 2544 458 2564 :
485 2545 519 2564 ao
545 2536 674 2573 profecto
698 2537 806 2564 redibit
827 2538 863 2564 ad
888 2545 1042 2572 sponsum.

216 2583 290 2612 Nam
306 2582 331 2611 si
347 2581 480 2611 Christus
503 2581 553 2609 lux
574 2584 618 2609 est
642 2582 671 2608 et
696 2581 871 2609 resurrectio
895 2584 924 2609 et
947 2582 1043 2610 incor-

1100 2360 1202 2388 ταθὲσει
1232 2361 1299 2398 πρὸς
1324 2360 1358 2386 τὰ
1385 2359 1482 2397 σαρκὸς
1512 2359 1584 2394 πάθη
1618 2359 1821 2396 αὐτομολοῦσα,
1849 2356 1909 2385 ἀλλά

1102 2405 1132 2432 σὺ
1164 2405 1201 2441 μὴ
1233 2405 1318 2431 ἅπτου
1348 2403 1458 2439 ταύτης.
1474 2404 1512 2439 Ζῇ
1534 2403 1586 2441 γὰρ
1609 2404 1692 2439 αὐτῆς
1709 2404 1722 2431 ὁ
1740 2405 1818 2438 ἀνὴρ,
1832 2400 1908 2430 xuiin

1102 2448 1230 2487 βούλεται
1260 2449 1344 2483 αὐτὴν
1377 2447 1522 2476 ἀπολῦσαι.
1544 2449 1730 2486 Συγχώρησον
1761 2448 1825 2484 αὐτῇ
1852 2445 1907 2473 ἷόεἶν

1099 2494 1196 2528 ὶαυτῆν
1227 2494 1280 2528 ὅπη
1312 2493 1425 2530 ἐγένετο,
1449 2491 1532 2530 πέψαι
1558 2493 1589 2520 τὸ
1617 2493 1713 2529 πάθος,
1743 2493 1843 2529 ξκνῖψαι
1868 2490 1906 2517 τὸν

1099 2536 1187 2574 ἔρωτα
1226 2540 1280 2565 τῶν
1324 2547 1441 2576 σαρκίον,
1471 2537 1662 2574 ἐπισκέψασθαι
1694 2538 1787 2576 χρόνῳ
1813 2535 1904 2571 ἡλίκων

1098 2581 1203 2618 τολμᾷν
1234 2581 1366 2620 ἐγχειρεῖ,
1394 2582 1437 2610 καὶ
1466 2582 1617 2619 ἀνακάμψει
1646 2583 1756 2613 πάντως
1779 2582 1843 2619 πρὸς
1867 2579 1904 2606 τὸν

251 2646 273 2665 ¹⁷
288 2646 359 2674 Gen.
375 2654 469 2680 χχχιχ,
487 2645 531 2672 12.
570 2644 590 2662 ¹¹
606 2645 675 2672 Luc.
691 2652 767 2679 xxiv,
783 2644 809 2671 7.
849 2644 871 2662 ¹⁹
885 2644 986 2673 Matth.
1003 2654 1053 2674 xxv

1102 2647 1140 2674 Ξ4.
1180 2646 1202 2664 ³ο
1218 2646 1321 2674 Matth.
1338 2654 1396 2681 x1x,
1411 2647 1439 2674 9.

252 2711 304 2747 (62)
332 2711 434 2747 Αὑτήν.
465 2711 604 2747 Colbert.,
635 2709 744 2745 ἑαυτήν.
776 2711 865 2738 Paulo
895 2714 962 2740 ante
992 2712 1042 2740 de-

215 2746 476 2784 leudpm,r'£npwsv.

252 2783 308 2819 (63)
324 2783 363 2810 Τὸ
380 2782 455 2811 aii-:6.
476 2783 527 2811 Hic
542 2783 630 2811 editio
646 2782 818 2810 Parisiensis
833 2783 925 2818 addit,
950 2783 971 2810 εἰ
1000 2783 1037 2819 μή

216 2817 355 2856 ἐγεννήθη,
371 2827 437 2855 quas
451 2827 534 2848 voces
551 2827 603 2847 nec
618 2819 647 2846 in
664 2820 775 2848 Veneta
790 2826 843 2848 nec
858 2819 888 2848 in
911 2817 970 2848 ullo
993 2817 1038 2848 veé

1097 2714 1157 2740 tere
1172 2712 1247 2740 libro
1263 2711 1412 2748 leguntur.

1132 2749 1190 2784 (64)
1213 2744 1409 2786 Διορθωθείσῃ.
1433 2751 1498 2786 Haec
1523 2747 1674 2786 scriptum
1698 2747 1829 2786 codicum
1852 2744 1903 2786 Col-

1095 2779 1169 2812 bert.
1181 2779 1214 2821 ’ξι
1229 2779 1353 2813 duorum
1370 2779 1527 2821 Regiorum
1542 2779 1655 2813 videtur
1665 2782 1840 2820 praeferenda
1850 2779 1903 2808 vul-

1093 2822 1176 2857 gates,
1191 2819 1344 2859 διορθώσει.
