2010 3145
156 141 214 172 759

626 140 824 171 APPENDIX
846 139 1010 171 OPERUM
1032 140 1064 170 S.
1088 139 1227 171 BASILII
1250 139 1387 170 MAGNI.

1800 140 1857 171 760

155 208 274 236 admota
288 208 341 242 est,
358 214 391 234 ac
407 206 507 234 statim
523 207 659 235 ﬂammas
673 207 767 242 ,babet
791 207 952 235 relucentes
969 215 976 235 :

1042 205 1198 243 ραινομένας
1227 205 1274 236 τὰς
1302 205 1426 244 φλόγας·
1449 206 1520 234 οὕτω
1544 206 1575 233 τὸ
1604 205 1673 241 θῆλυ
1703 207 1783 241 σῶμα
1809 207 1858 232 τοῦ

157 252 198 280 sic
214 251 372 279 femineum
388 259 505 287 corpus,
522 251 592 279 dum
609 252 775 279 masculum
791 251 897 288 tangit,
922 260 980 279 non

156 298 251 324 mutto
273 295 387 332 indiget
410 295 509 323 labore
534 296 706 324 insufﬂante
731 297 766 324 ad
793 296 981 324 concubitum

156 341 316 374 amore,sed
331 348 398 367 cum
416 340 579 368 naturalem
596 340 724 368 habeant
739 341 816 368 inter
826 349 856 368 se
866 340 982 368 habitu-

159 385 271 417 dinem,
287 385 387 412 statim
405 393 437 412 ac
453 393 484 412 se
506 385 692 420 contingunt,
709 393 862 413 accensam
874 385 983 412 habent

158 437 263 457 arcano
282 429 367 457 modo
383 429 541 465 voluptatis
558 430 725 457 scintillam.
742 429 983 466 Quapropter,in-

161 474 236 510 quit,
252 474 384 509 Alligabit
398 475 460 509 quis
473 475 564 509 ignem
580 475 612 502 in
626 475 701 508 sinu,
716 477 800 502 veste:
815 479 906 502 autem
928 483 983 501 non

158 519 327 553 comburetn
338 522 385 546 aut
400 518 554 546 ambulabit
569 519 629 555 quis
643 527 726 554 super
739 527 843 555 prunas
858 519 941 554 ignis,
959 520 984 546 et

158 563 240 599 pedes
254 571 311 590 non
328 563 484 590 comburat?
511 563 556 590 Sic
570 571 623 592 non
640 565 694 591 erit
710 565 842 592 innoxius
861 563 984 599 quisquis

158 609 285 643 attigerit
294 607 441 635 mulierem
448 607 566 640 an.Quod
579 608 604 636 si
615 609 746 644 seipsum
760 608 878 637 tradidit
891 607 985 636 Domi-

159 661 216 680 nus
232 660 283 688 pro
300 660 418 687 sponsa,
435 654 467 679 ut
491 660 555 680 eam
579 653 742 681 sanctiﬁcat
763 661 846 689 οᾳυω
870 653 984 682 lavacro

158 696 471 733 purgatam,illamque
479 697 541 733 ipse
547 697 602 725 sibi
609 697 665 734 ipsi
673 697 984 734 exhibeatgloriosam,

158 740 306 769 maculam
322 749 379 769 non
396 742 565 775 habentem,
584 744 634 770 aut
645 745 813 779 rugam,aut
823 742 984 778 quidquam

161 785 378 821 hujuscemodi,
392 786 461 819 imo,
474 788 507 814 ut
517 787 555 814 sit
565 789 666 815 sancta
677 786 863 823 etinculpata
878 789 907 815 et
922 795 985 815 cor-

163 838 233 866 pore
243 831 271 858 et
281 830 384 866 spiritu
392 830 554 859 “zsollicita
564 833 701 867 quodque
710 831 818 860 idcirco
828 840 891 860 esse
901 832 987 860 debet

163 874 257 910 virgo,
269 875 415 910 quomodo
430 875 543 911 placeat
558 876 692 911 Domino,
709 878 741 905 ut
755 877 794 904 sit
808 878 912 905 sancta
926 885 986 905 cor-

165 927 235 955 pore
250 921 279 946 et
291 919 396 955 spiritu
411 920 443 948 ⁸³.

199 964 242 991 46.
259 963 358 1000 Neque
373 964 431 992 alia
445 965 564 1001 quidem
579 973 689 1000 cavere,
706 966 742 993 ad
757 965 814 994 alia
838 974 905 994 vero
930 965 987 993 sibi

163 1007 251 1035 fidere
267 1009 466 1038 indifferenter
480 1010 565 1038 debet
582 1018 587 1037 :
603 1011 653 1038 sed
670 1019 771 1039 omnes
787 1011 986 1046 omniumque:

162 1052 309 1080 maculam
325 1053 350 1081 ei
366 1056 418 1082 aut
432 1062 535 1090 rugam
552 1055 689 1091 inferunt,
706 1056 875 1083 occasiones
900 1055 985 1091 longe

160 1103 317 1129 removere,
335 1100 368 1125 ut
382 1101 410 1126 et
422 1107 540 1135 corpore
556 1100 632 1128 659
647 1103 749 1128 sancta
764 1100 932 1134 sit,nullnm
949 1101 985 1128 ab

158 1149 190 1169 eo
205 1141 236 1169 in
250 1142 378 1170 animum
402 1143 657 1179 inquinamentum
684 1145 790 1179 ferens,
812 1147 841 1173 et
864 1145 984 1181 spiritu,

159 1186 240 1214 nulla
253 1187 336 1215 illum
353 1188 529 1224 cogitatione
546 1189 772 1217 infuscens.Non
790 1190 868 1217 enim
884 1198 900 1217 a
920 1197 983 1217 cor-

156 1239 227 1266 pore
241 1234 358 1260 tantum
374 1232 404 1259 in
424 1232 554 1260 animam
580 1236 733 1261 transeunt
756 1233 904 1268 libidines,
932 1234 983 1262 sed

157 1276 245 1303 etiam
262 1277 298 1304 ab
313 1277 413 1304 anima
425 1277 543 1305 initium
559 1279 721 1311 sumentes,
739 1278 875 1314 quamvis
891 1278 984 1306 inter-

159 1320 228 1348 dum
245 1329 367 1357 corpora
381 1321 522 1350 inservire
537 1330 594 1349 non
612 1323 792 1358 possint,per
802 1322 985 1359 imaginatio-

159 1371 239 1398 nem,
265 1365 349 1401 quasi
372 1374 425 1401 per
452 1374 574 1402 corpora
595 1369 783 1403 peragantur,
809 1367 985 1403 cogitatione

161 1410 364 1444 perﬁciuntur.
377 1411 629 1443 Quemadmodum
645 1411 722 1439 enim
739 1411 788 1448 qui
805 1412 902 1440 oleum
918 1420 984 1439 cum

161 1461 238 1490 aqua
252 1455 544 1491 miscent,utriusque
559 1456 770 1491 gratiam,dum
785 1456 844 1483 vim
857 1449 989 1484 inferunt

163 1497 219 1526 hoc
236 1498 369 1533 artiﬁcio,
386 1499 518 1534 abolent;
536 1500 563 1528 id
579 1501 654 1536 quod
671 1500 700 1529 in
716 1500 778 1529 oleo
803 1500 986 1528 luminosum

160 1543 204 1570 est
219 1551 303 1578 aqum
319 1543 389 1571 limo
405 1544 567 1579 turbantes,
584 1553 616 1573 ac
632 1554 735 1574 rursus
751 1554 833 1581 aqua:
849 1548 985 1574 naturam

1037 249 1147 288 ἄρρενος
1171 249 1358 289 ἐφαπτόμενον
1383 250 1414 277 οὖ
1437 249 1531 288 χρείαν
1555 249 1612 287 ἔχει
1637 249 1746 284 πολλῆς
1771 249 1858 286 ἐργω-

1037 293 1104 329 δίας,
1122 293 1182 322 οὔτε
1210 296 1260 322 τοῦ
1289 295 1356 332 πρὸς
1385 295 1434 329 τήν
1463 295 1532 331 μίξιν
1561 294 1723 331 ἐμπνέοντος
1739 291 1858 331 ἔρωτος·

1036 338 1109 367 ἀλλὰ
1123 340 1172 374 τὴν
1190 339 1304 377 φυσικὴν
1319 338 1417 377 ἴχοντα
1431 340 1498 376 πρὸς
1514 338 1626 374 ἄλληλα
1641 338 1743 376 σχέσιν,
1761 339 1818 374 ἅμα
1832 349 1860 365 τε

1036 384 1136 420 ἥψατο,
1152 384 1197 411 καὶ
1213 383 1312 415 εὐθέως
1329 383 1386 421 ἔχει
1404 383 1581 422 ἐντυφὸμενον
1597 383 1666 410 κατὰ
1686 383 1716 410 τὸ
1742 382 1862 418 λεληθὸς

1036 431 1086 462 τῆς
1102 428 1204 464 ἡδονῆς
1219 429 1265 456 τὸν
1284 429 1430 466 σπινθῆρα.
1452 429 1501 455 Διὰ
1523 430 1614 462 τοῦτο,
1631 428 1722 466 φησὶν,
1738 425 1862 461 Ἀποδη-

1037 484 1077 500 σει
1102 484 1143 504 τις
1171 475 1225 510 πῦρ
1255 472 1280 500 ἐν
1310 472 1418 509 κόλπῳ,
1434 472 1467 500 τὰ
1492 471 1520 499 δὲ
1547 472 1645 509 ἱμάτια
1670 472 1701 499 οὐ
1727 471 1862 499 κατακαύ-

1038 517 1131 552 σει;ἢ
1161 518 1339 555 περιπατήσει
1366 528 1407 548 τις
1436 517 1477 545 ἐπ’
1506 517 1642 554 ἀνθράκων
1671 516 1768 554 πυρὸς,
1799 516 1864 546 τοὺς

1039 561 1067 590 δὲ
1095 561 1182 594 πόδας
1212 562 1242 590 οὐ
1281 561 1462 596 xci-ramosa;
1493 561 1586 592 Οὕτως
1614 560 1664 588 οὐκ
1701 561 1864 596 ἀθωωθήσε-

1037 617 1082 634 ται
1105 610 1158 639 πᾶς
1179 608 1193 635 ὁ
1220 607 1371 643 ἁπτόμενος
1393 606 1528 645 γυναικός.
1546 605 1577 634 Εἰ
1604 604 1633 632 δὶ
1661 605 1754 632 ἑαυτὸν
1782 604 1865 642 παρέ-

1041 651 1124 679 ἳωκεν
1166 652 1231 690 ὑπὲρ
1269 653 1320 686 τῆς
1358 651 1468 688 νύμφης
1506 651 1519 678 ὁ
1555 650 1669 687 Κύριος,
1694 649 1740 676 ἵνα
1778 649 1863 683 αὐτὴν

1040 697 1137 735 ἁγιάσῃ
1162 696 1308 734 καθαρίσας
1333 698 1372 732 τῷ
1391 694 1562 734 λουτρῷτοῦ
1588 694 1695 730 ὕδατος,
1712 693 1757 722 καὶ
1781 704 1867 730 παρα-

1041 743 1127 779 στήσῃ
1157 742 1237 772 αὐτὸς
1267 742 1353 777 ἑαυτῷ
1386 739 1491 775 ἔνδοξον
1529 739 1641 775 ταύτην,
1672 739 1710 775 μὴ
1746 737 1864 776 ἔχουσαν

1040 785 1151 822 σπῖλον,
1167 786 1185 821 ἢ
1203 784 1307 824 ῥυτίδα,
1323 784 1341 820 ἤ
1356 795 1382 812 τι
1397 787 1450 812 τῶν
1474 783 1618 818 τοιούτων,
1631 782 1695 811 ἀλλ’
1707 781 1754 810 τίνα
1768 782 1786 820 ᾖ
1803 783 1865 821 ἁγία

1040 832 1085 859 καὶ
1102 832 1220 867 ἄμωμος
1235 831 1278 858 καὶ
1296 830 1402 867 σώματι
1417 829 1462 856 καὶ
1484 829 1629 865 πνεύματι·
1642 828 1687 856 καὶ
1712 826 1756 855 διὰ
1783 829 1864 855 τοῦτο

1044 878 1172 913 μεριμνᾷν
1189 876 1206 910 ἡ
1223 874 1352 912 παρθένος
1369 873 1481 913 ὀφείλει,
1498 875 1557 904 πῶς
1583 873 1672 910 ἀρὲσει
1695 875 1735 908 τῷ
1761 871 1866 909 Κυρίῳ,

1039 919 1085 948 ἵνα
1099 920 1117 957 ᾖ
1133 919 1192 956 ἁγία
1207 919 1251 946 καὶ
1266 921 1305 955 τῷ
1317 919 1423 955 σώματι
1440 918 1484 946 καὶ
1498 920 1538 954 τῷ
1552 916 1695 954 πνεύματι.

1076 966 1120 992 46.
1138 964 1209 1002 Οὐχὶ
1224 963 1288 992 τάδε
1312 964 1359 1000 μὲν
1382 962 1560 1002 φυλάττεσθαι
1587 960 1637 998 δεῖ,
1652 964 1706 989 τῶν
1732 959 1762 989 δὲ
1782 971 1866 988 κατα-

1040 1009 1145 1046 τολμᾷν
1172 1007 1325 1048 ἀδιαφόρως
1351 1007 1470 1046 ὀφείλει·
1494 1006 1566 1034 ἀλλᾶ
1587 1005 1673 1038 πάσας
1698 1005 1867 1041 ἁπαξαπλῶς

1039 1055 1087 1086 τὰς
1104 1053 1252 1084 σπιλούσας
1268 1053 1350 1087 αὐτὴν
1370 1053 1388 1088 ἢ
1413 1050 1522 1090 ῥυτίδας
1545 1050 1711 1087 ἐμποιούσαις
1737 1050 1866 1088 ἀφορμὰς

1039 1099 1178 1138 πόρρωθεν
1196 1095 1441 1131 ἀναστέλλειν,¹ίνα
1513 1095 1576 1133 ἁγία
1603 1095 1647 1122 καὶ
1676 1097 1715 1130 τῷ
1744 1094 1865 1131 σώματι,

1041 1142 1124 1180 μηδὲν
1139 1143 1192 1171 ἀπὸ
1207 1142 1305 1170 τούτου
1329 1140 1373 1169 ἐπὶ
1397 1141 1446 1176 τὴν
1470 1140 1562 1178 ψυχὴν
1590 1137 1718 1176 μόλυσμα
1733 1138 1865 1178 φέρουσα,

1037 1187 1082 1215 καὶ
1095 1190 1134 1224 τῷ
1148 1187 1292 1224 πνεύματι,
1311 1184 1408 1223 μηδενὶ
1429 1186 1548 1221 νοήματι
1569 1186 1649 1211 τοῦτο
1676 1182 1806 1215 θολοῦσα.
1824 1183 1865 1211 Οὐ

1038 1234 1090 1271 γὰρ
1107 1233 1159 1260 ἀπὸ
1175 1233 1300 1269 σώματος
1317 1230 1398 1268 μόνον
1415 1229 1458 1257 ἐπὶ
1472 1229 1563 1266 ψυχὴν
1583 1225 1715 1255 διαϐαίνει
1727 1227 1760 1254 τὰ
1775 1227 1864 1263 πάθη,

1038 1276 1170 1305 ἀλλὰκαὶ
1196 1276 1249 1304 ἀπὸ
1273 1277 1368 1313 ψυχῆρ
1385 1274 1535 1312 ἀρχόμενα,
1551 1272 1596 1300 καὶ
1627 1273 1665 1309 μὴ
1695 1271 1865 1308 δυναμένων,

1039 1321 1122 1360 φημὶ,
1138 1319 1192 1353 ἔσθ’
1216 1320 1260 1348 ὅτε
1284 1321 1426 1357 ὑπουργεῖν
1451 1320 1504 1345 τῶν
1532 1316 1676 1353 σωμάτων,
1704 1317 1773 1343 κατὰ
1799 1326 1866 1351 φαν-

1037 1366 1141 1401 τασίαν,
1158 1366 1195 1397 ὡς
1219 1364 1263 1393 διὰ
1292 1364 1424 1401 σωμάτων
1451 1362 1633 1401 ἂνεργούμενα
1648 1360 1675 1388 ἄν
1696 1362 1731 1398 τῇ
1758 1359 1868 1396 διανοίᾳ

1038 1410 1277 1449 τελεσιουργεῖται.
1295 1410 1339 1440 Ὡς
1355 1409 1406 1446 γὰρ
1421 1407 1446 1435 οὶ
1462 1407 1493 1435 τὸ
1509 1405 1582 1443 ὕδωρ
1607 1406 1675 1442 μετὰ
1697 1407 1746 1432 τοῦ
1771 1404 1868 1432 ίλαίου

1039 1456 1184 1490 κυκῶντες,
1195 1455 1244 1489 τὴν
1259 1453 1386 1492 ἑκατέρου
1402 1453 1482 1490 χάριν
1509 1453 1543 1488 τῇ
1569 1450 1678 1486 ἐπινοίᾳ
1693 1449 1868 1487 βιαζόμενοι,

1041 1500 1197 1539 ἀφανίζουσι
1211 1501 1259 1527 toﬁ
1271 1509 1299 1526 τε
1315 1497 1409 1526 ἐλαίου
1428 1497 1458 1524 τὸ
1475 1494 1620 1535 φωτοειδὲς
1634 1496 1674 1530 τῷ
1690 1492 1805 1539 ἰλυῴδει
1819 1496 1869 1521 τοῦ

1041 1537 1136 1576 ὕδατος
1166 1544 1401 1582 συνταράσσοντες,
1431 1541 1476 1568 καὶ
1504 1542 1552 1567 τοῦ
1582 1538 1678 1570 ὕδατος
1716 1537 1792 1570 αὖθις
1815 1539 1867 1573 τήν

158 1587 349 1621 permistione
363 1587 417 1615 olei
434 1588 688 1624 inquinanteszsic
703 1590 752 1625 qui
770 1590 900 1618 animam
917 1598 983 1618 cum

1042 1590 1118 1629 φύσιν
1140 1591 1174 1626 τῇ
1191 1587 1339 1626 συμπλοκῇ
1361 1588 1410 1614 τοῦ
1435 1585 1526 1613 ἐλαίου
1554 1583 1707 1615 θολοῦντες·
1725 1582 1813 1614 οὕτως
1840 1583 1869 1610 οἳ

158 1639 278 1667 corpore
294 1640 344 1667 per
359 1632 497 1661 libidines
509 1634 790 1670 commiscent,quod
808 1635 926 1671 utrique
943 1634 987 1662 in-

159 1676 253 1703 estad
269 1675 358 1704 vitam
374 1676 456 1710 utile,
473 1685 560 1712 prave
574 1681 709 1706 evertunt
726 1688 732 1707 :
750 1679 890 1713 animam,
921 1687 985 1715 quae

158 1718 308 1748 luminosa
321 1722 365 1748 est
378 1723 407 1748 et
420 1721 660 1757 splendida,limo
674 1723 835 1751 carnalium
852 1731 886 1751 ex
900 1723 984 1751 volu-

160 1765 237 1800 ptate
252 1765 410 1793 libidinum
425 1768 485 1793 tam
502 1766 669 1802 inquinant,
684 1770 711 1795 et
729 1768 804 1803 quod
821 1768 850 1795 in
867 1776 987 1803 corpore

161 1817 267 1845 purum
284 1818 316 1837 ac
331 1810 458 1838 nitidum
475 1813 529 1845 est,
547 1811 601 1838 hac
628 1812 740 1840 ratione
763 1812 985 1848 permiscentes,

161 1853 265 1882 inutile
280 1854 354 1882 illud
371 1855 407 1882 ad
423 1855 514 1883 vitam
524 1855 723 1884 efﬁciunt.Sed
736 1857 986 1892 quemadmodum

162 1899 317 1926 commista
332 1900 407 1926 inter
418 1907 448 1926 se
458 1899 554 1927 oleum
567 1902 594 1928 et
605 1909 682 1936 aqua
691 1901 854 1929 naturalem
861 1901 986 1938 gratiam

162 1945 295 1970 evertunt
311 1951 318 1970 :
336 1943 488 1971 recedente
503 1946 600 1972 autem
616 1952 718 1973 eorum
739 1945 878 1982 tumultu,
905 1946 986 1982 quie-

161 1987 222 2014 tem
239 1989 325 2015 nacta
340 1990 515 2023 separantur
539 1989 657 2024 quidem
682 1990 718 2018 ab
744 1990 879 2026 invicem,
904 1993 933 2019 et
956 1991 986 2019 in

161 2031 310 2067 propriam
325 2033 483 2069 utrumque
500 2036 645 2068 naturam,
663 2034 733 2062 dum
750 2036 779 2062 in
795 2035 987 2072 semetipsum

162 2076 320 2113 colligitur,
337 2078 471 2113 recurrit,
487 2087 518 2106 ac
533 2088 638 2114 purum
655 2088 735 2115 aqua:
751 2081 860 2108 insidet
879 2081 987 2116 oleum,

162 2128 238 2157 aqua
264 2130 330 2150 vero
353 2123 537 2159 perlucidum
555 2124 587 2152 ﬁt
602 2124 681 2152 illius
697 2125 864 2153 vehiculum
882 2134 887 2153 :
905 2125 946 2153 ita
960 2127 989 2153 et

161 2166 260 2194 anima
275 2168 303 2194 et
316 2175 434 2203 corpus,
446 2167 470 2196 si
484 2169 731 2197 commisceantur
746 2169 822 2196 inter
835 2178 865 2197 se
877 2169 988 2198 mutuis

161 2210 404 2248 vitiis,propriam
421 2214 579 2248 utrumque
595 2216 729 2242 naturam
742 2214 778 2242 ab
790 2214 881 2243 altero
894 2214 989 2250 inqui-

164 2256 267 2305 natum
292 2257 470 2292 corrumpit;
497 2258 547 2285 sed
572 2258 815 2294 tranquillitatem
838 2262 938 2305 nacta,
959 2259 988 2287 in
1006 2273 1028 2305 D

166 2299 315 2336 propriam
331 2303 467 2329 naturam
480 2303 634 2331 redeuntia
649 2306 832 2339 separentur,
845 2313 878 2332 ac
893 2304 992 2332 anima

167 2344 298 2380 quidem,
314 2345 394 2373 velut
409 2347 511 2383 auriga
526 2347 673 2376 luminosa
695 2357 748 2376 sua
773 2349 992 2385 pulchritudine

167 2389 293 2425 desuper
306 2390 463 2426 atl‘ulgente
488 2400 594 2428 corpus
619 2392 762 2427 illustrat;
786 2402 892 2430 corpus
913 2402 991 2427 vero,

166 2434 267 2469 utpote
277 2442 374 2470 grave,
390 2436 559 2465 subsidiens
571 2437 650 2466 illius
667 2438 812 2474 dignitati,
824 2438 992 2467 vehiculum

166 2477 246 2506 illius
263 2478 295 2507 ﬁt
308 2479 344 2507 ad
359 2487 432 2508 usus
447 2482 638 2511 necessarios.

201 2567 245 2596 47.
262 2568 335 2597 Cum
351 2569 442 2606 igitur
457 2572 590 2599 naturam
622 2580 705 2599 suam
729 2572 770 2600 ita
794 2575 992 2608 comparatam

167 2618 231 2641 esse
245 2613 326 2650 virgo
339 2613 591 2652 intelligat,neque
606 2616 642 2644 iis
658 2625 722 2652 quae
735 2625 769 2644 ex
784 2625 870 2645 carne
894 2618 993 2645 oriun-

166 2658 217 2685 tur
229 2658 307 2687 vitiis
323 2659 423 2688 lumen
439 2661 548 2688 mentis
564 2661 761 2695 conturbabit,
771 2669 861 2698 neque
877 2662 914 2690 iis
931 2670 993 2698 quea

1038 1635 1087 1669 τήν
1105 1634 1197 1672 ψυχὴν
1210 1635 1250 1669 τῷ
1265 1633 1371 1669 σώματι
1389 1630 1434 1658 διὰ
1460 1632 1514 1657 τῶν
1540 1631 1634 1660 παθῶν
1665 1630 1868 1666 συγκυκῶντες,

1039 1671 1165 1716 ἑκατέρου
1180 1679 1236 1714 (78)
1250 1677 1281 1705 τὸ
1296 1677 1364 1714 πρὸς
1382 1675 1428 1703 τὸν
1446 1674 1503 1712 βίον
1524 1671 1656 1712 χρειῶδες
1679 1674 1771 1704 κακῶς
1798 1672 1869 1716 ᾇφα-

1039 1715 1152 1758 νίζουσι,
1165 1724 1215 1758 τήν
1231 1732 1259 1749 τε
1275 1722 1367 1759 ψυχὴν
1395 1717 1531 1759 φωτοειδῆ
1556 1718 1601 1745 καὶ
1631 1716 1759 1755 λαμπρὰν
1787 1715 1870 1743 οὖσαν

1040 1770 1073 1805 τῇ
1090 1767 1148 1795 ῐλύϊ
1162 1769 1215 1794 τῶν
1230 1768 1363 1803 σαρκικῶν
1380 1765 1406 1800 ἐξ
1421 1763 1523 1799 ἡδονῆς
1542 1763 1634 1790 παθῶν
1653 1760 1721 1797 ὅλην
1750 1760 1868 1805 θολοῦν-

1039 1823 1094 1847 τες,
1111 1811 1156 1840 καὶ
1171 1813 1219 1838 τοῦ
1233 1812 1359 1847 σώματος
1372 1810 1402 1837 τὸ
1416 1808 1532 1846 καθαρὸν
1548 1807 1594 1834 καὶ
1610 1805 1717 1843 διαυγὶς
1732 1807 1772 1842 τῷ
1788 1804 1869 1843 λόγῳ

1040 1857 1129 1894 τούτῳ
1151 1855 1342 1893 ἀναφύρουσιν,
1359 1854 1470 1892 ἀχρεῖον
1490 1852 1559 1891 πρὸς
1584 1852 1630 1879 τὸν
1657 1850 1716 1888 βίον
1742 1848 1869 1878 δεικνύν-

1040 1912 1094 1933 τες.
1111 1901 1188 1931 Ἀλλ’
1204 1901 1293 1938 ὥσπερ
1309 1899 1454 1936 κυκώμενα
1471 1898 1528 1934 μετ’
1543 1895 1676 1932 ἀλλήλων
1702 1894 1792 1938 ἐκεῖνα
1817 1895 1868 1929 τὴν

1041 1947 1156 1985 φυσικὴν
1173 1946 1254 1984 χάριν
1280 1937 1446 1972 νάπόλλυσιν-
1466 1942 1694 1985 ἀναχωρήσαντος
1722 1937 1751 1967 δὲ
1779 1938 1868 1985 αὐτῶν

1040 1983 1088 2019 τοῦ
1111 1992 1245 2028 ταράχου,
1269 1988 1387 2028 ἠρεμίας
1417 1986 1610 2025 μεταλαχόντα
1637 1983 1787 2012 διίστανται
1819 1984 1868 2021 μὲν

1042 2036 1087 2063 ἀπ’
1102 2034 1247 2070 ἀλλήλων,
1263 2033 1301 2065 εἷς
1319 2033 1347 2060 δὲ
1363 2033 1411 2067 τήν
1430 2031 1532 2059 οἰκείαν
1553 2029 1676 2067 ἑκάτερον
1693 2029 1773 2067 φύσιν
1800 2029 1870 2066 πρὸς

1042 2081 1121 2108 ἑαυτὸ
1137 2079 1320 2117 συναγόμενον
1335 2077 1488 2115 ἀνατρέχει,
1504 2076 1535 2103 τὸ
1562 2075 1608 2112 μὲν
1634 2073 1725 2117 ἔλαιον
1749 2074 1868 2109 καθαρὸν

1041 2127 1081 2160 τῷ
1096 2123 1173 2152 ὕδατι
1190 2116 1325 2162 ἰῴιζάνον,
1337 2123 1368 2150 τὸ
1384 2121 1412 2150 δὲ
1427 2120 1499 2158 ὕδωρ
1522 2118 1621 2155 διειδὶς
1649 2116 1746 2156 ὄχημα
1769 2117 1869 2145 τούτου

1042 2167 1195 2208 γινόμενον·
1208 2169 1280 2197 οὕτω
1294 2168 1339 2196 καὶ
1355 2169 1372 2203 ἡ
1388 2167 1465 2205 ψυχὴ
1486 2165 1532 2194 καὶ
1552 2165 1582 2192 τὸ
1612 2166 1702 2201 σῶμα,
1721 2164 1870 2208 κυκιίιμενα

1045 2207 1092 2252 μὶν
1108 2217 1166 2246 τοῖς
1183 2214 1208 2250 ἐξ
1219 2212 1352 2249 ἀλλήλων
1366 2212 1461 2244 πάθεσι
1479 2210 1536 2247 μετ’
1551 2207 1752 2252 ἆλλήλων,τὴν
1767 2207 1869 2235 οἰκείαν

1044 2259 1122 2298 φύσιν
1139 2258 1263 2297 ἑκάτερον
1286 2258 1359 2296 παρᾶ
1380 2255 1491 2293 θατέρου
1516 2253 1684 2290 θολούμενον
1708 2251 1869 2298 διαφθείρει·

1046 2297 1163 2342 ἠρεμίας
1187 2302 1216 2331 δὲ
1235 2301 1438 2336 ἀπολαύσαντα,
1461 2299 1499 2331 είς
1524 2299 1574 2334 τὴν
1600 2297 1699 2326 οἰκείαν
1717 2297 1796 2342 φύσιν
1811 2307 1870 2335 χω-

1047 2340 1170 2387 ρισθέντα
1197 2347 1356 2381 διίστανται,
1374 2347 1391 2380 ὴ
1420 2346 1468 2382 μὶν
1495 2344 1583 2382 ψυχὴ,
1599 2341 1716 2387 καθάπερ
1741 2340 1871 2380 ἡνίοχος,

1046 2386 1077 2421 τὸ
1105 2391 1250 2432 φωτοειδὲς
1279 2393 1375 2426 ἑαυτῆς
1404 2389 1508 2420 κάλλος
1534 2387 1636 2432 ἄνωθεν
1659 2386 1818 2432 ἐπιλαμπον
1832 2388 1872 2432 τῷ

1048 2430 1154 2475 σώματι
1181 2438 1321 2477 φαίνουσα·
1341 2436 1373 2464 τὸ
1403 2434 1431 2462 δὲ
1455 2436 1544 2471 σῶμα,
1568 2433 1605 2464 ὡς
1625 2431 1655 2459 ἂν
1683 2430 1751 2470 βαρὺ
1778 2431 1872 2477 ιδφιζᾴ-

1046 2493 1092 2510 νον
1110 2483 1156 2520 μὶν
1243 2481 1344 2517 ταύτης
1371 2479 1440 2516 ἀξίᾳ,
1457 2477 1552 2516 ὄχημα
1581 2477 1610 2505 δὶ
1638 2477 1707 2513 αὐτῇ
1735 2475 1806 2514 πρὸς
1822 2475 1872 2509 τήν

1048 2528 1159 2555 ἐνταῦθα
1174 2526 1267 2565 χρείαν
1282 2525 1434 2564 γινόμενον.

1084 2574 1128 2601 47.
1143 2571 1246 2600 Οὐκοῦν
1273 2569 1396 2599 τοιοῦτόν
1425 2579 1452 2597 τι
1485 2565 1633 2606 συμϐαῖνον
1657 2565 1683 2594 ἐν
1711 2567 1746 2603 τῇ
1776 2565 1875 2600 ἱαυτῆς

1049 2616 1125 2655 φύσει
1141 2617 1158 2651 ἡ
1175 2616 1307 2654 παρθένος
1322 2614 1428 2651 ἷδοῦοα,
1444 2612 1505 2642 οὔτε
1517 2615 1576 2644 τοῖς
1599 2611 1629 2639 ἐκ
1653 2610 1752 2655 σαρκὸς
1777 2609 1874 2655 πάθεσι

1049 2654 1080 2689 τὸ
1105 2665 1155 2697 τῆς
1178 2663 1270 2700 ψυχῆς
1295 2660 1427 2700 φωτεινὸν
1453 2657 1626 2697 συνταράξει,
1649 2654 1714 2684 οὕτε
1736 2657 1798 2687 τοῖς
1822 2654 1875 2682 ἀπὸ

207 2716 229 2734 ³³
245 2716 326 2746 Prov.
342 2725 382 2754 vx,
395 2718 490 2746 27-29.
527 2718 549 2740 ⁸⁴
564 2718 671 2754 Ephes.
686 2727 715 2753 v,
731 2719 826 2748 25-28.
864 2720 886 2737 ⁸⁵
900 2720 912 2748 Ι
927 2720 990 2748 Cor.

1042 2729 1058 2755 l,
1074 2721 1119 2756 32,
1135 2721 1180 2749 34.

207 2774 263 2815 (Ἰβ)
291 2775 447 2814 Ἐκατὲρρυ.
476 2777 523 2805 sic
553 2777 666 2806 codices
701 2786 759 2806 non
791 2778 889 2815 pauci.
916 2778 972 2808 Alii

1043 2787 1073 2808 m
1105 2779 1231 2809 editione
1263 2779 1385 2814 Veneta,
1411 2776 1532 2806 ὲκατὲοα.
1565 2773 1742 2805 Parisiensis
1774 2771 1877 2807 editio,

172 2806 313 2839 ικὰτὲὸων.
