2010 3145
99 160 151 190 761

704 156 822 187 LIBER
843 155 894 186 DE
916 155 1188 188 VIRGINITATE.

1736 152 1797 183 768

100 227 185 262 ψυχῆς
215 223 308 261 ἔχουσι
336 223 384 258 τὴν
400 223 490 261 ἀρχὴν
504 225 613 260 συγχεῖν
642 222 673 249 τὸ
697 222 794 256 ἑαυτῆς
809 220 912 252 κάλλος

970 231 1002 250 ex
1017 224 1126 258 anima,
1142 223 1391 260 pulchritudinem
1403 229 1487 250 suam
1499 221 1638 250 infuscari
1647 220 1787 257 patietur;

103 269 218 304 ὶνὲξεται·
237 267 299 296 ἁλλ’
315 267 438 305 ἑκάτερον
455 267 482 295 ἐν
498 269 531 304 τῇ
556 266 611 303 ἰδίᾳ
637 267 718 305 χώρᾳ
731 277 760 294 τε
774 267 820 294 καὶ
844 265 917 302 τάξει

101 314 140 341 καὶ
155 312 234 351 χρείᾳ
248 313 306 340 καθ’
331 311 448 350 ἡσυχίαν
469 311 651 351 φυλάττουσα,
669 311 777 348 εἰρήνην
795 311 842 347 μὶν
858 313 916 341 τοῖς

103 359 185 395 μέρεσι
213 358 270 394 (79)
299 357 365 393 μετὰ
389 356 484 396 σοφίας
515 353 667 394 βραϐεύσει,
703 355 729 382 ἐν
757 355 860 393 ἠρεμίᾳ
888 354 917 382 δὲ

104 402 182 439 μένειν
197 402 253 438 (80)
277 401 321 428 καὶ
335 401 426 438 ψυχὴν
451 400 496 427 καὶ
519 402 598 436 σῶμα
627 399 694 427 κατᾶ
723 399 801 437 φύσιν
831 399 916 434 ἀσκή-

103 457 169 481 σασα,
183 446 214 473 τὸ
228 445 255 480 ἒξ
270 446 373 484 ἀμφοῖν
387 444 547 482 ἐναρμόνιον
571 443 642 475 εἶδος
666 444 782 481 καθαρὸν
815 442 916 471 ἐπιδιε-

102 491 185 526 Ecqui
211 489 259 526 μὶν
289 488 435 527 φωτοειδὲς
463 493 514 524 τῆς
537 490 628 527 ψυχῆς
648 490 800 525 ἀκύμαντον
814 498 844 515 τι
871 488 914 515 καὶ

101 534 230 567 ἀθόλωτον
260 533 355 562 διόλου
383 533 565 573 φυλάττουσα,
602 534 634 561 τὸ
664 532 692 560 δὶ
714 535 762 560 τοῦ
789 533 916 569 σώματος

101 577 163 607 εἶδος
178 579 277 610 παντὸς
293 579 441 616 κινήμαιος
465 581 514 606 τοῦ
535 578 560 615 ἐξ
587 577 693 613 ἡδονῶν
725 575 917 616 βορϐορώδους

101 624 205 660 καθαρὸν
241 624 395 659 ἀσκητικιῖκ
437 625 607 661 συντηροῦσα
624 644 631 651 .
669 624 756 659 Σῶμα
786 622 833 659 μὶν
863 622 915 660 γὰρ

100 666 305 706 γαστριμαργίαν
333 668 376 695 καὶ
408 668 492 704 μίθην
519 667 564 695 καὶ
602 668 649 706 τᾲς
677 667 747 704 πρὸς
774 667 914 695 συνουσίαν

100 704 189 747 ηόονᾶς
205 704 404 750 βρασσόμενον,
433 712 501 739 κατᾶ
524 715 572 740 τοῦ
600 704 722 743 κᾶλλους
750 713 800 746 τῆς
822 713 916 750 ψυχῆς

102 756 247 784 ἀναδίδωσι·
277 758 355 794 ψυχὴ
382 755 410 784 δὲ
436 755 519 792 ζῆλόν
542 767 571 784 τε
586 756 631 784 καὶ
647 757 742 794 ὀργὴν,
774 755 914 794 ὑπόκρισίν

100 801 174 829 τεκαὶ
189 801 289 840 ἔχθραν
310 801 355 828 ὐπ’
377 801 530 840 ἀφροσύνης
555 803 610 838 (81)
640 800 811 838 κλονουμᾶνη
842 801 916 840 φέρει

102 847 159 874 κατὰ
184 849 232 874 τοῦ
262 847 401 883 σώματος.
428 847 477 873 Καὶ
504 843 574 873 ἔστιν
590 846 634 874 ὅτε
649 844 726 885 φόϐῳ
736 848 790 874 τῶν
807 845 836 873 ἐκ
851 856 916 884 σαρ-

101 891 141 922 κὸς
153 891 243 918 παθῶν
272 891 410 926 νηστείαις
438 891 483 918 καὶ
511 890 732 928 σκληραγωγίαις
755 890 916 927 τὰσώματα

102 936 161 972 πρὸς
180 934 238 963 ’(δια
263 936 299 963 τὰ
321 936 394 970 πάθη
425 935 618 974 νεκρώσαντες,
646 935 679 963 τὰ
707 937 800 973 ψυχῆς
818 935 874 962 ἴδια
888 935 914 962 ἓν

101 979 175 1016 νωιρῷ
189 981 297 1017 σώματι
322 980 515 1018 περιφερομεν,
543 980 580 1011 ὡς
596 980 706 1012 αὐτόθεν
735 979 766 1008 τὸ
789 979 914 1018 χωλεῦον

101 1025 159 1062 πρὸς
171 1024 329 1060 τελειότητα
344 1025 493 1063 φαίνεσθαι¹
528 1024 569 1052 ὅτι
583 1026 638 1062 (82)
666 1025 698 1052 τὸ
712 1023 802 1062 ἕτερον
826 1024 914 1062 χωρὶς

100 1071 141 1096 τοῦ
179 1070 270 1108 ἑτέρου
309 1069 490 1106 κατορθωθὶν,
531 1069 623 1100 ἀτελὲς
649 1069 717 1106 πρὸς
745 1070 796 1104 τήν
823 1070 913 1105 ἀληθῆ

102 1114 186 1150 ἀρετὴν
199 1114 229 1141 τὸ
244 1111 324 1152 ἔργον
341 1113 462 1151 ὶλέγχιι.
492 1111 561 1142 Οὔτε
585 1113 635 1151 γὰρ
650 1113 683 1140 τὰ
698 1114 824 1150 σώματος
839 1113 912 1149 πάθη

101 1156 139 1184 διὰ
150 1160 278 1193 νηστειῶν
295 1157 463 1195 ἐκτεμόντες,
479 1158 528 1192 τὴν
546 1157 574 1185 δὲ
599 1158 691 1196 ψυχήν
715 1161 772 1188 τοῖς
788 1156 868 1189 ἰδίοις
884 1157 914 1185 ἐκ

102 1201 177 1237 ζήλου
190 1202 234 1230 καὶ
261 1202 430 1238 ὑποκρίσεως
450 1202 496 1229 καὶ
524 1204 577 1229 τῶν
610 1201 703 1229 ἄλλων
720 1204 812 1234 παθῶν
836 1203 914 1238 κινή-

103 1257 158 1281 μασι
194 1246 387 1283 τιθολωμένην
428 1246 634 1280 καταλιπόντες,
677 1247 817 1284 χρήσιμον
845 1247 913 1285 πρὸς

102 1290 186 1328 ἀρετὴν
198 1292 246 1326 τὴν
262 1293 313 1318 τοῦ
330 1291 458 1327 σώματος
473 1290 586 1326 ἄσκησιν
612 1289 763 1328 δείκνυμεν.
781 1289 850 1320 Οὔτε
863 1292 913 1326 τήν

101 1336 181 1372 ψυχὴν
194 1338 247 1363 τῶν
260 1334 339 1363 ῒδίων
363 1336 530 1372 παθημάτων
556 1336 729 1373 καθάραντες,
744 1336 775 1363 τὸ
791 1335 819 1363 δὶ
834 1337 915 1372 σῶμα

102 1379 184 1418 ἂφιτον
197 1380 265 1417 πρὸς
291 1380 338 1412 τὰς
360 1380 459 1417 σαρκὸς
474 1381 530 1417 (83)
543 1379 644 1414 ἡδονὰς
670 1381 715 1408 καὶ
739 1381 789 1415 τὴν
811 1380 912 1415 λοιπὴν

102 1425 186 1461 θρύψιν
211 1425 333 1463 ἀφίντες,
360 1423 407 1452 κᾶν
437 1425 475 1461 μὴ
491 1426 564 1462 παρῇ
580 1426 598 1460 ὴ
623 1425 691 1463 πρὸς
706 1425 832 1462 πορνείαν
849 1426 913 1452 ἁκο-

103 1467 182 1504 λασία,
208 1469 316 1497 τέλειον
337 1469 383 1496 τὸν
398 1469 466 1506 πρὸς
481 1470 579 1507 ἀρετὴν
598 1469 658 1507 βίον
671 1470 752 1506 ἡμῶν
769 1468 853 1505 ὃιῖξαι
882 1468 913 1497 οὐ

102 1510 231 1550 δυνάμεθα.
257 1512 349 1542 Ἀλλὰ
365 1512 406 1541 διῖ
427 1513 473 1541 τὸν
492 1512 630 1551 μέλλοντα
645 1514 745 1545 παντὸς
769 1513 912 1551 μολυσμοῦ

100 1558 202 1595 καθαρὸν
229 1558 276 1586 τὸν
307 1561 359 1593 τῆς
388 1558 486 1596 ἀριτῆς
515 1557 618 1596 δρόμον
645 1557 792 1596 δεικνύναι,
815 1561 856 1594 τῷ
883 1569 913 1587 τι

99 1601 157 1629 κατᾶ
179 1603 272 1640 ψυχὴν
301 1601 380 1638 καλῷ
408 1601 580 1640 προστιθεναι
607 1603 700 1630 καὶτὰ
723 1602 771 1631 τοῦ
787 1603 914 1640 σώματος
928 1597 950 1631 C

101 1646 182 1683 ἀγαθὰ,
205 1647 326 1678 καὶτοῖς
340 1646 408 1674 κατὰ
422 1647 454 1675 τὸ
483 1649 562 1684 σῶμα
591 1648 745 1683 ἀσκητικῶς
772 1649 914 1683 πονηθεῖσι

100 1691 127 1717 τὶ
138 1694 182 1726 τῆς
205 1692 299 1729 ψυχῆς
324 1691 524 1730 κατορθώματα
549 1695 750 1730 συμφωνοῦντα
766 1691 912 1722 δεικνύναι.

101 1733 157 1763 0'51:
170 1736 217 1774 γὶρ
233 1735 387 1769 ἀνύπουλος
402 1737 446 1764 καὶ
463 1736 568 1772 ἀληθὴς
596 1737 610 1764 ὁ
638 1738 697 1775 βίος
726 1736 913 1776 ἁναδειχθδίη,

102 1779 217 1816 ἁρμονίαν
232 1783 288 1808 τῶν
304 1783 354 1816 τῆς
369 1782 462 1819 ψυχῆς
490 1791 519 1808 τε
533 1781 577 1809 καὶ
594 1781 722 1819 σώματος
748 1781 839 1819 μιλῶν
868 1782 913 1810 καὶ

101 1825 244 1863 ωμφωνῖαν
269 1825 338 1863 πρὸς
368 1824 482 1861 ἄλληλα
510 1827 548 1863 μὴ
578 1825 711 1864 ἐχόντων.
740 1826 852 1862 Ἐπειδὴ
868 1827 913 1855 καὶ

99 1867 237 1908 ἀμήχανον,
267 1870 357 1907 οἶμαι,
385 1871 419 1898 τά
447 1881 477 1898 τι
504 1870 573 1898 κατὰ
599 1872 691 1909 ψυχὴν
707 1873 912 1910 κατορθωθῆναι

99 1911 168 1948 καλὰ,
195 1917 248 1942 τῶν
276 1914 345 1942 κατὰ
373 1916 453 1951 σῶμα
483 1913 697 1951 ἰμποδιζόντων·
727 1916 761 1944 τά
788 1927 817 1944 τι
845 1917 914 1944 κατὰ

100 1959 167 1994 σῶμα
193 1962 320 1998 παρεῖναι
334 1959 416 1994 καλὰ,
434 1959 472 1996 μὴ
489 1959 706 1998 προηγουμινιην
721 1963 775 1988 τῶν
792 1960 820 1988 ἐτ
834 1963 912 1999 ψυχῇ

100 2000 201 2038 ἀγαθῶν.
218 2003 308 2032 Ἀλλὰ
323 2002 365 2031 8ιῖ
379 2005 471 2042 ψυχήν
487 2014 517 2031 τι
530 2004 613 2039 αὐτὴν
635 2005 703 2043 πρὸς
729 2005 826 2040 ἑαυτήν
847 2015 914 2042 συμ-

100 2047 255 2087 γωνήσασςιν,
276 2048 320 2075 κοὶ
350 2048 496 2087 σύμφωνον
525 2048 557 2076 τὸ
574 2051 655 2085 σῶμα
668 2049 738 2086 πρὸς
753 2050 850 2085 ἑαυτὴν
867 2048 913 2077 λα-

100 2086 196 2128 ϐοῦσαν,
216 2092 288 2120 οὕτω
311 2086 419 2120 τέλειον
446 2092 471 2128 ἐξ
502 2093 663 2132 ἀμφοτέρων
693 2096 786 2133 ψυχῆς
810 2105 839 2122 τε
867 2093 912 2123 καὶ

101 2134 212 2170 σώματος
250 2137 320 2175 πρὸς
357 2135 403 2164 ἓνα
441 2136 542 2176 δρόμον
572 2137 703 2170 εὐπειθῶς
730 2139 911 2176 κινουμένων,

101 2176 215 2216 ιπιδιῖξαι
243 2181 292 2209 τὸν
323 2181 454 2220 μακάριον
486 2182 554 2220 βίον.
584 2181 687 2212 Οὐκοῦν
715 2184 733 2218 ὴ
769 2184 912 2220 παρθένος,

101 2223 215 2262 καθάκιρ,
240 2224 331 2254 ἔλαιον
348 2225 423 2254 ὕδατι
445 2226 495 2261 τήν
509 2227 602 2265 ψυχὴν
617 2229 657 2263 τῷ
672 2228 778 2264 σώματι
794 2229 912 2266 καθαρὰν

971 268 1020 295 sed
1038 270 1196 305 utrumque
1210 268 1239 296 in
1250 268 1367 305 proprio
1382 267 1445 295 loco
1455 269 1484 295 et
1492 266 1593 294 ordine
1608 268 1637 294 et
1648 273 1703 293 usu
1715 266 1796 292 tran-

972 313 1061 349 quille
1076 314 1256 349 custodiens,
1274 321 1374 350 pacem
1390 312 1521 348 partibus
1537 311 1683 347 sapienter
1697 310 1794 338 conci-

971 357 1064 391 liabit,
1081 366 1114 386 ac
1134 367 1240 394 corpus
1264 360 1292 386 et
1312 358 1452 390 animam,
1468 359 1500 384 ut
1522 357 1551 384 in
1576 355 1674 391 quiete
1689 363 1793 383 secun-

971 403 1042 430 dum
1059 406 1195 431 naturam
1212 404 1361 435 maneant,
1377 409 1525 434 exercens,
1541 409 1576 428 ex
1591 402 1713 435 utroque
1723 407 1794 426 con-

972 447 1076 475 cordiaa
1091 448 1218 484 speciem
1234 447 1424 484 purissimam
1441 446 1595 479 ostendet;
1613 444 1720 472 mentis
1733 443 1797 479 qui-

972 492 1037 520 dem
1046 492 1231 527 splendorem
1241 495 1376 528 pacatum
1383 494 1411 519 et
1420 491 1539 519 omnino
1547 489 1796 526 imperturbatum

971 544 1155 572 conservans,
1171 537 1302 574 corporis
1323 539 1421 565 autem
1445 536 1570 572 speciem
1592 535 1628 563 ab
1645 533 1726 562 omni
1740 541 1796 561 caa-

972 590 1043 610 noso
1058 582 1244 620 voluptatum
1256 584 1339 611 motu
1354 589 1458 618 puram
1468 581 1516 617 pia
1529 579 1734 608 exercitatione
1746 587 1795 606 cu-

972 627 1113 656 stodiens.
1129 629 1241 664 Corpus
1254 628 1332 656 enim
1349 627 1448 664 gulam
1464 628 1493 654 et
1509 625 1678 653 ebrietatem
1690 625 1718 651 et
1727 631 1798 650 con-

971 672 1087 700 cubitus
1100 673 1265 709 voluptates
1280 673 1471 700 elfervescens
1484 672 1586 699 contra
1600 667 1798 705 pulchritudi-

971 725 1038 745 nem
1052 718 1155 745 animaa
1168 717 1332 753 depromit;
1349 716 1448 744 anima
1458 723 1523 743 vero
1539 713 1756 742 aemulationem
1768 713 1798 739 et

970 761 1278 797 iram,simulationem
1285 764 1314 790 et
1321 761 1506 789 inimicitiam
1517 759 1605 788 stulte
1614 759 1723 795 agitata
1734 765 1797 793 pro-

970 807 1026 835 fert
1040 807 1180 835 adversus
1196 815 1313 843 corpus.
1329 807 1369 834 Ac
1383 805 1530 833 interdum
1547 805 1651 838 evenit,
1666 806 1797 841 ut,post-

973 859 1062 888 quam
1075 852 1111 879 ob
1128 854 1240 879 metum
1256 851 1353 889 carnis
1368 850 1505 878 vitiorum
1517 849 1641 885 jejuniis
1656 853 1683 877 et
1698 853 1796 878 auste-

972 895 1041 923 riori
1052 896 1113 924 vita
1121 904 1243 932 corpora
1253 896 1288 923 ad
1300 894 1432 931 proprias
1441 894 1579 922 libidines
1586 894 1670 929 quasi
1680 897 1798 924 mortua

970 940 1196 975 reddiderimus,
1213 940 1331 976 propria
1346 939 1450 967 animas
1465 938 1537 966 vitia
1550 938 1580 966 in
1596 940 1711 967 mortuo
1726 948 1792 968 cor-

970 993 1040 1021 pore
1055 985 1316 1018 circumferamus;
1343 984 1420 1012 unde
1435 992 1487 1012 sua
1502 985 1606 1019 sponte
1620 983 1650 1010 id
1666 984 1743 1019 quod
1760 984 1796 1012 ad

970 1029 1177 1065 perfectionem
1189 1029 1343 1063 claudicat,
1356 1028 1547 1056 manifestum
1559 1036 1592 1056 ac
1607 1028 1796 1064 perspicuum

969 1076 1023 1102 est.
1042 1074 1174 1102 Alterum
1190 1073 1268 1102 enim
1285 1073 1348 1101 sine
1363 1073 1453 1101 altero
1465 1075 1679 1108 comparatum,
1692 1073 1798 1109 imper-

970 1118 1077 1146 fectum
1094 1119 1170 1146 060
1185 1118 1221 1146 ad
1238 1126 1335 1145 veram
1350 1118 1488 1144 virtutem
1505 1125 1579 1153 opus
1599 1117 1705 1152 arguit.
1721 1117 1795 1145 Nam

969 1170 1022 1190 nec
1038 1162 1167 1198 corporis
1182 1162 1252 1190 vitia
1262 1162 1386 1197 jejuniis
1402 1164 1576 1197 resecantes,
1588 1162 1717 1189 animam
1728 1171 1796 1190 vero

969 1206 1096 1243 propriis
1109 1206 1307 1235 aemulationis
1323 1208 1352 1234 et
1367 1205 1566 1234 simulationis
1580 1208 1609 1234 et
1623 1206 1749 1234 aliorum
1759 1206 1797 1234 vi-

969 1251 1079 1279 tiorum
1095 1251 1225 1280 motibus
1241 1252 1439 1287 perturbatam
1466 1250 1674 1287 relinquentes,
1691 1251 1792 1279 utilem

969 1296 1005 1324 ad
1021 1296 1160 1324 virtutem
1187 1296 1318 1332 corporis
1340 1295 1577 1324 exercitationem
1598 1296 1794 1323 ostendimus.

968 1342 1038 1376 Nec,
1055 1340 1079 1368 si
1095 1340 1224 1369 animam
1241 1349 1258 1368 a
1273 1340 1400 1377 propriis
1414 1340 1492 1368 vitiis
1507 1348 1713 1375 expurgemus,
1730 1348 1792 1367 cor-

969 1393 1024 1421 pus
1039 1393 1106 1413 vero
1122 1385 1248 1413 liberum
1264 1385 1299 1413 ad
1314 1384 1411 1413 carnis
1426 1384 1591 1420 voluptates
1608 1386 1636 1411 et
1647 1383 1794 1419 reliquam

967 1429 1113 1458 luxuriem
1120 1429 1432 1462 dimittamus,etiamsi
1443 1437 1500 1456 non
1508 1429 1542 1456 ad
1548 1428 1586 1455 sit
1592 1428 1795 1456 fornicationis

968 1474 1163 1510 impudicitia,
1180 1474 1338 1510 perfectam
1363 1474 1392 1501 in
1417 1473 1523 1501 virtute
1546 1472 1636 1500 vitam
1663 1475 1794 1501 nostram

968 1518 1104 1547 exhibere
1117 1518 1288 1554 poterimus.
1304 1518 1360 1546 Sed
1376 1519 1500 1554 oportet,
1517 1519 1550 1546 ut
1569 1518 1619 1554 qui
1635 1525 1741 1554 purum
1759 1518 1794 1546 ab

969 1563 1050 1591 omni
1064 1563 1286 1599 inquinamento
1301 1562 1418 1590 virtutis
1434 1570 1554 1590 cursum
1570 1562 1707 1590 exhibere
1722 1562 1794 1598 vult,

968 1607 1072 1635 animae
1087 1607 1172 1636 bonis
1187 1607 1276 1635 etiam
1288 1606 1419 1643 corporis
1427 1607 1547 1642 adjiciat
1563 1607 1649 1642 bona,
1661 1608 1689 1634 et
1699 1615 1797 1635 susce-

968 1652 1026 1688 ptis
1042 1652 1078 1680 ad
1089 1652 1220 1688 corporis
1231 1644 1468 1680 exercitationem
1479 1651 1630 1680 laboribus
1645 1653 1798 1680 consenta-

969 1705 1024 1725 nea
1039 1696 1142 1725 enimaa
1171 1697 1307 1733 praeclare
1327 1696 1403 1724 facta
1427 1696 1572 1725 ostendat.
1596 1696 1695 1732 Neque
1716 1695 1795 1724 enim

969 1742 1084 1770 sincera
1098 1743 1126 1769 et
1145 1749 1212 1769 vera
1236 1741 1455 1769 demonstretur
1475 1741 1545 1776 vita,
1569 1741 1594 1769 si
1609 1741 1795 1769 concordiam

968 1787 1073 1815 animas
1087 1786 1275 1823 corporisque
1291 1786 1433 1821 membra,
1444 1788 1472 1813 et
1487 1794 1664 1814 consensum
1680 1785 1756 1813 inter
1765 1793 1795 1813 se

968 1839 1027 1859 non
1042 1831 1178 1860 habeant.
1195 1831 1346 1867 Siquidem
1359 1831 1432 1866 fieri,
1449 1830 1562 1866 opinor,
1575 1838 1633 1858 non
1649 1832 1795 1865 potest,ut

967 1876 1073 1904 anime
1098 1877 1304 1912 comparentur
1328 1875 1414 1909 bona,
1441 1874 1467 1902 si
1482 1882 1589 1910 corpus
1611 1874 1723 1908 obstet;
1745 1876 1796 1902 aut

967 1920 1110 1956 corporis,
1126 1919 1151 1948 si
1167 1928 1226 1948 non
1243 1921 1370 1955 praeeunt
1385 1919 1490 1948 animae
1507 1919 1594 1947 bona,
1610 1919 1666 1947 Sed
1682 1921 1796 1955 oportet

967 1967 1001 1993 ut
1014 1964 1202 1993 consentiens
1226 1965 1293 2001 ipsa
1316 1972 1416 1992 secum
1442 1964 1551 1999 anima,
1574 1972 1607 1992 ac
1631 1972 1794 2001 congruum

968 2018 1076 2046 corpus
1091 2009 1127 2038 ad
1143 2018 1174 2038 se
1196 2017 1362 2044 assumens,
1387 2009 1428 2037 sic
1443 2017 1477 2037 ex
1501 2011 1636 2044 utroque,
1652 2008 1752 2037 anima
1766 2011 1795 2036 et

967 2062 1089 2091 corpore
1100 2063 1193 2083 unum
1207 2055 1237 2082 in
1253 2062 1373 2083 cursum
1386 2053 1506 2090 paciﬁca
1517 2053 1716 2088 tendentibus,
1728 2061 1793 2089 per-

967 2099 1042 2127 fecte
1065 2099 1182 2127 beatam
1201 2099 1292 2127 vitam
1317 2098 1461 2126 ostendat.
1487 2097 1577 2132 Igitur
1601 2097 1694 2133 virgo,
1714 2097 1794 2125 velut

968 2143 1071 2172 oleum‘
1082 2152 1175 2180 aquae,
1188 2143 1227 2172 ita
1241 2143 1370 2172 animam
1380 2149 1484 2178 puram
1495 2141 1607 2177 corpori
1618 2149 1735 2178 semper
1746 2142 1794 2170 in-

968 2188 1113 2217 sidentem
1129 2187 1252 2222 habens,
1269 2190 1298 2215 et
1321 2187 1385 2214 luce
1401 2185 1480 2214 illius
1505 2185 1672 2221 subjectum
1687 2194 1795 2222 corpus

967 2241 1083 2270 regens,
1099 2232 1349 2269 quemadmodum
1365 2239 1400 2259 ex
1424 2231 1486 2258 luto
1500 2230 1638 2259 vitiorum
1653 2231 1794 2267 corporis,

102 2267 135 2318 ἀι(
149 2268 319 2308 ὶφιζάνουσαν
344 2270 457 2309 ἴχουσα,
473 2271 517 2299 καὶ
532 2274 571 2308 τῷ
587 2272 657 2311 φωτὶ
671 2272 771 2308 ταύτης
795 2273 827 2301 τὸ
844 2274 912 2302 ὑπο-

970 2267 1044 2305 nibil
1069 2267 1147 2314 quod
1175 2276 1324 2313 voluptate
1346 2275 1499 2305 turbidum
1526 2275 1575 2310 sit,
1596 2275 1700 2304 animai
1730 2276 1795 2313 pul-

101 2312 211 2349 ιιίμενον
227 2318 308 2352 σῶμα
333 2316 498 2353 ἠνιοχοῦσα,
528 2315 618 2354 ὥσπερ
641 2319 692 2350 τῆς
718 2318 770 2345 ἀπὸ
787 2319 914 2355 σώματος

103 2355 169 2389 ἰλύος
192 2362 244 2388 τῶν
275 2361 379 2396 παθῶν,
409 2359 485 2388 οὐδὶν
503 2359 528 2396 ἒξ
541 2359 644 2396 ἡδονῆς
659 2361 772 2400 θολερὸν
801 2366 841 2400 τῷ
865 2367 914 2399 τῆς

102 2402 183 2440 ψυχῆς
197 2403 294 2432 κάλλιι
311 2404 427 2442 ἂπιμίξιι
443 2406 510 2442 (84),
540 2404 585 2433 διὰ
606 2409 738 2442 νηστειῶν
761 2408 806 2435 καὶ
831 2409 914 2444 ἀσκή-

104 2455 161 2478 σιως
187 2449 249 2482 τούς
274 2461 303 2478 τε
318 2449 529 2486 ἀναδιδομάνους
549 2449 575 2486 ἐξ
603 2450 685 2479 αὐτοῦ
702 2452 841 2489 βρασμοὺς
865 2463 915 2480 κα-

103 2493 262 2530 ταπιίλασα,
286 2495 331 2522 καὶ
353 2495 401 2522 τοῦ
416 2494 535 2533 γεώδους
561 2494 686 2524 αὐτοῦτὸ
701 2496 829 2525 πλιῖστον
857 2500 917 2530 τοῖς

104 2538 146 2570 τῆς
176 2537 330 2578 ἆγκρατείας
364 2539 573 2578 κατορθώμασιν
605 2540 769 2580 ὑφαγνισασα
786 2551 793 2559 ⁸
827 2542 915 2575 οὕτως

134 2648 186 2721 ἓξὲἓέ

108 2685 187 2753 si???

136 2755 440 2796 (81)⁹Υπήὰφροσόνης.
461 2759 509 2788 Sic
532 2760 594 2796 duo
615 2758 821 2796 Combeﬂsiani
836 2758 918 2787 codi-

106 2795 232 2834 οθθλοιιᾳὶ
240 2793 430 2834 ιιίιέςωοιίυε
446 2803 536 2834 quam
551 2794 686 2834 editiitjrr‘
694 2793 863 2834 ρφοοσύνης.

136 2827 188 2866 (82)
201 2828 273 2858 Ὁτι.
288 2829 338 2860 Sic
349 2838 425 2862 mss.
445 2827 572 2861 codices.
588 2827 678 2868 Editi,
693 2827 748 2860 δὴ.

197 2652 259 2689 Τοῖς
276 2651 379 2689 μέρεσι.
394 2651 552 2689 God._Reg.
567 2651 649 2686 2879,
663 2653 731 2689 τοῖς
741 2650 846 2688 pum.

198 2687 379 2716 Mévuv.'Sic
405 2687 538 2725 plerique
567 2696 639 2716 mss.
668 2688 797 2717 codices.
829 2687 918 2722 Editi,

968 2321 1130 2350 chritudini
1146 2321 1331 2356 admiscebit,
1342 2321 1394 2349 sed
1410 2329 1459 2357 per
1468 2320 1582 2357 jejunis
1596 2323 1624 2350 et
1638 2321 1794 2350 asceticem

969 2367 1060 2394 vitam
1076 2368 1263 2402 erumpentes
1286 2374 1302 2393 e
1325 2374 1445 2402 corpore
1461 2366 1587 2394 fervores
1611 2365 1795 2402 comprimet,

969 2413 998 2438 et
1013 2410 1091 2446 quod
1107 2410 1136 2437 in
1152 2418 1185 2438 eo
1201 2412 1350 2438 terrenum
1367 2412 1413 2437 est
1428 2417 1536 2446 magna
1557 2417 1592 2437 ex
1607 2413 1690 2446 parte
1704 2410 1796 2438 conti-

970 2455 1076 2483 nentia:
1092 2454 1178 2483 laude
1193 2454 1386 2491 expurgabit:
1403 2454 1446 2483 sic
1461 2454 1550 2483 etiam
1564 2454 1637 2483 nihil
1648 2463 1682 2483 ex
1692 2456 1796 2484 animae

969 2500 1059 2536 vitiis,
1076 2499 1262 2534 aemulatione
1278 2501 1306 2527 et
1321 2499 1521 2534 simulatione,
1538 2499 1611 2527 nihil
1627 2499 1797 2536 insipientia

969 2544 1174 2580 perturbatum
1183 2543 1332 2580 impertiat
1342 2543 1467 2580 corpori,
1481 2544 1531 2572 sed
1547 2543 1583 2572 ab
1596 2545 1676 2572 omni
1687 2545 1795 2576 furore,

1008 2653 1062 2688 (83)
1080 2652 1195 2689 Σαρκός.
1210 2652 1270 2689 _5ic
1293 2652 1586 2689 Colbertinusrcodex
1607 2660 1676 2689 cum
1696 2653 1793 2687 editis,

973 2687 1100 2724 Legitur,
1116 2687 1242 2726 γαστρός,
1258 2689 1288 2716 in
1312 2689 1443 2726 quinque
1464 2688 1530 2726 aliis
1549 2688 1708 2726 codicibus,
1725 2698 1795 2726 quo-

973 2731 1039 2751 rum
1053 2724 1150 2752 tamen
1167 2724 1244 2752 unus
1259 2725 1414 2759 utramque
1429 2724 1585 2753 lectionem
1604 2724 1720 2753 retinet.

972 2759 1067 2831 “£812
1082 2759 1227 2796 Ἐπιμιεει.
1245 2760 1292 2788 Sic
1316 2759 1446 2796 plerique
1462 2767 1533 2788 mss.
1557 2759 1683 2789 codices.
1706 2761 1793 2798 Editi,

1022 2806 1053 2831 μι
1070 2804 1092 2823 I'.

1022 2804 1092 2832 μιξιι
