2010 3145
174 167 234 199 763

647 167 841 198 APPENDIX
865 166 1028 198 OPERUM
1050 166 1083 197 8.
1106 166 1247 199 BASILII
1269 167 1406 198 MAGNI.

1821 168 1876 198 766

176 235 204 261 et
217 233 271 267 ira,
284 235 313 261 et
328 233 458 261 absurda
476 232 636 269 cupiditate
658 241 762 269 puram
777 236 806 261 et
821 233 998 261 luminosam

1056 230 1132 260 οόδὶν
1157 235 1210 261 τῶν
1240 231 1293 260 ἀπὸ
1322 234 1415 270 ψυχῆς
1439 232 1469 260 ἐκ
1484 231 1570 268 ζήλου
1584 232 1628 260 καὶ
1644 233 1812 270 ὑποκρίσεως
1825 243 1877 260 πα-

175 279 302 305 mentem
328 277 498 305 hominibus
525 278 669 306 ostendet.
693 277 774 309 Quod
799 278 824 306 si
840 286 945 314 purum
961 277 997 305 ab

175 322 254 350 omni
271 322 408 350 vitiorum
433 322 579 350 consortio
595 323 758 350 humanum
783 331 817 350 ex
832 331 951 358 corpore
973 326 1000 350 ct

175 366 274 394 anima
297 368 437 394 constans
461 367 692 394 instrumentum
718 367 824 395 habere
848 368 944 402 debet,
967 375 1000 395 ac

176 413 335 447 utrumque
350 411 379 439 in
396 411 513 448 propria
525 414 631 439 natura
646 420 699 439 suo
713 411 871 448 tranquille
883 412 1000 447 perfun-

174 463 246 491 gens
258 463 388 489 munere,
398 459 512 492 oportet
521 460 551 483 ut
567 455 641 492 ipsa,
651 457 899 492 quemadmodum
910 456 999 484 ﬂuen-

174 502 218 528 tes
233 499 263 527 in
279 509 386 536 corpus
403 508 453 536 per
475 503 606 529 ventrem
631 500 766 529 turbidos
781 501 895 537 repellit
910 501 998 535 rivos,

174 544 215 572 ita
229 547 258 572 et
272 553 320 573 eos
336 546 386 581 qui
402 545 431 573 in
456 545 586 573 animam
612 545 708 573 ﬂuunt
723 548 846 574 avertat.
861 545 907 573 Sic
921 546 998 574 enim

174 593 291 617 maneat
305 589 346 616 illi
363 589 561 625 utrumquein
577 590 705 618 naturali
715 590 998 626 statuimperturba-

174 636 235 661 tum
250 642 256 661 :
269 634 377 670 quippe
389 642 468 668 cum,
477 634 607 670 quandiu
618 635 688 662 vitia
702 635 872 670 obstrepant
882 635 999 669 animae,

173 677 303 714 virginea
318 677 505 714 pulchritudo
530 687 588 706 non
603 679 697 715 possit
721 678 780 707 ullo
797 680 882 707 modo
908 679 998 707 videri

173 722 366 755 inluminata;
383 722 426 750 vel
442 723 754 759 potius,preeterquam
763 724 838 758 quod
853 723 927 751 nihil
939 731 998 750 cor-

173 766 253 802 poris
268 767 397 802 proderit
412 767 589 803 exercitatio,
602 767 729 795 multum
746 767 833 795 etiam
850 767 948 804 probri
965 776 998 795 ex

174 811 310 839 vitiorum
326 812 515 847 perversitate
529 811 558 839 in
576 812 676 840 anima
690 814 837 840 cernatur.

1053 277 1118 311 θῶν,
1135 276 1211 304 οὐδὲν
1228 276 1253 312 ἕξ
1277 277 1428 316 ἀφροσύνης
1455 278 1654 315 τεταραγμένον
1763 279 1804 313 τῷ
1824 278 1876 304 σώ-

1057 332 1119 358 ματι
1147 320 1307 358 μεταδώσει,
1332 322 1429 353 παντὸς
1457 323 1555 358 θυμοῦ,
1585 322 1629 349 καὶ
1645 322 1740 359 ὀργῇς,
1758 322 1802 349 καὶ
1818 321 1877 349 im-

1055 366 1151 402 θυμίας
1167 367 1256 402 πάσης
1271 366 1384 400 ἀτόπου,
1400 367 1445 393 τὸν
1461 369 1524 394 νοῦν
1542 365 1630 402 διειδῆ
1643 377 1672 393 τε
1686 367 1730 394 καὶ
1747 367 1877 405 φωτεινὸν

1053 413 1092 446 τῷ
1110 411 1160 448 βίῳ
1176 409 1308 439 δεικνῦσα.
1334 411 1366 439 Et
1378 410 1407 439 δὲ
1421 411 1596 447 ἀνεπίμικτον
1623 411 1671 448 μὲν
1687 411 1779 438 παθῶν
1802 411 1833 438 τὸ
1849 411 1880 438 ἐκ

1054 456 1146 492 ψυχῆς
1169 455 1214 482 καὶ
1231 456 1357 491 σώματος
1371 455 1541 493 ἀνθρώπινον
1558 454 1670 494 ὄργανον
1698 454 1770 492 ἔχειν
1803 455 1879 493 ὀφεί-

1054 498 1108 534 λει,
1124 500 1247 537 ἑκάτερον
1264 499 1292 527 δὲ
1304 499 1330 528 tv
1345 502 1380 537 τῇ
1405 499 1461 536 ἰδίᾳ
1489 500 1564 540 φύσει
1589 501 1709 538 ἠρεμοῦν
1725 500 1774 534 τὴν
1807 498 1878 526 ῗδίαν

1054 544 1148 582 χρείαν
1178 543 1310 581 διικνύο-ι,
1345 546 1476 582 προσήκει
1506 544 1602 579 αὐτὴν,
1629 544 1719 582 ὣσπερ
1747 543 1813 575 τοὺς
1843 543 1880 574 ιίς

1054 591 1134 624 σῶμα
1171 588 1280 627 ῥέοντας
1316 588 1360 616 διὰ
1391 589 1505 627 γαστρὸς
1536 588 1666 627 θολεροὺς
1695 588 1878 625 ἀποκροῦιτιι

1054 633 1179 671 ὀχετοὺς,
1196 633 1266 660 οὕτω
1294 633 1339 661 καὶ
1367 633 1431 664 τοὺς
1445 633 1484 664 εἲς
1512 634 1604 671 ψυχὴν
1622 632 1729 671 ῥέοντας
1746 632 1878 670 ἀποστρὲ-

1054 688 1121 711 cum.
1140 678 1218 706 Οὕτω
1233 678 1282 716 γὰρ
1297 677 1325 705 ἃν
1345 677 1419 715 μὶνοι
1450 677 1517 715 αὐτῇ
1534 679 1658 715 ἑκάτερον
1676 678 1701 705 ἒν
1717 679 1751 714 τῇ
1776 679 1878 716 φυσικῇ

1052 723 1209 750 καταστάσει
1240 722 1389 750 ἀθόλωτον·
1407 723 1444 754 ὡς
1467 721 1520 753 ἕως
1544 733 1574 760 γι
1587 722 1616 749 ἂν
1633 721 1666 749 τὰ
1681 723 1753 757 πάθη
1771 721 1878 759 ἰνοχλῇ

1052 769 1086 803 τῇ
1116 768 1204 804 ψυχῇ,
1233 769 1281 794 τοῦ
1310 766 1470 804 παρθενικοῦ
1499 765 1619 798 κάλλους
1635 766 1666 794 οὐ
1683 765 1832 803 δυναμένου
1848 765 1876 793 ὅν

1054 810 1087 846 δὴ
1112 812 1212 849 τρόπον
1235 811 1370 849 ἆχρόντου
1401 811 1529 850 ὀφθῆναι·
1560 810 1664 848 μᾶλλον
1691 809 1719 838 δὶ
1749 810 1817 847 μετᾶ
1829 812 1877 838 τοῦ

175 854 260 892 μηδὶν
275 855 305 883 ὲκ
319 859 368 890 τῆς
381 857 450 883 κατὰ.
464 856 495 883 τὸ
523 859 603 893 σῶμα
631 857 770 892 ἀσκήσεως
798 855 972 895 ὠφιλιῖσθαι,
1002 855 1110 884 πολλοῦ
1136 859 1185 884 τοῦ
1214 855 1328 895 αἶ’σχους
1357 855 1387 884 ἐκ
1413 860 1464 892 τῆς
1488 859 1542 884 τῶν
1572 858 1665 889 παθῶν
1687 855 1781 887 κακίας
1799 855 1825 883 ἐν
1842 857 1875 892 τῇ

173 901 250 938 ψυχῇ
266 900 418 937 ὁρωμένου,

208 945 254 973 48.
270 947 342 973 Nam
351 945 375 973 si
385 945 489 973 limum
500 955 515 974 ο
532 954 652 981 corpore
661 946 690 974 in
700 947 831 974 animam
842 954 997 982 erumpen-

1089 946 1131 974 48.
1149 946 1222 974 Ἐπεὶ
1248 945 1290 973 ἐὰν
1320 946 1351 974 τὸ
1375 946 1428 974 ἀπὸ
1461 945 1589 983 σώματος
1617 943 1813 982 ἀναδιδόμινον
1840 944 1878 975 ei:

172 990 371 1023 tem,ascetica
380 990 536 1026 disciplina
546 991 581 1018 ad
590 993 701 1019 naturis
711 991 915 1019 necessitatem
922 991 1000 1019 velut

173 1033 356 1062 adamussim
364 1035 623 1068 ooercens,animaa
633 1036 712 1063 vitiis
721 1036 919 1072 perturbatur,
928 1036 1000 1064 nihil

173 1078 200 1106 ei
217 1079 337 1114 prodest
347 1079 476 1114 corporis
492 1080 616 1115 puritas,
627 1088 693 1107 cum
704 1088 832 1116 sponsus
841 1089 897 1108 non
907 1081 1002 1116 possit

174 1123 210 1150 ob
220 1123 468 1158 perturbationem
481 1124 617 1152 vitiorum
630 1124 718 1152 intali
729 1125 828 1153 anima
839 1119 1000 1160 requiesce-

175 1175 225 1201 re;
241 1167 284 1195 vel
298 1167 396 1203 potius
413 1168 589 1204 sibimetipsi
602 1172 686 1197 nocet
697 1178 761 1205 qua:
776 1170 843 1197 talis
859 1173 915 1203 est,
931 1169 1000 1205 quid

175 1219 240 1240 vere
253 1220 361 1248 sponso
370 1212 494 1248 placeat,
504 1214 540 1240 ob
552 1213 730 1248 imperitiam
740 1222 798 1241 non
810 1214 1000 1250 investigans,

162 1251 207 1284 iac
222 1264 428 1292 corporeorum
455 1257 593 1293 praeclare
617 1258 761 1286 factorum
778 1259 909 1286 mercede
923 1259 997 1286 661

174 1300 364 1337 semetipsam
376 1301 413 1329 ob
424 1302 533 1329 mentis
543 1302 716 1338 pravitatem
728 1303 915 1330 defraudans.
927 1303 1000 1331 Nam

174 1345 199 1373 si
224 1348 344 1381 propter
365 1346 470 1374 animae
494 1346 743 1382 pulchritudinem
769 1347 900 1382 corporis
925 1347 1000 1375 inte-

173 1390 278 1426 gritas,
289 1393 449 1426 exercetur,
465 1390 580 1419 inutilis
594 1394 640 1419 est
654 1400 798 1427 apparens
814 1392 945 1427 corporis
960 1392 1002 1419 in-

174 1434 309 1470 tegritas,
327 1435 426 1462 anima
441 1434 606 1463 innumeris
614 1435 692 1463 vitiis
707 1438 854 1472 corrupta.
870 1437 999 1468 Quorum

176 1478 255 1505 enim
272 1486 390 1514 corpus,
407 1478 485 1506 velut
508 1479 738 1508 instrumentum
755 1479 876 1516 peccati,
890 1481 1002 1516 accepit

171 1521 319 1556 diabolus,
336 1530 387 1558 per
403 1522 475 1550 illud
491 1523 621 1552 animam
635 1526 794 1561 oppugnat.
811 1525 940 1558 Quorum
952 1533 1001 1553 au-

173 1567 233 1593 tem
250 1574 367 1594 carnem
382 1566 519 1605 invadere
530 1568 566 1596 ob
580 1569 789 1597 continentiam
806 1571 834 1597 et
847 1570 1000 1598 austerita-

174 1612 234 1638 tem
250 1610 275 1638 ei
292 1619 348 1639 non
360 1610 437 1647 licet,
449 1612 555 1640 horum
571 1621 656 1649 saepe,
667 1613 731 1642 sine
747 1622 877 1650 corpore,
890 1615 1000 1642 nudam

175 1655 305 1683 animam
321 1656 479 1691 accipiens,
497 1657 767 1692 perturbationibus
780 1658 810 1686 in
824 1667 858 1686 ea
872 1659 1000 1687 excitan-

175 1699 231 1734 dis,
243 1707 331 1727 suum
341 1700 454 1735 perﬁcit
465 1700 654 1729 desiderium.
665 1702 749 1730 Tales
760 1702 838 1730 enim
846 1705 1000 1739 suntquae-

175 1752 294 1780 cunque
306 1752 372 1772 cum
384 1744 508 1780 jejuniis
524 1748 553 1773 et
577 1745 760 1774 chameuniis
775 1749 802 1774 et
824 1747 937 1783 reliqua
951 1756 1001 1775 ve-

175 1788 306 1816 hementi
323 1797 463 1825 corporea
483 1790 690 1819 exercitatione
714 1790 798 1819 illum
816 1800 833 1819 a
845 1800 932 1820 carne
951 1793 1001 1820 ab-

175 1833 297 1869 egerint,
306 1833 464 1861 iracundiae
476 1837 505 1862 et
513 1835 621 1863 furoris
630 1838 659 1863 et
669 1835 866 1864 simulationis
874 1845 907 1864 ao
916 1845 1002 1864 temu-

175 1877 295 1905 lationis
322 1879 593 1914 perturbationibus
617 1888 684 1908 eum
710 1880 738 1908 in
769 1880 868 1908 anima
891 1881 1002 1909 colunt.

176 1922 288 1953 Quanto
304 1924 403 1950 autem
419 1931 525 1959 corpus
552 1924 651 1952 anima
675 1925 773 1953 minus
793 1927 837 1953 est
851 1925 1002 1962 dignitate,

176 1967 258 1993 tanto
273 1966 386 2002 opinor,
407 1970 570 2003 peccatum,
587 1969 666 2004 quod
682 1977 734 2005 per
745 1978 852 2005 corpus
867 1971 1002 1999 commit-

177 2010 260 2045 titur,
277 2019 310 2038 eo
326 2011 404 2047 quod
419 2020 471 2048 per
485 2013 596 2041 nudam
613 2013 863 2049 animam,minus
878 2015 1001 2044 videtur.

177 2054 240 2083 Illic
254 2055 334 2083 enim
346 2056 489 2085 naturalis
500 2057 584 2085 cibus
591 2060 619 2086 et
633 2059 782 2094 appetitus
791 2059 826 2087 ad
842 2060 941 2095 gulam
953 2062 1004 2088 aut

177 2099 401 2129 fornicationem
418 2110 526 2138 corpus
541 2111 593 2139 per
617 2103 738 2131 comites
753 2103 917 2140 voluptates
934 2104 1004 2132 titil-

178 2144 242 2173 lant
257 2153 263 2173 :
281 2145 328 2173 hic
344 2148 442 2174 autem
459 2146 522 2175 sine
537 2147 598 2175 ulla
621 2155 761 2184 corporea
776 2147 923 2184 voluptate
938 2157 1002 2185 per-

179 2189 301 2218 versitas
316 2189 476 2219 voluntatis
498 2192 734 2227 perturbationes
749 2195 851 2222 contra
865 2196 1003 2222 naturam

179 2233 210 2261 in
225 2233 354 2262 animam
375 2234 499 2264 inducit.
516 2239 557 2264 Ac
579 2238 709 2273 profecto
726 2238 750 2266 si
764 2238 945 2274 perturbatio
960 2241 1004 2267 est

178 2277 283 2306 animae
297 2279 446 2315 corruptio
456 2280 588 2317 virginis,
600 2283 777 2318 perturbatio
789 2284 877 2312 etiam
888 2286 934 2312 est
944 2284 1004 2312 ani-

1054 991 1147 1028 ψυχὴν
1178 989 1303 1023 ἰλυῶδες,
1329 989 1375 1018 διὰ
1389 990 1440 1023 τῆς
1469 991 1618 1025 ἀσκήσεως,
1635 987 1724 1027 ὥσπερ
1753 988 1792 1020 ei;
1809 989 1876 1017 ὑπο-

1055 1035 1187 1071 στάθμην,
1224 1035 1273 1069 τὴν
1307 1035 1428 1072 ἀνάγκην
1463 1038 1513 1070 τῆς
1541 1034 1644 1072 φύσεως
1669 1033 1878 1068 καταστείλασα,

1054 1082 1111 1110 τοῖς
1129 1079 1154 1107 ἰν
1169 1081 1203 1117 τῇ
1219 1081 1295 1117 ψυχῇ
1311 1080 1405 1107 πάθεσι
1422 1080 1648 1117 συνταράσσηται,
1674 1077 1750 1106 οὐδὲν
1774 1077 1878 1113 ὤνησεν

1055 1125 1072 1159 ἡ
1098 1126 1148 1151 τοῦ
1173 1125 1300 1161 σώματος
1325 1123 1478 1162 καθαρότης
1493 1125 1540 1151 τοῦ
1563 1123 1683 1161 νυμφίου
1708 1123 1747 1159 μή
1764 1121 1881 1159 δυναμέ-

1055 1180 1102 1196 νου
1119 1167 1164 1196 διὰ
1188 1170 1232 1196 τὸν
1256 1169 1377 1206 τάραχον
1401 1170 1455 1196 τῶν
1475 1169 1566 1196 παθῶν
1584 1167 1610 1195 ἐν
1624 1166 1714 1203 τοιᾷδε
1727 1169 1806 1205 ψυχῇ
1821 1168 1883 1194 ἀνα-

1056 1212 1196 1245 παύισθαι·
1236 1213 1341 1249 μᾶλλον
1382 1211 1410 1240 δὲ
1437 1212 1481 1240 καὶ
1511 1211 1610 1249 πολλῷ
1638 1209 1754 1248 ἔϐλαψεν
1784 1212 1883 1246 ἒαυτήν

1055 1259 1073 1292 ἡ
1089 1259 1144 1294 (86)
1173 1257 1298 1292 τοιαύτη,
1327 1258 1358 1285 τὸ
1386 1257 1434 1293 μὶν
1462 1256 1572 1292 ἀληθῶς
1586 1256 1698 1294 ἀρέσκον
1717 1258 1756 1292 τῷ
1771 1255 1882 1295 νυμφίῳ

1056 1301 1091 1329 δι’
1117 1301 1289 1329 ἀπαιδευσίαν
1321 1302 1358 1338 μὴ
1386 1301 1572 1340 ἁνιχνιύουσα,
1603 1300 1648 1329 διὰ
1671 1301 1828 1338 μοχθηρίαν
1855 1299 1883 1327 δὶ

1056 1346 1190 1385 λογισμοῦ
1217 1347 1261 1374 καὶ
1300 1347 1346 1373 τὸν
1375 1347 1440 1383 ὖπὶρ
1469 1348 1631 1382 σωματικῶν
1659 1345 1880 1383 κατορθωμάτων

1057 1391 1151 1428 μισθὸν
1169 1392 1225 1427 (87)
1240 1391 1337 1426 ἑαυτὴν
1350 1391 1556 1428 ζημιώσασα.Εί
1568 1391 1618 1429 γὰρ
1630 1389 1674 1417 διὰ
1683 1390 1714 1418 τὸ
1724 1393 1775 1424 τῆς
1787 1391 1880 1427 ψυχῆς

1055 1434 1158 1466 κάλλος
1173 1436 1222 1470 τὴν
1239 1438 1286 1463 τοῦ
1312 1436 1439 1472 σώματος
1459 1435 1588 1474 ἀφθορίαν
1605 1436 1751 1471 ἀσκῶμεν,
1766 1435 1879 1471 περιττή

1055 1481 1072 1515 ἡ
1090 1479 1206 1508 δοκοῦσα
1228 1480 1344 1519 ἆφθορία
1370 1482 1418 1507 τοῦ
1441 1480 1578 1516 σώματος,
1593 1483 1643 1515 τῆς
1657 1481 1749 1517 ψυχῆς
1768 1479 1878 1517 μυρίοις

1055 1524 1164 1557 πάθεσιν
1180 1525 1372 1564 φθιιρομὲνης.
1395 1525 1444 1553 Ὧν
1475 1525 1523 1561 μὶν
1551 1525 1601 1563 γὰρ
1616 1524 1648 1552 τὸ
1669 1526 1749 1560 σῶμα
1764 1521 1879 1561 ὄργανον

1055 1569 1188 1606 ἁμαρτίας
1204 1567 1296 1598 λαϐὼν
1313 1570 1327 1596 ὁ
1343 1567 1474 1601 διάϐολος
1489 1570 1555 1606 (88),
1581 1567 1625 1596 διὰ
1639 1567 1736 1596 τούτου
1751 1570 1786 1605 τῇ
1802 1570 1881 1606 ψυχῇ

1056 1614 1213 1643 ἐπιτίθεται.
1239 1615 1285 1642 Ὧν
1316 1613 1345 1642 δὲ
1370 1616 1421 1647 τῇς
1451 1613 1549 1652 σαρκὸς
1577 1611 1704 1648 ἐπιϐῆναι
1730 1612 1765 1640 δι’
1781 1612 1880 1651 ὶγκρα-

1055 1659 1129 1690 τείας
1141 1669 1170 1687 τε
1194 1658 1239 1686 καὶ
1264 1657 1475 1696 σκληραγωνίας
1492 1659 1549 1695 (89)
1576 1658 1626 1686 οὑκ
1649 1657 1802 1696 ἐπιτράπη,
1819 1657 1885 1685 τού-

1055 1713 1108 1730 των
1139 1702 1287 1737 πολλάκις,
1304 1702 1393 1741 χωρὶς
1421 1704 1557 1739 σώματος,
1585 1703 1636 1737 τήν
1663 1702 1756 1739 ψυχὴν
1777 1702 1885 1739 γυμνὴν

1055 1746 1190 1786 εἴληφὼς,
1216 1749 1257 1778 οἷς
1285 1747 1310 1775 ἐν
1336 1747 1405 1785 αὐτῇ
1422 1746 1560 1785 ἐργάζεται
1582 1747 1690 1780 πάθεσι,
1712 1747 1762 1780 τὴν
1786 1746 1885 1774 ἑαυτοῦ

1056 1791 1201 1828 ἐπιθυμίαν
1231 1791 1315 1820 ἀνύιι.
1344 1793 1472 1819 Τοιαῦται
1495 1790 1545 1829 γάρ
1570 1790 1636 1818 εἰσιν
1663 1791 1724 1818 ’ὸσαι
1747 1790 1886 1826 νηστείαις

1056 1835 1100 1863 καὶ
1130 1836 1290 1874 χαμιυνίαις
1316 1836 1361 1864 καὶ
1387 1838 1421 1873 τῇ
1452 1835 1537 1872 λοιπῇ
1568 1836 1708 1871 ὑπερτόνῳ
1720 1835 1790 1862 κατὰ
1805 1837 1885 1871 σῶμα

1059 1881 1169 1916 ἀσκήσει
1195 1884 1246 1916 τῆς
1275 1881 1371 1918 σαρκὸς
1390 1882 1485 1908 τοῦτον
1512 1878 1706 1916 ἀποδιώεασαι,
1723 1882 1782 1911 τοῖς
1798 1879 1884 1917 ὀργῆς

1057 1937 1102 1954 και
1119 1928 1205 1963 θυμοῦ
1233 1927 1277 1954 καὶ
1308 1925 1474 1963 ὑποκρίσεως
1491 1925 1508 1960 ἢ
1526 1925 1612 1961 ζήλου
1628 1926 1738 1953 πάθεσιν
1756 1925 1840 1953 αὐτὸν
1858 1925 1883 1952 ἐν

1056 1972 1091 2008 τῇ
1107 1972 1184 2009 ψυχῇ
1210 1970 1392 2009 περιέπουσιν.
1421 1971 1497 2007 Ὂσῳ
1513 1969 1542 1998 δὲ
1567 1968 1677 1998 ἔλαττον
1692 1971 1786 2008 ψυχῆς
1804 1972 1884 2006 σῶμα

1057 2017 1091 2052 τῇ
1108 2016 1177 2052 ἀξίᾳ,
1194 2018 1321 2043 τοσοῦτον
1349 2014 1472 2051 ἔλαττον,
1502 2016 1592 2052 οἶμαι,
1620 2015 1651 2042 τὸ
1681 2013 1726 2042 διὰ
1754 2015 1885 2051 σώματος

1057 2060 1209 2098 ἁμάρτημα
1234 2063 1283 2088 τοῦ
1306 2059 1350 2087 διὰ
1364 2054 1471 2098 γυμνῆς
1496 2061 1546 2092 τῇς
1560 2061 1652 2097 ψυχῆς
1682 2059 1886 2097 καταφαίνεται.

1057 2106 1118 2134 Ὅτι
1134 2104 1190 2132 ἐκιῖ
1220 2105 1267 2141 μὶν
1291 2106 1390 2144 φυσικὴ
1414 2105 1501 2143 τροφή
1525 2115 1555 2132 τε
1578 2104 1622 2131 καὶ
1645 2101 1731 2141 ὅριξις
1752 2103 1824 2142 πρὸς
1837 2103 1886 2137 τήν

1057 2149 1270 2188 γαστριμαργίαν
1287 2149 1304 2184 ἢ
1331 2148 1459 2185 πορνείαυ
1486 2149 1517 2176 τὸ
1531 2150 1611 2185 σῶμα
1627 2147 1672 2175 διὰ
1693 2150 1748 2176 τῶν
1772 2147 1886 2186 συντρό-

1058 2205 1115 2233 φων
1144 2192 1251 2229 ἡδονῶν
1279 2193 1471 2232 γαργαλίζεται
1488 2203 1495 2209 ·
1526 2192 1637 2221 ἐνταῦθα
1664 2191 1693 2220 δὲ
1718 2193 1782 2220 ἅνιυ
1811 2192 1886 2223 τινὸς

1058 2241 1217 2275 σωματικῆς
1246 2237 1349 2273 ἡδονῆς
1381 2238 1521 2276 μοχθηρία
1549 2238 1733 2275 προαιρίσεως
1761 2238 1795 2264 τὰ
1812 2237 1885 2271 πάθη

1057 2283 1130 2322 παρὰ
1145 2282 1222 2323 φύσιν
1236 2285 1271 2320 τῇ
1287 2284 1365 2321 ψυχῇ
1395 2283 1541 2320 ἐπιισάγει.
1571 2282 1621 2309 Καὶ
1637 2281 1662 2309 sl
1689 2281 1776 2314 πάθος
1792 2283 1888 2319 ψυχῆς

179 2323 334 2357 ωω,ίύι·οι·
349 2326 377 2352 et
388 2326 584 2361 contentio,et
599 2329 702 2356 caetera
716 2328 816 2356 omnia
825 2336 1007 2365 quaecunque

1061 2329 1078 2363 ἡ
1106 2321 1156 2363 τῆς
1185 2327 1318 2365 παρθένου
1347 2327 1445 2365 φθορὰ,
1474 2326 1558 2358 πάθος
1586 2328 1681 2364 ψυχῆς
1695 2325 1770 2354 καὶὸ
1787 2326 1887 2363 θυμὸς,

179 2367 252 2395 dixit
266 2368 433 2404 Apostolus,
450 2370 545 2398 adhuc
561 2373 660 2401 autem
674 2373 769 2410 magis
784 2375 813 2402 et
827 2373 946 2402 invidia.
961 2373 1006 2402 Si-

179 2411 339 2441 millimum
355 2416 432 2443 certe
448 2417 476 2443 et
491 2415 541 2451 qui
553 2419 632 2444 amat
646 2418 674 2445 et
686 2418 738 2454 qui
755 2419 866 2447 invidet
875 2419 1004 2447 dolorem

179 2457 336 2486 sustinent.
344 2458 597 2491 Quemadmodum
607 2461 685 2491 enim
698 2463 826 2492 amantis
837 2463 967 2492 animam
978 2465 1006 2492 et

284 2587 502 2630 Τεταραγμὲνον.
522 2589 584 2630 _Sic_
601 2597 678 2630 mss._
701 2592 827 2626 quatuor
845 2593 874 2630 et_
897 2591 1006 2620 Veneta

178 2622 277 2663 editio,
283 2622 401 2663 "melius:
411 2622 505 2663 quam
521 2625 611 2663 Par-isi
617 2622 925 2663 ausim—termonutwp.

179 2658 326 2721 “(223:
341 2658 504 2689 Articulum
521 2661 629 2689 habent
652 2669 725 2690 mss.
743 2658 888 2698 plerique.
901 2658 1007 2692 'Deerat

215 2729 271 2771 (81)
283 2729 371 2758 Τὸν...
391 2731 493 2767 μισθόν.
509 2733 557 2761 Sic
573 2741 645 2761 mss.
663 2736 798 2769 quatuor.
815 2734 902 2769 Editi,
916 2736 1004 2764 τῶν...

183 2769 318 2835 μιῖἐῧν’ί)
334 2798 475 2843 διάϐολος.
499 2804 592 2843 Editio
619 2804 711 2843 Paris.
727 2805 820 2843 addit,
841 2803 910 2843 ἔχει,
927 2807 1005 2843 quod

180 2842 248 2864 cum
263 2840 529 2870 necessariumnon
545 2841 596 2878 sit,
607 2848 659 2870 nec
674 2840 705 2870 in
719 2840 847 2871 editione
856 2840 968 2873 Veneta
977 2845 1006 2873 et

1060 2372 1104 2400 καὶ
1119 2374 1136 2407 ἡ
1164 2370 1230 2411 ἔρις,
1254 2371 1299 2400 καὶ
1322 2373 1356 2400 τὰ
1372 2371 1445 2399 ἄλλα
1472 2370 1559 2399 πάντα
1571 2370 1620 2399 ὅσα
1642 2369 1749 2409 ιῗρηκιν
1774 2370 1788 2398 ὁ
1805 2370 1888 2398 Ἀπό-

1061 2415 1168 2452 στολος,
1195 2415 1234 2445 ἔτι
1249 2416 1278 2444 ὂὶ
1295 2416 1401 2454 μᾶλλον
1427 2417 1441 2444 ὁ
1470 2415 1578 2455 φθόνος.
1593 2415 1778 2452 Ὁμοιοτάτην
1793 2414 1857 2452 γοῦν
1874 2413 1889 2441 ὅ

1058 2472 1088 2490 τι
1116 2461 1183 2499 ἐρῶν
1213 2461 1258 2490 καὶ
1283 2462 1297 2490 ὁ
1322 2461 1427 2500 φθονῶν
1452 2461 1502 2495 τὴν
1519 2458 1618 2495 ὀδύνην
1646 2459 1817 2499 ὑφίστανται.
1845 2461 1889 2490 Ὦς

1061 2591 1091 2628 in
1107 2590 1168 2620 ullo
1183 2599 1305 2628 prorsus
1320 2593 1417 2620 vetere
1432 2590 1506 2619 libro
1522 2590 1648 2627 legatur,
1661 2590 1890 2626 expungendum

1062 2630 1371 2702 w?g$'%$uipatelacm
1388 2661 1612 2726 σκληραηρυγίας.
1634 2661 1732 2690 Monet
1745 2661 1891 2690 Combefi-

1062 2699 1124 2726 sius
1140 2700 1170 2726 in
1185 2709 1238 2726 suo
1262 2700 1352 2726 Restio
1376 2700 1474 2726 codice
1512 2707 1567 2726 em.
1592 2697 1783 2726 δγκοάτιιαν...
1802 2696 1890 2726 σκλη-

1061 2696 1170 2736 sinsin
1185 2696 1238 2728 suo
1262 2700 1352 2736 Regio
1376 2696 1474 2728 codice
1500 2696 1567 2736 legi,
1592 2696 1890 2736 tﬂpdtetavi.._cxln-

1061 2707 1124 2728 sius
1140 2708 1170 2727 ιιι
1185 2709 1238 2728 suo
1262 2707 1352 2736 Hegio
1376 2707 1474 2728 conice
1500 2707 1567 2734 legi,
1592 2707 1783 2762 ιέκρατιιανυ,
1802 2707 1890 2731 σκλη-

1061 2735 1208 2776 ρᾳχωγίαν,
1225 2745 1290 2776 q_uaa_
1304 2736 1450 2776 scriptura
1464 2735 1560 2776 potior:
1573 2734 1599 2761 vi
1623 2735 1731 2776 eretur.
1744 2733 1800 2776 S'ed
1818 2741 1890 2776 pace

1059 2769 1292 2811 virid'octiss'imi
1317 2769 1485 2811 dixerimsi:
1498 2770 1528 2798 in
1553 2770 1608 2798 hoc
1632 2769 1731 2811 codice
1755 2769 1847 2811 Regio
1860 2771 1888 2797 et

1059 2807 1089 2836 in
1106 2808 1171 2837 aliis
1186 2808 1323 2838 omnibus
1336 2808 1380 2837 ita
1393 2807 1537 2844 scriptum
1552 2813 1627 2841 esse,
1642 2808 1674 2834 ut
1685 2805 1716 2834 in
1732 2805 1832 2834 editis.
