2010 3145
115 182 171 212 ⁸165

730 185 849 216 LIBER
870 186 921 216 DE
943 185 1212 217 VIRGINITATE.

1760 184 1820 216 166

114 247 162 286 γὰρ
177 246 229 275 τοῦ
245 247 362 285 ἐρῶντος
387 249 436 283 τήν
461 249 553 286 ψυχὴν
570 249 615 276 καὶ
630 249 661 277 τὸ
677 251 767 286 σῶμα,
781 251 937 288 ἀποτυγχά-

996 260 1115 288 corpus,
1130 251 1154 279 si
1179 251 1348 287 cupiditatis
1373 258 1493 286 compos
1513 259 1571 279 non
1595 251 1656 284 ﬁat,
1681 251 1822 281 tabefacit

115 302 209 323 νοντος
223 293 274 327 τῆς
299 292 454 330 ἐπιθυμίας,
479 294 556 328 τήκει
573 294 586 321 ὁ
602 291 681 332 ἔρως,
708 294 780 322 οὕτω
803 297 852 322 τοῦ
877 296 941 334 φθο-

115 341 225 370 νοῦντος
239 339 285 366 καὶ
303 339 394 376 ψυχὴν
411 339 454 366 καὶ
479 341 558 375 σῶμα
581 339 595 366 ὁ
612 340 710 377 φθόνος
735 341 871 375 συντήκιι.
888 339 941 369 Οὗ-

115 382 154 411 δὶν
171 383 223 420 γὰρ
252 382 360 419 μᾶλλον
381 384 407 410 οἱ
430 383 544 421 ἰρῶντις
565 384 801 422 ἀποτυγχάνοντες
814 388 864 420 τῆς
881 384 940 412 ἐπι-

114 427 212 464 θυμίας
230 427 282 454 ὑπὸ
297 429 346 454 τοῦ
369 426 481 464 ἔρωτος,
506 427 524 462 ἢ
541 428 567 455 οἱ
593 429 755 466 φθονοῦντες
778 429 940 467 ἀτυχοῦντες

111 475 160 506 τῆς
177 470 248 502 ἲδίας
274 471 431 507 ἑπιθυμίας,
454 471 507 499 ὐπὸ
530 474 579 499 τοῦ
602 472 702 511 φθόνου
717 473 762 500 καὶ
787 475 880 511 ψυχὴν
893 473 938 501 καὶ

113 518 192 553 σῶμα
231 517 410 551 συντήκονται
431 526 438 533 ⁸
466 517 592 544 τοιοῦτόν
627 527 654 545 τι
692 518 777 549 πάθος
815 517 941 555 ἄντικρυς

111 561 278 598 πάσχοντες,
295 560 352 588 οἲον
373 560 404 587 ἂν
430 562 539 599 κήρινοι
564 560 719 599 ἀνδριάντες
734 561 760 589 ἐν
776 562 852 589 νυκτὶ
868 562 942 598 παρὰ

109 608 162 634 τῶν
191 604 392 643 κηροπλάστων
424 605 627 645 μορφωθὲντες,
642 606 725 641 ἡλίου
752 606 942 639 ἀνατείλαντος

113 650 164 677 ὑπὸ
190 653 243 684 τῆς
273 649 393 685 ἡλιακῆς
422 650 531 682 ἀκτῖνος
559 651 775 687 κατατηκόμεναι
804 652 915 683 πάθοιεν
933 673 939 679 .

111 694 226 721 Ἐκεῖνοι
252 703 282 721 τι
309 694 372 732 γὰρ,
401 692 453 726 ἕως
485 695 531 731 μὶν
567 694 597 722 ἂν
626 696 644 730 ἡ
671 694 717 730 νὺξ
730 694 829 725 αὐτοὺς
848 695 940 722 καὶτὸ

110 739 207 769 σκότος
221 737 336 776 κατέχῃ,
349 741 503 776 πεπηγυῖαν
519 739 545 766 ἓν
558 741 593 772 τῆ
615 742 678 774 σκιᾷ
702 739 753 767 ὑπὸ
775 742 826 774 τῆς
850 749 941 766 νυκτε-

111 786 187 821 ρινῆς
201 782 286 820 αὔρας
309 783 360 817 τὴν
385 783 491 820 μορρὴν
516 783 553 814 ὡς
568 782 753 819 ἐπλάσθησαν,
783 783 809 811 ἐν
825 785 864 819 τῷ
889 783 939 820 ιμ-

110 827 267 867 φαινομένῳ
295 830 354 858 τοῖς
382 827 524 864 πλάσμασι
552 828 634 864 τόνῳ,
663 829 708 855 καὶ
736 827 847 866 στερρὰν
869 827 939 859 τέως

110 871 302 900 δεικνύουσιν¹
334 871 537 908 ἰπιλάμψαντος
568 871 597 900 δὲ
621 874 670 899 τοῦ
699 871 783 907 ἡλίου
820 872 865 899 καὶ
892 872 939 899 τὸν

110 916 211 943 οἰκεῖον
237 914 341 952 δρόμον
364 915 503 950 ἀνύοντος,
519 916 552 943 τὰ
575 916 622 952 μὲν
642 915 727 944 λοιπὰ
748 917 852 944 ἅπαντα
876 916 937 954 τρέ-

111 971 187 998 φεται
214 960 267 988 ὑπὸ
291 963 340 994 τῆς
361 959 482 996 ἡλιακῆς
507 959 658 997 δυνάμεως,
679 961 724 988 καὶ
751 961 842 1000 φωτὸς
868 961 936 988 ἀπο-

111 1004 186 1032 λαύει
201 1006 270 1041 (9Ο)’
296 1005 322 1032 οἱ
347 1003 376 1032 δὶ
402 1005 585 1039 συντακὲντις,
601 1005 649 1036 τάς
671 1015 699 1032 τε
725 1005 830 1044 μορφὰς
846 1005 939 1033 καὶτὰ

111 1050 242 1087 σχήματα
272 1049 339 1085 μετὰ
362 1051 411 1076 τοῦ
434 1049 637 1088 ἱμφαινομὲνου
652 1050 757 1086 ἑκάστῳ
771 1049 850 1077 τόνου
874 1060 938 1087 συγ-

111 1097 250 1132 χυθέντες,
266 1094 465 1133 ἠφανίσθησαν.
482 1093 517 1123 Ο⁹ί
534 1105 564 1122 τε
588 1094 724 1133 φθονεροὶ,
740 1093 791 1125 ἕως
808 1095 838 1122 ἄν
853 1094 879 1122 ἕν
895 1096 936 1130 τῷ

111 1139 262 1175 σκότῳτοῦ
288 1136 433 1173 διαϐόλου,
456 1139 494 1171 ὡς
517 1139 543 1166 ἂν
567 1139 653 1173 νυκτὶ,
670 1139 737 1176 πρὸς
761 1139 795 1166 τὰ
809 1141 858 1166 τοῦ
870 1138 936 1178 φθό-

109 1193 156 1210 νου
181 1182 247 1221 ἔργα
264 1181 453 1220 βουλεύονται,
476 1183 573 1221 παγίας
595 1182 664 1214 τὲως
692 1182 801 1210 δοκοῦσι
823 1183 871 1214 τὰς
894 1182 936 1210 ἐν-

109 1228 191 1262 νοίας,
207 1227 254 1255 καὶ
272 1227 307 1255 τὰ
329 1228 460 1265 σχήματα
482 1228 550 1264 μιτὰ
571 1230 627 1255 τῶν
655 1230 778 1266 μορφῶν,
803 1227 840 1258 ὡς
864 1228 938 1265 παρά

109 1274 147 1308 τῷ
174 1272 267 1309 φθόνῳ
291 1271 473 1307 ὲπλάσθησαν,
501 1270 639 1307 ἀλλήλοις
662 1270 807 1299 δεικνύναι”
829 1270 936 1300 ιπιιδὰν

111 1315 138 1344 Et
152 1315 231 1351 δίκην
248 1315 331 1351 ἡλίου
357 1315 504 1347 σπουδαῖος
532 1316 600 1354 ἀνὴρ
623 1316 692 1354 πρὸς
715 1317 749 1344 τὰ
769 1319 818 1351 τῆς
840 1317 937 1354 ἀρετῆς

111 1360 176 1398 ἔργα
191 1360 303 1391 ἑωθινὸς
318 1359 460 1398 ἀνατείλῃ,
483 1361 510 1388 οἱ
533 1361 580 1397 μὲν
607 1360 701 1388 λοιποὶ
725 1361 852 1396 ἃπαντες,
877 1360 935 1388 ὅσοι

111 1407 158 1432 τοῦ
172 1404 327 1443 φιλοκάλου
342 1415 371 1432 τε
385 1405 430 1432 καὶ
453 1404 581 1443 φιλοοὲου
607 1405 668 1443 βίου
689 1405 734 1432 τὸν
760 1404 860 1442 τρόπον
876 1406 937 1432 θαυ-

114 1450 241 1486 μάζουσι,
270 1451 319 1476 τοῦ
349 1449 422 1481 θείου
447 1448 548 1487 ἔρωτος
577 1448 614 1480 είς
645 1451 745 1486 γνῶσιν
767 1449 831 1486 παρ’
854 1448 936 1476 αὐτοῦ

114 1493 250 1531 λαμπρῶς
279 1493 505 1532 ἐμφορούμενοι,
532 1493 566 1521 τὰ
592 1495 641 1528 τῆς
669 1494 768 1530 ἀρετῆς
797 1496 938 1530 σπέρματα

113 1539 267 1577 τριφουσιν·
298 1539 324 1566 οἱ
354 1536 383 1565 δὲ
399 1538 552 1575 ἀχείρωτον
569 1538 617 1574 μὶν
642 1537 721 1565 αὐτὸν
739 1536 784 1565 διὰ
796 1538 827 1565 τὸ
844 1543 937 1575 θεοφι-

996 303 1088 330 amor,
1104 296 1145 323 ita
1159 298 1188 323 et
1202 295 1362 323 invidentis
1382 295 1513 323 animam
1529 298 1558 323 et
1573 303 1680 331 corpus
1701 296 1822 324 invidia.

996 340 1069 368 Nam
1086 341 1137 376 qui
1151 343 1262 373 amant,
1272 348 1340 367 cum
1356 339 1392 367 ab
1404 348 1437 367 eo
1447 339 1524 375 quod
1540 340 1663 375 cupiunt
1674 340 1820 374 aberrant,

996 384 1089 412 nihilo
1102 384 1197 421 magis
1212 385 1249 412 ob
1265 392 1404 417 amorem,
1421 392 1509 420 quam
1526 384 1617 412 invidi
1634 385 1757 420 proprie
1768 393 1822 412 cu-

995 429 1129 465 piditatis
1145 437 1201 456 non
1226 431 1376 464 compotes
1401 429 1436 456 ob
1452 428 1604 463 invidiam,
1631 430 1660 455 et
1683 428 1782 456 anima
1794 431 1823 456 et

994 482 1114 509 corpore
1128 474 1294 501 tabescunt.
1306 473 1374 501 Tale
1390 472 1542 509 quidpiam
1563 473 1690 508 profecto
1704 473 1822 508 patiun-

994 521 1053 552 tur,
1069 517 1155 554 quale
1179 517 1323 552 imagines
1348 525 1448 552 cereas,
1475 525 1538 553 quae
1563 520 1649 545 noctu
1667 526 1684 545 a
1702 518 1821 546 cerariis

994 563 1107 595 efﬁctas,
1125 562 1174 590 ubi
1202 561 1245 590 sol
1261 561 1400 595 illuxerit,
1426 561 1515 589 solari
1536 561 1617 589 radio
1642 561 1819 597 liquescunt.

996 607 1053 635 Illis
1062 607 1151 640 enim,
1159 606 1290 642 quandiu
1301 615 1350 634 eas
1359 607 1477 642 quidem
1488 614 1554 634 mox
1566 608 1595 634 et
1606 606 1735 634 tenebrm
1747 607 1820 634 deti-

996 653 1265 686 ueant,concretem
1275 651 1305 678 in
1315 651 1421 678 umbra
1430 651 1581 678 nocturnis
1592 651 1671 678 auris
1683 651 1819 686 formam,

995 698 1082 733 prout
1096 697 1197 724 efﬁctas
1212 695 1343 728 fuerunt,
1358 696 1388 723 in
1404 703 1437 723 ea
1452 695 1610 728 soliditate,
1624 703 1687 730 quas
1699 695 1728 722 in
1745 695 1820 723 ima-

994 741 1112 777 ginibus
1128 749 1268 776 apparere
1283 740 1368 774 solet,
1393 740 1509 768 ﬁrmam
1524 739 1643 767 interim
1658 739 1795 767 exhibent
1810 748 1818 768 :

994 786 1044 814 sed
1058 785 1244 813 illucescente
1255 784 1316 813 sole
1327 787 1355 812 et
1370 784 1518 820 preprium
1535 792 1655 812 cursum
1667 783 1819 820 perficien—

993 832 1031 864 te,
1048 832 1151 858 caetera.
1175 830 1294 865 quidem
1311 829 1411 856 omnia
1435 829 1462 856 vi
1477 828 1564 857 solari
1593 829 1775 863 nutriuntur,
1792 830 1821 856 et

993 873 1059 902 luce
1074 874 1284 909 perfruuntur;
1298 873 1353 900 illre
1368 881 1436 901 vero
1450 873 1658 909 liquescentes,
1667 872 1769 901 formis
1784 881 1819 901 ac

994 918 1094 953 ﬁguris
1109 926 1177 946 cum
1193 917 1341 946 soliditate
1355 917 1385 945 in
1396 925 1573 953 unaquaque
1584 919 1743 953 apparente
1752 925 1821 945 con-

992 963 1077 996 fusis,
1094 964 1281 991 evanescunt.
1292 962 1340 991 Sic
1354 965 1383 990 et
1397 962 1636 998 invidi,quandiu
1648 961 1678 989 in
1689 961 1818 989 tenebris

992 1007 1111 1043 diaboli,
1127 1007 1207 1035 velut
1221 1007 1250 1034 in
1276 1009 1369 1041 nocte,
1386 1006 1500 1034 invidiae
1517 1015 1605 1042 opera
1627 1006 1817 1042 meditantur,

991 1051 1100 1080 solidas
1110 1051 1229 1079 interim
1241 1051 1378 1079 videntur
1387 1051 1578 1087 cogitationes
1591 1053 1619 1078 et
1630 1050 1739 1086 ﬁguras
1751 1059 1816 1079 cum

991 1095 1104 1127 formis.
1121 1098 1207 1131 prout
1220 1095 1256 1123 ab
1272 1095 1383 1123 invidia
1391 1095 1494 1123 efﬁctas
1504 1096 1631 1127 fuerunt,
1644 1095 1721 1123 inter
1731 1103 1761 1122 se
1773 1095 1818 1123 in-

989 1141 1081 1168 vicem
1097 1141 1298 1168 demonstrare
1314 1150 1321 1173 ;
1337 1140 1387 1168 sed
1403 1139 1428 1167 si
1439 1139 1483 1167 vir
1498 1139 1724 1176 probus,instar
1734 1139 1816 1175 solis,

992 1185 1029 1213 ad
1044 1184 1161 1212 virtutis
1186 1192 1274 1220 opera
1298 1192 1383 1212 mane
1408 1184 1556 1220 effulgent,
1582 1183 1677 1212 caeteri
1697 1184 1816 1219 quidem

992 1237 1104 1264 omnes,
1121 1228 1290 1264 quicunque
1306 1228 1403 1264 probae
1413 1237 1446 1256 ac
1462 1228 1602 1264 religiosa!
1618 1229 1683 1255 vitae
1693 1229 1816 1256 modum

991 1274 1186 1309 admirantur,
1202 1273 1253 1301 sed
1268 1273 1359 1301 divini
1375 1272 1483 1301 amoris
1493 1273 1689 1309 cognitionem
1701 1273 1817 1301 abunde

992 1318 1028 1346 ab
1039 1327 1072 1346 eo
1083 1317 1224 1346 illustrati
1232 1317 1350 1346 virtutis
1361 1317 1475 1345 semina
1487 1317 1622 1344 nutriunt
1638 1326 1644 1344 :
1660 1317 1751 1344 invidi
1761 1325 1817 1344 au-

991 1364 1062 1396 tem,
1078 1370 1144 1390 cum
1162 1370 1229 1389 eum
1245 1361 1501 1397 inexpugnabilem
1513 1361 1631 1397 quidem
1643 1360 1737 1388 instar
1747 1360 1817 1389 solis

991 1407 1028 1435 ob
1045 1407 1093 1435 Dei
1111 1414 1252 1439 amorem,
1266 1405 1383 1433 virtutis
1398 1408 1496 1433 autem
1521 1405 1658 1440 operibus
1674 1405 1768 1440 magis
1783 1414 1817 1433 ac

992 1451 1087 1486 magis
1112 1451 1304 1486 conspicuum
1328 1449 1456 1483 videant,
1480 1450 1556 1477 662
1579 1449 1659 1476 velut
1681 1449 1766 1483 cerei,
1784 1452 1817 1477 ut

992 1495 1062 1528 dixi,
1078 1497 1106 1522 et
1119 1501 1273 1530 corporum
1299 1493 1399 1521 formis
1424 1495 1452 1521 et
1467 1493 1623 1521 animabus
1647 1493 1760 1521 invidia
1775 1501 1819 1521 re-

992 1538 1074 1566 fertis
1089 1540 1208 1574 repente
1223 1537 1400 1573 liquescunt.

113 1582 157 1614 λὶς
181 1582 301 1621 καθάπερ
330 1582 424 1617 ἥλιον,
453 1581 683 1620 λαμπρυνόμενον
714 1583 770 1618 (91)
799 1580 828 1610 δὲ
852 1584 912 1613 τοῖς
939 1584 990 1616 τῆς
1009 1582 1107 1618 ἀρετῆς
1130 1580 1219 1619 ἔργοις
1243 1578 1282 1608 ἔτι
1309 1579 1415 1617 μᾶλλον
1440 1580 1567 1617 ὁρῶντες,
1589 1579 1680 1618 ὣσπερ
1694 1582 1813 1618 κήρινοι,

112 1627 178 1664 ὅπερ
208 1625 288 1664 ἔφην,
315 1627 365 1657 τάς
392 1636 423 1654 τε
448 1628 505 1654 τῶν
534 1625 670 1663 σωμάτων
701 1625 808 1665 μορφὰς
835 1626 906 1662 ὁμοῦ
937 1625 983 1653 καὶ
1010 1625 1059 1657 τὰς
1091 1624 1181 1663 ψυχὰς
1214 1626 1263 1652 τοῦ
1292 1623 1393 1661 φθόνου
1420 1624 1556 1662 γεμούσας
1583 1624 1689 1663 ἀθρόως
1719 1624 1817 1661 ἐτάκη-

115 1681 173 1700 σαν.

145 1725 190 1754 49.
208 1724 362 1759 Γαληναίαν
392 1723 437 1752 οὖν
463 1723 504 1752 δεῖ
530 1725 580 1759 τήν
606 1725 656 1759 τῆς
682 1723 816 1762 παρθένου
832 1724 934 1762 ψυχὴν,

1028 1724 1070 1752 49.
1088 1724 1228 1752 Serenam
1252 1731 1321 1760 ergo
1347 1724 1436 1752 decet
1454 1732 1518 1753 esse
1537 1723 1660 1761 virginis
1683 1725 1824 1761 animam,

109 1769 153 1797 καὶ
178 1769 298 1805 καθάπιρ
325 1767 355 1797 ἔκ
378 1779 452 1800 τινος
478 1769 672 1806 καθαρωτάτης
699 1769 790 1806 πηγῆς
815 1770 863 1796 τοῦ
891 1769 939 1796 νοῦ

108 1816 167 1845 ταῖς
197 1813 281 1845 θείαις
308 1812 423 1845 ἐννοίαις
455 1811 653 1850 λιμνάζουσαν,
682 1812 836 1849 ἀκύμαντον
860 1812 939 1847 εἶναι,

113 1859 177 1894 μήθ’
200 1858 254 1885 ὗπὸ
277 1859 331 1885 τῶν
355 1856 450 1893 ἔξωθεν
474 1856 509 1885 δι’
534 1858 619 1892 ἀκοῆς
645 1856 824 1894 βαλλομένων
849 1855 938 1894 λόγων

110 1901 328 1939 κυμαινομᾶνην,
354 1902 418 1938 μήθ’
445 1902 497 1929 ὑπὸ
522 1904 576 1929 τῶν
604 1901 799 1938 ἆμπιπτουσῶν
827 1900 871 1928 διὰ
889 1904 940 1936 τῆς

110 1945 198 1984 ὅψεως
240 1948 393 1985 φαντασιῶν
423 1946 474 1980 τὴν
510 1945 659 1984 γαληναίαν
694 1946 751 1981 (92)
777 1946 937 1973 κατάστασιν

112 1991 288 2030 φρίσσουσαψ
313 1989 350 2017 'iv’
377 1989 414 2021 ὠς
443 1989 470 2017 ὲν
499 1991 682 2028 καθαρωτάτῳ
709 1990 870 2028 κατόπτρῳ,
893 1990 940 2017 καὶ

111 2037 208 2068 ἑαυτῆς
225 2035 275 2070 τὴν
291 2033 365 2062 istm
386 2035 432 2062 καὶ
454 2036 504 2062 τοῦ
522 2034 643 2074 νυμφίου
665 2035 698 2062 τὸ
713 2033 818 2066 κάλλος
835 2034 936 2073 ὁρῶσα,

110 2082 158 2108 τοῦ
173 2080 236 2117 περὶ
259 2079 339 2107 αὐτὸν
357 2077 459 2117 ἔρωτος
482 2080 667 2117 γνησιώτιρον
693 2079 859 2118 ὶμφορῆται.
876 2079 937 2106 Διό-

111 2134 160 2162 περ
183 2124 216 2151 οὗ
240 2122 282 2151 δεῖ
306 2121 362 2155 οὔθ’
385 2122 475 2161 ἑτέραν
500 2121 563 2161 ὄψιν
579 2125 620 2160 τῷ
642 2125 690 2151 τοῦ
717 2121 814 2154 ὕδατος
841 2122 939 2151 τούτου

110 2165 258 2205 κατόπτρῳ
284 2166 438 2205 ιγκύπτιιν,
463 2166 509 2195 ’ίνα
539 2168 577 2205 μὴ
603 2168 654 2202 τὴν
679 2170 853 2206 προϋποῦσαν
883 2169 939 2204 (93)

111 2212 267 2241 ἐπισείουσα
282 2211 409 2250 ἀφανίζῃ·
427 2211 487 2244 080'
501 2212 553 2240 ὑπὸ
578 2212 662 2250 ὀργῆς
676 2211 694 2246 ἢ
720 2210 810 2247 λύπης
824 2211 842 2246 ἢ
857 2222 938 2239 τινων

112 2258 209 2295 ἒτὲρων
225 2257 318 2284 παθῶν
335 2257 391 2294 (94)
408 2256 481 2288 ὅλως
506 2256 696 2293 κυμαίνεσθαι,
708 2255 755 2284 ’ίνα
780 2257 818 2294 μὴ
839 2255 940 2284 ἅλλοτι

112 2301 228 2334 ἀλλοίας
253 2301 360 2340 μορφὰς
383 2303 423 2337 τῷ
449 2303 487 2337 νῷ
516 2301 572 2338 (95)
600 2300 626 2328 ἂν
650 2303 690 2338 τῷ
717 2300 793 2337 σάλῳ
817 2299 937 2338 δτικνύῃ·

112 2345 174 2374 ἀλλ’
186 2346 228 2374 ἀεὶ
249 2345 378 2376 ὡσαύτως
402 2345 445 2373 καὶ
472 2345 497 2373 ιν
524 2346 558 2382 τῇ
583 2346 652 2373 κατὰ
673 2345 737 2373 Θεὸν
762 2347 836 2383 χαρᾷ
856 2354 939 2383 κεχυ-

114 2391 210 2428 μινην,
239 2390 394 2427 ἀκύμαντον
421 2389 469 2426 μὶν
500 2392 593 2422 παθῶν
622 2388 717 2418 διόλου
741 2389 933 2428 φυλάττεσθαι,

115 2435 230 2474 μηδενὸς
245 2434 274 2464 Si
288 2434 380 2472 ὶτιρου
399 2433 473 2464 tot”
487 2434 513 2463 ἓν
539 2435 620 2471 ἑαυτῇ
633 2434 652 2470 ἢ
664 2437 712 2463 τοῦ
736 2435 854 2475 νυμφίου
878 2433 936 2463 διι-

146 2565 203 2601 (90)
219 2560 379 2601 faaolgcsg.
395 2562 449 2601 _Sio
459 2599 465 2601 _
475 2561 615 2601 plerique
623 2565 735 2593 veteres
758 2562 824 2593 libri
839 2566 868 2593 et
882 2565 938 2593 Ve-

113 2599 177 2629 aeta
193 2599 295 2628 editio.
312 2599 494 2629 Parisiensis.
510 2599 670 2628 ἀπολαύσει.

680 2637 807 2673 quatuor
830 2635 936 2664 codici-

146 2680 177 2699 ιε.
207 2670 464 2699 λλαμπουνόμενον.

113 2671 177 2706 bus,
193 2670 464 2708 ιλλαμπρυνόμενον.

147 2682 287 2744 (ῗεῖλὲῗᾶ

113 2751 195 2780 mss.,
205 2751 264 2780 uno
273 2746 402 2780 egcepto,
409 2743 459 2780 qui
468 2743 598 2780 secunda
605 2751 692 2780 manu
702 2743 801 2780 habet,
813 2745 846 2771 ut
854 2743 934 2777 editi,

113 2777 270 2821 γαληναίη.
290 2777 401 2821 Ibidem
417 2777 505 2821 'unus
518 2787 553 2807 ex
577 2779 675 2821 Regiis
691 2779 819 2821 secunda
834 2787 934 2812 manu,

113 2814 271 2842 κατάστασιν
288 2814 457 2851 φθείρουσαν.
484 2815 551 2847 Qua
569 2814 721 2851 scriptura
736 2815 791 2843 eisi
807 2823 935 2851 percom-

113 2851 198 2881 mode
220 2849 427 2886 videtin-{eam
448 2852 548 2881 tamen
565 2850 597 2880 in
618 2849 785 2881 contextum
806 2849 936 2888 recipere

289 2706 396 2749 ηναίαν.
423 2707 551 2749 Legitur,
568 2707 713 2749 .vaAnvﬁv,
742 2707 936 2749 in‘omnibus

994 1776 1027 1796 ac
1041 1768 1121 1796 velut
1136 1777 1170 1797 ex
1185 1768 1311 1804 quodam
1328 1768 1486 1804 purissimo
1498 1769 1604 1797 mentis
1620 1769 1698 1797 fonte
1711 1769 1819 1797 divinis

994 1813 1222 1849 cogitationibus
1247 1815 1443 1849 stagnantem,
1459 1813 1550 1840 ﬂuctu
1570 1821 1691 1848 prorsus
1707 1821 1815 1847 carere,

993 1866 1089 1894 neque
1104 1858 1140 1885 ab
1162 1857 1301 1890 externis,
1318 1857 1368 1893 qui
1392 1866 1444 1893 per
1467 1866 1566 1885 aurem
1593 1858 1737 1891 feruntur,
1754 1866 1815 1885 ser-

994 1902 1132 1930 monibus
1142 1901 1292 1938 agitatam,
1303 1909 1398 1937 neque
1407 1901 1443 1929 ab
1456 1901 1651 1929 incidentibus
1662 1910 1713 1938 per
1722 1902 1821 1930 visum

992 1946 1175 1983 imaginibus
1199 1946 1235 1973 de
1258 1945 1418 1982 tranquillo
1441 1948 1518 1974 statu
1542 1946 1684 1982 dejeotam
1702 1955 1709 1974 :
1726 1946 1767 1974 ita
1788 1948 1821 1974 ut

993 1990 1113 2019 velutin
1127 1990 1287 2026 purissimo
1304 1990 1421 2026 speculo
1437 1993 1466 2018 et
1479 1999 1563 2018 suam
1580 1990 1675 2027 ipsius
1691 1991 1818 2027 speciem

993 2037 1023 2063 et
1037 2035 1137 2071 sponsi
1163 2034 1413 2070 pulchritudinem
1439 2034 1630 2070 perspiciens,
1654 2034 1735 2062 illius
1755 2043 1822 2063 vero

994 2087 1092 2108 amore
1108 2079 1203 2114 magis
1215 2078 1382 2114 impleatur.
1394 2079 1487 2110 Quare
1499 2087 1556 2106 non
1573 2081 1687 2114 oportet
1700 2081 1733 2106 ut
1744 2079 1821 2107 alius

993 2123 1093 2152 vultus
1106 2123 1136 2150 in
1151 2122 1242 2158 hujus
1258 2131 1339 2158 aquas
1355 2122 1507 2158 speculum
1523 2121 1692 2158 prospiciat,
1709 2131 1745 2150 ne
1755 2123 1819 2150 vul-

993 2170 1057 2195 tum
1069 2168 1131 2203 jam
1141 2167 1181 2195 ibi
1193 2167 1341 2203 depictum
1351 2166 1520 2194 concutiens
1530 2166 1653 2194 aboleat.
1665 2167 1766 2203 Neque
1776 2167 1821 2196 ira

994 2214 1046 2240 aut
1059 2211 1158 2240 dolore
1174 2212 1225 2239 aut
1239 2210 1305 2239 aliis
1329 2211 1601 2247 perturbationibus
1616 2211 1720 2248 agitari
1736 2221 1820 2248 pror-

995 2264 1047 2284 sus
1060 2255 1158 2291 debet,
1175 2257 1208 2283 ut
1221 2263 1257 2283 ne
1269 2255 1341 2283 alias
1357 2257 1443 2292 atque
1459 2256 1531 2284 alias
1545 2256 1665 2290 formas,
1677 2257 1746 2285 dum
1759 2257 1820 2293 agi-

993 2302 1086 2334 tatur,
1101 2302 1199 2328 mente
1209 2300 1345 2328 exhibeat
1357 2309 1364 2334 ;
1381 2301 1431 2328 sed
1444 2309 1561 2337 semper
1575 2301 1676 2329 eodem
1688 2303 1776 2330 modo
1789 2310 1821 2330 se

993 2345 1106 2374 habens
1131 2347 1161 2372 et
1185 2344 1283 2372 divino
1306 2344 1425 2380 perfusa
1448 2345 1567 2381 gaudio,
1592 2346 1683 2374 nullis
1699 2355 1820 2383 prorsus

992 2389 1247 2426 perturbationum
1265 2389 1401 2417 ﬂuctibus
1417 2390 1554 2426 agitetur,
1570 2398 1624 2418 nec
1639 2390 1727 2419 ullius
1743 2391 1814 2420 alte-

993 2435 1056 2463 rius
1071 2433 1210 2470 speciem,
1227 2433 1283 2462 nisi
1304 2434 1418 2470 sponsi,
1441 2434 1470 2462 in
1487 2435 1585 2472 seipse
1599 2435 1753 2471 exhibeat;
1779 2436 1820 2465 ita

993 2571 1084 2592 ausus
1101 2571 1159 2591 non
1167 2571 1254 2600 rsum,
1270 2562 1338 2600 quia
1352 2571 1410 2592 non
1434 2562 1506 2592 satis
1521 2570 1629 2600 magna
1645 2562 1818 2590 auctoritate

992 2599 1106 2632 nititur,
1124 2599 1175 2627 sed
1190 2599 1351 2636 tantumiin
1367 2599 1722 2636 interpretandoisecutus
1737 2606 1816 2636 sum.

1029 2636 1083 2670 (93)
1098 2636 1283 2671 Προϋποῦσαν.
1307 2635 1354 2662 Sic
1372 2633 1455 2664 mss.‘
1471 2644 1520 2664 sex
1535 2638 1564 2663 et
1586 2634 1696 2662 Veneta
1716 2633 1815 2662 editio.

991 2671 1177 2703 Parisiensis,
1193 2671 1369 2706 προενοῦσαν.

1026 2707 1081 2743 (94)
1097 2704 1401 2743 Παθῶν.Ῥιιτίξίοιιεὶε
1427 2706 1516 2734 editio
1532 2705 1622 2740 addit,
1645 2704 1730 2740 τινός,
1752 2704 1816 2733 sine

990 2741 1051 2771 ulla
1066 2750 1186 2778 prorsus
1202 2741 1385 2778 auctoritate.

1027 2776 1082 2820 (95')
1098 2779 1206 2819 Τῷ-νῴ.
1222 2777 1278 2820 _Sio
1286 2778 1515 2820 “m'ssusepte-m
1534 2779 1576 2820 εί.
1591 2776 1697 2820 \Lenotla
1711 2776 1812 2820 editio.

989 2810 1238 2848 Parisiensis,'-roﬁ
1252 2813 1312 2841 νοῦ.
1323 2811 1412 2841 Paulo
1428 2810 1494 2848 post
1508 2812 1589 2849 editi,
1600 2810 1742 2840 δεικνύναι.
1758 2812 1813 2841 Sex

989 2857 1062 2879 mss.
1079 2851 1113 2878 ut
1126 2849 1158 2878 in
1171 2850 1261 2877 textu.
