2010 3145
170 154 228 185 767

639 151 836 183 APPENDIX
860 151 1023 182 OPERUM
1045 152 1078 182 S.
1102 152 1246 185 BASILII
1267 154 1405 186 MAGNI.

1816 154 1876 184 768

171 222 203 248 ut
217 219 266 247 ille
289 226 405 254 semper
427 217 456 244 in
481 217 545 253 ipsa
568 218 716 254 propriam
741 217 989 254 pulchritudinem

1055 217 1150 246 ινύναι⁵
1169 219 1253 256 μόνου
1355 221 1402 256 μὶν
1431 219 1533 247 ἐκείνου
1557 221 1596 247 ἀεὶ
1621 220 1873 257 κατοπτριζομένου

173 266 314 300 tanquam
332 263 361 291 in
378 261 495 299 speculo
520 261 681 298 imprimat,
707 262 769 290 sola
785 264 882 290 autem
898 262 996 289 anima

171 309 296 337 formam
313 308 392 335 illius
416 307 446 334 in
469 315 522 335 suo
537 306 655 343 speculo
670 307 862 342 refulgentem
878 306 995 341 habent,

171 354 294 390 ejusque
311 353 410 380 formze
434 351 650 388 pulchritudine
676 352 772 380 ornari
796 352 874 379 velit.
901 353 995 385 Quare

171 398 370 435 pramuniens
392 397 471 424 illius
493 397 621 424 animam
637 397 875 432 sapientissimus
899 404 995 424 sermo

170 443 210 472 ait
229 452 235 471 :
250 443 280 470 Si
294 443 408 479 spiritus
420 444 582 478 potestatem
607 442 730 469 habentis
750 441 901 469 ascenderit
914 449 996 477 super

169 491 206 522 te,
224 488 311 516 locum
335 490 416 514 tuum
439 493 475 514 ne
493 486 633 513 dimiseris
642 486 665 503 ³⁵
681 494 687 513 :
705 494 740 513 ne
756 486 929 514 ascendente
945 493 994 521 po-

169 532 242 560 tenti
259 531 433 568 cogitatione
449 530 544 567 imago
559 530 667 566 locum,
679 532 711 558 ut
727 530 756 558 in
770 530 898 567 speculo,
910 538 995 566 repe-

170 577 259 610 riens,
275 577 363 604 etiam
379 575 496 603 nemine
522 577 664 611 praesente
688 575 799 612 peccati
821 575 932 611 species
948 583 994 602 re-

171 624 334 658 praesentet.
351 621 406 649 Sed
422 620 519 648 omnis
533 620 651 656 quidem
667 620 761 656 locus,
772 620 878 656 inquit,
891 620 921 648 in
934 619 996 648 ani-

171 674 219 694 ma
233 666 353 702 virginis
368 668 527 702 conspectu
538 665 644 693 Christi
662 664 816 701 repleatur.
829 664 935 693 Nullus
946 674 995 692 au-

168 714 228 739 tem
243 711 363 739 omnino
379 710 460 738 locus
483 710 513 738 in
538 718 572 737 ea
586 712 676 744 vacet,
694 718 751 745 quo
767 710 929 738 ascendens
945 718 994 737 cu-

169 756 248 784 riosa
261 755 398 792 cogitatio
422 755 556 791 reperiat,
580 754 629 781 ubi
645 762 679 782 ea
694 763 758 789 quas
783 763 837 782 sua
853 757 932 787 sunt,
948 762 994 782 re-

170 802 336 836 praesentet.
353 799 469 827 Nullius
479 799 580 835 igitur,
592 801 624 826 ut
640 799 720 826 brevi
735 799 841 832 dicam,
851 799 911 827 sive
920 807 994 836 prm-

170 844 263 873 sentis
279 845 339 872 sive
364 843 504 876 absentis,
522 843 675 879 speculum
690 843 729 871 sit
746 843 868 879 virginis
884 844 994 878 anima,

171 889 228 917 nisi
244 889 339 917 sancti
352 889 447 926 ipsius
458 888 560 925 sponsi
574 897 581 916 z
598 897 650 916 nec
664 888 724 916 ulla
739 888 796 916 alia
807 889 908 922 forma,
922 897 994 925 prai-

169 936 214 962 ter
228 933 303 962 hanc
327 934 432 967 solam,
457 933 487 961 in
503 942 537 961 ea
562 933 781 969 conspiciatur;
806 942 858 961 nec
879 933 931 961 ulli
947 933 996 961 alii

170 979 324 1015 speculum
340 978 444 1006 animus
458 978 589 1006 studiose
603 978 744 1014 deterget,
762 978 818 1006 nisi
834 986 953 1014 sponso,
966 979 999 1005 ut

170 1023 201 1050 in
216 1031 249 1050 eo
262 1023 384 1059 proprias
393 1022 624 1059 pulchritudinis
636 1022 763 1058 speciem
773 1024 996 1058 repraesentans,

171 1067 286 1095 beatam
310 1067 392 1094 illam
416 1067 532 1094 efﬁciat.
559 1067 632 1094 Nam
654 1067 679 1094 si
695 1067 760 1102 quis
784 1067 954 1095 mortalium
968 1066 998 1094 in

172 1112 227 1140 hoc
243 1111 362 1148 speculo
377 1111 477 1140 oculos
493 1112 611 1148 deﬁgat,
629 1119 747 1140 necesse
763 1115 807 1140 est
822 1114 854 1140 ut
869 1120 953 1140 mens
968 1111 998 1139 in

173 1156 254 1184 illius
282 1157 381 1184 formas
409 1156 656 1192 contemplatione
684 1159 834 1192 occupata,
872 1157 998 1193 priorem

173 1201 276 1237 sponsi
291 1201 414 1229 formam
430 1201 635 1229 absconditam
650 1203 679 1229 et
693 1200 857 1229 elubentem
877 1201 999 1228 minime

169 1245 232 1281 jam
242 1245 466 1282 contempletur.
475 1246 729 1278 Quemadmodum
737 1247 836 1273 autem
845 1246 896 1281 qui
905 1245 1000 1274 adhae-

173 1291 217 1317 ret
231 1289 388 1325 meretrici,
415 1298 507 1318 unum
533 1298 639 1326 corpus
659 1292 721 1324 est;
738 1289 779 1317 ita
800 1290 848 1325 qui
870 1289 999 1318 adhaeret

174 1334 308 1369 Domino,
322 1343 399 1362 unus
410 1337 455 1363 est
470 1334 593 1371 spiritus
608 1343 675 1362 cum
691 1334 740 1362 illo
751 1334 784 1368 '-",
796 1334 926 1370 corporis
935 1334 999 1370 qui-

175 1379 241 1408 dem
257 1380 526 1416 perturbationibus
542 1381 729 1416 expurgatus,
744 1380 842 1408 anima
853 1382 952 1408 autem
968 1380 998 1408 in

175 1425 308 1453 eamdem
323 1425 424 1453 forma
440 1424 574 1461 signatus
591 1424 851 1460 pulchritudinem.

207 1562 251 1589 50.
268 1562 370 1597 Neque
384 1562 454 1590 dum
469 1562 614 1599 virginem
630 1562 666 1590 ad
688 1571 785 1591 veram
800 1562 998 1599 virginitatem

174 1606 321 1641 ducimus,
337 1615 372 1635 ex
386 1607 488 1643 sponsi
503 1607 636 1643 exemplo
650 1607 812 1643 nuptialem
828 1607 854 1635 ei
869 1607 996 1644 aliquam

174 1650 382 1687 cogitationem
392 1651 561 1686 injicimus;
577 1651 628 1679 sed
643 1659 678 1679 ex
687 1652 865 1679 matrimonii
876 1652 999 1687 conjun-

175 1694 281 1728 ctione,
298 1694 403 1722 animaa
419 1695 571 1723 rationalis
582 1703 648 1723 cum
657 1695 714 1724 Deo
723 1696 814 1724 Verbo
823 1696 1001 1732 conjunctio-

175 1747 243 1767 nem
258 1740 406 1775 sapienter
431 1740 680 1771 demonstremus.
708 1741 784 1768 668
805 1741 1002 1773 Quemadmo-

176 1784 246 1812 dum
253 1785 330 1812 enim
339 1793 461 1821 corpora
468 1793 519 1821 per
525 1784 686 1820 nuptialem
699 1785 764 1820 conj
770 1786 934 1813 unctionem
940 1793 1002 1814 eas-

175 1829 242 1857 dem
255 1829 420 1866 voluptates
436 1831 464 1857 et
478 1829 716 1865 perturbationes
732 1831 760 1857 et
783 1830 1001 1865 corruptionem

175 1873 363 1909 participant,
380 1882 447 1902 cum
463 1874 493 1901 in
516 1873 665 1910 voluptate
689 1875 718 1901 et
732 1874 1002 1910 perturbationibus

176 1920 204 1946 et
218 1918 392 1946 concubitus
416 1918 604 1954 corruptione
628 1926 680 1954 per
703 1918 951 1954 conspirationem
966 1920 1002 1948 ad

177 1962 231 1990 hoc
256 1970 330 1998 opus
354 1964 518 1996 versantur,
535 1963 576 1991 ita
601 1964 629 1991 et
653 1962 804 1991 rationalis
829 1963 928 1992 anima
951 1972 1003 2000 per

178 2006 346 2043 sponsalem
371 2015 438 2035 cum
465 2009 522 2035 Deo
546 2007 640 2036 Verbo
670 2008 919 2044 conjunctionem,
945 2009 1002 2036 virs

177 2053 250 2087 tute,
266 2051 484 2088 incorruptione
499 2054 527 2080 et
541 2052 713 2081 vitiosarum
728 2053 887 2081 alI'ectuum
902 2053 1002 2082 vacui-

176 2098 237 2124 tate
253 2097 415 2132 perfruitur
429 2097 460 2125 in
485 2097 606 2133 Spiritu,
631 2099 664 2125 ut
679 2097 733 2125 hac
752 2097 897 2126 vacuitate
912 2100 941 2126 et
960 2098 1004 2126 in-

178 2142 365 2177 corruptione
389 2149 442 2178 per
456 2141 601 2170 sinceram
617 2141 667 2170 Dei
689 2142 772 2171 Verbi
793 2142 824 2170 in
845 2150 880 2170 ea
895 2143 1003 2171 sancti-

178 2186 293 2215 ﬁcanda
317 2187 565 2224 conspirationem
592 2195 666 2223 pura
686 2188 800 2217 evadat.
824 2188 918 2220 Quare
930 2188 1006 2225 (eam-

178 2239 242 2267 quas
257 2231 371 2260 Christo
396 2240 448 2269 per
469 2232 646 2269 virginitatis
661 2233 887 2269 promissionem
912 2242 1004 2270 copu-

1051 261 1076 289 ὶν
1101 263 1170 300 αὐτῇ
1196 264 1227 292 τὸ
1252 264 1320 292 ἴδιον
1345 264 1459 300 καλλος¹
1484 265 1569 301 μόνης
1593 263 1621 292 δὲ
1635 268 1685 299 τῆς
1704 267 1800 302 ψυχῆς
1824 265 1873 298 τὴν

1049 307 1146 335 τούτου
1172 310 1280 346 μορφὴν
1296 309 1322 337 ἐν
1346 312 1386 346 τῷ
1401 310 1459 337 κατ’
1483 309 1564 344 αὐτὴν
1590 310 1734 347 κατόπτρῳ
1754 309 1875 347 ἐχούσης

1051 350 1257 390 ἐκλάμπουσαν,
1281 354 1324 382 καὶ
1347 357 1386 391 τῷ
1409 358 1459 389 τῆς
1487 357 1593 393 μορφῆς
1616 354 1699 382 αὐτοῦ
1713 354 1813 382 κάλλει
1829 364 1875 381 κο-

1049 400 1174 433 σμεῖσθαι
1197 399 1340 434 θελούσης.
1357 399 1454 436 Διόπερ
1481 398 1697 438 ἀσφαλιζόμενος
1720 399 1805 434 αὐτῆς
1827 400 1876 433 τήν

1050 443 1141 481 ψυχὴν
1167 443 1181 470 ὁ
1205 444 1361 483 σοφώτατος
1390 443 1474 482 λόγος
1499 443 1591 483 φησίν.
1617 444 1679 471 Ἐὰν
1704 446 1813 480 πνεῦμα
1827 445 1877 470 τοῦ

1051 486 1252 523 ἐξουσιάζοντος
1282 487 1369 526 ἀναϐῇ
1393 489 1436 516 ἐπὶ
1471 489 1510 523 σὲ,
1539 488 1620 516 τόπον
1651 499 1698 516 σου
1730 489 1768 525 μὴ
1792 489 1875 527 ἀφῇς·

1047 531 1148 570 ’ίνα-ρή
1165 532 1331 569 ἀνελθούσης
1347 537 1397 568 τῆς
1420 534 1478 561 κατ’
1503 533 1621 569 ἐξουσίαν
1639 533 1753 568 ἐννοίας,
1774 534 1792 568 ἡ
1810 544 1876 572 φαν-

1049 577 1127 605 τασία
1146 578 1242 612 τόπον,
1265 578 1355 616 ὥσπερ
1376 579 1401 605 ἐν
1426 579 1580 616 κατόπτρῳ,
1598 578 1723 616 εὑροῦσα,
1743 577 1789 605 καὶ
1808 576 1878 614 μηὸ-

1051 623 1107 653 ενὸς
1135 623 1270 660 παρόντος
1296 624 1405 662 ἐμφήνῃ
1435 626 1486 658 τῆς
1523 623 1656 661 ἁμαρτίας
1689 623 1723 650 τα
1760 620 1877 651 εἴδωλα.

1051 663 1136 695 Ἀηὰ
1148 671 1200 698 πᾶς
1217 668 1264 704 μὲν
1289 668 1383 704 τόπος,
1409 667 1500 707 φησὶν,
1524 667 1549 695 ἐν
1575 669 1608 704 τῇ
1633 669 1709 705 ψυχῇ
1735 671 1785 702 τῆς
1806 677 1878 705 παρ-

1051 712 1125 744 θὲνου
1141 716 1191 747 τῆς
1207 711 1294 749 ὅψεως
1319 714 1435 751 Χριστοῦ
1460 712 1664 750 πεπληρώσθω.
1680 710 1784 747 Μηδεὶς
1802 710 1832 739 δὲ
1846 712 1878 739 τὸ

1050 756 1164 784 σύνολον
1189 757 1272 789 τόπος
1300 757 1325 784 ἐν
1362 758 1431 794 αὐτῇ
1461 756 1638 795 σχολαζέτω,
1665 754 1727 784 ἔνθα
1755 753 1878 784 ἀναϐᾶσα

1050 802 1194 839 περίεργος
1209 799 1296 830 ἔννοια
1322 802 1406 840 εὕροι,
1432 801 1500 829 ὅπου
1524 802 1559 829 τὰ
1582 802 1680 836 ἑαυτῆς
1698 801 1877 839 κατοπτρίζε-

1050 856 1106 876 ται,
1133 845 1258 881 Μηδενὸς
1279 845 1336 881 οὖν,
1352 846 1490 874 συνελόντι
1507 847 1598 885 φάναι,
1617 846 1655 883 μὴ
1670 846 1822 884 παρόντος,
1838 847 1877 882 μὴ

1051 890 1167 922 ἀπόντος
1189 892 1333 928 ἀνθρώπου
1358 891 1508 927 κάτοπτρον
1533 889 1601 918 ἔστω
1625 891 1643 925 ἡ
1669 894 1717 925 τῆς
1741 891 1878 928 παρθὲνου

1051 935 1138 972 ψυχὴ,
1155 934 1172 970 ἢ
1187 937 1235 963 τοῦ
1250 936 1329 972 ἁγίου
1351 935 1434 968 αὐτῆς
1457 936 1587 972 νυμφίου”
1608 934 1729 972 μηδεμία
1755 934 1785 963 δὲ
1799 935 1876 970 ἄλλη

1053 981 1145 1018 μορφὴ
1169 980 1194 1006 ἐν
1215 980 1299 1017 ταύτῃ
1325 979 1443 1016 δράσθων
1467 979 1485 1014 ἢ
1510 979 1580 1016 μόνη
1604 978 1702 1014 ἐκείνη”
1730 977 1828 1016 μηδννὶ
1849 978 1880 1006 δὲ

1053 1024 1135 1062 ἑτέρῳ
1150 1024 1180 1051 τὸ
1194 1026 1243 1057 τῆς
1258 1026 1351 1062 ψυχῆς
1374 1023 1505 1062 ἔσοπτρον
1525 1024 1591 1059 αὐτή
1618 1022 1780 1062 φιλοκάλως
1804 1034 1880 1060 σμη-

1052 1068 1136 1106 χὲτω,
1153 1068 1171 1103 ἢ
1187 1068 1255 1096 ὥστε
1270 1068 1368 1096 ἐκεῖνον
1398 1068 1577 1105 ἰλλάμποντα
1595 1068 1684 1104 τούτῳ
1707 1070 1756 1095 τοῦ
1773 1067 1879 1096 οἰκείου

1052 1113 1172 1146 κάλλους
1196 1115 1246 1148 τὴν
1278 1113 1358 1150 ἷδέαν,
1388 1114 1520 1152 μακαρίαν
1549 1114 1633 1148 αὒτήν
1661 1113 1881 1151 ἀπεργάζεσθαι.

1053 1159 1113 1186 Ἐὰν
1129 1159 1181 1196 γὰρ
1196 1160 1249 1186 τῶν
1272 1159 1377 1194 θνητῶν
1400 1169 1442 1190 τις
1466 1161 1505 1195 τῷ
1526 1158 1671 1195 κατόπτρῳ
1693 1157 1785 1194 τούτῳ
1800 1157 1882 1196 ἐγκό-

1053 1214 1117 1241 πτῃ,
1133 1203 1235 1241 ἀνάγκη
1253 1204 1313 1241 περὶ
1329 1205 1378 1238 τὴν
1402 1203 1463 1231 θὲαν
1478 1204 1527 1238 τῆς
1551 1202 1650 1230 τούτου
1669 1205 1778 1241 μορφῆς
1796 1202 1881 1239 ἀσχο-

1054 1247 1191 1284 λουμένην
1206 1248 1252 1275 τὸν
1277 1248 1415 1282 νοῦν,τὴν
1440 1248 1571 1285 προτέραν
1596 1247 1644 1274 τοῦ
1667 1246 1786 1285 νυμφίου
1811 1255 1881 1284 μορ-

1054 1293 1107 1332 φὴν
1137 1293 1373 1330 ἑπικεκρυμμένην
1399 1292 1594 1328 ὑπεξελθοῦσαν
1624 1291 1720 1319 λοιπὸν
1748 1289 1881 1327 μηδαμοῦ

1054 1339 1175 1374 θεωρεῖν.
1202 1337 1246 1367 Ὡς
1275 1335 1304 1363 δὲ
1331 1337 1345 1363 ὁ
1370 1335 1547 1372 κολλώμενος
1639 1335 1725 1373 πόρνῃ
1749 1334 1775 1362 ἕν
1800 1335 1881 1371 σῶμα

1054 1380 1136 1415 ἐστιν,
1153 1379 1239 1412 οὕτως
1256 1381 1270 1408 ὁ
1285 1380 1464 1417 κολλώμενος
1490 1383 1530 1416 τῷ
1554 1379 1644 1416 Κυρίῳ
1658 1379 1684 1407 ’ὲν
1701 1378 1808 1416 πνεῦμά
1824 1379 1879 1406 ἐστι

1054 1425 1152 1462 τούτῳ,
1175 1425 1208 1453 τὰ
1234 1426 1280 1462 μὶν
1306 1425 1432 1462 σώματος
1455 1425 1528 1460 πάθη
1553 1424 1763 1461 κεκαθαρμᾶνος,
1784 1425 1834 1458 τὴν
1851 1422 1881 1451 δὶ

1054 1471 1146 1508 ψυχὴν
1187 1470 1225 1502 sic
1260 1471 1292 1498 τὸ
1327 1469 1392 1498 αὐτὸ
1429 1471 1478 1504 τῆς
1515 1472 1623 1507 μορφῆς
1662 1469 1883 1507 σφραγισάμενος

1054 1513 1170 1546 κάλλος.

1091 1561 1135 1588 50.
1151 1559 1204 1587 Καὶ
1220 1559 1284 1597 οὐχὶ
1306 1559 1372 1596 πρὸς
1392 1559 1442 1593 τήν
1468 1557 1552 1590 ὅντως
1574 1557 1717 1595 παρθενίαν
1744 1558 1795 1592 τὴν
1812 1567 1882 1594 παρ-

1056 1605 1132 1636 θὲνον
1158 1604 1311 1641 ἀνάγοντες,
1335 1602 1379 1631 διὰ
1399 1605 1448 1631 τοῦ
1471 1604 1539 1631 κατὰ
1560 1603 1606 1630 τὸν
1629 1601 1745 1641 νυμφίον
1771 1601 1882 1641 ὑποδείτ

1054 1660 1158 1688 γματος
1172 1637 1376 1687 γαμικήνιτινα
1398 1646 1499 1676 ἔννοιαν
1523 1648 1590 1684 αὐτῇ
1615 1637 1796 1684 ιμποίοῦμιψ
1819 1637 1884 1674 ὄιλλΙ

1055 1695 1108 1722 ἀπὸ
1122 1697 1171 1728 τῆς
1187 1694 1255 1721 κατὰ
1277 1694 1322 1721 τὸν
1343 1694 1431 1732 γάμον
1456 1693 1586 1727 ὲνώσεως,
1602 1693 1652 1726 τὴν
1673 1692 1739 1729 πρὸς
1754 1692 1800 1719 τὸν
1816 1692 1882 1719 Θιὸν

1055 1739 1141 1776 Λόγον
1166 1740 1215 1771 τῆς
1237 1737 1353 1776 λογικῆς
1381 1739 1473 1776 ψυχῆς
1495 1735 1590 1764 ἕνωσιν
1613 1739 1704 1774 σοφῶς
1723 1735 1884 1764 ὑποδείκνυ-

1058 1794 1117 1820 μεν.
1142 1785 1201 1811 ’Ότι
1227 1783 1263 1814 ὡς
1288 1783 1322 1810 τὰ
1351 1782 1464 1819 σώματα
1489 1783 1524 1819 τῇ
1549 1783 1653 1820 γαμικῇ
1674 1781 1804 1817 κοινωνίᾳ
1825 1783 1881 1808 τῶν

1056 1827 1141 1855 αὖτῶν
1159 1827 1264 1863 ἡδονῶν
1281 1827 1325 1855 καὶ
1346 1828 1439 1855 παθῶν
1459 1827 1505 1854 καὶ
1529 1828 1631 1864 φθορᾶς
1651 1828 1786 1859 κοινωνεῖ,
1804 1824 1829 1852 ἐν
1846 1827 1880 1861 τῇ

1056 1871 1142 1910 ἡδονῇ
1158 1872 1203 1900 καὶ
1227 1875 1284 1905 τοῖς
1299 1873 1404 1907 πάθεσι,
1421 1871 1465 1899 καὶ
1486 1873 1521 1908 τῇ
1536 1873 1587 1905 τῆς
1605 1870 1702 1907 μίξεως
1722 1870 1819 1909 φθορᾷ⁹
1837 1868 1881 1896 διὰ

1055 1921 1105 1952 τῆς
1120 1918 1188 1956 πρὸς
1211 1918 1261 1952 τὴν
1284 1917 1378 1955 πρᾶξιν
1404 1914 1554 1952 συμπνοίας
1578 1916 1718 1953 γινόμενον
1742 1914 1814 1942 οὕτω
1835 1913 1881 1941 καὶ

1056 1964 1073 1997 ἡ
1094 1961 1192 2000 λογική
1210 1961 1297 1999 ψυχὴ,
1308 1961 1343 1999 τῇ
1355 1961 1423 1999 πρὸς
1435 1961 1480 1988 τὸν
1497 1960 1561 1988 Θεὸν
1575 1960 1661 1997 Λόγον
1675 1958 1797 1998 νυμφικῇ
1820 1969 1880 1986 κοι-

1056 2006 1150 2042 νωνίᾳ,
1172 2007 1270 2044 ἀρετῆς
1283 2006 1328 2033 καὶ
1353 2004 1502 2043 ἀφθαρσίας
1526 2003 1570 2032 καὶ
1595 2003 1723 2035 ἀπαθείας
1747 2006 1797 2038 τῆς
1812 2003 1880 2038 ἁλη-

1058 2053 1120 2083 θοῦς
1147 2050 1324 2079 ἀπολαύσειεν
1353 2050 1378 2077 ἐν
1407 2048 1551 2086 Πνεύματι·
1576 2048 1622 2076 ’ίνα
1646 2048 1680 2085 τῇ
1702 2048 1820 2084 ἀπαθείᾳ
1837 2047 1882 2074 καὶ

1056 2095 1090 2133 τῇ
1103 2095 1247 2135 ἀφθαρσίᾳ,
1274 2093 1318 2122 διὰ
1340 2098 1391 2130 τῆς
1411 2094 1440 2122 ἐκ
1464 2094 1512 2121 τοῦ
1537 2096 1604 2121 Θεοῦ
1627 2093 1716 2130 Λόγου
1744 2092 1814 2130 πρὸς
1836 2092 1882 2120 τὸν

1057 2140 1188 2180 ἀγιασμὸν
1231 2139 1312 2168 αὐτοῦ
1349 2138 1530 2177 ἀνυποκρίτου
1568 2137 1719 2174 συμπνοίας
1737 2159 1744 2172 ,
1779 2136 1884 2174 καθαρὰ

1057 2186 1177 2225 γένηται.
1195 2185 1240 2213 Διὸ
1255 2185 1304 2219 τὴν
1322 2185 1432 2222 Χριστῷ
1448 2182 1492 2211 διὰ
1506 2186 1556 2218 τῆς
1572 2182 1639 2210 κατὰ
1660 2182 1710 2216 τὴν
1735 2181 1882 2220 παρθενίαν

1059 2230 1233 2269 ὑποσχέσεως
1263 2229 1443 2267 ἁρμοσθεῖσαν
1462 2249 1470 2262 ,
1496 2228 1533 2258 ὡς
1560 2225 1591 2254 ἂν
1620 2225 1700 2262 σοφίᾳ
1731 2225 1777 2253 καὶ
1807 2225 1883 2262 Δόγῳ

179 2275 239 2304 lata
253 2278 309 2312 est,
332 2279 366 2305 ut
386 2286 448 2313 quis
473 2268 625 2314 sapientiai
651 2279 679 2306 et
697 2278 788 2308 Verbo
814 2268 1003 2315 semetipsum

1058 2268 1154 2310 ἑαυτὴν
1184 2274 1229 2302 διὰ
1260 2273 1321 2312 βίου
1345 2272 1543 2312 νυμφεύουσαν,
1571 2271 1657 2310 σοφὴν
1681 2271 1817 2309 προσήκει
1837 2268 1883 2297 καὶ

180 2329 232 2357 per
245 2322 337 2349 totam
352 2321 446 2350 .vitam
472 2322 670 2358 desponderit,
685 2323 846 2359 sapientem
869 2324 1004 2352 convenit

179 2373 213 2393 ec
228 2366 402 2401 prudentem
417 2375 493 2402 esse,
513 2367 555 2395 ita
570 2369 602 2394 ut
616 2367 714 2395 omnis
737 2368 856 2403 quidem
872 2368 1004 2397 stultitiae

179 2412 208 2438 et
223 2409 399 2446 insipientias
414 2411 627 2448 turpitudinem
637 2412 776 2441 continua
785 2421 882 2442 rerum
895 2413 1004 2442 divina-

179 2463 244 2482 rum
260 2455 449 2484 meditatione
469 2456 575 2492 ejiciat,
593 2457 742 2492 sapientiae
757 2460 855 2486 autem
870 2457 1003 2494 pulchri-

178 2499 291 2534 tudine,
307 2501 354 2529 cui
369 2501 528 2537 conjuncta
540 2503 595 2535 est,
611 2504 739 2530 mentem
750 2505 878 2530 exornet.
893 2502 966 2531 Nam
978 2503 1002 2530 si

176 2544 224 2573 cui
239 2544 289 2573 alii
304 2545 391 2574 beato
407 2555 470 2574 esse
485 2546 643 2582 exoptanti,
659 2546 763 2574 Christi
779 2556 892 2583 sponsa:
911 2547 1002 2576 maxi-

178 2597 223 2617 me
239 2590 385 2626 convenit,
403 2591 508 2619 animaa
532 2590 727 2627 operationes,
751 2599 814 2627 quae
831 2600 882 2627 per
897 2600 1003 2620 sensus

178 2633 263 2668 ﬁunt,
280 2643 297 2662 ο.
312 2636 400 2664 rebus
421 2635 549 2664 externis
574 2636 610 2664 ad
624 2635 766 2664 interiora
789 2636 906 2664 omnino
922 2645 1002 2665 revo-

178 2680 305 2714 cantem,
318 2688 385 2708 cum
401 2689 509 2717 sponso
519 2681 548 2708 in
561 2681 675 2709 arcanis
691 2680 799 2709 mentis
810 2680 960 2716 thalamis,
971 2683 1004 2710 ut

213 2731 235 2749 ³⁸
250 2731 343 2760 Eccle.
359 2742 387 2767 x,
404 2734 429 2762 4.
470 2734 492 2752 ³⁷
506 2736 519 2761 Ι
534 2735 596 2762 Cor.
612 2742 650 2769 v1,
668 2734 710 2770 16,
725 2733 769 2762 17.

214 2784 269 2820 (96)
284 2785 384 2820 Μόνου.
397 2788 444 2816 Sic
466 2796 538 2817 mss.
554 2789 582 2817 et
605 2787 694 2816 editio
708 2787 828 2817 Veneta.
854 2788 998 2818 Parisien-

178 2819 233 2855 sis,
253 2818 348 2857 μόνον.

1058 2319 1179 2360 ἔμφρονα
1203 2320 1278 2348 εἶναι·
1296 2320 1385 2354 πάσης
1410 2318 1458 2355 μὲν
1483 2316 1596 2356 ἀλογίας
1618 2326 1647 2343 τε
1661 2316 1704 2344 καὶ
1727 2315 1882 2355 ἀφροσύνης

1056 2365 1088 2394 τὸ
1102 2359 1213 2403 ναῖ¹σχος
1240 2363 1285 2392 διὰ
1313 2364 1444 2401 συνεχοῦς
1466 2365 1517 2397 τῆς
1532 2361 1558 2389 ἐν
1582 2363 1640 2392 τοῖς
1660 2360 1743 2391 θείοις
1762 2359 1881 2397 μελὲτης

1058 2408 1256 2446 ἐκϐάλλουσαν,
1272 2411 1311 2446 τῷ
1327 2407 1355 2436 δὲ
1368 2409 1417 2443 τῆς
1434 2406 1529 2446 σοφίας
1543 2405 1651 2439 κάλλει,
1664 2406 1686 2442 ᾧ
1702 2405 1821 2441 ἥνωται,
1835 2405 1880 2433 τὸν

1057 2457 1118 2483 νοῦν
1143 2454 1345 2492 κοσμουμένην.
1374 2451 1484 2487 Ἐπειδὴ
1501 2450 1541 2490 ,εἴ
1565 2461 1619 2478 τινι
1648 2449 1728 2486 ἄλλῳ
1755 2450 1883 2487 μακαρίῳ

1058 2499 1200 2528 σπεύδοντι
1216 2500 1294 2535 εἶναι,
1308 2499 1343 2536 τῇ
1367 2499 1416 2525 τοῦ
1442 2497 1559 2535 Χριστοῦ
1586 2494 1703 2532 μάλιστα
1726 2494 1821 2533 νύμφῃ
1837 2495 1884 2531 ἀρ-

1060 2545 1222 2582 μόττει,τᾶς
1246 2543 1290 2571 διὰ
1303 2545 1356 2571 τῶν
1383 2542 1532 2577 αἴσθήσεων
1557 2543 1606 2576 τῆς
1629 2540 1722 2577 ψυχῆς
1747 2538 1882 2577 ἐνεργείας

1058 2590 1110 2618 ἀπὸ
1124 2591 1177 2617 τῶν
1193 2587 1291 2625 ἔξωθεν
1321 2587 1364 2615 ἐπὶ
1388 2587 1422 2615 τὸ,
1443 2584 1497 2614 item
1522 2585 1588 2616 ὅλας
1612 2585 1669 2622 (97)
1686 2584 1808 2619 συνήθως
1825 2583 1882 2612 ἄπι-

1058 2634 1218 2672 πρὲψασαν,
1240 2634 1280 2669 τῷ
1307 2632 1355 2670 μὶν
1373 2630 1483 2671 νυμφίῳ
1508 2629 1534 2658 ἰν
1560 2628 1729 2667 ἀποῤῥήτοις
1751 2629 1820 2672 κατὰ
1838 2629 1882 2656 τὸν

1057 2681 1119 2709 νοῦν
1129 2671 1259 2713 παστοῖς,
1282 2678 1319 2711 ὡς
1337 2679 1396 2714 Θεῷ
1417 2676 1498 2715 Λόγῳ
1520 2674 1562 2703 ἀεὶ
1590 2672 1710 2711 ὁμιλεῖν,
1734 2672 1762 2701 ἐν
1790 2671 1820 2701 δὶ
1842 2675 1880 2709 τῷ

1089 2788 1144 2826 (97)
1160 2786 1322 2826 Ὅλᾳςκβίο
1343 2795 1421 2816 unus
1435 2793 1471 2815 ex
1485 2782 1584 2821 Regiis
1602 2782 1755 2813 codicibus
1771 2782 1877 2812 melius

1057 2822 1147 2871 quae
1161 2824 1243 2861 editi,
1257 2822 1320 2855 ὅλα.
