2010 3145
101 151 161 186 ⁸169

713 153 830 186 LIBER
850 153 902 184 DE
923 150 1191 184 VIRGINITA'I'E.

1746 154 1806 187 πο

100 219 177 257 νόμῳ
203 219 284 247 αὐτου
313 220 426 256 μελετᾷν
453 220 560 259 ἡμέρας
589 220 633 248 καὶ
663 219 769 251 νυκτός·
785 216 830 247 καὶ
863 220 923 250 τοῖς

981 226 1046 246 cum
1065 219 1120 246 Deo
1136 218 1241 251 Verbo,
1254 226 1371 255 semper
1384 219 1504 255 versari,
1521 222 1550 248 et
1563 221 1593 249 in
1608 221 1673 257 ejus
1688 222 1735 250 die
1750 230 1803 251 no-

101 265 147 302 μὶν
177 267 383 304 νυμφαγωγοῖς,
399 265 477 302 νόμῳ
505 275 544 301 τε,
575 264 658 303 φημὶ,
673 265 717 292 καὶ
748 262 922 301 Εὐαγγιλίῳ,

98 310 140 337 καὶ
158 308 234 341 εἴτις
246 309 353 341 τούτοις
367 308 422 337 ἐστὶ
441 309 591 346 σύμπνους,
606 310 637 337 τὸ
658 309 762 340 κάλλος
785 311 834 336 τοῦ
857 319 924 344 νυμ-

100 354 161 389 φίου
178 353 404 392 ἐκδιηγουμὲνοις
423 354 618 394 ιύφραίνεσθαι·
635 356 695 385 ταῖς
711 353 740 381 Si
762 355 811 381 τοῦ
836 353 923 390 Λόγου

101 399 186 436 ἁγίαις
202 401 256 426 τῶν
274 399 420 435 νοημάτων
445 401 548 437 γοναῖς,
566 398 680 437 λογικήν
705 399 748 426 καὶ
774 398 859 437 σοφὴν
882 397 922 424 ἀεὶ

99 444 142 471 καὶ
165 443 273 480 μᾶλλον
299 444 480 481 εὑρίσκεσθαι,
497 445 578 481 ἄχρις
604 443 634 471 ἂν
656 445 690 480 τῇ
715 443 782 481 πρὸς
802 443 852 477 τὴν
879 452 924 469 σο-

101 489 157 526 φίαν
173 488 227 523 ὅλη
245 487 280 516 δι’
296 488 363 516 ὅλου
377 488 482 523 ἒνώσει,
498 488 525 516 ἓν
541 489 630 524 τούτῳ
652 489 675 524 ᾧ
689 487 855 523 κεκόλληται
880 497 925 524 γι-

99 535 211 570 νομένη,
229 533 283 561 ἀπὸ
301 533 347 570 μὲν
365 534 485 572 φθαρτοῦ
511 532 654 571 ἄφθαρτος,
671 533 723 560 ἀπὸ
751 531 779 560 δὲ
803 533 924 569 ἀμαθοῦς

100 578 222 618 ἔμφρων,
238 588 279 613 τε,
292 577 378 616 φημὶ,
394 577 438 605 καὶ
455 579 525 618 σοφή
540 579 576 609 ὡς
591 577 696 616 πλευρὰ
715 579 764 605 τοῦ
788 576 877 615 Λόγου
902 577 924 612 ᾧ

100 623 253 658 ἐκολλήθη,
270 622 315 650 καὶ
333 622 474 650 συνελόντι
499 623 591 662 φάναι,
613 623 666 650 ἀπὸ
692 623 836 660 ἀνθρώπου
861 622 926 653 Θεὸς

100 667 240 702 ἀθάνατος,
264 667 301 698 ὡς
324 666 428 698 ἰκιῖνος
453 666 475 703 ᾦ
505 666 619 702 ἥνωται,
639 669 698 698 τοῖς
722 669 802 694 πᾶσιν
819 664 924 693 ἀναδει-

101 713 164 751 χθῇ.
181 712 228 742 Ὡς
255 712 307 750 γὰρ
332 712 346 739 ὁ
369 711 485 751 νυμφίος
514 711 598 746 αὐτῆς
625 711 782 739 καταλιπὼν
812 710 925 748 θρόνους

101 757 142 784 καὶ
170 756 339 794 κυριότητας
366 757 435 784 κατὰ
468 756 500 783 τὸ
523 757 619 791 θνητὸν
645 755 797 791 ἐκολλήθη,
824 754 870 782 'iva
898 754 924 782 ἐν

100 801 163 839 αὐτῇ
179 801 251 829 κατὰ
276 800 445 838 συμπάθειαν
470 801 602 839 γεγονὼς,
618 801 656 832 εἷς
685 801 815 828 ἀπάθειαν
843 800 926 834 αὐτὴν

99 847 145 881 τὴν
165 846 265 874 tau-:05
289 843 439 883 μεταϐάλῃ⁸
465 845 537 873 οὕτω
556 846 601 873 καὶ
630 845 697 881 αὕτη
719 845 758 881 τῷ
783 844 818 872 δι’
843 844 926 879 αὐτὴν

101 889 315 927 ἀπεκδυσαμένῳ
341 890 388 921 τὰς
418 890 506 928 ἀρχὰς
536 890 581 918 καὶ
610 889 741 926 ἐξουσίας,
757 889 801 917 καὶ
831 889 924 917 ἑαυτὸν

102 936 150 963 ἀπὸ
177 938 291 974 μορφῆς
317 937 383 963 Θεοῦ
408 934 446 966 εἷς
475 935 582 973 μορφὴν
608 933 709 962 δούλου
739 933 783 962 διὰ
811 934 841 962 τὸ
866 933 927 971 περὶ

103 981 150 1014 τὴν
173 980 288 1017 νύμφην
318 979 432 1018 φίλτρον
461 980 619 1014 κενώσαντι,
647 979 715 1007 κατᾶ
738 980 769 1006 τὸ
798 980 928 1007 ἀθάνατον

104 1024 290 1059 κεκολλῆσθαι
306 1024 420 1063 ὀφείλει,
434 1023 481 1051 ’ίνα
495 1024 540 1051 καὶ
560 1024 597 1055 εἰς
621 1025 667 1051 τὸν
689 1024 811 1062 οὐράνιον
827 1024 927 1051 ποια-τὸν

105 1069 173 1105 αὐτῷ
200 1069 273 1106 πρὸς
300 1069 346 1096 τὸν
384 1068 490 1106 Πατέρα
532 1069 634 1096 ἀνιόντι
667 1067 826 1105 συνανὲλθῃ.
855 1069 928 1095 Ἀντῖ

102 1113 197 1141 τούτου
229 1113 294 1151 γὰρ,
321 1113 398 1152 φησὶ,
427 1112 583 1150 καταλείψει
624 1112 765 1150 ἄνθρωπος
800 1113 844 1140 τὸν
876 1123 926 1140 πα-

102 1158 162 1195 τιρα
198 1157 284 1185 αὐτοῦ
321 1158 366 1185 καὶ
403 1158 452 1192 τήν
493 1158 607 1195 μητέρα,
633 1157 678 1185 καὶ
712 1156 928 1196 προσκολληθή-

104 1213 171 1230 σεται
200 1204 238 1239 τῇ
269 1202 376 1239 γυναικὶ
414 1202 514 1237 αὐτοῦ,
546 1202 590 1230 καὶ
624 1200 728 1230 ἔσονται
758 1203 783 1229 οἱ
813 1201 860 1230 δύο
890 1202 929 1234 si:

106 1246 186 1284 σάρκα
210 1246 287 1283 μίαν.
303 1248 389 1284 ’Ὁπιρ
419 1246 575 1284 ἑρμηνεύων
604 1247 618 1274 ὁ
643 1247 680 1279 εἰς
707 1246 853 1286 ἀφθαρσίαν
885 1247 928 1275 ἐπὶ

104 1291 177 1327 καλῷ
204 1290 484 1328 προμνηστιυόμενος
513 1292 620 1329 Χριστῷ
647 1292 698 1326 τήν
713 1291 831 1330 νύμφην,
849 1292 926 1330 φησί·

103 1336 135 1363 Τὸ
163 1336 317 1373 μυπήριον
346 1338 426 1362 τοῦτο
457 1336 527 1373 μὲγα
555 1335 629 1363 ἐστί·
648 1335 719 1374 λέγω
749 1335 777 1363 δὶ
803 1336 840 1367 εἰς
864 1339 927 1373 Χρι-

105 1381 161 1408 στὸν
190 1380 240 1408 καὶ
269 1380 308 1411 εἰς
334 1381 383 1415 τήν
410 1379 584 1415 Ἐκκλησίαν.
607 1381 647 1410 Οὐ
671 1381 723 1418 γὰρ
744 1380 927 1416 χατελήλυθεν

106 1425 118 1451 ὁ
145 1425 274 1462 Χριστὸς,
301 1424 347 1452 ’ἕνα
375 1424 594 1460 προπολληθεὶς
621 1426 656 1462 τῇ
691 1425 782 1464 νύμφῃ
812 1425 850 1457 εἷς
877 1429 927 1463 γῆν

106 1469 228 1506 ἁπομίνη
257 1470 324 1505 (98)·
345 1469 408 1497 ἀλλ’
429 1468 475 1496 ’ἕνα
500 1467 666 1507 παραλαϐὼν
693 1471 738 1497 καὶ
769 1467 929 1506 μιταϐαλὼν

107 1513 196 1549 αὐτὴν,
214 1514 248 1541 ἐκ
275 1517 325 1551 γῆς
348 1514 386 1544 εὶς
412 1513 544 1551 οὐρανοὺς
569 1514 700 1552 ἀναγάγῃ.
721 1514 769 1541 Καὶ
784 1515 801 1549 ἡ
818 1515 928 1552 Χριστῷ

104 1559 296 1595 νημφιυθεῖσα,
314 1558 378 1596 οὐχὶ
393 1558 519 1594 Ἰωάννην
539 1556 596 1596 ἔχει
622 1558 690 1596 αὐτῇ
714 1559 781 1597 πρὸς
805 1559 838 1586 τὰ
858 1569 925 1595 νυμ-

978 265 1086 299 ctuque
1101 262 1163 298 lege
1192 263 1339 298 meditari,
1354 265 1383 290 et
1404 264 1557 299 pronubis,
1573 265 1667 301 legem
1696 266 1760 295 dico
1777 270 1806 295 et

979 306 1168 343 Evangelium
1190 309 1220 335 et
1245 307 1270 334 si
1294 307 1361 343 quis
1386 308 1462 336 alius
1487 317 1554 337 cum
1580 310 1622 338 eis
1645 312 1806 348 consentit,

979 351 1229 388 pulchritudinem
1253 352 1356 388 sponsi
1381 354 1589 382 enarrantibus
1606 355 1757 389 delectari,
1775 364 1809 384 ac

979 397 1090 424 sanctis
1113 396 1199 424 Verbi
1225 396 1434 433 cogitationum
1460 398 1566 426 fetibus
1586 399 1758 428 rationalem
1775 398 1821 429 ac‘

979 442 1143 477 sapientem
1154 449 1271 477 semper
1282 441 1376 478 magis
1391 443 1544 479 magisque
1560 443 1683 472 inveniri
1696 455 1703 478 ;
1716 446 1808 473 donec

980 488 1070 514 totam
1088 494 1119 513 se
1134 494 1201 513 cum
1213 487 1274 514 tota
1288 486 1432 523 sapientia
1447 488 1741 524 conjungens,unum
1758 490 1810 517 ﬁat

979 539 1047 558 eum
1062 538 1095 558 eo
1119 530 1166 558 cui
1181 530 1319 565 adhaeret,
1334 533 1423 567 atque
1447 540 1481 560 ex
1501 533 1685 569 corruptibili
1711 534 1810 562 incor-

980 575 1140 611 ruptibilis,
1165 583 1199 602 ex
1224 575 1360 611 imperita
1387 577 1529 612 prudens,
1555 577 1690 614 inquam,
1706 587 1739 606 ac
1761 587 1810 607 sa-

980 619 1073 655 piens,
1089 619 1168 647 velut
1180 622 1262 647 costa
1281 620 1366 648 Verbi
1378 621 1425 649 cui
1436 621 1575 656 adhaeret,
1591 631 1624 650 ac
1636 631 1694 650 uno
1709 623 1809 658 verbo,

979 672 1013 692 ex
1022 664 1141 692 homine
1154 665 1424 700 Deusimmortalis,
1436 668 1579 702 tanquam
1592 666 1641 695 ille
1653 667 1700 695 cui
1711 667 1809 696 adhae-

980 711 1033 743 ret,
1051 709 1189 737 omnibus
1214 709 1357 737 videatur.
1374 710 1437 738 Non
1459 711 1711 747 quemadmodum
1728 712 1808 741 illius

980 762 1119 790 sponsus,
1135 753 1245 782 relictis
1265 754 1380 782 thronis
1395 757 1424 782 et
1448 755 1712 792 dominationibus,
1728 756 1810 786 illius

981 797 1151 826 mortalitati
1167 798 1370 834 agglutinatus
1385 801 1442 834 est,
1459 802 1492 827 ut
1505 809 1600 828 unum
1615 809 1683 829 eum
1698 801 1750 829 illa
1758 810 1812 838 per

981 843 1138 871 affectuum
1156 842 1325 871 societatem
1342 843 1448 879 factus,
1465 853 1529 872 eam
1551 847 1765 875 transmutaret
1779 847 1810 874 in

981 895 1066 915 suam
1080 887 1175 923 ipsius
1186 887 1344 916 affectuum
1356 889 1531 917 vacuitatem
1546 898 1552 924 ;
1572 890 1612 918 ita
1621 893 1649 918 et
1663 890 1729 926 ipsa
1745 891 1811 926 ejus

984 931 1211 965 immortalitati,
1227 932 1277 968 qui
1295 935 1415 968 propter
1429 932 1510 961 illam
1526 935 1606 962 exuit
1627 935 1811 971 principatus

983 978 1012 1004 et
1027 978 1194 1012 potestates,
1210 979 1238 1004 et
1252 977 1444 1014 semetipsum
1461 987 1495 1006 ex
1512 978 1605 1007 forma
1628 979 1679 1007 Dei
1699 980 1736 1008 ad
1752 981 1811 1008 for-

984 1029 1063 1049 mam
1080 1021 1153 1049 servi
1170 1022 1206 1049 ob
1222 1029 1352 1050 amorem
1368 1031 1482 1058 sponsa;
1497 1023 1657 1052 exinanivit
1671 1024 1811 1059 ”,adhzs-

983 1073 1047 1094 rere
1056 1066 1151 1101 debet,
1168 1068 1200 1093 ut
1213 1069 1241 1093 et
1256 1066 1285 1094 in
1301 1066 1446 1095 caelestem
1465 1067 1629 1096 thalamum
1645 1077 1711 1097 cum
1723 1077 1757 1098 eo
1772 1071 1809 1098 ad

970 1109 1097 1144 _Patrem
1127 1110 1301 1138 ascendenle
1330 1111 1418 1139 simul
1449 1113 1598 1140 ascendat.
1620 1114 1735 1150 Propter
1762 1114 1811 1142 hoc

983 1156 1068 1189 enim,
1085 1155 1191 1191 inquit,
1209 1156 1346 1191 relinquet
1360 1156 1441 1184 homo
1463 1161 1571 1192 patrem
1594 1166 1676 1186 suum
1697 1160 1724 1186 et
1746 1167 1808 1186 ma-

983 1204 1061 1234 trem,
1077 1203 1103 1227 et
1115 1199 1272 1228 adharebz‘t
1286 1201 1370 1228 uxori
1383 1206 1595 1238 sua,emnlque
1609 1203 1665 1231 duo
1680 1204 1710 1230 in
1724 1211 1810 1232 carne

983 1253 1040 1272 una
1055 1244 1087 1273 3°.
1105 1244 1185 1277 Quod
1213 1245 1332 1281 quidem
1357 1246 1555 1282 interpretans
1580 1247 1615 1281 is,
1634 1248 1685 1284 qui
1711 1249 1747 1276 ad
1763 1249 1808 1276 in-

983 1289 1201 1325 corruptionem
1230 1290 1347 1318 virtutis
1387 1299 1476 1320 causa
1503 1292 1666 1328 despondet
1692 1293 1808 1321 Christo

983 1343 1134 1370 sponsam,
1161 1334 1223 1362 ait:
1243 1336 1412 1370 Mysterium
1439 1337 1488 1364 hoc
1515 1344 1645 1372 magnum
1670 1337 1807 1365 erudito

983 1382 1077 1407 autem
1093 1380 1123 1407 in
1139 1379 1278 1407 Christum
1292 1383 1318 1407 et
1332 1380 1360 1407 in
1376 1380 1525 1409 Ecclesium
1539 1381 1570 1408 ιο.
1588 1380 1650 1409 Non
1665 1381 1743 1409 enim
1761 1382 1810 1410 de-

983 1423 1098 1452 scendit
1110 1423 1252 1457 Ghristus,
1269 1426 1300 1452 ut
1315 1425 1490 1460 conjunctus
1504 1433 1571 1452 cum
1587 1433 1696 1461 sponsa
1711 1434 1809 1454 mane-

984 1470 1026 1496 ret
1041 1468 1071 1495 in
1087 1470 1176 1501 terra,
1189 1468 1240 1495 sed
1256 1469 1289 1495 ut
1303 1476 1458 1497 assumens
1481 1471 1510 1497 et
1523 1471 1727 1498 transmutans
1743 1479 1806 1499 eam

983 1520 998 1540 e
1008 1512 1095 1539 terris
1109 1512 1137 1539 in
1149 1511 1236 1540 cmlos
1247 1512 1408 1540 reduceret.
1426 1513 1460 1540 Et
1471 1521 1534 1549 qua:
1549 1513 1664 1542 Christo
1680 1515 1807 1551 despon-

984 1559 1048 1584 sata
1062 1558 1117 1590 est,
1134 1564 1191 1584 non
1218 1558 1361 1584 Joannem
1378 1557 1473 1585 solum
1489 1557 1578 1586 habet
1594 1558 1650 1586 sibi
1666 1559 1700 1586 ad
1718 1568 1808 1596 spon-

104 1593 168 1641 plicat
192 1602 297 1640 λουτρὰ
321 1593 403 1639 μόνον
429 1593 661 1641 ύπηρετούίμινον,
677 1593 750 1631 ἆλλᾶ
774 1603 818 1630 καὶ
848 1593 924 1641 ἀγγέ-

981 1601 1056 1629 salia
1070 1600 1186 1628 lavacra
1200 1601 1427 1636 ministrantem,
1439 1602 1489 1630 sed
1505 1603 1593 1631 etiam
1611 1593 1806 1641 angelos-epi-

106 1646 167 1679 λους
194 1647 309 1684 ἀνιούσῃ
338 1646 375 1678 εἷς
399 1647 449 1681 τὴν
472 1649 520 1674 τοῦ
546 1647 649 1684 Πατρὸς
672 1647 759 1674 ἑστίαν
773 1648 818 1674 τὸν
836 1647 927 1679 ἐπιθα-

105 1690 200 1728 λάμιον
216 1690 342 1728 ᾅδοντας.
358 1692 496 1730 ’Ἀφθορος
512 1691 557 1718 οὖν
574 1692 606 1719 ού
621 1694 655 1728 τῇ
672 1692 738 1729 πρὸς
753 1693 798 1719 τὸν
824 1691 924 1731 ἄφθαρ-

102 1745 144 1763 ⁴ιον
161 1737 253 1774 Λόγον
269 1736 361 1764 ἒνώσιι
376 1737 394 1771 ἡ
410 1736 542 1774 παρθένος
562 1737 636 1773 μένει
665 1737 758 1773 μόνον,
784 1735 856 1764 ἀλλὰ
879 1737 924 1764 καὶ

104 1782 166 1815 μετὰ
180 1783 231 1816 τήν
247 1778 343 1808 ἕνωσιν
359 1780 473 1818 γίνεται.
491 1780 530 1809 Οὐ
545 1781 595 1819 γὰρ
612 1781 648 1812 ὡς
673 1782 687 1808 ὁ
711 1783 765 1808 τῶν
790 1782 924 1818 σωμάτων

101 1826 213 1864 νυμφίος
245 1826 294 1860 τήν
321 1824 437 1864 ἄφθορον
461 1826 594 1863 παρθένον
617 1827 650 1862 τῇ
675 1826 820 1865 νυμφεύσει
851 1826 924 1865 φθεί-

105 1880 154 1907 ρων
182 1873 302 1908 γυναῖκα
327 1873 410 1897 ποιεῖ·
428 1869 499 1897 οὕτω
525 1870 570 1898 καὶ
599 1871 613 1898 ὁ
638 1873 692 1897 τῶν
721 1872 818 1909 ψυχῶν
844 1872 923 1907 ἡμῶν

104 1915 215 1952 νυμφίος
243 1915 293 1949 τήν
324 1913 442 1953 ἄφθορον
458 1915 549 1952 ψυχὴν
567 1916 600 1951 τῇ
618 1915 686 1952 πρὸς
701 1915 780 1942 αὐτὸν
797 1915 926 1951 κοινωνίᾳ

103 1959 215 1997 φθείρων
262 1958 436 1997 νυμφεύεται.
468 1957 546 1986 Ἀλλ’
576 1958 746 1998 ἐφθαρμένην
789 1958 833 1986 διὰ
870 1961 924 1987 τῶν

102 2006 235 2041 σαρκικῶν
252 2002 359 2038 ἡδονῶν
375 2003 447 2041 παρὰ
473 2002 604 2031 διαὸόλου
628 2001 730 2038 λαϐὼν,
743 2003 788 2030 καὶ
811 2006 926 2041 γυναῖκα

101 2047 180 2076 αὑτοῦ
209 2047 255 2075 διὰ
279 2051 329 2082 τῆς
355 2048 460 2086 φθορᾶς
492 2050 583 2079 κακῶς
607 2047 769 2085 γενομένην,
794 2050 827 2084 τῇ
855 2048 924 2086 πρὸς

102 2092 176 2120 αὐτὸν
192 2092 326 2128 κοινωνίᾳ
341 2091 458 2131 ἄφθορον
479 2091 509 2119 ἐκ
533 2093 661 2130 γυναικὸς
683 2092 814 2130 παρθένον
839 2095 923 2121 ποιεῖ.

101 2137 203 2173 Ταύτην
234 2137 286 2175 γὰρ
315 2137 364 2171 τὴν
396 2137 528 2173 μυστικὴν
558 2136 754 2175 νυμφαγωγίαν
780 2138 854 2173 ἡμᾶς
880 2137 923 2165 καὶ

102 2179 141 2208 διὰ
155 2184 203 2209 τοῦ
218 2183 363 2220 προφήτου
378 2179 526 2217 παιδεύων,
543 2182 610 2219 πρὸς
625 2182 675 2215 τήν
700 2182 795 2208 ἑαυτοῦ
818 2182 923 2220 νύμφην

101 2226 186 2263 φησίν.
217 2225 278 2255 Ούκ
306 2226 342 2257 ὡς
367 2225 440 2253 οἶκόν
468 2226 526 2262 (99)
550 2236 583 2262 με
603 2225 731 2257 ἐκάλεσας
751 2226 796 2253 καὶ
822 2226 924 2264 πατέρα

99 2271 139 2296 καὶ
168 2271 294 2308 ἀρχηγὸν
323 2273 373 2305 τῆς
401 2270 546 2307 παρθενίας
575 2281 646 2305 σου,
667 2271 737 2298 Ὧσεῖ
767 2270 852 2308 ἔλεγε,
877 2271 922 2298 καὶ

102 2314 222 2353 ἀρχηγὸν
248 2319 299 2350 τῆς
325 2314 455 2354 ἀφθορίας
480 2315 596 2346 σου,ᾪς
611 2314 660 2352 γὰρ
683 2315 806 2353 ἀρχηγός
828 2325 857 2343 τι
878 2317 922 2343 καὶ

103 2358 191 2397 ἄρχων
205 2363 258 2394 τῆς
273 2359 341 2387 κατᾶ
351 2360 401 2394 τήν
427 2359 547 2397 γαμετὴν
570 2360 672 2398 φθορὰς
696 2360 710 2386 ’ὁ
736 2359 814 2397 ἀνὴρ,
830 2359 924 2398 κύριος

102 2403 180 2439 αὐτῆς
211 2403 258 2431 διὰ
285 2405 382 2431 τούτου
408 2404 550 2441 γινόμενος
579 2403 665 2434 οὕτως
684 2404 809 2442 ἀρχηγός
835 2415 864 2432 τι
879 2405 924 2432 καὶ

102 2447 191 2486 ἅρχων
205 2451 256 2483 τῆς
280 2449 392 2476 ἑκάστου
418 2449 498 2484 ἡμῶν
523 2448 653 2487 ἀφθορίας
681 2448 751 2476 ἐστίν
773 2449 786 2476 ὁ
815 2449 924 2487 Κύριος,

101 2490 142 2520 διὰ
155 2497 205 2528 τῆς
221 2492 354 2532 ἀφθορίας
366 2503 395 2520 τε
412 2492 509 2530 Κύριος
524 2494 603 2530 ἡμῶν
620 2493 663 2520 καὶ
678 2493 727 2527 τὴν
742 2493 831 2531 ἀρχὴν
858 2494 923 2521 ἀνα-

101 2535 232 2574 δούμενος
321 2538 350 2566 ὃν
376 2537 421 2565 καὶ
447 2537 521 2565 οἶκον
547 2536 588 2565 δεῖ
611 2541 661 2573 τῆς
687 2538 816 2576 ἀφθορίας
841 2539 922 2575 ἡμῶν

100 2580 283 2620 ἐπιγινώσκειν
307 2581 333 2609 ἐν
358 2581 433 2618 αὒτῷ
459 2582 586 2619 μένοντας
610 2582 653 2610 καὶ
681 2583 836 2618 οἰκοῦντας,
853 2581 922 2610 διοτι

980 1645 1154 1674 thalamium
1171 1645 1200 1673 in
1218 1645 1311 1674 Patris
1331 1647 1452 1675 domum
1469 1648 1639 1676 ascendenti
1655 1651 1805 1678 canentes.

981 1692 1152 1726 lncorrupta
1165 1689 1256 1726 igitur
1270 1699 1328 1719 non
1344 1690 1440 1719 solum
1462 1692 1540 1727 virgo
1557 1695 1717 1729 permanet,
1733 1693 1805 1722 dum

979 1735 1170 1772 conjungitur
1194 1743 1260 1763 cum
1285 1735 1501 1772 incorruptibili
1517 1736 1622 1773 Verbo,
1638 1738 1688 1765 sed
1714 1738 1804 1766 etiam

980 1782 1134 1816 postquam
1150 1780 1306 1815 conjuncta
1321 1780 1439 1808 est.Non
1456 1781 1804 1817 enim,quemadmodum

980 1833 1135 1860 corporum
1151 1833 1278 1860 sponsus
1293 1825 1493 1861 incorruptam
1512 1825 1654 1861 virginem
1671 1827 1805 1861 conjugio

980 1877 1182 1905 corrumpens,
1200 1869 1352 1897 mulierem
1369 1870 1437 1897 fecit
1452 1878 1459 1896 :
1472 1869 1512 1897 ita
1527 1872 1556 1898 et
1568 1870 1734 1898 animarum
1751 1879 1806 1899 no-

980 1918 1108 1942 strarum
1120 1913 1536 1949 Bedsponsusincorruptam
1544 1914 1803 1951 virginem,secum

980 1958 1183 1994 conjungendo
1203 1966 1405 1994 corrumpens,
1422 1959 1588 1995 desponsat.
1607 1960 1663 1987 Sed
1679 1960 1806 1988 carnali-

979 2004 1035 2031 bus
1060 2002 1290 2038 voluptatibusa
1312 2002 1427 2030 diabolo
1453 2005 1622 2039 corruptam
1647 2004 1805 2040 accipiens,

979 2048 1103 2083 ejusque
1126 2055 1246 2074 uxorem
1262 2055 1349 2082 prave
1374 2048 1481 2075 factam
1498 2056 1550 2084 per
1573 2049 1804 2085 corruptionem,

979 2100 1080 2120 secum
1097 2091 1303 2128 conjungendo
1319 2092 1519 2128 incorruptam
1536 2100 1569 2120 ex
1583 2093 1707 2121 muliere
1721 2093 1806 2129 virgi-

980 2145 1046 2165 nem
1062 2136 1140 2164 facit.
1157 2138 1223 2163 Hiec
1238 2135 1315 2163 enim
1333 2136 1459 2172 mystica
1482 2136 1631 2172 sponsalia
1646 2145 1699 2165 nos
1715 2137 1804 2166 etiam

980 2191 1029 2217 per
1044 2181 1216 2218 prophetam
1241 2181 1378 2216 edocens,
1395 2181 1431 2208 ad
1447 2189 1533 2209 suam
1553 2181 1648 2217 ipsius
1663 2190 1803 2218 sponsam

979 2227 1019 2254 ait
1037 2235 1043 2253 2
1060 2227 1154 2254 Nanne
1170 2227 1200 2253 ut
1223 2225 1333 2253 domum
1347 2234 1391 2253 me
1415 2227 1526 2260 vocrwti,
1543 2231 1568 2255 et
1580 2229 1692 2262 patrem
1710 2229 1736 2256 et
1750 2227 1805 2255 du-

939 2282 962 2314 Ι)
977 2280 1036 2299 cem
1058 2271 1231 2305 virginitath
1255 2274 1308 2298 tum
1323 2271 1344 2288 ⁴¹
1359 2270 1373 2297 ?
1389 2271 1477 2304 Quasi
1502 2271 1620 2305 diceret,
1645 2274 1677 2300 ut
1701 2272 1805 2300 ducem

981 2315 1212 2351 incorruptionis
1238 2317 1304 2342 tuae.
1321 2315 1576 2348 Quemadmodum
1602 2316 1680 2344 enim
1706 2317 1765 2345 dux
1779 2319 1808 2346 et

979 2360 1115 2396 princeps
1130 2358 1216 2387 illatis
1228 2360 1310 2387 uxori
1326 2360 1522 2396 corruptionis
1538 2361 1583 2388 vir
1597 2364 1651 2395 est,
1668 2362 1806 2390 dominus

978 2405 1058 2432 illius
1072 2405 1108 2432 ob
1121 2411 1184 2432 eam
1196 2412 1257 2432 rem
1270 2404 1365 2432 factus
1378 2417 1385 2439 ς
1398 2405 1439 2433 ita
1449 2405 1508 2433 dux
1517 2408 1546 2434 et
1557 2406 1692 2442 princeps
1706 2406 1805 2435 unius-

979 2450 1122 2485 cujusque
1155 2451 1289 2477 nostrum
1318 2449 1549 2486 incorruptionis
1579 2451 1720 2479 Dominus
1749 2454 1803 2480 est.

978 2495 1052 2522 Nam
1070 2502 1121 2530 per
1143 2493 1392 2530 incorruptionem
1419 2497 1520 2523 noster
1544 2495 1686 2524 Dominus
1710 2498 1756 2524 est
1771 2504 1804 2524 ac

979 2539 1145 2575 principatu
1161 2539 1317 2567 redimitur
1333 2547 1339 2567 :
1357 2547 1443 2575 quem
1460 2540 1549 2568 etiam
1572 2542 1606 2568 ut
1621 2540 1742 2568 domum
1759 2540 1804 2568 in-

977 2583 1176 2620 corruptionis
1203 2585 1310 2612 nostra;
1333 2584 1474 2613 debemus
1496 2592 1663 2620 agnoscere,
1685 2584 1715 2612 in
1739 2584 1804 2620 ipso

130 2663 151 2681 ³⁸
167 2663 296 2700 Philipp.
313 2672 345 2699 ιι,
358 2664 386 2697 ϐ,
401 2664 428 2692 7.
467 2664 490 2682 ³⁹
504 2663 574 2692 Gen.
592 2672 623 2700 ιι,
637 2665 682 2692 24.
721 2664 744 2682 ὀ
758 2664 863 2701 Ephes.
879 2673 907 2701 ν,
923 2668 924 2690 1

1005 2665 1027 2684 ‘l
1042 2665 1151 2693 Jerem.
1169 2673 1210 2697 ιιι,
1227 2664 1253 2692 4.

201 2751 350 2790 ’ᾼζπομινη-
367 2752 511 2790 Nonnulli
520 2754 650 2790 codices,
666 2752 815 2790 ἀπομείνῃ.

133 2788 189 2829 (99)
201 2788 301 2829 ρὶκον.
318 2788 414 2829 [donet
432 2789 578 2829 Nobilius”
590 2789 647 2826 legi
671 2791 700 2818 in
725 2788 876 2818 nonnullis
891 2789 924 2817 li-

100 2822 168 2860 bris,
179 2822 301 2859 ὀὶκιῖονι
317 2826 451 2862 tanquam
465 2822 650 2855 domesticum.

1013 2754 1052 2789 (1)
1067 2751 1272 2788 Ἀναδούμενος.
1289 2752 1336 2780 Sic
1351 2759 1404 2788 ope
1429 2752 1517 2779 trium
1543 2753 1677 2789 codicum
1701 2761 1804 2782 emen-

977 2787 1112 2818 davimus
1128 2787 1262 2817 vitiosam
1274 2787 1428 2817 lectionem
1444 2787 1805 2827 vulgatam,dva8u6puvo<,

978 2827 1125 2862 imperium
1139 2833 1266 2854 renuens.
