2010 3145
194 138 251 169 ’171

666 137 864 169 APPENDIX
885 136 1048 168 OPERUM
1069 137 1104 168 S.
1124 136 1266 169 BASILII
1289 137 1425 170 MAGNI.

1840 142 1900 172 ’ΠΩ

195 209 346 235 manentes
361 208 390 234 et
404 206 582 239 habitantes,
599 207 669 243 quia
684 207 715 234 In
726 207 783 243 ipso
794 206 913 234 vivimus
925 209 951 233 et
962 213 1019 233 mo-

1076 203 1120 234 Ἐν
1151 204 1225 241 αὐτῷ
1255 207 1343 242 ζῶμεν
1370 205 1416 234 καὶ
1443 206 1592 244 κινούμεθα
1619 207 1664 234 καὶ
1686 206 1778 244 ἐσμὲν,
1794 206 1840 234 ἵνα
1864 207 1909 238 ὡς

194 260 290 280 vcmur
304 254 330 280 et
344 260 438 280 sumus
454 251 488 286 ⁸⁸,
506 254 539 280 ut
554 252 582 279 in
599 260 632 280 eo
647 254 789 288 tanquam
814 251 843 279 in
860 251 946 279 domo
961 251 1021 278 vir—

195 297 267 325 tutis
281 296 378 325 omnis
392 299 421 324 et
435 296 664 332 incorruptionis
687 305 738 333 per
754 298 846 325 totam
861 296 949 324 vitam
967 295 1021 324 ha-

195 341 333 376 bitantes,
349 350 406 369 non
422 341 592 369 excidemus
608 341 786 377 incorruptis
801 341 881 368 illius
897 340 1019 368 laribus.

195 386 448 419 Quemadmodum
464 386 543 413 enim
559 386 670 414 habitat
685 388 713 414 et
725 385 857 413 ambulat
872 386 901 413 in
916 385 953 413 iis
969 384 1019 420 qui

194 431 274 466 digni
288 433 358 459 sunt
371 431 455 464 “,sic
471 431 558 459 etiam
576 439 679 459 rursus
695 430 744 467 qui
762 430 843 467 digni
860 433 930 458 sunt
943 429 973 457 in
987 438 1020 458 eo

194 474 496 512 habitaut.Propterea
509 484 575 504 cum
592 484 645 504 nos
661 475 788 504 assumit
803 484 838 503 ex
853 474 955 503 mundi
972 482 1020 502 ne-

193 520 279 556 gotiis
296 520 332 548 ad
348 529 414 548 eum
430 521 580 549 venientes
595 522 624 549 et
639 520 669 548 in
685 528 718 548 eo
734 519 914 554 habitantes,
924 519 1020 555 provi-

193 565 266 592 dens
282 565 441 601 quominus
457 565 610 599 cudamus,
629 565 670 593 ait
686 575 692 593 :
709 565 817 593 Maneto
833 565 862 592 in
877 565 958 597 me,et
973 571 1020 600 ago

192 610 223 637 in
237 610 313 637 vobis
329 610 361 637 “.

226 654 270 682 51.
288 654 335 682 Sic
350 656 448 683 autem
472 662 540 683 cum
566 656 594 683 et
617 654 739 691 reliquis
763 655 852 683 rebus
879 661 1019 691 magnum

188 698 330 735 quiddam
345 702 373 727 et
388 699 662 735 splendidissimum
689 699 844 735 virginitas
867 698 1016 734 intelliga-

186 745 254 777 tur;
271 743 319 771 hic
332 744 394 779 jam
416 744 641 772 resurrectionis
656 746 685 771 et
703 743 937 780 incorruptibilis
953 743 1018 770 vitae

188 796 288 815 semen
304 788 451 823 quoddam
463 788 669 824 pl'urissimum
679 797 744 816 esse
758 788 933 816 ostenditur.
943 789 1017 814 Nam

189 831 214 858 si
230 831 259 858 in
276 831 490 860 resurrectione
505 840 600 868 neque
615 832 731 860 nubunt
745 840 841 867 neque
852 831 1017 865 nubuntur,

189 876 238 904 sed
256 878 325 904 sunt
340 876 416 904 sicut
430 877 537 912 angeli,
550 877 679 912 flentque
694 876 747 904 ﬁlii
763 877 813 905 Dei
829 877 852 894 ⁴⁸
870 885 876 904 :
893 876 942 912 qui
957 876 1016 903 vir-

188 921 342 958 ginitatem
359 920 469 954 colunt,
479 921 574 958 angeli
592 924 673 955 sunt,
686 921 715 948 in
731 921 910 958 incorruptis
925 920 1018 949 carui-

187 966 243 993 bus
258 965 419 994 humanam
435 966 525 994 vitam
541 965 793 999 circumferentes,
810 974 904 1003 neque
920 966 1016 1002 angeli

186 1011 305 1046 quidam
321 1010 448 1044 obscuri,
465 1010 515 1038 sed
530 1010 613 1038 valde
629 1011 771 1047 insignes.
789 1011 862 1039 Nam
879 1019 945 1038 cum
963 1020 1016 1039 an-

187 1054 243 1090 geli
258 1054 321 1081 sine
336 1055 474 1082 carnibus
490 1055 520 1082 in
535 1055 606 1083 caelo
628 1055 890 1091 incorruptionem,
907 1055 936 1084 in
953 1055 1016 1084 loco

187 1101 215 1127 et
231 1100 335 1126 natura
357 1098 531 1133 inviolabili,
549 1100 626 1136 apud
642 1108 794 1128 summum
819 1100 952 1128 omnium
969 1109 1024 1133 res

187 1151 252 1180 gem
269 1143 360 1172 Deum
377 1144 545 1172 custodiant
560 1152 567 1172 :
585 1144 633 1172 isti
650 1144 680 1172 in
696 1147 775 1172 terra
798 1145 895 1173 carnis
910 1145 1015 1181 volup-

187 1187 296 1216 tatibus
312 1187 424 1223 agitati,
440 1190 469 1216 et
480 1189 636 1216 tentationi
651 1189 761 1217 diaboli
777 1189 900 1225 expositi
916 1198 1014 1226 requa.

185 1232 242 1260 lem
260 1232 370 1268 angelis
394 1233 644 1269 incorruptionem
661 1241 713 1269 per
727 1234 866 1261 virtutem
886 1233 1013 1262 Creatori

185 1276 350 1305 mirabilius
367 1279 563 1305 servaverunt.
590 1277 641 1305 Hic
657 1280 755 1305 autem
775 1278 902 1306 maxime
925 1278 1012 1315 virgi-

185 1330 255 1349 num
273 1321 448 1349 admiranda
463 1321 647 1357 virtus,quod
664 1330 731 1350 cum
747 1322 872 1350 femineo
887 1322 1013 1350 circum~

184 1367 257 1394 datas
273 1366 333 1393 sint
348 1367 660 1403 corpore,impressam
671 1375 706 1394 ex
720 1375 752 1394 eo
769 1367 873 1395 animas
887 1367 1013 1395 formam

185 1411 303 1439 virtutis
318 1411 527 1439 exercitatione
543 1410 715 1447 repulerint,
732 1411 918 1448 aequalesque
935 1420 1013 1440 mas—

185 1455 270 1488 culis,
291 1456 541 1491 quemadmodum
572 1457 600 1484 et
629 1456 727 1483 anima
755 1455 884 1492 mquales
909 1458 1012 1484 creatas

186 1502 319 1535 sunt,per
329 1500 468 1528 virtutem
480 1500 646 1528 videantur.
657 1501 692 1528 Et
707 1501 957 1536 quemadmodum
970 1500 1013 1529 illi

187 1552 238 1579 per
252 1543 368 1571 virtutis
382 1544 618 1572 exercitationem
634 1553 668 1573 ex
683 1545 854 1573 hominibus
879 1545 907 1573 in
924 1554 1011 1582 ange-

1078 249 1150 277 οϊκον
1173 249 1252 277 αὐτὸν
1280 250 1379 288 ἀρετῆς
1402 251 1510 287 ἁπάσης
1524 251 1569 279 καὶ
1596 251 1742 290 ἆφθαρσίας
1768 250 1813 279 διὰ
1843 251 1910 289 βίου

1078 294 1224 330 οἰκοῦντες,
1255 295 1293 332 μὴ
1324 295 1499 332 ιιιπίπτωμεν
1524 297 1573 331 τῆς
1601 295 1627 324 ἐν
1658 296 1731 332 αὐτῷ
1759 297 1828 325 κατὰ
1854 298 1905 331 τὴν

1076 338 1223 378 ἀφθαρσίαν
1253 339 1351 371 ἑστίας.
1368 341 1412 372 Ὠς
1441 340 1493 378 γὰρ
1524 340 1622 368 ἐνοικεῖ
1649 341 1694 368 καὶ
1723 340 1908 379 ἐμπεριπατεῖ

1076 385 1134 414 τοῖς
1163 383 1258 419 ἀξίοις,
1272 384 1344 412 οὕτω
1370 385 1454 413 πάλιν
1479 386 1506 413 οἱ
1531 384 1599 421 ἄξιοι
1625 385 1650 413 ἐν
1673 385 1762 422 τούτῳ
1784 386 1903 414 οἰκοῦσι.

1076 428 1123 455 Διὸ
1151 429 1196 455 καὶ
1225 427 1287 456 ὅταν
1312 427 1383 466 λάϐῃ
1405 431 1478 467 ἡμᾶς
1503 430 1532 458 tu
1558 433 1612 458 τῶν
1636 430 1703 458 κατὰ
1725 431 1771 458 τὸν
1797 431 1903 468 κόσμον

1075 473 1244 510 πραγμάτων
1265 472 1437 506 εἰσελθόντας
1457 475 1495 506 εἷς
1520 475 1600 502 αὐτὸν
1623 475 1668 503 καὶ
1688 475 1713 503 ἰν
1738 475 1813 512 αὖτῷ
1836 486 1905 503 χατο

1076 518 1227 550 οικοῦντας,
1241 519 1290 545 τοῦ
1304 517 1477 546 ἀνεκπτώτου
1490 520 1570 556 ἡμῶν
1586 519 1804 557 προνοούμενος,
1822 519 1902 558 φησί·

1074 561 1189 589 Μείνατε
1204 561 1229 589 ἐν
1246 561 1319 599 ὶμοὶ,
1335 563 1410 601 κάγὼ
1426 563 1453 591 ἐν
1470 564 1546 600 ὑμῖν.

1108 650 1154 679 5i.
1168 650 1247 680 Οὕτω
1274 650 1303 679 δὲ
1323 652 1369 679 καὶ
1392 655 1450 684 τοῖς
1474 652 1584 686 λοιποῖς
1607 654 1689 681 ἅπασι
1716 654 1787 691 μέγα
1810 664 1836 681 τι
1857 654 1905 681 καὶ

1075 693 1272 733 ὑπέρλαμπρον
1301 699 1413 735 πρᾶγμα
1445 699 1462 732 ἡ
1489 697 1620 735 παρθινία
1657 698 1828 734 νοούμενον,
1852 700 1904 731 τῆς

1073 738 1280 778 παλιγγενεσίας
1306 739 1344 769 ἔτι
1374 741 1417 769 καὶ
1442 745 1490 770 τοῦ
1519 742 1656 780 ἀφθάρτου
1691 743 1750 779 βίου
1779 742 1902 775 ἐντεῦθεν

1072 782 1127 819 ἤδη
1156 785 1263 822 σπέρμα
1290 795 1316 813 τι
1345 787 1462 824 καθαρὸν
1503 785 1706 816 ἀποδείκνυται.
1735 787 1768 816 El
1793 787 1846 825 γὰρ
1871 788 1900 816 ἐν

1071 831 1106 865 τῇ
1136 829 1277 857 ἀναστάσει
1316 829 1378 858 οὕτε
1411 833 1528 869 γαμοῦσι
1564 830 1626 859 οὔτε
1656 831 1819 870 γαμίζονται
1849 834 1900 869 (2),

1073 873 1136 901 ἀλλ’
1160 874 1226 902 είσὶν
1255 875 1291 906 ὡς
1321 875 1441 913 ἄγγελοι,
1471 876 1516 903 καὶ
1544 877 1701 914 γενήσονται
1727 876 1782 904 υἱοὶ
1811 879 1899 904 Θεοῦ·

1073 918 1099 945 οἱ
1125 919 1166 955 (3)
1193 919 1243 953 τήν
1272 922 1416 956 παρθενίαν
1453 920 1595 952 ἀσκοῦντες
1630 920 1740 958 ἄγγελοί
1767 921 1848 956 εἰσιν,
1873 921 1903 949 ἐν

1072 961 1219 1001 ἀφθάρτοις
1235 965 1272 1000 (4)
1294 964 1369 1002 σαρξὶ
1399 964 1444 992 τὸν
1470 966 1525 992 τῶν
1549 965 1702 1002 ἀνηρώπων
1733 965 1792 1003 βίον
1821 975 1901 1003 περι-

1071 1005 1240 1038 πολοῦντες·
1258 1009 1302 1036 καὶ
1318 1007 1429 1047 ἄγγιλοι
1455 1009 1507 1036 οὔχ
1531 1010 1635 1046 ἅσημοί
1657 1020 1738 1044 τινες,
1756 1009 1830 1038 ἀλλὰ
1857 1011 1903 1038 καὶ

1071 1049 1175 1089 σφόδρα
1211 1051 1428 1090 ίπιφανέστατοι.
1455 1054 1518 1082 ’Ότι
1553 1053 1660 1081 ίκείνων
1700 1056 1762 1082 ἄνευ
1792 1057 1901 1092 σαρκῶν

1070 1095 1138 1123 κατὰ
1161 1095 1206 1123 τὸν
1237 1096 1349 1133 οὐρανὸν
1379 1098 1429 1132 τήν
1457 1098 1604 1137 ἀφθαρσίαν
1619 1098 1664 1126 καὶ
1680 1100 1718 1135 (5)
1743 1098 1824 1135 τόπῳ
1852 1100 1900 1126 καὶ

1070 1137 1192 1177 datio-up
1208 1141 1284 1179 φύσει
1307 1141 1381 1179 παρὰ
1404 1144 1444 1178 τῷ
1466 1140 1636 1179 παμϐασιλεῖ
1660 1145 1713 1170 τῶν
1738 1143 1813 1171 ὅλων
1842 1145 1902 1180 Θιῷ

1070 1185 1273 1224 φυλαττόντων,
1294 1186 1368 1214 οὗτοι
1386 1186 1429 1214 ἰπὶ
1445 1188 1497 1224 γῆς
1513 1187 1611 1224 σαρκὸς
1628 1186 1740 1222 ἡδοναῖς
1762 1187 1900 1225 ὶνοχλού-

1071 1240 1158 1266 μενοι,
1185 1230 1228 1257 καὶ
1253 1232 1288 1267 τῇ
1311 1230 1392 1268 πείρᾳ
1426 1233 1474 1259 τοῦ
1500 1229 1632 1259 διαϐόλου
1660 1231 1824 1268 ίκχιίμενοι,
1850 1233 1900 1267 τὴν

1069 1274 1217 1312 ἀφθαρσίαν
1246 1274 1389 1312 ίσάγγελον
1415 1274 1450 1303 δι’
1466 1276 1564 1314 ἀρετῆς
1586 1278 1625 1312 τῷ
1647 1278 1753 1313 Ποιητῇ
1776 1275 1899 1313 παραδο-

1068 1318 1176 1356 ξότερον
1192 1317 1364 1358 διεφύλαξαν.
1379 1321 1462 1353 Ἔνθα
1483 1320 1529 1348 καὶ
1555 1319 1674 1357 μάλιστα
1687 1321 1718 1348 τὸ
1742 1323 1797 1348 τῶν
1824 1331 1898 1359 παρ-

1069 1361 1152 1395 θένων
1175 1361 1206 1390 ἄν
1227 1374 1269 1394 τις
1292 1363 1397 1395 κάλλος
1422 1365 1592 1401 θαυμάσειεν,
1609 1364 1652 1392 ὅτι
1677 1364 1748 1397 θῆλυ
1773 1366 1899 1403 περικεί-

1070 1417 1147 1444 μεναι
1162 1408 1252 1444 σῶμα,
1268 1409 1319 1443 τήν
1336 1409 1384 1445 μὶν
1403 1408 1433 1437 ἐκ
1457 1409 1556 1437 τούτου
1581 1409 1761 1447 ἆγγινομένην
1786 1410 1897 1449 μορφὴν

1065 1453 1100 1488 τῇ
1125 1454 1202 1490 ψυχῇ
1227 1451 1272 1480 διὰ
1295 1456 1346 1487 τῆς
1370 1453 1509 1489 ἀσκήσεως
1544 1454 1764 1492 ἀπεκρούσαντο·
1782 1453 1838 1482 ἴσαι
1868 1453 1898 1482 δὲ

1065 1499 1124 1528 τοῖς
1141 1496 1244 1535 ἄρῥεσι,
1261 1498 1380 1534 καθάπερ
1396 1497 1442 1525 οὖν
1456 1496 1512 1525 ἴσαι
1535 1499 1580 1526 καὶ
1605 1499 1655 1533 τὴν
1677 1499 1771 1536 ψυχὴν
1797 1497 1896 1534 ἐποιή-

1066 1546 1171 1576 θησαν,
1204 1540 1249 1569 διὰ
1278 1545 1328 1576 τῆς
1364 1543 1462 1579 ἀρετῆς
1496 1543 1680 1582 ἀνεφάνησαν.
1710 1543 1761 1572 Καὶ
1801 1543 1895 1579 ὥσπερ

185 1588 280 1616 lorum
297 1588 429 1616 ordinem
445 1591 620 1623 transeunt;
636 1589 676 1617 ita
693 1592 720 1618 et
735 1589 805 1626 ipsae
833 1590 937 1626 aequali
953 1580 1010 1618 vir-

1069 1585 1166 1613 ἐκεῖνοι
1193 1585 1228 1613 δι’
1261 1587 1401 1622 ἀσκήσεως
1434 1587 1460 1622 ἐξ
1489 1580 1594 1625 ἀνδρῶν
1625 1587 1663 1619 εἷς
1691 1588 1740 1622 τὴν
1771 1587 1893 1626 ἆγγίλων

186 1632 258 1660 tutis
272 1633 477 1661 exercitatione
493 1642 527 1661 ex
543 1634 716 1662 mulieribus
730 1633 759 1662 iu
776 1635 909 1662 eamdem
920 1643 954 1662 ac
968 1634 1010 1662 illi

185 1676 360 1713 dignitatem
382 1677 589 1712 traducuntur,
605 1677 646 1705 ita
669 1680 701 1706 ut
727 1686 794 1706 cum
819 1678 848 1705 in
873 1679 1010 1714 presenti

183 1721 244 1750 vita
258 1720 400 1751 masculis
423 1722 541 1757 quidem
559 1722 657 1749 anima
679 1722 805 1757 aequales
821 1722 890 1755 sint,
906 1723 956 1751 sed
973 1723 1009 1751 ob

184 1765 300 1793 feminei
317 1765 445 1802 corporis
459 1765 599 1793 amictum
613 1765 642 1793 in
659 1765 823 1801 aequalitate
833 1766 1009 1801 claudiceut,

183 1811 212 1838 in
229 1810 326 1838 futuro
341 1809 447 1838 seculo
463 1810 591 1846 aequales
606 1810 728 1838 omnino
740 1819 792 1846 per
800 1811 938 1839 virtutem
951 1811 1008 1845 his,

184 1854 234 1890 qui
250 1854 343 1891 angeli
362 1855 429 1882 facti
450 1854 568 1890 fuerint,
585 1857 613 1883 et
628 1855 698 1891 ipsa;
723 1855 917 1891 reperiantur.
933 1855 1008 1883 Nam

183 1899 207 1927 si
223 1908 289 1927 cum
306 1899 432 1935 aequales
446 1899 558 1936 angelis
573 1899 770 1933 declarantur,
782 1907 877 1936 neque
893 1900 1010 1928 nubunt

183 1951 276 1978 neque
305 1944 554 1980 nubuntur;quaa
583 1944 613 1971 in
639 1944 776 1979 praesenti
805 1945 864 1972 vita
891 1944 1010 1973 virtutis

181 1987 387 2016 exercitatione
401 1987 430 2014 id
446 1987 797 2023 consequuntur,hiojam
814 1988 941 2024 aequales
957 1997 1008 2016 an-

181 2031 256 2069 gelis
271 2032 446 2068 semetipsos
463 2032 596 2059 omnium
617 2032 730 2067 judicio
745 2031 883 2060 exhibent
899 2041 905 2060 :
922 2032 1009 2068 quip-

181 2083 216 2112 pe
232 2083 298 2102 cum
315 2083 469 2111 corporeae
495 2075 620 2103 masculi
636 2078 664 2103 et
682 2075 797 2103 feminis
821 2077 856 2103 ad
872 2075 1009 2104 concubi-

180 2122 244 2148 tum
260 2120 336 2148 665
354 2119 545 2156 proprietates
569 2119 677 2148 virtute
703 2122 846 2155 resecent,
862 2129 895 2148 ac
920 2120 1008 2148 nudis

182 2164 338 2192 animabus
353 2164 383 2191 in
399 2167 476 2192 terra
491 2173 557 2192 cum
575 2164 746 2192 hominibus
761 2162 1008 2197 versentur.0'uod

182 2209 205 2235 si
222 2208 320 2236 anima
334 2216 368 2236 ex
383 2216 513 2244 corpore,
530 2208 560 2235 in
577 2215 633 2243 quo
649 2209 740 2244 degit,
756 2208 837 2236 nullo
850 2208 1009 2245 voluptatis

181 2261 269 2280 sensu
286 2260 381 2288 neque
395 2260 465 2288 erga
480 2260 592 2280 marem
618 2261 712 2288 neque
726 2261 796 2289 erga
816 2253 954 2281 feminam
973 2253 1006 2281 ad
1024 2265 1048 2299 Β

181 2297 414 2333 perturbationes
430 2297 616 2330 informatur,
633 2305 690 2324 non
712 2297 775 2332 jam
792 2299 837 2325 est
859 2298 1008 2326 masculus

181 2344 207 2370 et
225 2341 342 2373 femina,
359 2349 417 2369 non
434 2341 615 2377 perturbatio
632 2343 660 2368 et
673 2341 825 2377 voluptas;
842 2342 893 2370 sed
909 2344 1009 2371 omnia

182 2389 210 2413 et
234 2385 262 2413 in
293 2385 432 2413 omnibus
461 2384 595 2412 Christus
611 2385 644 2420 ⁸⁸,
661 2385 769 2422 quippe
797 2394 862 2414 cum
894 2390 1008 2416 mortua

183 2422 301 2467 quide-m
319 2429 378 2457 sint
403 2438 525 2466 corpora
540 2430 576 2457 ob
601 2433 765 2458 cessantem
783 2433 811 2458 et
832 2431 955 2460 otiosam
972 2433 1007 2460 ad

182 2473 376 2510 proprietates
403 2473 526 2501 masculi
542 2475 571 2501 et
597 2473 711 2501 feminae
737 2473 929 2510 voluptatem,
946 2476 1009 2504 sola

181 2520 281 2547 autem
297 2518 397 2546 anima
418 2518 587 2554 incorrupte
601 2526 654 2554 per
675 2518 810 2546 virtutem
825 2519 854 2546 in
881 2519 928 2548 his
943 2528 1007 2548 cor-

181 2563 303 2600 poribus
318 2562 416 2599 degat.

217 2632 240 2650 "
255 2633 319 2660 Act.
335 2639 405 2667 xvu,
419 2631 465 2658 28.
504 2630 527 2647 ⁴⁸
542 2631 566 2659 ΙΙ
582 2630 646 2679 Cor.
664 2639 701 2665 v1,
720 2631 762 2658 16.
801 2631 824 2648 ⁸⁸
837 2631 920 2661 Joan.
937 2642 984 2670 xv,
1001 2635 1027 2662 4.

217 2698 256 2734 (2)
284 2698 458 2735 Γαμίζονται.
497 2697 682 2727 Colbertinus
710 2698 811 2732 codex,
848 2697 1006 2737 ιγγαμίζον-

183 2743 315 2806 failiim.
332 2770 425 2798 Editio
441 2769 616 2798 Parisiensis
630 2770 782 2806 praemittit
795 2769 850 2805 καί,
861 2779 926 2806 qua;
941 2779 1008 2800 oon-

180 2804 294 2841 junclio
309 2808 337 2833 et
351 2806 380 2833 in
398 2815 468 2834 mss.
486 2806 569 2834 deest
584 2808 612 2833 et
627 2804 657 2834 in
673 2807 780 2836 Veneta
793 2804 930 2836 editione.

1063 1630 1137 1666 τάξιν
1167 1628 1337 1667 μετέϐησαν·
1363 1631 1434 1659 οὕτω
1463 1632 1507 1659 καὶ
1541 1632 1640 1666 αὗται,
1663 1631 1707 1659 διὰ
1729 1635 1780 1668 τῆς
1806 1633 1891 1668 ἀσχή-

1064 1685 1144 1710 σεως,
1158 1674 1188 1703 ιχ
1202 1678 1336 1713 γυναικῶν
1362 1676 1399 1707 εἷς
1425 1677 1456 1703 τὸ
1477 1676 1543 1704 αὐτὸ
1564 1675 1656 1708 αὐτοῖς
1681 1677 1786 1713 ἀξίωμα
1809 1688 1889 1714 μετα-

1065 1717 1156 1754 ϐᾶσαι,
1173 1719 1212 1750 ὡς
1238 1719 1264 1747 ἂν
1293 1719 1332 1756 τῷ
1361 1720 1474 1757 παρόντι
1505 1720 1619 1759 βίῳ,τῇ
1647 1721 1694 1758 μὶν
1724 1721 1802 1759 ψυχῇ
1831 1721 1889 1753 ἴσας

1063 1766 1122 1794 τοῖς
1138 1763 1245 1802 ἅῤῥεσιν
1261 1762 1352 1798 οὔσας,
1369 1764 1403 1802 τῇ
1416 1763 1445 1792 Et
1466 1767 1515 1792 τοῦ
1539 1764 1638 1800 θήλεος
1658 1763 1795 1804 περιϐολῇ
1819 1766 1889 1804 πρὸς

1063 1808 1113 1842 τὴν
1137 1807 1256 1844 ἰσότητι
1273 1807 1462 1846 χωλευούσας,
1473 1809 1541 1837 κατὰ
1563 1808 1610 1837 τὸν
1641 1810 1780 1846 μέλλοντα
1803 1810 1890 1839 αἲῶνα

1064 1852 1123 1883 ἴσας
1145 1853 1213 1880 κατὰ
1237 1853 1323 1880 πάντα
1350 1851 1384 1880 δι’
1399 1854 1497 1891 ἀρετῆς
1519 1856 1579 1885 τοῖς
1605 1854 1738 1892 ἄγγελοι(
1763 1855 1889 1892 γεγονόσι

1063 1897 1108 1925 καὶ
1132 1896 1213 1927 αὐτὰς
1236 1897 1386 1934 εὑρεθῆναι.
1413 1897 1445 1926 El
1468 1898 1519 1936 γὰρ
1544 1898 1587 1926 ὅτι
1611 1898 1751 1936 ἰσάγγελοι
1777 1899 1889 1928 ἀποδεί-

1062 1952 1192 1976 κνυνται,
1215 1939 1277 1969 οὔτε
1299 1944 1432 1978 γαμοῦσιν
1462 1941 1524 1970 οὔτε
1551 1943 1736 1980 γαμίζονται,
1766 1944 1794 1971 αἱ
1823 1943 1892 1971 κατὰ

1061 1986 1109 2014 τὸν
1124 1985 1245 2024 παρόντα
1273 1986 1332 2024 βίον
1356 1989 1437 2014 τοῦτο
1461 1985 1496 2014 δι’
1511 1987 1652 2022 ἀσκήσεως
1673 1988 1890 2025 κατορθώσασαι,

1062 2030 1181 2062 ἐντεῦθεν
1206 2029 1260 2065 ἤδη
1289 2029 1448 2069 ἰσαγγέλους
1472 2031 1569 2062 ἑαυτὰς
1590 2035 1648 2062 τοῖς
1674 2034 1753 2059 πᾶσιν
1784 2032 1890 2061 ἀπέδει-

1063 2076 1118 2112 ξαψ
1135 2075 1183 2107 τὰς
1208 2075 1254 2112 μὶν
1278 2075 1326 2102 τοῦ
1351 2074 1451 2110 θήλεός
1480 2086 1510 2103 τε
1537 2076 1582 2103 καὶ
1604 2076 1717 2115 ἄῤῥενος
1740 2077 1810 2114 ⁴πρὸς
1845 2078 1891 2108 τὰς

1065 2120 1160 2157 μίξεις,
1189 2120 1272 2158 φημὶ,
1301 2122 1355 2147 τῶν
1392 2120 1528 2156 σωμάτων
1562 2119 1701 2156 ἰδιότητας
1729 2120 1765 2149 δι’
1793 2123 1890 2159 ἀρετῆς

1064 2164 1251 2200 ικτιμνουσαι,
1268 2167 1385 2202 γυμναῖς
1416 2163 1445 2192 δὶ
1468 2167 1571 2202 ψυχαῖς
1595 2165 1664 2193 κατὰ
1684 2167 1735 2203 γῆν
1758 2169 1818 2198 τοῖς
1846 2168 1890 2194 ἀν-

1064 2209 1184 2247 θρώποις
1210 2211 1339 2243 συζῶσαι.
1357 2209 1389 2238 El.
1417 2208 1446 2236 δὲ
1474 2208 1538 2238 οὔτε
1562 2209 1631 2248 πρὸς
1654 2210 1687 2237 τὸ
1710 2209 1803 2248 app“,
1829 2209 1890 2239 οὔτε

1062 2254 1131 2289 πρὸς
1149 2254 1180 2280 τὸ
1207 2254 1279 2288 θῆλυ
1301 2254 1370 2282 κατὰ
1394 2255 1443 2288 τὴν
1469 2255 1640 2290 συναίσθησιν
1663 2258 1715 2290 τῆς
1739 2254 1766 2282 ἄν
1792 2256 1815 2292 ᾧ
1837 2256 1890 2283 tm

1064 2298 1192 2335 σώματος
1216 2296 1319 2333 ἡδονῆς
1344 2300 1361 2333 ἡ
1388 2299 1464 2336 ψυχὴ
1491 2299 1559 2336 πρὸς
1581 2299 1615 2326 τὰ
1635 2300 1708 2335 πάθη
1728 2302 1890 2339 μορφοῦται,

1064 2343 1113 2370 οὐχ
1140 2340 1178 2370 ἔνι
1205 2341 1284 2380 ἅῤῥεν
1314 2343 1360 2370 χαὶ
1388 2342 1469 2377 θῆλυ,
1487 2343 1537 2371 οὐκ
1561 2342 1600 2371 tu
1625 2343 1711 2376 πάθος
1725 2345 1771 2372 καὶ
1790 2343 1889 2380 ἡδονή·

1064 2387 1136 2415 ἀλλὰ
1150 2387 1237 2414 πάντα
1252 2387 1296 2414 καὶ
1323 2387 1349 2414 ἰν
1370 2390 1435 2414 πᾶσι
1457 2388 1583 2426 Χριστὸς,
1606 2388 1818 2426 νενεκρωμὲνων
1843 2389 1889 2426 μὶν

1061 2434 1116 2460 τῶν
1148 2432 1281 2468 σωμάτων
1309 2430 1354 2459 διὰ
1380 2435 1431 2466 τῆς
1459 2433 1636 2471 ἁνενεργήτου
1666 2433 1735 2470 πρὸς
1764 2433 1798 2461 τὰ
1820 2432 1890 2460 i821!»-

1065 2486 1136 2514 ματα
1150 2478 1198 2504 τοῦ
1221 2486 1251 2514 τι
1272 2475 1384 2514 ἅῤῥενος
1406 2478 1451 2503 καί
1475 2479 1524 2504 τοῦ
1553 2476 1652 2512 θήλεος
1677 2476 1791 2513 ἡδονῆς,
1807 2478 1890 2514 μόνης

1064 2520 1093 2549 δὶ
1119 2524 1169 2555 τῆς
1198 2513 1294 2558 ψυχῆς
1319 2520 1346 2548 ἂν
1374 2521 1509 2559 ἀφθαρσίᾳ
1535 2520 1572 2549 δι’
1585 2522 1683 2559 ἀρετῆς
1712 2513 1840 2558 συζώστκ
1865 2521 1888 2550 ἐν

1062 2565 1182 2596 τούτοις.

1067 2634 1089 2652 ⁸⁸
1102 2633 1204 2662 Matth.
1220 2642 1290 2669 xm,
1305 2633 1349 2662 30.
1388 2633 1410 2652 “
1425 2633 1489 2662 Gal.
1506 2643 1548 2670 lu,
1563 2635 1608 2662 28.

1098 2701 1136 2736 (4)
1151 2699 1325 2738 ξΑφθάρτοις.
1342 2700 1390 2738 Sic
1405 2701 1496 2738 editio
1520 2701 1630 2729 Veneta
1656 2708 1724 2729 cum
1750 2700 1887 2729 omnibus

1063 2735 1135 2777 mis.-
1151 2735 1338 2777 Eaiisjensis.
1355 2735 1522 2777 εὐφθάρτρεςς
1738 2773 1744 2777 .

1061 2808 1082 2838 v
1097 2771 1210 2837 (ﬁgat.
1224 2771 1419 2810 Gonjunction
1439 2771 1543 2802 addita
1568 2780 1602 2802 ex
1628 2780 1701 2801 mss.
1718 2773 1747 2801 et
1761 2771 1886 2800 editione

1085 2817 1138 2838 ene
1171 2829 1178 2836 .
