2010 3145
175 163 233 194 ’175

648 156 846 188 APPENDIX
868 154 1033 188 OPERUM
1054 157 1088 187 8.
1111 157 1256 190 BASILII
1281 158 1421 191 MAGNI.

1822 160 1881 190 ¹1¹Ιϐ

173 230 275 258 denter
288 227 318 255 in
332 234 363 255 se
378 225 570 262 exstinguens
593 223 731 261 lacrymis
746 225 774 252 et
795 230 997 259 compescens,

1055 220 1205 258 δεξιώσεως
1230 224 1262 252 τὸ
1291 223 1470 265 φιλάδελφον.
1501 225 1575 254 Ἐπεὶ
1603 225 1681 260 καὶή
1710 225 1804 263 Μαρία
1817 226 1880 257 τοὺς

173 281 271 302 amore
286 273 383 300 autem
400 271 429 298 in
445 270 602 298 Dominum
619 272 648 297 et
662 269 772 297 sanctis
788 267 895 297 osculis
910 268 999 304 spiri-

171 321 234 346 tum
251 317 280 345 in
299 317 398 345 anima
421 315 582 352 prudenter
607 314 779 342 accendens.
795 313 918 341 Vivebat
942 311 998 348 igi-

169 366 218 390 tur
233 362 381 399 spiritu,et
396 360 501 396 spiritu
518 359 674 387 ambulans
689 359 712 376 ⁶³
723 362 748 386 el
763 358 840 386 circa
855 364 997 393 sponsum

170 407 270 435 omnia.
284 414 335 442 pro
350 405 477 442 peccatis
492 404 557 432 suis
577 404 736 440 prudenter
751 410 865 439 gerens.
882 401 998 429 Mortua

170 454 267 480 autem
292 452 353 478 erat
364 451 494 486 peccato,
508 456 576 476 cum
591 447 682 476 maris
704 449 732 475 et
755 447 870 475 feminae
885 446 997 482 cogita-

167 497 276 524 tionem
294 495 324 523 in
349 496 427 523 tactu
455 493 562 530 pedum
579 494 607 520 et
630 491 741 520 osculis
758 493 837 519 metu
863 490 998 526 perculsa

169 540 350 570 sustulisset.

1054 267 1139 299 πόδας
1153 270 1232 296 τοῦτο
1250 270 1349 307 Κυρίου
1372 269 1501 309 φιλοῦσα,
1515 270 1569 308 οὐχ
1596 271 1634 302 ὦς
1661 269 1756 307 ἀνδρὸς
1784 267 1880 306 πόδας,

1053 310 1116 339 ἀλλ’
1140 311 1177 343 ὡς
1203 313 1304 350 Κυρίου
1326 311 1425 354 ἔφίλει·
1451 317 1508 346 τοῖς
1534 315 1582 351 μὲν
1607 313 1717 352 δάκρυσι
1747 315 1797 349 τὴν
1829 325 1879 342 πα-

1053 355 1192 392 λαιὰντῆς
1204 361 1337 396 πυρκαϊᾶς
1363 357 1466 394 ἡδονὴν
1491 359 1517 387 ἐν
1541 359 1608 396 αὐτῇ
1631 359 1772 398 φρονίμως
1799 369 1880 386 κατα-

1053 397 1217 429 σϐεννύουσά
1254 413 1283 430 τι
1322 404 1365 431 καὶ
1406 403 1584 441 μαραίνουσα,
1619 406 1653 440 τῇ
1683 403 1711 431 δὶ
1740 403 1804 442 πιρὶ
1834 404 1880 431 τὸν

1052 444 1150 483 Κύριον
1167 445 1282 475 διαθέσει
1312 447 1357 475 καὶ
1385 451 1443 480 τοῖς
1469 448 1554 486 ἁγίοις
1585 448 1722 488 φιλήμασι
1742 448 1773 476 τὸ
1803 448 1830 475 ἰν
1847 451 1880 485 τῇ

1052 491 1128 528 ψυχῇ
1158 493 1263 528 πνεῦμα
1292 492 1432 532 φρονίμως
1462 493 1624 521 ἀνάπτουσαι.
1654 494 1721 528 Ἔζη
1754 493 1802 529 μὲν
1834 493 1880 521 οὖν

1051 535 1196 572 πνεύματι,
1235 537 1280 564 καὶ
1315 538 1447 575 πνεύματι
1478 540 1636 576 στοιχοῦσα,
1666 538 1711 565 καὶ
1741 538 1804 575 περί
1833 538 1879 565 τὸν

167 584 282 624 νυμφίον
313 584 416 611 ἅπαντα
447 582 512 619 ὑπὲρ
541 583 594 608 τῶν
626 581 723 624 ἑαυτῆς
752 581 891 617 ἁμαρτιῶν
922 577 989 615 μετὰ
1017 579 1148 612 συνέσεως
1174 581 1339 619 πράττουσα.
1365 583 1453 621 Νικρὰ
1490 580 1518 610 δὶ
1547 584 1579 617 ἧν
1613 584 1647 619 τῇ
1678 582 1799 621 ἁμαρτίᾳ
1829 583 1880 617 τήν

168 622 343 664 νοῦ-θήλεός
370 638 400 655 τε
422 627 466 654 καὶ
493 625 605 664 apem;
637 622 739 653 ἔννοιαν
778 624 820 652 ἐπὶ
858 627 910 658 τῆς
949 624 1019 662 ἁφῆς
1054 626 1108 652 τῶν
1142 624 1242 662 ,ποδῶν
1271 626 1315 654 καὶ
1341 629 1395 655 τῶν
1422 625 1588 666 φιλημάτων
1615 625 1746 666 ἐμφόεως
1774 628 1880 666 νίκρώ-

169 684 248 748 mg;
263 719 377 753 Tangat
390 725 458 753 ergo
475 724 539 752 quae
555 715 624 744 talis
636 717 691 748 est,
709 716 739 742 et
754 721 824 751 erga
840 713 996 742 Dominum

167 765 345 801 prmoeptum
383 761 516 797 impleat.
544 760 718 795 Ubicunque
753 761 852 787 autem
881 759 995 793 tangat,

165 808 254 838 etiam
271 816 334 844 quas
348 806 415 834 talis
431 808 486 839 est,
503 805 662 841 prudenter
679 803 789 840 vigilet,
807 811 843 831 ne
858 803 931 830 forte
947 811 996 830 as-

165 853 250 881 siduo
275 853 410 880 contactu
428 849 568 886 paulatim
593 849 729 885 voluptas
753 856 788 876 ex
810 847 949 875 carnibus
965 847 994 874 in

165 898 261 935 ipsam
286 896 360 924 clam
387 895 550 930 subrepat:
577 894 662 930 eique
678 901 732 921 usu
756 892 896 925 inveniat,
914 891 996 919 illius

164 950 277 970 veneno
293 949 408 974 morsa,
425 939 502 975 quod
519 939 596 967 absit
610 938 616 966 l
634 938 730 966 dicere
748 946 754 965 :
782 936 925 964 Veniente
940 944 994 964 au-

165 990 224 1015 tem
250 985 400 1021 voluptate
429 986 581 1020 peccatum
610 982 714 1010 revixit
735 982 782 1009 ἰτ
812 989 865 1017 ego
894 983 993 1008 autem

1085 715 1130 743 53.
1159 714 1298 743 ’Δπτέσθω
1328 716 1384 751 οὖν,
1407 716 1491 754 φημὶ,
1516 717 1533 751 ἡ
1560 715 1674 749 τοιαύτη
1704 715 1731 743 εἶ’
1751 715 1794 747 τίς
1825 716 1879 743 πού

1051 758 1107 786 ἐστι
1130 760 1174 787 καὶ
1196 760 1320 795 τοιαύτη,
1345 760 1389 788 καὶ
1415 761 1463 795 τὴν
1494 760 1563 799 πρὸς
1578 761 1626 788 τὸκ
1647 760 1744 799 Κύριον
1761 759 1878 795 ἐντολὴν

1051 803 1242 842 ἔκπληρούτω.
1268 805 1423 842 Ἀπτομένη
1441 804 1470 833 δὶ
1483 805 1650 843 ἁπανταχοῦ,
1667 805 1712 833 καὶ
1728 807 1746 840 ὴ
1761 806 1876 840 τοιαύτη

1051 849 1192 887 φρονίμως
1217 851 1334 889 νηφὲτω,
1354 851 1461 887 μήποτε
1489 850 1629 887 ἁπτομένη
1659 852 1782 888 συνιχῶς
1808 851 1878 878 κατὰ

1052 893 1141 932 βραχὺ
1164 893 1231 932 ἔρψῃ
1259 895 1288 922 ἐκ
1317 897 1421 932 σαρκῶν
1445 894 1483 926 εἰς
1513 895 1596 930 αὐτὴν
1623 894 1761 932 λαθραίως
1776 894 1876 930 ἡδονὴ,

1048 938 1093 965 καὶ
1105 936 1196 976 συμϐῇ
1224 939 1292 976 αὐτῇ
1320 939 1371 967 ὑπὸ
1398 942 1446 967 τοῦ
1470 939 1512 967 toﬁ
1540 939 1637 972 ταύτης
1668 938 1829 978 δηχθεῖσαν,
1860 938 1876 967 δ

1050 983 1088 1018 μὴ
1116 982 1243 1021 γένοιτοί
1273 983 1372 1022 Λέγεινί
1403 983 1552 1018 Ἐλθούσης
1586 982 1615 1011 δὶ
1643 987 1693 1019 τῆς
1719 982 1822 1019 ἡδονῆς
1855 985 1873 1018 ἡ

165 1033 282 1059 mortua
304 1037 371 1058 sum
387 1029 419 1062 ⁸⁵,
435 1030 461 1056 et
479 1029 655 1064 praeceptum
671 1026 836 1061 charitatis,
854 1025 931 1061 quod
948 1027 994 1053 est

1048 1026 1166 1065 ἁμαρτία
1206 1028 1342 1063 ἀνέζησεν·
1382 1028 1435 1067 ἰγὼ
1472 1027 1501 1056 δὶ
1534 1028 1675 1064 ἀπέθανον,
1699 1029 1745 1056 καὶ
1776 1029 1872 1065 εὑρέθη

164 1077 200 1104 ad
217 1076 318 1107 vitam,
342 1074 439 1110 ipsum
456 1072 529 1100 mihi
555 1072 706 1100 inventum
731 1073 776 1099 est
796 1071 831 1098 ad
858 1072 992 1098 mortem.

164 1121 237 1148 Nam
263 1120 287 1147 si
310 1118 367 1155 ipsi
392 1117 487 1153 angeli
513 1117 632 1152 cadunt,
649 1117 699 1152 qui
724 1115 850 1151 aequales
879 1114 992 1151 angelis

164 1167 244 1200 sunt,
260 1164 376 1200 lapsum
406 1162 498 1190 multo
529 1161 623 1198 magis
654 1162 782 1189 metuere
812 1160 932 1192 debent,
956 1167 992 1187 ne

164 1210 237 1237 forte
252 1211 408 1245 postquam
432 1206 558 1243 aequales
585 1205 698 1242 angelis
718 1205 896 1241 virginitatis
911 1213 991 1232 exer-

164 1253 302 1282 citatione
332 1251 450 1284 fuerint,
476 1251 608 1278 videntes
637 1250 713 1277 ﬁlias
742 1249 896 1276 hominum
927 1248 991 1284 pul-

163 1299 250 1327 chras
265 1305 327 1326 esse
342 1297 374 1332 ³⁸,
391 1297 427 1324 ad
453 1304 502 1324 eas
527 1303 578 1331 per
601 1294 698 1323 carnis
722 1293 886 1329 voluptates
911 1292 991 1320 dela-

163 1343 282 1376 bantur,
300 1341 402 1377 eisque
427 1340 542 1368 dicatur
558 1348 564 1367 :
582 1339 636 1374 Ego
650 1339 713 1366 dixi
728 1347 737 1366 :
753 1339 798 1366 Dii
813 1339 876 1365 estis
896 1339 920 1366 et
936 1338 992 1372 ﬁlii

162 1387 275 1415 Επειςὶ
289 1386 444 1414 omnes.Vos
459 1386 550 1412 autem
563 1384 598 1411 ad
614 1391 648 1411 ea
663 1391 726 1418 quae
743 1382 840 1410 carnis
856 1384 926 1410 sunt
941 1382 990 1410 de-

163 1431 249 1468 lapsi,
264 1432 335 1458 sicul
350 1430 474 1458 homines
491 1428 634 1456 morimini
646 1431 673 1455 et
687 1428 759 1455 sicut
773 1435 845 1454 unus
860 1427 896 1454 de
910 1427 989 1462 prin-

163 1477 270 1512 cipibus
285 1475 386 1502 vaditis
401 1474 532 1505 “.Quare
548 1472 640 1500 multo
655 1471 826 1508 praeclarius
842 1473 886 1499 est
899 1471 991 1507 virgi-

165 1529 231 1548 nem
248 1528 307 1547 suaa
322 1519 418 1555 ipsius
434 1517 582 1546 securitati
598 1517 797 1553 providentem
821 1518 849 1544 et
864 1515 988 1544 aliorum

164 1556 378 1593 oll‘endiculum
390 1562 686 1598 caventem,undique
701 1561 737 1589 ab
752 1561 832 1589 omni
848 1569 990 1589 commer-

164 1609 208 1637 cio
225 1608 384 1644 prudenter
407 1607 572 1643 sejunctam
595 1614 658 1634 esse
675 1614 682 1633 :
698 1605 740 1633 ita
755 1607 787 1633 ut
810 1605 893 1633 malit
909 1606 989 1633 inur-

163 1653 304 1682 banitatis
327 1651 571 1688 reprehensiones
596 1651 751 1684 sustinere,
769 1658 857 1685 quam
881 1650 918 1677 ad
942 1658 990 1677 vo-

164 1698 308 1734 luptatem
330 1698 381 1724 aut
405 1696 572 1732 aliquorum
599 1695 742 1722 damnum
768 1693 898 1722 abstrahi
918 1706 925 1729 ς
956 1702 989 1722 ac

1050 1082 1097 1108 μοι
1121 1073 1138 1107 ἡ
1167 1071 1265 1107 ἐντςλή
1281 1076 1330 1107 τῆς
1347 1073 1466 1110 ἀγάπης,
1487 1075 1504 1108 ἡ
1531 1073 1568 1105 είς
1587 1074 1670 1108 ζωὴν,
1686 1073 1753 1108 αὕτη
1770 1073 1810 1105 εἷς
1824 1074 1874 1105 θά-

1046 1127 1137 1144 νατον.
1169 1116 1197 1144 ΕΙ
1227 1118 1278 1155 γὰρ
1306 1117 1351 1145 καὶ
1380 1118 1405 1145 οἱ
1434 1116 1548 1155 ἄγγελοι
1587 1117 1812 1152 καταπίπτουσιν,
1847 1119 1874 1145 οἱ

1048 1160 1186 1199 ἰσάγγελοι
1215 1162 1246 1189 τὸ
1273 1164 1374 1199 πτῶμα
1386 1161 1486 1199 πολλῷ
1514 1162 1620 1200 μᾶλλον
1641 1160 1781 1201 φοϐεῖσθαι
1799 1162 1874 1202 ὀφεί-

1047 1204 1137 1240 λουσι,
1170 1207 1276 1243 μήποτι
1300 1207 1367 1234 κατά
1391 1207 1421 1234 τὸ
1438 1206 1599 1245 ῐσαγγὶλους
1630 1206 1726 1238 αὐτοὺς
1742 1207 1777 1245 τῇ
1791 1207 1875 1243 ἀσκή-

1047 1260 1087 1277 σει
1111 1251 1160 1285 τῆς
1183 1250 1328 1288 παρθενίας
1356 1250 1487 1289 γενέσθαι,
1517 1250 1621 1282 ἰδόντες
1649 1252 1697 1282 τὰς
1726 1251 1875 1290 θυγατέρας

1044 1296 1098 1322 τῶν
1116 1295 1264 1333 ἅνθρώπων
1294 1295 1335 1323 ὅτι
1360 1295 1453 1332 καλαὶ,
1476 1295 1543 1334 πρὸς
1555 1295 1637 1326 αὐτὰς
1661 1294 1706 1323 διὰ
1727 1298 1782 1324 τῶν
1808 1306 1873 1333 σαρο

1044 1339 1091 1370 κὸς
1104 1338 1211 1374 ἡδονῶν
1245 1338 1395 1374 καταϐῶσι,
1425 1340 1469 1368 καὶ
1492 1340 1563 1378 ρηθῇ
1592 1341 1692 1372 αὺτοῖς·
1708 1341 1782 1377 Ἐγὼ
1799 1340 1871 1368 εἶπα·

1044 1384 1105 1412 Θεοί
1137 1383 1195 1412 ἐστι
1232 1384 1277 1412 καὶ
1315 1385 1370 1412 υἱοὶ
1412 1384 1537 1422 Ὑψίστου
1578 1385 1685 1416 πάντες.
1723 1386 1814 1421 Ὑμεῖς
1845 1384 1874 1412 δὶ

1044 1427 1087 1456 ἐπῗ
1114 1429 1148 1456 τὰ
1176 1430 1273 1467 σαρκὸς
1302 1428 1358 1457 ξ’δια
1383 1428 1466 1457 πάλιν
1497 1429 1738 1466 ὑπολισθήσαντις,
1760 1430 1799 1460 ὡς
1829 1428 1874 1457 ἄν.

1045 1479 1150 1511 θρωποι
1193 1475 1384 1510 ἁποθνήσκετε,
1424 1475 1469 1502 καὶ
1506 1475 1544 1505 ὡς
1578 1474 1614 1506 ε’ίς
1649 1476 1702 1502 τῶν
1728 1474 1872 1513 ἀρχόντων

1044 1517 1164 1546 πίπτετε.
1205 1520 1286 1546 Ὥστε
1322 1519 1422 1555 πολλῷ
1456 1518 1572 1547 κάλλιον
1599 1520 1649 1554 τήν
1680 1519 1814 1558 παρθένον
1842 1519 1874 1547 τὸ

1044 1563 1162 1601 ἁσφαλὶς
1187 1563 1268 1601 ἑαυτῇ
1295 1563 1342 1591 καὶ
1364 1563 1536 1601 ἀπρόσκοπον
1561 1566 1614 1591 τῶν
1643 1563 1770 1602 ὁρώντων
1801 1574 1871 1602 πρα-

1042 1607 1258 1645 γματευομένην,
1298 1608 1466 1646 πανταχόθεν
1505 1607 1679 1644 ἀνεπίμικτον
1713 1609 1790 1636 εἶναι’
1828 1609 1871 1636 αἱ·

1044 1653 1180 1690 ρουμὲνην
1194 1652 1242 1683 τὰς
1256 1652 1300 1679 ⁷ίπὶ
1323 1655 1364 1688 τῷ
1392 1651 1490 1689 ἁδεξίῳ
1521 1651 1637 1689 μέμψεις
1668 1652 1821 1691 βαστάζειν,
1853 1654 1871 1688 ἢ

1043 1697 1112 1734 πρὸς
1140 1696 1244 1732 ἡδονὴν
1270 1696 1315 1724 καὶ
1333 1694 1439 1734 βλάϐην
1454 1699 1534 1724 τινῶν
1566 1696 1756 1735 ὖποσύρεσθαυ
1784 1698 1872 1725 πάντα

164 1726 268 1770 enitere
282 1741 400 1777 quidem
416 1726 514 1768 omnia
530 1739 683 1775 despiciat,
699 1739 796 1767 solum
821 1726 924 1766 autem?
935 1741 988 1766 Do-

1047 1726 1257 1778 “ivv‘ti'lot‘lti
1285 1726 1458 1780 παρορῶσαν,
1490 1742 1564 1778 μόνῳ
1594 1740 1622 1769 δὲ
1647 1726 1687 1778 τῷ
1710 1742 1807 1779 Κυρίῳ
1836 1740 1870 1769 δι’

163 1787 276 1815 minum
293 1793 410 1822 semper
425 1785 617 1818 intueatur,et
633 1783 745 1819 angelis
757 1783 990 1819 mqualemﬁnter

161 1831 277 1859 feminae
306 1833 334 1858 et
363 1829 487 1858 masculi
515 1828 699 1862 discrimina,
717 1827 894 1864 integritatis
925 1828 988 1864 pul-

163 1876 374 1909 chritudinem,
404 1883 421 1902 a
445 1873 582 1910 praesenti
607 1873 666 1901 vita
700 1873 734 1900 ad
760 1872 989 1908 regenerationis

162 1928 266 1955 sevum,
283 1919 490 1947 intaminatam
505 1919 569 1954 jam
595 1926 674 1945 nunc
700 1917 844 1945 ostendat.
861 1917 989 1953 Virgini-

162 1967 207 1992 tas
221 1964 299 1992 enim
315 1964 404 1992 vitam
429 1965 559 1991 nostram
577 1963 612 1990 de
636 1962 823 1998 corruptione
844 1961 879 1989 ad
896 1961 989 1989 incor-

163 2009 329 2045 ruptionem
347 2007 469 2044 colligit.

196 2055 241 2082 53.
258 2053 347 2081 Primi
362 2052 440 2080 enim
457 2051 592 2080 homines
609 2059 642 2078 ex
665 2051 772 2086 parvis,
788 2053 821 2078 ut
843 2050 913 2085 dixi,
943 2059 988 2079 se-

162 2099 291 2127 minibus
307 2107 358 2134 per
373 2099 492 2125 mutuas
504 2096 623 2132 nuptias
645 2097 735 2124 totam
749 2095 918 2123 hominibus
934 2098 989 2124 ter-

161 2153 224 2171 rnm
249 2143 444 2178 repleverunt.
463 2141 624 2176 Virginitas
639 2142 736 2168 autem
754 2148 787 2168 ea
803 2148 866 2175 quae
883 2140 912 2167 in
928 2143 988 2168 toto

161 2189 229 2216 orbe
245 2196 296 2223 per
311 2186 469 2222 voluptatis
489 2186 607 2222 nuptias
621 2187 685 2213 sata
695 2185 785 2218 fuere,
802 2184 832 2212 in
849 2184 987 2213 cwlorum

161 2233 265 2260 horrea
276 2231 399 2267 colligit.
417 2231 497 2258 Hanc
520 2230 597 2258 enim
609 2238 789 2265 eorum,qua3
802 2230 838 2257 ad
855 2229 986 2258 incorru-

160 2277 290 2313 ptionem
307 2277 372 2302 sata
387 2277 467 2309 sunt,
478 2274 680 2302 collectionem
695 2274 831 2302 indicans
845 2274 988 2303 Dominus

160 2321 294 2349 dicebat:
309 2320 403 2347 Levale
421 2319 514 2347 oculos
529 2323 628 2347 vestros
642 2323 667 2346 ιι
683 2318 771 2347 videte
786 2319 912 2354 regiones
922 2320 988 2355 quia

156 2366 217 2402 jam
232 2364 305 2393 albae
319 2365 381 2391 sunt
405 2363 439 2391 ad
454 2371 567 2391 messem
580 2363 612 2390 ⁵⁸.
629 2363 701 2391 Nam
717 2371 785 2391 cum
806 2366 884 2391 terra
905 2364 988 2400 prius

1045 1785 1111 1814 ὅλου
1144 1783 1343 1822 ἄμϐλὲπουσαν·
1374 1786 1418 1813 καὶ
1446 1786 1478 1814 τὸ
1506 1785 1536 1814 ἐκ
1562 1788 1610 1813 τοῦ
1639 1786 1739 1821 Θήλιός
1767 1796 1798 1814 τι
1825 1786 1871 1813 καὶ

1044 1829 1155 1869 ἄρρενος
1189 1830 1332 1868 ἷσάγγελον
1361 1835 1411 1865 τῆς
1440 1830 1571 1868 ἀφθορίας
1598 1830 1700 1862 κάλλος
1731 1831 1784 1858 ἀπὸ
1812 1832 1870 1866 (10)

1043 1874 1090 1903 τοῦ
1114 1875 1248 1913 παρόντος
1278 1874 1339 1914 βίου
1368 1875 1405 1906 sic
1435 1875 1480 1903 τὸν
1496 1879 1546 1910 τῆς
1563 1875 1769 1913 παλιγγῑνισίας
1786 1875 1872 1902 αἰῶνα

1043 1919 1178 1959 ἄχραντον
1199 1919 1317 1948 ἐντεῦσεν
1334 1919 1388 1955 ἤδη
1406 1918 1556 1948 δεικνῦσαν.
1579 1919 1692 1958 Συνάγει
1720 1920 1770 1958 γὰρ
1788 1921 1868 1957 ἡμῶν

1044 1964 1074 1993 ia
1087 1968 1138 2000 τῆς
1168 1965 1269 2004 φθορᾶς
1295 1964 1332 1996 εἷς
1359 1965 1409 1999 τήν
1439 1964 1588 2003 ἀφθαρσίαν
1616 1965 1633 2000 ἡ
1663 1965 1797 2002 παρθενία
1823 1964 1868 1991 τὸν

1045 2009 1116 2047 βίον.

1077 2055 1123 2083 54,
1153 2054 1186 2083 Οἱ
1215 2053 1265 2091 γὰρ
1296 2055 1398 2091 πρῶτοι
1414 2054 1439 2089 ἑξ
1457 2051 1570 2091 ὀλίγων,
1599 2053 1664 2091 ὅπερ
1693 2052 1772 2089 ἔφην,
1789 2063 1868 2090 σπερ-

1045 2098 1136 2135 μάτων
1162 2101 1220 2128 τοῖς
1250 2097 1292 2125 ἐπ’
1318 2096 1456 2133 ἀλλήλοις
1470 2097 1570 2135 γάμοις
1584 2098 1633 2132 τήν
1648 2101 1699 2136 γῆν
1728 2098 1870 2136 ἀνθρωπό-

1041 2153 1123 2178 τητος
1139 2142 1207 2178 ὅλην
1231 2142 1420 2179 κατέσπειραν.
1436 2144 1464 2170 Ἡ
1491 2141 1519 2169 δὶ
1546 2143 1579 2169 τὰ
1607 2142 1674 2170 κατὰ
1702 2145 1801 2170 πᾶσαν·
1816 2146 1870 2180 γῆν

1044 2185 1088 2214 διὰ
1099 2189 1148 2220 τῆς
1175 2189 1228 2215 τῶν
1252 2187 1346 2224 γάμων
1373 2185 1476 2222 ἡδονῆς
1506 2186 1660 2224 ἐσπαρμένα
1688 2187 1727 2219 εἰς
1755 2187 1789 2214 τὰ
1816 2189 1869 2214 τῶν

1043 2231 1164 2269 οὐρανῶν
1205 2232 1345 2267 ἀποθήκας
1371 2231 1488 2269 συνάγει.
1519 2231 1626 2267 Ταύτην
1657 2232 1709 2270 γὰρ
1737 2232 1787 2266 τὴν
1816 2234 1871 2259 τῶν

1043 2276 1217 2314 ὖσπαρμένων
1248 2275 1286 2306 είς
1315 2276 1463 2314 ἀφθαρσίαν
1492 2276 1651 2313 συναγωγὴν
1680 2276 1870 2313 αἰνιττόμενος

1041 2322 1055 2349 ὁ
1084 2321 1185 2359 Κύριος
1216 2319 1318 2359 ἔλεγεν·
1344 2320 1477 2358 Ἐπάρατε
1503 2321 1569 2352 τοὺς
1597 2320 1760 2360 ἀφθαλμοὺς
1791 2321 1869 2358 ὑμῶν

1041 2366 1085 2394 καὶ
1118 2364 1201 2399 ἴδετε,
1246 2366 1287 2392 δσι
1327 2363 1381 2400 ἤδη
1421 2366 1448 2392 αἱ
1479 2367 1568 2403 χῶραι
1598 2364 1692 2393 λευκαί
1717 2365 1769 2393 εἱσι
1800 2366 1869 2402 πρὸς

159 2409 264 2438 incolis
291 2416 405 2444 carens,
422 2408 555 2436 habitata
578 2408 715 2444 deinceps
740 2407 857 2441 fuisset,
883 2408 985 2437 videns

1047 2410 1177 2448 δερισμόν.
1212 2410 1334 2445 Ἀπάσης
1358 2410 1409 2448 γὰρ
1437 2412 1487 2443 τῆς
1515 2410 1578 2447 πρὶν
1609 2411 1750 2445 ἀοικήτου,
1780 2410 1872 2438 cimu-

160 2454 302 2483 Dominus
318 2457 417 2481 noster
432 2453 589 2490 plurimam
603 2453 662 2488 jam
678 2460 742 2480 esse
757 2452 912 2480 hominum
926 2453 985 2489 spi-

159 2508 224 2529 cam
240 2507 272 2527 ae
287 2498 397 2527 fetibus
413 2498 443 2526 in
459 2498 539 2526 omni
562 2497 679 2534 regione
700 2497 862 2534 gravidam,
879 2497 984 2526 harum

159 2545 309 2582 spicarum
324 2542 625 2580 colligendarumjam
635 2544 753 2578 tempus
764 2549 829 2570 esse
843 2542 982 2571 decernit.

158 2592 253 2624 Quare
267 2589 431 2626 virginitas,
447 2597 514 2617 cum
542 2588 704 2616 secundum
720 2588 855 2615 naturam
875 2587 983 2624 perspi-

158 2635 225 2670 ciat,
238 2634 490 2671 quemadmodum
499 2633 534 2660 ad
545 2633 718 2669 prementem
729 2631 819 2659 vitam
834 2631 983 2660 ferendam

158 2679 352 2708 humanitatis
368 2678 481 2707 semina
497 2685 548 2714 per
563 2677 735 2714 nuptiarum
749 2675 927 2712 voluptatem
940 2678 985 2713 ja-

1043 2455 1123 2492 μὲνης
1140 2453 1236 2482 λοιπὸν
1266 2455 1418 2492 γενομένης
1445 2453 1534 2482 πολὺν
1553 2453 1607 2490 ἤδη
1636 2455 1680 2482 τὸν
1693 2457 1748 2482 τῶν
1766 2455 1869 2492 ἀνθρώ-

1041 2510 1098 2527 πων
1129 2499 1229 2537 στάχυν
1259 2500 1309 2527 mi»
1331 2499 1460 2538 βρίθοντα
1487 2502 1546 2532 τοῖς
1567 2499 1688 2538 ἐκγόνοις
1717 2500 1787 2527 κατὰ
1816 2503 1867 2527 πᾶν

1040 2544 1128 2581 κλίμα
1161 2545 1174 2572 ὁ
1205 2544 1302 2582 Κύριος
1330 2546 1411 2581 ἡμῶν
1441 2543 1532 2578 ιίδὼς,
1561 2547 1722 2583 συναγωγῆς
1736 2546 1790 2572 τῶν
1806 2554 1868 2572 στα-

1040 2587 1115 2626 χύων
1144 2588 1247 2616 τούτων
1273 2589 1366 2627 καιρὸν
1390 2589 1455 2616 εἶναι
1473 2588 1570 2616 λοιπὸν
1600 2587 1754 2626 δοκιμάζει.
1770 2589 1868 2625 Διόπερ

1039 2634 1056 2668 ἡ
1081 2632 1209 2671 παρθινία
1237 2634 1306 2661 κατὰ
1334 2633 1413 2673 φύσιν
1452 2633 1613 2671 γνωρίσασα,
1637 2633 1678 2661 ὅτι
1709 2633 1802 2671 ὥσπερ
1829 2633 1868 2664 τίς

1039 2679 1096 2713 τῆν’
1117 2680 1165 2706 τοῖ’)
1194 2678 1328 2716 παρόντος
1347 2678 1409 2714 βίου
1436 2678 1536 2716 σπορὰν
1553 2676 1597 2706 διὰ
1623 2681 1674 2713 τῆς
1699 2681 1755 2706 τῶν
1769 2678 1868 2717 γάμων

193 2750 218 2770 ⁵³
231 2751 294 2780 Gal.
312 2759 343 2785 ιι,
359 2751 403 2780 16.
442 2750 465 2769 ¹⁴
479 2751 564 2778 Rom.
578 2757 629 2785 vn,
642 2749 670 2777 9.
708 2749 730 2768 ⁵⁸
745 2749 817 2779 ibid.
834 2749 878 2778 14.
916 2750 938 2768 κ
952 2751 999 2779 Gel

1047 2759 1074 2788 ιι,
1090 2752 1119 2780 2.
1157 2751 1179 2770 ⁵⁷
1195 2749 1271 2780 Psal.
1287 2759 1381 2786 Luxx,
1397 2751 1424 2785 6,
1439 2751 1467 2778 7.
1506 2750 1526 2769 ⁵³
1541 2750 1626 2779 Joan.
1643 2759 1682 2786 Iv,
1696 2751 1742 2779 35.

195 2822 252 2861 (10)
266 2821 345 2852 Ἀπό.
362 2822 409 2851 Sic
424 2831 496 2851 mss.
512 2830 572 2851 sex.
589 2821 678 2859 Editi,
694 2820 755 2850 ὑπό.
