2010 3145
103 186 163 217 ’177

723 191 840 221 LIBER
861 190 913 220 DE
934 190 1200 222 VIRGINITATE.

1758 194 1818 226 778

101 251 205 287 ἡδονῆς
233 254 268 280 τὰ
306 253 446 291 σπέρματα
483 257 534 288 τῆς
576 255 786 293 ἄνθρωποτητος
817 253 915 283 κατεϐά

988 259 1033 285 cta
1048 259 1128 288 sunt.
1144 257 1184 285 ita
1199 258 1234 286 ad
1251 258 1380 286 futuram
1395 258 1485 286 vitam
1496 259 1610 288 semina
1623 260 1687 288 vitae
1703 264 1811 291 nostra

101 295 176 330 λετο,
201 297 274 324 οὕτω
301 298 345 325 καὶ
372 297 411 329 εἷς
434 299 480 326 τὸν
495 298 552 326 ἐκεῖ
568 299 628 337 βίον
655 300 689 327 τὰ
718 299 859 337 σπέρματα
883 303 933 327 τοῦ

103 341 161 379 βίου
177 343 261 378 ἡμῶν
285 340 330 370 διὰ
352 346 402 378 τῆς
427 341 560 381 ἀφθορίας
583 343 701 372 ἐντεῦθεν
725 343 779 380 ἤδη
796 343 932 373 καταϐάλ-

101 385 203 420 λεσθαι,
222 385 368 422 σπουδάζει
393 386 428 414 δι’
453 388 550 423 ἑαυτῆς
572 389 676 425 καθαρὰ
699 390 732 416 τὰ
756 393 804 424 τῆς
829 389 933 428 ἀφθαρ-

103 431 160 462 σίας
187 431 331 468 σπέρματα
355 432 423 469 πρὸς
448 433 494 459 τὸν
520 430 656 470 ἄφθαρτον
683 433 741 471 βίον
765 433 805 470 τῷ
820 437 933 472 γεωργῷ

101 475 267 513 εὐτρεπίζειν
307 477 363 513 (11)
381 485 388 492 ’
425 477 637 515 ἀναχαιτίζουσα
675 477 722 514 μὶν
767 478 932 514 εὐτονωτὲρᾳ

99 524 148 555 τῆς
176 520 328 559 ἀφθαρσίας
354 520 429 560 χειρὶ
458 521 645 560 ἀντιστρόφως
668 523 718 557 τὴν
733 525 787 550 τῶν
811 523 930 558 θηλειῶν

100 565 236 601 σωμάτων
276 565 392 603 φυσικήν
434 566 502 603 πρὸς
542 566 577 593 τὰ
619 565 715 605 ἄρρενα
756 566 929 604 συμπλοκήν·

99 609 196 641 ἅπαθεῖ
225 608 254 637 δὲ
281 607 394 647 δυνάμει
420 609 451 637 τὺ
475 613 534 642 καθ’
559 611 656 646 ἑαυτήν
682 610 785 643 κάλλος
813 614 852 648 τῷ
879 615 930 648 τῆς

98 653 309 693 παλιγγενεσίας
360 653 439 682 αἰῶνι
493 654 683 693 λαμπρότερον
725 657 905 692 ἱτοιμάζουσα
923 678 929 685 .

94 696 253 737 Προέλαϐον
291 700 357 736 γοῦν
395 699 493 737 ἀρετῆς
533 700 728 738 κατορθώματι
756 701 783 728 αἶ
799 701 930 738 παρθένοι

94 744 125 771 τὸ
155 743 262 780 μέλλον
294 743 320 771 ἐν
344 745 378 781 τῇ
404 742 601 782 παλιγγενεσία
625 743 670 772 διὰ
691 748 741 780 τῆς
765 747 820 773 τῶν
836 747 929 783 σωμά-

96 799 148 815 των
176 788 378 824 ἐξαναστάσεως
412 786 570 825 μεταϐολῆς
599 789 694 821 αὐταῖς
724 788 836 827 δυνάμει
864 793 931 818 Θεοῦ

97 833 305 870 κατορθοῦσθαι.
330 833 466 860 Ἐντεῦθεν
490 831 561 868 ἤδη,
592 833 629 864 ὡς
659 834 686 862 οὶ
710 833 842 872 ἄγγελοι,
869 835 931 863 οὕτε

95 879 227 915 γαμοῦσιν
259 875 321 905 οὔτε
344 878 519 916 γαμίζονται,
549 877 623 905 ἀΛλὰ
652 879 698 906 καὶ
722 881 815 917 ψυχῆς
835 880 929 916 ἀρετῇ,

95 921 138 949 καὶ
178 922 308 958 σώματος
344 921 462 960 ἆφθορίᾳ
491 921 633 961 ἰσάγγελοι
663 922 762 952 οὖσαι.
799 923 849 951 Καί
886 923 926 952 δτι

94 967 202 1003 σπέρμα
226 967 275 993 τοῦ
298 965 437 1004 ἀφθάρτου
462 965 524 1004 βίου
549 967 598 1001 τήν
624 967 767 1004 παρθενίαν
784 968 797 995 ὁ
822 968 924 1006 Κύριος

93 1011 175 1047 ἡμῶν
204 1009 236 1038 ἐκ
261 1013 314 1048 γῆς
343 1010 382 1041 είς
410 1009 523 1048 οὐρανὸν
558 1011 718 1049 παραδόξως
747 1013 921 1049 πεμπόμενον

93 1052 234 1091 ἐϐουλήθη
262 1054 395 1092 γενέσθαι,
422 1054 610 1091 ἐμμελετῆσαι
644 1056 677 1083 τὰ
705 1056 820 1093 σώματα
842 1058 923 1093 ἡμῶν

91 1099 120 1127 τὸ
148 1103 200 1134 τῆς
231 1099 362 1138 ἀφθορίας
391 1099 496 1130 κάλλος
533 1098 577 1127 διὰ
613 1104 663 1135 τῆς
690 1103 744 1128 τῶν
782 1101 920 1138 παρθένων

91 1143 224 1183 ἆφθορίας
251 1143 306 1179 ἤδη
337 1143 466 1179 θελήσας,
497 1143 581 1179 δῆλόν
611 1145 681 1172 ἐστιν
716 1145 741 1180 ἐξ
771 1145 807 1172 ὦν
835 1145 922 1173 πάντα

91 1191 129 1224 τῷ
143 1187 224 1225 νόμῳ
240 1189 359 1220 πεισθεὶς
387 1187 468 1224 μόνον
493 1189 538 1216 τὸν
567 1190 654 1227 γάμον
682 1189 822 1218 ἀπείπατο.
845 1189 919 1218 Ἔδει

90 1234 139 1271 γὰρ
155 1233 181 1268 ἐξ
212 1234 334 1272 ἀφθόρου
363 1234 496 1271 παρθένου
524 1233 642 1272 ἄφθορον
668 1235 712 1261 καὶ
743 1234 810 1261 κατά
836 1234 921 1272 σάρκα

91 1278 231 1316 τεχθέντα,
273 1276 345 1314 μηδέ
381 1281 430 1313 τῆς
459 1278 527 1305 κατὰ
558 1277 603 1305 τὸν
642 1277 730 1316 γάμον
757 1280 919 1317 πειραθῆναι

92 1325 204 1360 φθορᾶς
221 1322 273 1350 οὐκ
301 1322 354 1350 ἀπὸ
383 1323 503 1361 ἀφθόρου
533 1325 621 1361 φθορᾷ
649 1325 702 1360 (12)
725 1324 851 1360 σώματος
875 1323 920 1352 διὰ

91 1369 137 1394 τοῦ
158 1368 261 1405 γάμου,
292 1366 357 1394 ἀλλ’
382 1366 435 1394 ἀπὸ
463 1366 638 1406 ἐφθαρμένων
666 1370 725 1399 τοῖς
754 1367 855 1406 γάμοις
883 1371 917 1406 τῇ

90 1411 156 1439 κατᾶ
184 1411 264 1450 φύσιν
295 1411 411 1450 ἀφθορίᾳ
440 1413 520 1448 ἡμῶν
551 1412 784 1449 ὑπηρετούμενον·
811 1412 856 1440 καὶ
881 1414 919 1445 ὡς

90 1456 104 1482 ὁ
130 1455 222 1492 Ἀδὰμ.
247 1457 356 1494 σπέρμα
388 1455 432 1483 διὰ
460 1459 509 1491 τῆς
536 1458 589 1483 τῶν
617 1456 713 1493 γάμων
742 1455 843 1491 ἡδονῆς
869 1459 917 1484 τοῦ

88 1498 223 1538 παρόντος
254 1500 317 1538 βίου
351 1499 480 1538 ἐγένετο,
511 1500 598 1532 οὕτως
625 1499 704 1528 αὐτὸν
735 1501 843 1538 σπέρμα
868 1503 916 1528 τοῦ

88 1543 240 1581 μέλλοντος
280 1545 380 1575 αἰῶνος
421 1542 466 1571 διὰ
502 1547 552 1579 τῆς
579 1545 647 1572 κατὰ
683 1545 734 1579 τήν
768 1545 914 1583 παρθενίαν

988 301 1057 329 hinc
1069 303 1130 338 jam
1148 311 1200 338 per
1214 302 1410 339 integritatem
1426 303 1495 339 jaci,
1512 306 1635 332 conatur
1654 314 1706 341 per
1720 315 1814 335 seme-

988 347 1095 382 tipsam
1113 355 1187 383 pura
1210 347 1387 383 integritatis
1411 348 1526 376 semina.
1547 350 1582 377 ad
1607 350 1810 387 incorruptam

987 390 1075 418 vitam
1092 391 1226 427 agricolae
1245 400 1424 428 praeparare;
1441 392 1537 421 valida
1552 392 1671 428 quidem
1695 394 1812 432 integri-

987 435 1057 463 tatis
1074 444 1162 464 manu
1180 439 1342 464 retrorsum
1362 437 1482 466 trahens
1497 437 1574 466 661
1591 439 1755 467 naturalem
1771 440 1813 469 fe-

987 480 1134 508 minarum
1159 489 1226 508 cum
1255 481 1395 509 masculis
1419 482 1615 518 complexum,
1630 483 1738 511 virtute
1763 493 1812 512 au-

986 525 1044 551 tem
1061 524 1221 552 affectionis
1243 528 1360 560 experte
1384 534 1468 553 suam
1490 526 1585 561 ipsius
1610 527 1811 563 pulchritudi-

986 576 1052 595 nem
1069 569 1299 604 regenerationis
1315 578 1372 597 cevo
1396 570 1624 606 splendidiorem
1640 580 1759 608 parans.
1776 574 1809 601 In

985 615 1169 641 antecessum
1194 622 1263 650 ergo
1287 614 1404 642 virtutis
1429 615 1533 643 merito
1556 615 1684 652 virgines
1708 625 1809 646 conse-

985 660 1059 685 cuta:
1074 660 1154 692 sunt,
1170 660 1203 685 ut
1224 659 1323 686 futura
1338 658 1367 685 in
1394 661 1612 694 regeneratione
1637 669 1688 696 per
1712 670 1810 690 resur-

985 701 1144 729 rectionem
1169 711 1322 738 corporum
1349 704 1482 739 mutatio,
1500 704 1548 731 Dei
1565 704 1673 732 virtute
1687 705 1717 733 in
1732 706 1806 742 ipsis

985 746 1183 783 perﬁceretur.
1201 747 1252 775 Hic
1267 747 1346 775 enim
1361 750 1503 784 tanquam
1519 748 1625 784 angeli,
1643 757 1737 786 neque
1753 758 1807 778 nu-

986 792 1059 819 bunt
1078 799 1172 827 neque
1201 792 1363 826 nubuntur,
1380 792 1431 820 sed
1459 795 1487 820 et
1514 793 1619 821 animae
1646 794 1753 822 virtute
1779 797 1808 823 et

984 836 1115 872 corporis
1130 836 1297 872 integritate
1319 836 1447 872 aequales
1463 837 1575 873 angelis
1591 840 1659 866 sunt
1675 838 1707 867 ⁸³.
1724 839 1806 872 Quod

984 883 1081 908 autem
1096 880 1188 908 voluit
1197 881 1339 909 Dominus
1354 884 1453 910 noster
1468 884 1500 910 ut
1515 891 1615 910 semen
1630 883 1806 919 incorruptae

982 924 1045 952 vita:
1053 925 1204 962 virginitas
1220 934 1235 953 e
1249 928 1327 954 terra
1339 926 1367 953 in
1377 926 1482 955 coelum
1491 927 1665 955 mirabiliter
1679 927 1807 956 mittere-

980 970 1101 1005 tur,jam
1118 972 1217 998 nostra
1232 978 1353 1006 corpora
1366 971 1541 1007 integritatis
1553 971 1803 1007 pulchritudinem

978 1022 1029 1049 per
1043 1014 1190 1050 virginum
1204 1015 1406 1051 integritatem
1422 1016 1556 1043 meditari
1572 1015 1716 1050 volens,id
1733 1017 1806 1045 inde

977 1059 1065 1093 patet,
1084 1059 1160 1094 quod
1177 1066 1244 1085 eum
1261 1058 1289 1085 in
1305 1059 1443 1086 omnibus
1460 1058 1515 1094 legi
1532 1059 1803 1096 paruerit,nuptias

976 1102 1115 1130 renuerit.
1131 1102 1287 1138 Oportebat
1301 1103 1390 1136 enim,
1407 1106 1439 1130 ut
1454 1111 1489 1131 ex
1502 1103 1673 1140 incorrupta
1686 1103 1802 1140 virgine

977 1146 1164 1183 incorruptus
1188 1147 1275 1175 etiam
1301 1155 1387 1175 carne
1407 1147 1534 1183 genitus,
1550 1155 1603 1176 nec
1628 1148 1800 1184 nuptiarum

976 1191 1156 1226 experiretur
1178 1191 1395 1228 corruptionem
1413 1200 1418 1220 :
1436 1191 1543 1228 quippe
1566 1201 1634 1220 cum
1650 1201 1703 1221 nec
1719 1193 1801 1229 geni-

974 1238 1038 1263 tum
1053 1244 1087 1263 ex
1111 1235 1290 1272 incorrupta,
1306 1236 1437 1272 corporis
1462 1245 1512 1272 per
1539 1237 1658 1273 nuptias
1680 1245 1799 1274 corrup-

973 1281 1045 1308 tioni
1060 1281 1178 1315 servire,
1191 1289 1286 1317 neque
1301 1281 1389 1309 etiam
1405 1290 1440 1310 ex
1449 1282 1595 1317 corruptis
1610 1282 1799 1310 matrimonio

975 1324 1144 1353 hominibus
1171 1327 1271 1353 natum
1297 1328 1401 1354 nostris
1417 1326 1579 1353 secundum
1601 1329 1738 1354 naturam
1753 1327 1799 1354 in-

973 1370 1153 1405 corruptioni
1170 1371 1284 1398 deceret
1299 1371 1478 1398 ministrare.
1492 1371 1527 1398 Et
1545 1371 1800 1406 quemadmodum

975 1414 1067 1442 Adam
1085 1422 1184 1442 semen
1201 1415 1353 1450 praesentis
1367 1415 1430 1442 vitae
1447 1423 1498 1450 per
1511 1414 1682 1450 nuptiarum
1698 1415 1800 1451 volup-

971 1460 1062 1486 tatem
1086 1458 1216 1492 exstitit;
1232 1459 1273 1486 ita
1292 1461 1320 1486 et
1342 1467 1409 1486 eum
1433 1467 1534 1487 semen
1558 1459 1648 1486 futuri
1674 1459 1725 1487 invi
1744 1467 1800 1496 per

970 1502 1146 1538 virginitatis
1170 1503 1367 1539 integritatem
1395 1510 1459 1531 esse
1486 1503 1648 1538 oportebat,
1670 1505 1702 1531 ut
1726 1512 1800 1540 que-

970 1547 1161 1575 madmodum
1184 1547 1327 1575 Adamum
1344 1547 1437 1575 secuti
1456 1555 1572 1580 sumus,
1588 1547 1638 1583 qui
1656 1556 1708 1584 per
1722 1557 1796 1585 nup-

84 1589 233 1628 ἆφθαρσίας
261 1589 381 1627 γενέσθαι
399 1598 406 1605 '
431 1588 469 1616 'iv'
498 1589 535 1620 ὡς
561 1588 655 1626 ἐκείνῳ
682 1588 726 1616 διὰ
739 1592 792 1617 τῶν
817 1589 912 1627 γάμων

973 1591 1026 1619 tias
1040 1591 1201 1619 humanam
1218 1592 1247 1619 in
1263 1594 1341 1620 terra
1354 1592 1445 1620 vitam
1461 1592 1626 1626 seminavit,
1637 1592 1678 1620 ita
1693 1593 1796 1621 Domi-

84 1635 222 1671 σπείραντι
240 1634 297 1670 (43)
320 1633 471 1671 ἀνθρώπων
495 1634 541 1661 τὸν
566 1633 610 1661 ἐπὶ
635 1637 687 1671 γῆς
715 1635 774 1672 βίον
793 1634 912 1670 ἠκολου-

973 1644 1052 1670 num,
1083 1636 1132 1672 qui
1168 1645 1219 1672 per
1242 1636 1411 1672 virginalem
1437 1637 1634 1673 integritatem
1663 1637 1794 1666 futurum

84 1679 215 1715 θήσαμεν,
231 1678 303 1705 οὕτω
317 1681 358 1714 τῷ
386 1678 476 1715 Κυρίῳ
501 1676 545 1705 διὰ
568 1682 618 1713 τῆς
640 1679 805 1715 παρθενικῆς
825 1679 911 1717 ἀφθο-

84 1722 140 1760 ρίας
169 1722 311 1760 σπείραντι
340 1723 385 1749 τὸν
411 1722 468 1750 ἐκεῖ
498 1722 593 1758 αἴῶνα,
624 1722 766 1761 φρονίμως
792 1723 912 1751 ἀκολου-

83 1768 233 1803 θήσωμεν.
265 1766 298 1795 Ei
326 1765 354 1794 δὶ
384 1767 422 1804 μὴ
452 1765 481 1794 ἐκ
509 1767 650 1804 παρέργου
686 1767 731 1794 καὶ
759 1768 827 1794 me
865 1768 911 1796 τὸν

83 1810 246 1850 παράδεισον
276 1811 321 1839 καὶ
349 1811 395 1839 τὸν
421 1811 477 1839 ἐκεῖ
500 1811 558 1848 βίον
575 1812 619 1839 τὸν
635 1810 725 1848 Ἀδὰμ
740 1811 910 1849 ἐπισχέψαιο,

82 1856 170 1894 εὕροις
187 1855 217 1884 ἃν
234 1856 314 1884 αὐτὸν
331 1855 357 1883 ἐν
374 1856 422 1893 μὶν
437 1854 592 1894 παραδείσῳ
610 1857 647 1893 μὴ
665 1856 759 1894 χρείαν
772 1857 910 1895 ἐσχηκότα

82 1903 184 1938 γνῶναι
210 1901 306 1928 ἑαυτοῦ
329 1901 379 1935 τήν
402 1903 534 1939 γυναῖκα⁶
564 1900 631 1937 μετὰ
656 1899 683 1928 δὲ
707 1901 758 1935 τὴν
786 1899 908 1939 παράϐα-

83 1955 134 1982 σιν,
156 1945 204 1972 καὶ
226 1945 272 1973 τὸν
297 1945 410 1972 θάνατον
440 1945 485 1972 καὶ
509 1945 558 1980 τὴν
587 1943 720 1972 ἔκπτωσιν
744 1947 792 1972 τοῦ
819 1956 908 1983 παρα-

81 1988 181 2026 δείσου,
197 1989 260 2017 τότε
273 1990 323 2025 τὴν
346 1992 461 2027 γυναῖκα
482 1989 661 2027 γινώσκοντα·
684 1988 731 2017 τίνα
754 1990 785 2017 τὸ
811 1990 906 2025 θνητὸν

79 2033 176 2062 λοιπὸν
207 2034 256 2070 τῆς
286 2034 391 2072 φύσεως
420 2036 454 2072 τῇ
485 2032 603 2072 διαδοχῇ
625 2036 679 2061 τῶν
701 2033 804 2061 παίδων
821 2044 907 2071 παρα-

81 2079 259 2114 μυθήσηται.
289 2079 323 2117 ᾮ
360 2078 544 2117 ἀντιστρόφως
587 2080 627 2114 τῷ
670 2077 707 2109 είς
742 2077 905 2116 παράδεισον

80 2122 170 2160 ἄγοντι
187 2124 206 2158 ἡ
222 2122 353 2160 παρθὶνος
377 2122 595 2158 ἀκολουθήσασα,
621 2123 678 2159 μετ’
700 2122 802 2151 ἐκείνου
827 2123 907 2160 ἄφθο-

81 2178 123 2204 ρος
139 2166 166 2194 ἐν
196 2165 351 2205 παραδείσῳ
375 2166 429 2203 ἤδη
455 2170 552 2206 τρυφᾷ·
577 2169 697 2206 φυγοῦσα
713 2168 760 2204 μὶν
786 2168 836 2202 τὴν
856 2165 906 2203 ἔξω

79 2211 244 2250 παραδείσου
285 2213 403 2250 κατάραν
441 2213 490 2247 τὴν
534 2211 677 2250 λέγουσαν·
722 2214 766 2241 ’Ev
805 2211 905 2244 λύπαις

78 2257 136 2294 τέξῃ
165 2256 256 2293 τέκνα,
286 2256 331 2284 καὶ
356 2256 390 2284 τὰ
414 2256 486 2292 ἑξῆς·
513 2257 544 2284 οὖ
568 2255 703 2293 δυναμένη
732 2255 761 2284 δὶ
787 2260 905 2284 συνεῖναι

967 1689 1059 1708 aevum
1086 1680 1251 1714 seminavit,
1267 1681 1427 1716 prudenter
1448 1689 1651 1716 sequeremur.
1668 1682 1750 1714 Quod
1768 1682 1794 1710 si

967 1733 1025 1752 non
1050 1725 1246 1761 perfunctorie
1272 1727 1301 1753 et
1320 1725 1492 1761 paradisum
1517 1727 1546 1754 et
1567 1725 1657 1754 vitam
1681 1726 1741 1754 illic
1757 1726 1794 1754 ab

966 1770 1079 1798 Adamo
1104 1772 1198 1798 actam
1224 1770 1399 1806 inspexeris,
1421 1770 1548 1806 reperies
1576 1778 1647 1798 sane
1672 1778 1739 1798 eum
1764 1771 1795 1798 in

966 1814 1102 1849 paradiso
1125 1823 1199 1850 opus
1215 1823 1272 1842 non
1298 1814 1437 1842 habuisse
1453 1816 1485 1842 ut
1499 1819 1687 1850 cognosceret
1708 1823 1793 1843 suam

966 1866 1084 1885 uxorem
1102 1867 1108 1885 :
1131 1859 1182 1886 sed
1199 1861 1264 1894 post
1288 1858 1556 1894 praevaricationem
1581 1861 1606 1886 ei
1624 1861 1747 1886 mortem
1764 1861 1792 1887 et

964 1901 1082 1938 lapsum
1099 1910 1114 1930 e
1129 1902 1265 1938 paradiso
1289 1904 1358 1930 tunc
1380 1910 1500 1930 uxorem
1525 1902 1695 1938 cognovisse
1709 1903 1742 1938 6°,
1760 1905 1793 1931 ut

963 1949 1098 1974 naturam
1111 1947 1175 1982 jam
1195 1946 1349 1974 mortalem
1375 1947 1483 1974 factam
1509 1946 1695 1975 successione
1720 1947 1792 1976 libe-

963 2000 1064 2020 rorum
1089 1991 1300 2019 consolaretur.
1327 1993 1433 2020 Contra
1454 1992 1536 2028 virgo
1560 2000 1627 2020 eum
1652 2001 1791 2028 sequens,

961 2036 1011 2072 qui
1028 2037 1057 2064 in
1074 2036 1244 2072 paradisum
1260 2036 1350 2069 ducit,
1366 2044 1433 2065 cum
1449 2044 1482 2064 eo
1499 2036 1669 2072 incorrupta
1681 2037 1743 2072 jam
1759 2037 1789 2065 in

963 2081 1098 2117 paradiso
1114 2080 1278 2118 deiiciatur,
1295 2081 1412 2117 fugiens
1434 2080 1515 2108 illam
1542 2080 1788 2114 maledictionem,

962 2134 1020 2161 qua
1046 2127 1127 2154 extra
1156 2126 1328 2162 paradisum
1359 2125 1469 2153 dictum
1499 2127 1616 2153 estzln
1643 2124 1788 2153 doloribus

959 2171 1051 2206 paries
1081 2170 1153 2205 ﬁlios
1179 2171 1213 2204 σί,
1243 2173 1272 2198 et
1299 2172 1426 2197 caetera:
1458 2178 1511 2197 nec
1541 2169 1599 2197 illic
1627 2168 1790 2206 intelligere

960 2213 1070 2248 valens,
1088 2215 1234 2250 quomodo
1258 2214 1389 2242 Adamus
1417 2223 1500 2243 suam
1525 2214 1692 2250 cognoverit
1716 2223 1788 2243 uxo-

961 2267 1033 2286 rem.
1061 2261 1161 2294 Neque
1195 2259 1274 2286 enim
1307 2259 1373 2294 hoc,
1403 2267 1469 2286 cum
1497 2259 1559 2295 ipse
1588 2258 1619 2287 in
1649 2259 1786 2295 paradiso

78 2300 130 2328 ἐκεῖ
144 2302 204 2345 πῶς
235 2299 314 2345 ἔγνωλ
327 2300 418 2337 ’Λδὰμ
441 2302 492 2336 τήν
518 2304 632 2340 γυναῖκα
646 2301 748 2345 αὐτοῦ.
770 2300 839 2330 Οὐδὲ
853 2302 904 2339 γὰρ

973 2305 1048 2338 Isset,
1072 2303 1184 2331 dictum
1199 2305 1252 2338 est,
1275 2303 1325 2331 sed
1349 2305 1509 2340 postquam
1530 2303 1593 2340 jam
1617 2304 1713 2332 fuerat
1727 2304 1786 2339 eje-

79 2344 102 2371 ἐν
117 2343 274 2382 παραδείσῳ
300 2343 377 2377 ὄντος
404 2346 498 2374 αὐτοῦ.
522 2345 586 2374 ἀλλ’
609 2343 800 2381 ἐκϐληθέντος,
824 2348 905 2373 τοῦτο

99 2389 123 2406 υ

99 2389 123 2406 'J

82 2389 238 2472 ἐρὲἒηόὐχ
252 2435 289 2465 ὡς
305 2433 448 2471 παρθενίαν
474 2433 503 2462 δὲ
526 2434 622 2462 λοιπὸν
649 2437 688 2471 τῷ
717 2434 769 2472 βίῳ
785 2436 903 2472 ’νομοθε-

78 2481 184 2510 τοῦντες
214 2479 300 2506 ταῦτά
329 2489 415 2518 φαμεν
433 2488 440 2495 ⁸
470 2478 544 2506 ἀλλὰ
570 2481 628 2510 ταῖς
655 2479 701 2507 τὸν
730 2479 788 2506 κατ’
817 2479 901 2514 αὐτὴν

111 2556 133 2575 ⁶⁹
149 2556 250 2585 Matth.
266 2565 335 2593 χιιι,
351 2555 396 2584 30.
433 2557 457 2575 ⁶⁰
470 2558 542 2585 Gen.
558 2565 596 2591 ιν,
613 2557 639 2585 1.
675 2557 697 2575 ⁶¹
714 2556 785 2585 Gen.
802 2565 844 2591 ιιι,
861 2557 904 2584 16.

113 2643 170 2677 (11)
195 2640 381 2678 Εὑτρεπίζιιν.
405 2641 470 2670 Haec
495 2641 643 2678 scripture.
663 2640 798 2669 editionis
822 2641 901 2669 Pari-

79 2677 185 2706 siensis
202 2677 256 2705 nec
277 2677 307 2705 in
323 2677 443 2713 Veneta,
461 2685 514 2706 nec
535 2677 565 2705 in
580 2677 640 2705 ullo
664 2685 786 2713 prorsus
807 2679 904 2704 vetere

79 2712 151 2754 libro
167 2714 471 2754 legitur;.sed_t_amen
483 2722 547 2754 eam
563 2712 728 2754 expungere
743 2713 904 2754 noluimus,

79 2750 145 2784 quia
160 2749 329 2778 necessaria
344 2749 458 2777 videtur
481 2750 517 2778 ad
545 2749 700 2778 contextus
724 2749 904 2777 emendatio-

81 2793 156 2821 nem.
173 2786 265 2821 (Eque
290 2786 490 2821 necessarium
515 2785 603 2821 paulo
618 2788 685 2814 ante
700 2785 806 2821 legere,
821 2794 905 2811 κατα-

81 2817 225 2856 ίάλλεταιξ
239 2830 297 2849 non
312 2817 542 2856 καταϐάλλεσθαι.

116 2858 170 2894 (12)
186 2857 244 2886 Οὐκ
268 2856 322 2884 ἀπὸ
345 2855 465 2895 ἀφθόρου
490 2859 586 2894 φθορᾷ.
609 2857 657 2885 Sic
682 2856 770 2885 editio
784 2857 905 2889 Veneta,

239 2921 369 2951 Ρλτηῦῐ..
393 2921 448 2951 Gn.
471 2920 564 2951 ΧΧΧ.

961 2349 1036 2376 ctus.

994 2436 1039 2464 55.
1055 2436 1112 2465 Nec
1127 2438 1225 2465 tamen
1236 2436 1296 2465 haec
1308 2437 1446 2474 dicimus,
1463 2437 1618 2474 quasijam
1632 2437 1785 2475 virginita-

957 2483 1017 2509 tem
1041 2481 1106 2509 vitae
1122 2481 1276 2509 hominum
1300 2482 1395 2510 instar
1410 2482 1482 2518 legis
1504 2483 1691 2519 praescribere
1716 2482 1785 2511 veli-

957 2641 1123 2685 ?olbert..et
1137 2652 1215 2685 unus
1225 2651 1264 2685 ex
1274 2644 1386 2685 Regiis;
1398 2644 1433 2684 In_
1447 2643 1577 2685 quinque
1592 2642 1658 2685 aliis
1673 2643 1781 2685 desunt

959 2677 1019 2705 haec
1034 2679 1131 2706 verba.
1147 2679 1251 2707 Nescio
1277 2677 1354 2707 unde
1368 2677 1544 2707 Parisiensis
1568 2678 1655 2706 editio
1673 2677 1782 2706 hause-

960 2714 1008 2746 rit,
1025 2713 1159 2752 ᾱφθόριυν.
1176 2715 1357 2752 Difﬁcillime
1381 2715 1449 2752 huic
1473 2715 1535 2752 loco
1559 2714 1783 2752 l_ucem_a_ll'e_rre

960 2757 1006 2794 me
1030 2747 1189 2794 non'posse
1206 2752 1307 2786 fateor,
1331 2751 1388 2779 nisi
1412 2750 1546 2786 legendo,
1561 2748 1624 2776 ἀλλ’
1640 2747 1699 2776 οὐδ’
1728 2750 1781 2777 ἀπὸ

959 2784 1144 2823 ἐφθαρμὲνών.
1300 2784 1304 2786 Ἴ
1442 2784 1455 2786 “

995 2821 1052 2885 (431
1069 2821 1225 2867 Σπείραντξ.
1246 2821 1385 2851 Nonnulli
1409 2821 1535 2856 codices,
1560 2819 1708 2859 σπείροντι.
1726 2821 1781 2850 Ibi-

960 2857 1026 2885 dem
1053 2866 1114 2885 οπο.
1131 2858 1290 2885 ανθοωπων.

960 2857 1026 2885 dem
1041 2857 1114 2894 lege,
1131 2857 1290 2894 ἀνθρώπων.

1581 2922 1619 2951 25
