2010 3145
201 181 263 210 7'19
682 179 705 207 A
714 175 881 206 PPENDIX
904 175 976 205 OPE
983 172 1067 204 RUM

204 253 291 279 mus;
311 245 362 272 sed
377 243 426 277 iis,
443 252 506 279 quo:
523 242 680 279 pretiosam
696 241 873 278 virginitatis
888 239 1031 276 margari-
1047 240 1073 273 Α

202 292 264 318 tam
274 288 396 317 mercari
407 285 895 322 instituerunt,purissimumillius
904 285 1030 312 nitorem

203 334 335 369 undique
346 332 540 360 ostendimus.
549 334 586 359 De
598 331 754 366 virginibus
763 335 856 358 autem
864 333 1031 365 praeceptum

204 379 322 408 Domini
335 385 392 406 non
407 377 491 404 habeo
506 385 515 404 :
531 376 680 404 consilium
695 379 785 403 autem
799 375 952 410 do,inqu1t,
968 378 1030 401 tan-

206 431 290 459 quam
312 421 534 449 misericordiam
549 424 705 448 consecutus
719 428 737 447 a
751 420 866 447 Domino
880 419 903 436 ⁵³
919 427 926 446 :
943 417 1032 453 siqui-

207 468 273 495 dem
289 475 342 494 nec
366 466 509 494 Dominus
534 467 640 492 nostra
664 467 778 492 natura;
802 464 832 491 in
848 463 912 499 lege
936 462 1031 490 autin

206 510 362 546 Evangelio
379 510 576 546 virginitatem
593 509 859 545 prsescripsit.Nam
877 508 927 543 qui
943 507 1032 534 talem

207 556 340 584 masculo
357 555 391 582 ad
410 555 600 589 feminam,et
614 562 717 581 rursus
734 553 847 580 feminae
864 552 898 580 ad
915 559 1032 580 mascu-

206 602 279 635 lum,
301 599 419 636 qualem
436 599 520 627 initio
540 599 696 634 descripsit
717 599 820 633 oratio,
838 597 970 625 habitum
995 597 1033 624 ob

206 644 411 673 necessitatem
433 643 615 672 matrimonii
639 642 800 679 impressit,
819 650 851 670 ac
868 642 916 677 iis,
933 641 984 677 qui
999 649 1034 669 ex

206 689 425 718 immortalibus
442 688 580 716 mortales
597 688 662 715 facti
678 688 804 722 fuerant,
816 686 1033 714 successionem

207 734 324 771 generis
337 733 459 769 paravit,
476 732 553 760 668
568 731 833 764 immortalitatem,
847 733 880 758 ut
894 730 1032 763 diximus,

208 778 400 813 excogitans:
431 777 541 813 quique
567 779 720 812 propterea
750 775 831 809 dixit,
861 776 982 803 Crescite
1008 776 1035 802 et

208 822 441 859 multiplicamini
468 821 535 853 στ’-π,
565 821 712 857 quomodo
740 820 936 856 virginitatem
965 821 1035 846 tunc

210 866 400 904 praescribere
414 866 580 902 potuisset;
597 874 663 893 cum
684 865 846 901 praesertim
863 865 899 892 ad
915 863 1034 900 explen-

211 912 401 957 dumreorum
427 910 536 944 locum,
552 911 602 946 qui
619 910 650 938 in
663 909 747 957 bellis
762 909 799 936 ob
816 908 963 945 propriam
980 909 1036 935 im-
1050 924 1074 957 Β

211 956 387 994 probitatem
403 957 537 991 pereunt,
554 954 750 982 necessariam
772 962 837 981 esse
853 956 1035 988 posterorum

211 1000 434 1027 multitudinem
460 999 594 1027 videret?
610 1003 649 1026 Ac
666 1000 694 1026 in
711 999 774 1034 lege
795 998 915 1033 quidem
932 997 1039 1033 Moysis

210 1044 299 1072 etiam
330 1043 533 1071 benedictione
561 1044 650 1079 digna
677 1043 851 1070 censebatur
878 1042 1039 1070 liberorum

209 1087 485 1124 procreatio‘-".Sed
496 1090 651 1124 postquam
663 1087 760 1115 ﬂoruit
772 1087 903 1122 undique
912 1086 1040 1122 propriis

212 1133 360 1160 fructibus
375 1133 516 1168 mundus,
533 1141 566 1160 ac
581 1134 663 1160 tanta
678 1131 830 1159 hominum
847 1130 1042 1158 multitudine

213 1179 276 1205 sata
289 1179 334 1204 est
348 1179 473 1210 terra,ut
490 1185 545 1204 non
556 1177 618 1212 jam
635 1179 750 1212 caperet
765 1176 951 1204 nascentium
964 1174 1041 1202 mul-

214 1221 420 1255 titudinem,ac
431 1221 584 1256 impletum
600 1223 644 1248 est
659 1221 735 1256 quod
751 1221 787 1248 de
802 1220 927 1248 adventu
944 1219 1042 1246 Domi-

216 1265 245 1293 ni
263 1265 356 1292 nostri
374 1265 544 1301 praadictum
572 1266 676 1297 fuerat,
693 1265 752 1292 fore
768 1267 799 1291 ut
815 1264 949 1292 homines
962 1263 1043 1290 illius

218 1309 352 1338 doctrina
367 1310 526 1345 prudenter
545 1309 626 1342 victi,
642 1309 829 1336 conciderent
844 1308 956 1343 gladios
972 1315 1043 1335 suos

220 1354 249 1381 in
266 1356 363 1382 aratra
386 1356 414 1381 et
430 1354 546 1382 lanceas
561 1354 589 1381 in
605 1361 746 1388 vomeres,
763 1361 816 1381 nec
837 1353 898 1388 jam
915 1354 1046 1379 sumeret

219 1406 291 1435 gens
303 1401 405 1427 contra
413 1400 531 1434 gentem
542 1406 708 1432 ensem,nec
721 1397 828 1426 bellum
839 1405 939 1434 gerere
949 1396 1043 1424 disce-

217 1445 284 1471 rent
301 1444 343 1477 ‘5;
360 1443 497 1479 praeclare
521 1443 684 1478 virginitas,
707 1444 809 1470 contra
834 1443 922 1478 atque
945 1440 976 1468 hi
992 1440 1044 1476 qui

217 1495 270 1523 per
295 1495 400 1523 corpus
418 1490 657 1523 corrumpuntur,
673 1495 708 1514 ex
722 1486 894 1523 corporibus
909 1486 1042 1513 incorru-

215 1531 346 1566 ptionem
364 1532 741 1568 pullulavit.Virginitatem
758 1534 866 1565 tamen,
884 1539 978 1566 neque
993 1539 1044 1566 per

215 1575 343 1611 Moysem
352 1576 873 1611 praescribitDominus,masculorum
881 1578 906 1603 et
914 1575 1038 1603 femine-

213 1627 297 1648 orum
305 1623 577 1655 corporumnnturaa
585 1621 727 1648 rationem
736 1621 858 1653 habens,
869 1628 962 1655 neque
973 1627 1037 1647 eam
1052 1608 1074 1642 (ἶ

214 1663 244 1690 in
262 1663 418 1700 Evangelio
433 1665 630 1699 praecipit.Sed
641 1665 749 1700 Moysis
764 1665 856 1700 legem
873 1672 1036 1697 resumens,

215 1707 292 1742 quod
305 1707 404 1735 deerat
414 1708 448 1735 ad
459 1710 626 1736 accuratam
638 1708 777 1736 virtutem
801 1709 902 1736 edocet
912 1708 1012 1735 dicens
1029 1716 1035 1734 :

214 1752 323 1779 Dictum
337 1754 376 1780 est
390 1761 399 1779 :
413 1754 473 1780 Non
487 1752 678 1787 mwchaberis,
694 1753 749 1788 Ego
763 1757 857 1779 autem
881 1752 932 1779 tibi
954 1751 1012 1779 dico
1028 1759 1036 1779 :

213 1797 274 1825 Non
285 1797 459 1832 concupisce:
476 1797 539 1831 ",et
554 1805 617 1833 quae
633 1799 807 1832 sequuntur.
824 1797 858 1824 Et
872 1804 938 1823 cum
954 1797 1036 1823 sede-

213 1843 257 1868 ret
272 1841 301 1868 in
317 1844 447 1873 monte,a
461 1841 693 1869 beatitudinibus
708 1840 796 1876 coepit
810 1849 842 1868 os
857 1841 969 1876 aperire
984 1849 990 1874 ;
1007 1842 1037 1868 et

211 1887 367 1921 postquam
380 1885 610 1922 recensuitleges
621 1886 729 1922 Moysis
741 1889 770 1913 et
780 1885 880 1913 omnia
890 1886 925 1913 ad
937 1893 1034 1913 veram

209 1929 347 1957 virtutem
363 1930 683 1962 intendit,acducentis
698 1931 733 1958 ad
750 1930 875 1958 salutem
893 1932 1036 1965 praecepta

211 1973 332 2000 tradidit
340 1974 382 2007 ²⁰ς
397 1973 517 2009 impleto
538 1975 676 2001 doctrinis
692 1974 866 2006 ministerio,
882 1974 1034 2002 descendit

210 2017 246 2044 de
262 2019 370 2050 monte,
393 2026 539 2054 nusquam
556 2018 584 2045 in
604 2019 756 2054 praeceptis
782 2018 958 2054 virginitate,
974 2018 1034 2045 sive

208 2061 238 2088 in
267 2062 371 2097 Veteri,
387 2062 447 2090 sive
471 2063 500 2090 in
525 2065 603 2090 Novo
632 2063 820 2090 Testamento
850 2063 1032 2098 prescripta.

208 2106 331 2134 Volebat
342 2107 419 2135 enim
442 2110 618 2143 prmeeptum
635 2115 692 2134 non
709 2115 773 2135 esse
789 2107 959 2142 praeclarum
975 2107 1032 2134 vir-

209 2151 342 2186 ginitatis
357 2151 593 2186 institutum,sed
606 2151 757 2188 egregium
774 2151 878 2178 animus
892 2151 1030 2179 virtutem

209 2196 336 2223 amantis
365 2196 488 2227 facinus,
506 2196 599 2225 libera
627 2199 771 2233 potestate
785 2197 815 2224 id
838 2197 916 2232 quod
941 2205 1030 2233 supra

207 2242 385 2276 praeceptum
402 2242 429 2267 et
444 2249 533 2276 supra
549 2241 642 2276 legem
659 2246 698 2268 est
716 2250 750 2269 ex
765 2242 862 2276 seipea
878 2241 1029 2277 perficien-

206 2284 255 2312 tis.
273 2284 345 2312 Nam
363 2285 470 2319 nuptiis
492 2287 602 2312 natura;
627 2293 716 2312 causa
738 2286 890 2319 institutae,
907 2288 937 2313 et
956 2286 1028 2321 legis
1043 2291 1066 2324 D

205 2330 348 2364 praecepta
363 2328 397 2355 ad
415 2331 548 2356 naturam
561 2329 790 2356 accommodata.
799 2329 959 2364 Virginitas
975 2337 1026 2356 au-

205 2375 264 2400 tem
280 2375 416 2400 naturam
433 2381 588 2408 superans,
607 2373 680 2409 legis
695 2373 827 2400 servituti
843 2381 901 2401 non
916 2373 1027 2400 addici-

204 2418 263 2449 tur,
280 2417 330 2444 sed
349 2424 439 2451 supra
455 2416 546 2451 legem
571 2416 801 2452 incorruptionis
815 2416 934 2444 laudem
948 2424 1027 2444 crea-

204 2460 259 2488 tori
276 2468 308 2488 ac
324 2459 484 2496 legislatori
500 2460 754 2496 offert.Propterea
769 2461 859 2496 igitur
873 2460 1027 2494 Dominus,

204 2505 313 2532 iterum
328 2504 404 2538 dico,
422 2513 570 2540 nusquam
591 2504 788 2540 virginitatem
804 2505 958 2540 praecepit;
975 2506 1027 2532 sed

204 2549 361 2584 concessit,
377 2552 410 2577 ut
432 2549 680 2585 quemadmodum
707 2549 743 2577 ab
767 2549 983 2585 incorruptione
998 2549 1028 2578 in

202 2594 419 2630 corruptionem
430 2596 534 2630 printer
540 2595 675 2621 naturam
684 2594 876 2622 immoderata
886 2597 1028 2630 potestate

234 2657 257 2674 ⁶²
273 2657 283 2684 Ι
300 2656 362 2685 Cor.
380 2665 428 2688 vu,
444 2656 489 2684 25.
527 2656 590 2677 5L”
604 2658 673 2684 Gen.
691 2664 710 2691 ι,
727 2656 770 2683 28.
811 2656 858 2677 ι-ίτ
874 2658 956 2685 Deut.
973 2665 1070 2690 xxvm,

200 2692 222 2710 ²⁰
237 2692 340 2720 Matth.
356 2701 384 2727 ν,
399 2692 410 2720 4
431 2700 496 2728 sqq.

235 2763 291 2828 (104)
315 2763 538 2800 Ἐμπορεύεσθαι.
569 2763 707 2791 Nonnulli
738 2764 864 2798 codices,
893 2762 1024 2800 ἐμπορεύ-

238 2807 253 2824 σ
272 2807 309 2825 αι.

203 2807 309 2825 σασυαι.

235 2833 291 2869 (15)
307 2831 472 2869 Εύράμενος.
489 2834 569 2862 Unus
585 2843 619 2863 ex
634 2835 741 2871 Regiis,
758 2835 917 2871 εὑρόμενος.

1090 173 1123 203 8.
1147 172 1284 203 BASlLll
1306 172 1442 204 MAGNI.
1856 177 1917 208 780

1088 236 1277 273 πολυτίμητον
1315 237 1490 276 μαργειρίτην
1529 238 1723 278 ἐμπορεύεσθαι
1754 243 1811 278 (14)
1851 253 1919 281 προ-

1085 282 1209 318 θεμὲναις
1237 282 1269 309 τὸ
1307 281 1421 310 ἄσπιλον
1461 284 1560 312 τούτου
1597 286 1765 324 πανταχόθεν
1806 286 1919 315 ὑποδει-

1085 326 1204 357 κνύντις.
1234 327 1297 364 Περὶ
1339 326 1367 354 δὲ
1394 330 1447 355 τῶν
1481 329 1621 366 παρθένων
1650 330 1780 368 ἐπιταγὴν
1815 333 1918 370 Κυρίου

1086 371 1136 398 οὐκ
1151 370 1218 408 ἔχω·
1234 372 1348 408 γνώμην
1377 371 1405 400 δὲ
1434 371 1548 410 δίδωμι,
1576 374 1669 413 φησὶν,
1699 376 1736 407 ὡς
1758 375 1917 413 ἠλεημένος

1087 415 1139 443 ὑπὸ
1167 416 1291 452 Κυρίου”
1322 416 1379 443 ἐπεὶ
1420 416 1489 453 μηδὲ
1521 419 1534 445 ὁ
1573 419 1711 454 Δεσπότης
1748 421 1829 456 ἡμῶν
1866 425 1918 456 τῆς

1088 461 1191 500 φύσεως
1216 460 1242 489 ἐν
1270 461 1348 498 νόμῳ
1372 462 1389 497 ἢ
1406 463 1431 490 ἐν
1457 463 1617 502 Εὐαγγελίῳ
1643 466 1788 503 παρθενίαν
1815 466 1916 503 ἐνομο-

1087 506 1208 541 θέτησεν.
1237 506 1264 532 Ὁ
1293 507 1343 544 γὰρ
1380 507 1507 542 τοιαύτην
1532 511 1572 544 τῷ
1600 519 1630 536 τε
1663 508 1752 548 ἅρῥενι
1781 511 1852 549 πρὸς
1882 512 1916 538 τὸ

1088 549 1170 584 θῆλυ,
1199 550 1243 577 καὶ
1270 549 1400 578 ἀνάπαλιν
1416 553 1455 587 τῷ
1470 551 1548 588 θήλει
1565 553 1632 590 πρὸς
1647 555 1678 581 τὸ
1694 553 1785 592 ἅρρεν,
1801 554 1916 593 οἵανπερ

1088 593 1113 621 ἐν
1128 594 1202 631 ἀρχῇ
1219 595 1232 621 ὁ
1259 594 1341 632 λόγος
1368 594 1498 631 ὑπέδειξε,
1522 597 1573 631 τήν
1598 598 1692 635 σχέσιν
1714 597 1758 626 διὰ
1782 601 1814 626 τὸ
1835 599 1919 637 ἀναγ-

1087 642 1165 666 καῖον
1186 641 1234 666 τοῦ
1255 639 1346 677 γάμου
1373 640 1625 678 μηχανησάμενος,
1649 645 1708 674 τοῖς
1737 642 1766 671 δὶ
1796 643 1823 679 ἐξ
1849 645 1918 676 ἀθα-

1088 684 1174 711 νάτων
1199 686 1309 719 θνητοῖς
1332 685 1490 721 γενομένοις
1515 686 1563 720 τήν
1589 685 1722 725 διαδοχὴν
1746 689 1795 715 τοῦ
1819 689 1920 726 γίνους

1089 727 1274 762 ἐπισκευάσας,
1302 729 1352 763 τὴν
1378 729 1415 760 ὡς
1446 729 1551 766 εἴρηταί
1580 741 1633 758 που
1661 732 1806 764 ἀθανασίαν
1836 733 1923 771 εὑρά-

1091 783 1170 808 μενος
1198 773 1265 809 (15),
1294 773 1338 800 καὶ
1368 771 1413 801 διὰ
1439 773 1532 808 τοῦτο,
1554 775 1702 811 Αύξάνεσθε
1731 777 1778 804 καὶ
1807 776 1922 812 πληθύ-

1088 817 1172 850 νεσθε,
1201 816 1337 854 εἰρηκὼς,
1366 819 1425 849 πῶς
1463 819 1521 846 οἶόν
1549 829 1578 846 τε
1606 820 1639 854 ἦν
1673 821 1819 858 παρθενίαν
1860 821 1925 849 τότε

1089 862 1247 897 νομοθετεῖν
1267 861 1338 896 ;Καί
1367 862 1496 898 μάλιστα,
1523 863 1565 890 ὅτι
1590 864 1628 895 εἰς
1652 864 1851 903 ἀναπλήρωσιν
1866 868 1923 894 τῶν

1091 905 1117 933 ἐν
1140 908 1200 937 τοῖς
1223 906 1359 942 ποΛέμοις
1382 905 1427 934 διὰ
1450 908 1499 942 τήν
1525 907 1626 936 οἰκείαν
1652 910 1808 948 μοχθηρίαν
1835 909 1923 938 δαπα-

1092 950 1221 986 νωμένων
1236 950 1285 984 τήν
1309 952 1362 978 τῶν
1388 950 1609 989 ἐπ.γεννωμὲνων
1633 955 1689 990 (16)
1713 953 1822 989 πληθὺν
1837 955 1922 992 ἀναγ-

1093 994 1176 1022 καίων
1193 994 1273 1032 ἑώρα.
1305 993 1384 1022 Ἀλλ’
1404 995 1429 1023 ἐν
1459 996 1505 1031 μὲν
1535 999 1574 1033 τῷ
1603 995 1648 1024 διὰ
1675 998 1813 1030 Μωϋσὲως
1841 999 1921 1036 νόμῳ

1093 1038 1138 1066 καὶ
1181 1037 1308 1076 εὐλογίας
1349 1040 1421 1074 ἀξιον
1464 1041 1495 1067 τὸ
1533 1040 1729 1077 παιδοποιῆσαι
1766 1042 1921 1080 ἐνομίζετο.

1095 1082 1206 1117 Ἐπειδή
1234 1082 1262 1110 δὲ
1291 1083 1394 1119 ἤνθησε
1416 1084 1463 1120 μὶν
1487 1087 1547 1116 τοῖς
1574 1086 1685 1118 οἰκείοις
1710 1091 1828 1126 καρποῖς
1854 1098 1924 1115 παν-

1094 1126 1196 1164 ταχόσε
1223 1128 1236 1155 ὁ
1264 1128 1387 1164 κόσμος,
1413 1128 1458 1156 καὶ
1491 1129 1609 1167 τοσαύτῃ
1640 1130 1746 1165 πληθύϊ
1771 1132 1925 1169 ἀνθρώπων

1095 1172 1248 1208 κατεσπάρη
1273 1173 1291 1207 ἡ
1316 1176 1362 1210 γῆ,
1393 1173 1429 1204 ὡς
1457 1173 1527 1209 μηδέ
1553 1177 1655 1212 χωρεῖν
1683 1174 1780 1203 λοιπὸν
1795 1179 1850 1204 τῶν
1868 1176 1926 1204 ἐπι-

1096 1217 1273 1254 γεννωμὲνων
1300 1217 1331 1244 τὸ
1360 1217 1476 1252 πλῆθος,
1503 1217 1596 1253 ἐνέστη
1621 1218 1650 1247 δὲ
1681 1220 1726 1247 καὶ
1749 1220 1781 1247 τὸ
1810 1220 1856 1248 ἐπὶ
1890 1223 1926 1257 τῇ

1096 1261 1230 1299 παρουσίᾳ
1253 1263 1301 1288 τοῦ
1327 1262 1426 1299 Κυρίου
1447 1263 1528 1298 ἡμῶν
1559 1264 1814 1301 προφητευόμενον,
1832 1266 1873 1292 ὅτι
1901 1267 1928 1292 οἱ

1095 1305 1130 1342 τῇ
1146 1304 1306 1341 διδασκαλίᾳ
1317 1305 1399 1333 αὐτοῦ
1422 1307 1562 1344 φρονίμως
1580 1308 1743 1342 πεισθέντες,
1760 1309 1927 1347 συγκόψουσι

1097 1350 1145 1380 τὰς
1171 1349 1309 1387 μαχαίρας
1336 1350 1423 1377 αὐτῶν
1452 1351 1489 1382 εἰς
1519 1349 1630 1389 ἄροτρα,
1660 1352 1705 1380 καὶ
1732 1353 1780 1384 τὰς
1815 1351 1927 1388 ζιϐύνας

1098 1394 1136 1426 εἰς
1152 1393 1280 1432 δρέπανα,
1304 1394 1349 1421 καὶ
1371 1394 1402 1421 ού
1429 1395 1466 1431 μὴ
1493 1393 1615 1423 λάϐωσιν
1639 1395 1678 1424 ἔτι
1699 1394 1772 1429 ἔθνος
1788 1397 1830 1425 ἐπ’
1846 1397 1924 1429 ἔθνος

1100 1439 1247 1476 μάχαιραι,
1264 1438 1308 1466 καὶ
1325 1438 1355 1466 ού
1372 1440 1410 1475 μὴ
1437 1440 1557 1476 μάθωσιν
1580 1438 1619 1468 ἔτι
1637 1441 1780 1478 πολεμεῖν·
1798 1441 1891 1473 καλῶς
1907 1445 1925 1478 ἡ

1097 1484 1229 1521 παρθενία
1257 1484 1441 1521 ἀντιστρόφως
1478 1487 1536 1516 τοῖς
1574 1485 1619 1513 διὰ
1655 1487 1782 1522 σώματος
1814 1493 1926 1526 φθειρο-

1100 1529 1191 1565 μένοις
1219 1528 1248 1555 ἐκ
1277 1529 1410 1564 σωμάτων
1449 1529 1499 1563 τήν
1537 1530 1665 1568 ἀφθορίαν
1697 1530 1855 1568 βλαστάνει.
1884 1532 1924 1561 Οὐ

1096 1575 1239 1609 νομοθετεῖ
1267 1571 1295 1600 δὲ
1323 1573 1412 1609 ὅμως,
1437 1573 1502 1611 ὅπερ
1532 1571 1611 1613 ἔφην,
1636 1573 1698 1602 οὗτε
1719 1574 1763 1603 διὰ
1787 1576 1927 1608 Μωυσέως

1093 1617 1236 1654 παρθενίαν
1259 1617 1272 1644 ὁ
1301 1616 1401 1653 Κύριος
1431 1620 1480 1652 τῆς
1508 1620 1561 1645 τῶν
1590 1617 1709 1656 ἆῤῥένωι
1733 1619 1779 1646 καὶ
1802 1618 1925 1654 θηλείων

1093 1663 1226 1697 σωμάτων
1248 1661 1352 1698 φύσεως
1380 1661 1593 1698 στοχαζόμενος,
1617 1661 1679 1690 οὔτε
1702 1663 1728 1690 ἐν
1755 1663 1921 1701 Εὑαγγελίῳ

1091 1705 1190 1741 ταύτην
1214 1704 1378 1734 ἐντέλλεται.
1409 1705 1497 1733 Ἀλλὰ
1523 1706 1567 1734 τὸν
1600 1707 1646 1743 μὲν
1671 1707 1809 1738 Μωυσέως
1834 1708 1921 1744 νόμον

1091 1749 1258 1788 ἀνειληφὼς,
1272 1750 1304 1776 τὸ
1330 1749 1423 1777 λεῖπον
1439 1751 1506 1787 πρὸς
1530 1749 1629 1788 ἀκριϐῆ
1647 1752 1743 1788 ἀρετὴν
1765 1751 1920 1780 ἐκδιδάσκει

1091 1792 1189 1830 λέγων·
1233 1793 1371 1831 Ἑῤῥὲθη·
1409 1794 1448 1823 Ού
1486 1795 1653 1833 μοιχεύσεις.
1696 1796 1767 1834 Ἐγὼ
1802 1795 1833 1824 δὲ
1877 1808 1920 1824 σοι

1091 1837 1180 1874 λέγω·
1212 1837 1287 1873 Μηδὲ
1316 1838 1507 1876 ἐπιθυμήσῃς,
1532 1840 1577 1867 καὶ
1604 1840 1638 1867 τὰ
1667 1840 1745 1876 ἑξῆς.
1776 1841 1827 1868 Καὶ
1853 1848 1920 1873 καθ-

1091 1882 1148 1914 ίσας
1176 1882 1222 1919 μὲν
1252 1882 1295 1909 ἐπὶ
1323 1885 1372 1910 τοῦ
1401 1881 1492 1920 ὅρους,
1519 1883 1572 1910 ἀπὸ
1603 1887 1782 1921 μακαρισμῶν
1815 1886 1916 1923 ἀνοίγει

1088 1927 1119 1954 τὸ
1134 1927 1231 1963 στόμα’
1251 1926 1372 1955 ἐπελθὼν
1398 1926 1427 1954 δὲ
1440 1928 1474 1955 τὰ
1498 1930 1546 1955 τοῦ
1572 1929 1710 1960 Μωυσέως
1735 1929 1780 1956 καὶ
1811 1931 1918 1958 ἅπαντα

1087 1973 1156 2009 πρὸς
1184 1973 1232 2006 τὴν
1262 1971 1352 2007 ἀληθῆ
1388 1972 1484 2009 ἀρετὴν
1515 1972 1665 2007 ἐπιτείνας,
1695 1973 1740 2001 καὶ
1768 1975 1818 2005 τὰς
1847 1976 1918 2012 πρὸς

1087 2015 1223 2054 σωτηρίαν
1262 2016 1447 2047 συντεινούσας
1483 2016 1594 2047 ἐντολὰς
1627 2016 1780 2053 ἐκδιδάξας,
1808 2018 1920 2055 πληροῖ

1085 2060 1134 2094 τήν
1160 2059 1334 2088 διδασκαλίαν
1352 2081 1359 2094 ,
1387 2061 1431 2087 καὶ
1460 2058 1615 2089 καταϐαίνει
1653 2061 1705 2089 ἀπὸ
1741 2064 1791 2089 τοῦ
1821 2062 1916 2101 ὅρους·

1085 2103 1209 2141 οὐδαμοῦ
1225 2104 1251 2132 ἐν
1274 2107 1332 2136 ταῖς
1353 2104 1476 2136 ἐντολαῖς
1499 2105 1654 2143 παρθενίαν,
1668 2105 1726 2134 οὔτ’
1749 2106 1776 2134 ἐν
1794 2107 1915 2143 Παλαιᾷ,

1085 2147 1149 2176 οὕτε
1177 2149 1202 2176 ἐν
1241 2150 1324 2185 Καινῇ
1362 2150 1495 2186 Διαθήκῃ,
1522 2151 1708 2186 νομοθετήσας
1726 2172 1734 2179 .
1764 2149 1914 2179 Ἐϐούλετο

1084 2193 1136 2231 γὰρ
1165 2194 1202 2229 μή
1239 2192 1373 2230 ἐπίταγμα
1402 2194 1467 2220 εἶναι
1502 2194 1533 2221 τὸ
1568 2195 1733 2231 κατόρθωμα
1761 2199 1813 2230 τῆς
1842 2206 1914 2233 παρ-

1085 2237 1171 2270 θενίας
1190 2259 1197 2271 ,
1224 2236 1298 2265 ἀλλὰ
1324 2237 1515 2274 πλεονξκτημα
1549 2238 1696 2277 φιλαρέτου
1725 2241 1831 2276 ψυχῆς,
1861 2240 1914 2267 ἀπὸ

1082 2281 1255 2317 αὐτεξουσίου
1295 2281 1433 2312 αὐθεντίας
1474 2283 1505 2310 τὸ
1545 2283 1612 2319 ὑπὲρ
1639 2284 1688 2318 τὴν
1718 2283 1834 2318 ἐντολὴν
1869 2285 1914 2311 καὶ

1083 2327 1148 2363 ὑπὲρ
1175 2327 1225 2361 τὴν
1255 2326 1332 2363 φύσιν
1370 2325 1415 2364 ἀφ’
1445 2327 1543 2361 ἑαυτῆς
1571 2328 1770 2365 κατορθούσης.
1802 2330 1834 2358 Ὀ
1865 2330 1912 2365 μὲν

1081 2371 1131 2408 γὰρ
1150 2370 1238 2408 γάμος
1265 2373 1315 2404 τῆς
1343 2370 1447 2409 φύσεως
1473 2369 1561 2405 ἓνεκα,
1590 2371 1635 2399 καὶ
1657 2373 1671 2399 ὁ
1695 2372 1782 2409 νόμος
1807 2371 1914 2400 διατατ.

1080 2425 1153 2442 τεται
1177 2416 1211 2451 τῇ
1237 2414 1313 2454 φύσει
1336 2415 1368 2442 τὸ
1390 2415 1556 2454 πρόσφορον.
1582 2417 1614 2444 Ἡ
1631 2415 1660 2444 δὲ
1674 2417 1806 2455 παρθενία
1834 2418 1914 2456 ὑπερ-

1082 2456 1151 2486 ϐἆσα
1177 2459 1227 2493 τὴν
1256 2459 1341 2494 σύσιν,
1371 2457 1530 2492 ἀδούλωτος
1556 2460 1633 2497 νόμῳ
1660 2460 1743 2496 ἐστὶν,
1774 2462 1840 2499 ὑπὲρ
1863 2463 1909 2490 τὸν

1081 2504 1166 2540 νόμον
1187 2507 1237 2538 τῆς
1267 2503 1398 2542 ἀφθορίας
1425 2505 1456 2531 τὸ
1491 2505 1656 2542 κατόρθωμα
1682 2507 1722 2542 τῷ
1751 2506 1857 2544 ποιητῇ
1881 2516 1910 2533 τε

1081 2549 1125 2575 καὶ
1153 2548 1288 2584 νομοθέτῃ
1315 2548 1524 2587 προσφέρουσα.
1554 2549 1603 2576 Διὰ
1631 2551 1711 2577 τοῦτο
1741 2549 1788 2578 οὖν
1819 2551 1833 2578 ὁ
1865 2551 1911 2588 μὲν

1082 2593 1191 2630 Κύριος,
1219 2592 1272 2630 ἐρῶ
1308 2592 1401 2628 πάλιν,
1440 2591 1561 2630 οὐδαμοῦ
1598 2593 1781 2631 ἐνομοθέτησε
1807 2601 1909 2631 παρθε-

1084 2656 1110 2684 Δ.
1151 2656 1172 2674 ³³
1188 2655 1274 2683 Micb.
1292 2664 1330 2689 iv,
1346 2656 1372 2682 3.
1422 2656 1445 2674 ¹⁹
1459 2655 1561 2684 Matth.
1577 2665 1604 2692 v,
1619 2657 1673 2691 27;
1690 2658 1779 2686 Exod.
1796 2667 1843 2691 xx,
1862 2659 1904 2686 14.

1201 2763 1254 2804 ’ςὴν
1285 2764 1339 2804 τῷν
1369 2762 1600 2804 ἐπιγεννωμενων.
1630 2766 1756 2804 Deerant
1785 2765 1847 2804 haec
1875 2766 1905 2793 in

1079 2799 1177 2827 editis.
1206 2799 1357 2835 Leguntur
1385 2799 1581 2836 in'omnibus
1610 2800 1719 2836 nostris
1741 2801 1904 2836 codicibus,

1081 2843 1207 2871 quorum
1222 2837 1321 2864 tamen
1337 2835 1471 2864 nonnulli
1487 2835 1606 2872 habent,
1622 2835 1834 2874 ἐπιγενομένων.
