2010 3145
86 198 140 229 ’781

705 195 822 226 LIBER
843 195 895 226 DE
915 195 1186 228 VIRGINITATE.

1737 197 1800 228 ’182

86 263 151 290 νίαν·
168 260 243 290 εἴασε
259 260 356 298 δὲ,¹ἷνα
376 261 467 298 ὥσπερ
494 260 548 288 ἀπὸ
575 259 722 298 ἀφθαρσίας
749 260 787 291 εἰς
813 260 915 300 φθορὰν

973 270 1045 290 usus
1060 262 1149 290 homo
1164 262 1306 290 violenter
1321 263 1460 290 detrusus
1475 262 1573 297 est,ita
1587 271 1604 290 a
1614 263 1801 299 corruptione

86 308 157 344 παρὰ
173 307 254 346 φύσιν
270 306 381 343 ἀμέτρῳ
408 308 443 342 τῇ
463 305 573 342 ἐξουσίᾳ
607 306 781 343 χρησάμενος
808 303 919 340 ἐϐιάσθη

86 353 99 380 ὁ
123 351 279 388 ἄνθρωπος,
304 350 396 382 οὕτως
420 350 474 378 ἀπὸ
499 351 601 388 φθορᾶς
632 349 670 381 εἷς
695 349 844 388 ἀφθαρσίαν
871 350 921 384 τὴν

85 397 179 424 ἔπυτοῦ
210 395 289 434 φύσιν
318 395 453 432 κρείττονι
482 398 533 430 τῆς
559 394 664 432 φύσεως
686 394 841 432 προαιρέσει
859 394 921 431 βιά-

85 451 172 476 σηται.
190 440 244 468 Καὶ
274 439 305 467 ού
333 440 484 476 νομοθετεῖ
513 439 572 475 μὶν,
590 439 674 476 φημὶ,
698 437 760 466 οὐδὲ
786 438 920 466 ἐπιτάττει

84 485 114 512 τὸ
141 484 311 521 κατόρθωμα
339 486 441 517 τοῦτο,
474 483 609 521 ἐξαίρετόν
637 493 663 510 τι
693 483 737 510 καὶ
768 483 833 520 ὑπὲρ
869 483 918 517 τήν

84 529 159 568 φύσιν
188 529 236 556 καὶ
268 529 336 567 ὑπὶρ
362 529 408 555 τὸν
438 528 523 564 νόμον
556 527 706 564 φιλαρὲτου
736 529 828 565 ψυχῆς
853 527 918 554 εἶναι

82 574 234 612 γινώσκων.
261 573 394 603 Ἀκούσας
424 571 454 600 δὲ
475 575 525 599 τοῦ
555 572 626 609 πρὸς
657 571 735 599 αὐτὸν
766 572 916 609 εἴρηκότος,

83 619 121 647 0'3
158 618 296 655 συμφέρει
340 620 489 655 γαμῆσαι,
518 617 549 644 τὸ
601 617 733 655 ὑπερφυὲς
781 615 918 644 ἐνδεικνύ-

83 673 161 701 μενος
207 666 259 697 τῆς
302 661 476 700 παρθενίας,
506 661 587 700 φησίν
609 671 615 677 ⁸
645 661 685 690 Οὐ
721 661 818 691 πάντες
858 670 918 698 χω-

84 710 190 746 ροῦσιν.

113 755 158 781 56.
175 753 223 783 Ὠς
250 752 300 780 καὶ
329 752 344 779 ὁ
375 751 514 783 θειότατος
543 750 724 786 Ἀπόστολος,
754 751 812 778 κατ’
842 750 919 788 ἴχνος

85 798 231 834 ἑπόμενος,
247 796 281 824 τὰ
309 796 357 833 μὶν
374 796 510 834 ἀναγκαῖα
524 796 592 832 πρὸς
609 796 681 830 ζωὴν
712 795 739 823 ἐν
767 799 826 826 ταῖς
843 796 917 824 Ἐπι-

85 842 195 873 στολαῖς
228 841 421 869 διατάσσεται·
453 841 498 868 καὶ
535 841 585 875 τὴν
616 839 780 876 Ἐκκλησίαν
815 841 918 876 ἑκάστῳ

85 889 206 925 τάγματι
236 886 275 918 ὡς
297 886 323 914 "at
349 887 441 922 σῶμα,
458 885 512 913 ἀπὸ
537 885 658 924 κεφαλῆς
681 884 732 916 ἕως
754 884 854 922 ἄκρων,
879 885 917 915 ὠς

88 932 117 959 ἄν
132 942 176 962 τις
193 930 279 965 εἴποι,
296 930 403 968 ὀνύχων
433 932 542 966 κοσμεῖ·
558 929 621 967 περί
646 928 674 957 δὲ
697 932 750 957 τῶν
764 930 915 966 παρθένων,

82 975 158 1004 οὐδὲν
188 976 237 1012 μὶν
270 975 314 1014 ἀφ’
339 975 434 1002 ἑαυτοῦ
461 974 648 1013 ἆποφαίνεται¹
666 973 844 1010 ἐρωτώμενος
873 973 911 1011 δὲ,

84 1024 211 1057 μιμεῖται
241 1019 288 1047 τὸν
316 1019 425 1057 Κύριον,
450 1018 495 1046 καί
523 1029 600 1057 φησι·
618 1018 682 1057 Περῖ
712 1017 740 1046 δὲ
766 1021 820 1046 τῶν
846 1030 913 1057 παρ-

82 1066 164 1097 θένων
189 1065 321 1103 ἰπιταγήν
347 1063 448 1101 Κυρίου
473 1063 523 1091 ούκ
549 1061 615 1102 ἔχω.
643 1062 772 1100 Ούδαμοῦ
795 1063 845 1101 γὰρ
870 1064 912 1091 εὑ-

83 1110 180 1148 ρίσκω,
199 1108 263 1137 οὗτε
288 1109 314 1136 ἐν
336 1109 426 1146 νόμῳ,
452 1107 508 1136 οὔτ’
534 1108 560 1135 ἐν
585 1107 757 1146 Εὐαγγελίῳ,
773 1110 853 1135 τοῦτο
882 1109 913 1136 τὸ

84 1154 215 1192 μέγιστον
232 1157 325 1189 κτῆμα
337 1156 388 1187 τῆς
403 1151 552 1191 φιλαρὲτου
567 1153 658 1189 ψυχῆς
672 1151 718 1179 τὸν
732 1151 829 1189 Κύριον
855 1151 913 1178 ἐπι-

83 1199 206 1234 τάξαντα.
239 1198 284 1229 Ὡς
310 1196 338 1224 δὲ
367 1198 381 1224 ὁ
410 1196 511 1233 Κύριος
550 1196 697 1234 ἰρωτηθεὶς
725 1196 756 1223 τὸ
787 1195 844 1232 μὶν,
875 1195 913 1224 Οὐ

85 1245 184 1274 πάντες
215 1244 352 1280 χωροῦσι,
381 1244 439 1272 τοῖς
468 1241 633 1279 ἑρωτήσασιν
663 1240 836 1278 ἀπεκρίνατο,
863 1240 914 1268 οὐκ

85 1286 186 1325 ἔκρυψε
202 1286 232 1314 δὲ
245 1284 308 1313 οὔτε
322 1286 353 1313 τὸ
370 1285 495 1323 μέγεθος,
511 1284 572 1313 οὔτε
583 1285 629 1312 τὸν
652 1286 753 1322 τρόπον
775 1286 798 1321 ᾧ
820 1284 850 1312 ἄν
870 1295 913 1315 τις

86 1332 270 1368 κατορθώσειε
284 1330 438 1368 παρθενίαν,
455 1329 518 1358 ἀλλ’
533 1329 676 1367 ἐπενέγκας
700 1330 731 1357 τὸ
754 1330 845 1366 τρίτον
875 1329 914 1356 εἶ-

88 1376 133 1408 δος
148 1380 200 1411 τῆς
215 1375 358 1413 εὐνουχίας
374 1374 518 1411 ὑπέδειξεν·
545 1374 617 1402 οὕτω
640 1374 725 1412 κάγὼ,
743 1374 765 1401 εἰ
789 1374 833 1401 καὶ
855 1373 912 1402 ἐπι-

87 1422 175 1459 ταγὴν
193 1420 295 1457 Κυρίου
311 1419 360 1447 οὐκ
376 1419 445 1457 ἔχω,
461 1418 535 1446 ἀλλὰ
557 1419 674 1456 γνώμην
699 1418 810 1454 δίδωμι.
827 1420 913 1445 ’Όπου

88 1466 138 1504 γὰρ
154 1466 222 1502 ὑπὲρ
240 1465 288 1498 τὴν
310 1464 388 1503 φύσιν
405 1463 500 1500 μέλλει
515 1464 634 1501 γίνεσθαι
658 1466 738 1490 τοῦτο
760 1463 791 1490 τὸ
815 1464 913 1500 κατόρ-

89 1516 168 1546 θωμα
181 1509 239 1536 ἐκεῖ
261 1506 423 1536 ἐκϐάλλεται
450 1508 496 1544 μὲν
521 1508 589 1535 ἅπαν
616 1505 801 1545 δουλοπρεπὲς
825 1506 915 1534 ἐπίτα-

87 1564 153 1592 γμα·
181 1553 311 1591 ἐλευθέρα
334 1551 363 1580 δὲ
386 1550 530 1590 συμϐουλὴ
556 1553 738 1592 ὑποφωνοῦσα
769 1555 829 1584 πῶς
857 1553 913 1589 χρὴ

86 1600 132 1626 τὸν
163 1598 306 1636 ἐλεύθερον
333 1598 432 1629 παντὸς
466 1597 661 1635 ἐπιτάγματος,
690 1597 830 1635 κρείττονα
862 1597 914 1624 ἀπὸ

93 1643 214 1679 ἐξουσίας
238 1635 395 1680 γενόμενον,
419 1642 487 1679 πρὸς
510 1641 656 1680 ἀφθαρσίπν
681 1640 840 1679 παραδόξως
864 1642 914 1675 τήν
930 1635 952 1669 C

95 1689 172 1726 φύσιν
192 1686 345 1725 βιάσασθαι,
359 1686 472 1724 καιρίως
489 1688 543 1723 (17)
560 1686 702 1723 εἰσάγεται.
719 1687 763 1718 Ὦς
779 1685 823 1713 οὖν
839 1686 852 1713 ὁ
869 1685 918 1712 Κύ-

92 1743 149 1770 ριος
164 1731 232 1762 τοὺς
247 1730 365 1768 τρόπους
385 1733 436 1764 τῆς
451 1730 518 1757 κατὰ
532 1730 581 1764 τὴν
606 1729 748 1767 παρθενίαν
774 1729 916 1766 εὐνουχίας

93 1776 256 1814 ἐρωτηθεὶς,
273 1775 359 1806 οὕτως
372 1775 386 1802 ὁ
404 1775 528 1810 μαθητὴς
542 1777 593 1808 τῆς
607 1773 752 1810 παρθενίας
772 1774 821 1808 τὴν
848 1784 917 1810 συμ-

93 1819 199 1855 ϐουλὴν
227 1820 392 1857 εἰσηγήσατο
420 1818 525 1856 λέγων·
544 1819 607 1856 Περὶ
639 1817 668 1846 δὲ
696 1820 749 1846 τῶν
777 1819 916 1856 παρθένων

93 1865 224 1903 ἐπιταγὴν
254 1864 358 1901 Κυρίου
387 1863 437 1891 οὐκ
466 1861 534 1901 ἔχω·
551 1863 666 1901 γνώμην
695 1862 723 1890 δὲ
753 1861 853 1899 δίδωμι
881 1864 919 1894 ὡς

91 1910 250 1946 ἠλεημένος
278 1909 330 1936 ὑπὸ
360 1907 462 1946 Κυρίου
491 1908 588 1938 πιστὸς
616 1907 695 1935 εἶναι.
725 1907 841 1943 Νομίζω
871 1907 917 1934 οὖν

92 1957 174 1982 τοῦτο
202 1953 288 1981 καλὸν
322 1952 452 1990 ὑπάρχειν
483 1951 528 1979 διὰ
563 1952 613 1986 τήν
652 1951 798 1978 ἐνεστῶσαν
834 1951 919 1988 ἀνάγ-

92 2010 155 2034 κην,
185 1998 227 2026 δτι
256 1996 341 2025 καλὸν
376 1997 511 2033 ἀνθρώπῳ
539 1997 571 2023 τὸ
609 1996 695 2027 οὕτως
735 1996 811 2025 εἶναι.
842 1994 917 2023 Δέδε-

94 2055 135 2071 σαι
166 2042 292 2080 γυναικί;
308 2041 353 2069 καὶ
380 2040 464 2079 ἔφθης
492 2043 531 2077 τῷ
559 2040 651 2076 δεσμῷ
677 2040 766 2073 τούτῳ
791 2040 844 2075 πρὸ
868 2041 918 2073 τῆς

94 2088 222 2125 γνώσεως
235 2089 284 2114 τοῦ
299 2086 368 2114 κατὰ
396 2086 445 2120 τήν
473 2085 614 2122 παρθενίαν
640 2084 726 2112 καλοῦ
753 2084 919 2124 προληφθῆ-

95 2142 163 2166 ναι;
191 2132 229 2168 μή
261 2132 336 2166 ζήτει
366 2129 454 2158 λύσιν.
482 2128 600 2157 Λὲλυσιιι
628 2129 681 2156 ἀπὸ
702 2127 848 2167 γυναικός;
881 2129 918 2165 μή

97 2177 172 2210 ζήτει
198 2177 322 2212 γυναῖκα.
338 2173 413 2201 Ἀντί
436 2175 500 2207 τῶν,
527 2173 574 2207 Μὴ
605 2173 680 2207 ζήτει
710 2171 807 2209 δεσμὸν
838 2172 920 2207 δεθῆ-

95 2231 148 2247 ναι.
166 2219 230 2247 Ἐὰν
258 2217 287 2246 δὲ
315 2218 359 2245 καὶ
388 2219 530 2256 γαμήσῃς,
559 2217 612 2255 οὐχ
638 2217 769 2254 ἥμαρτες.
800 2217 849 2244 Καὶ
875 2216 920 2244 ἐὰν

95 2265 208 2302 γήμῃὴ
225 2262 368 2301 παρθένος,
395 2262 449 2299 οὐχ
476 2262 592 2298 ἥμαρτε.
608 2261 705 2298 Θλίψιν
736 2260 764 2289 δὲ
791 2263 825 2298 τῇ
855 2272 921 2299 σαρ-

975 307 1010 334 ad
1027 307 1277 343 incorruptionem
1287 309 1423 335 naturam
1438 315 1522 334 suam
1534 307 1682 342 proposito
1693 309 1801 336 natura

974 351 1103 385 meliore,
1122 352 1181 379 vim
1199 352 1355 387 quamdam
1372 351 1428 379 sibi
1444 351 1597 386 adhibens,
1616 352 1797 386 perveheret.

974 396 1031 423 Nec
1047 396 1140 424 instar
1163 396 1237 431 legis
1250 396 1420 432 praescribit,
1437 395 1570 431 inquam,
1587 404 1639 424 nec
1668 396 1800 432 praecipit

975 441 1028 468 hoc
1043 440 1223 475 institutum,
1240 440 1376 468 eximiam
1393 441 1564 476 quamdam.
1581 448 1614 468 ac
1641 449 1732 476 supra
1747 449 1800 468 na-

973 487 1070 513 turam
1095 487 1123 512 et
1150 493 1241 521 supra
1265 485 1370 520 legem,
1386 485 1490 512 anima
1515 485 1631 512 virtutis
1656 485 1798 513 studiosa:

975 529 1090 557 laudem
1106 537 1171 557 esse
1187 529 1294 557 sciens.
1311 531 1383 556 Cum
1395 531 1493 556 autem
1509 529 1643 557 audisset
1659 530 1800 565 eum,qui

975 575 1009 601 ad
1026 574 1110 601 illum
1127 574 1242 601 dicebat
1259 581 1265 601 :
1281 574 1339 601 Non
1355 573 1467 609 expedit
1480 574 1582 601 nubere
1597 574 1640 608 21;
1656 574 1800 602 excellen-

974 619 1045 646 tiam
1061 620 1267 646 demonstrans
1288 618 1465 655 virginitatis
1481 619 1542 652 ait;
1559 618 1619 646 Non
1641 626 1733 646 omnes
1755 627 1799 647 ca-

972 664 1052 698 piunt
1067 663 1101 691 ”.

1007 753 1313 786 56.Quemadmodum
1330 754 1358 780 et
1373 752 1577 780 divinissimus
1591 752 1750 788 Apostolus
1764 751 1800 779 il-

973 797 1030 825 lius
1045 797 1168 833 vestigia
1183 805 1319 833 sequens,
1333 805 1397 832 quas
1413 797 1531 833 quidem
1548 797 1714 825 necessaria
1729 798 1802 825 sunt

973 843 1008 870 ad
1018 842 1145 870 vitamin
1157 842 1294 877 Epistolis
1306 841 1438 878 prmeipit
1450 850 1456 875 ;
1469 850 1502 869 ac
1514 841 1671 869 Ecclesiam
1683 841 1712 869 in
1725 850 1800 869 uno-

972 895 1089 923 quoque
1100 886 1294 920 ordine,velut
1304 894 1394 914 unum
1407 894 1513 922 corpus
1525 894 1541 913 a
1552 886 1646 922 capite
1659 894 1753 921 usque
1761 886 1795 914 ad

972 934 1127 965 extremos,
1144 933 1176 958 ut
1192 931 1232 958 ita
1245 930 1352 965 dicam,
1369 938 1482 966 ungues
1497 932 1638 958 exornat:
1654 930 1690 958 de
1704 930 1799 966 virgi-

970 975 1056 1003 nibus
1072 979 1169 1003 autem
1181 975 1254 1003 nihil
1268 983 1302 1003 ex
1319 975 1415 1011 seipso
1432 974 1622 1010 pronuntiat;
1636 975 1686 1003 sed
1703 974 1795 1002 inter-

966 1023 1086 1056 rogatus
1100 1020 1235 1048 imitatur
1246 1019 1403 1047 Dominum
1417 1021 1445 1047 et
1456 1019 1496 1046 ait
1508 1027 1514 1046 :
1528 1020 1565 1047 De
1574 1019 1734 1056 virginibus
1748 1028 1797 1047 au-

966 1067 1019 1092 tem.
1031 1066 1195 1100 praeceptum
1211 1065 1319 1092 Domini
1334 1072 1389 1091 non
1400 1064 1484 1091 habeo
1493 1064 1527 1091 ’³.
1544 1064 1696 1099 Nusquam
1713 1064 1792 1092 enim

967 1109 1079 1145 reperio
1102 1117 1154 1136 nec
1169 1109 1199 1136 in
1216 1108 1286 1144 lege,
1301 1109 1376 1136 669
1395 1116 1446 1136 nec
1472 1109 1502 1136 in
1526 1108 1681 1145 Evangelio
1697 1108 1794 1136 maxi-

968 1162 1049 1182 mum
1066 1153 1138 1181 illud
1164 1155 1368 1181 ornamentum
1389 1153 1494 1184 animae
1520 1153 1636 1193 virtutis
1652 1154 1791 1182 studiosa!

967 1198 1171 1234 prtescriptum
1187 1206 1203 1225 α
1216 1198 1339 1226 Domino
1356 1198 1458 1226 fuisse.
1471 1198 1723 1230 Quemadmodum
1739 1207 1793 1226 au-

967 1246 1025 1270 tem
1044 1243 1184 1270 Dominus
1199 1243 1398 1278 interrogatus
1409 1242 1482 1270 illud
1498 1243 1689 1278 quidem,Non
1699 1250 1794 1271 omnes

967 1289 1089 1323 capiunt,
1107 1287 1356 1323 interrogantibus
1372 1287 1723 1323 respondit,nequnquam
1743 1295 1793 1314 au-

968 1335 1026 1360 tem
1042 1331 1378 1367 absconditvirginitatis
1386 1332 1653 1367 praestantiammec
1668 1331 1790 1359 modum

968 1385 1026 1412 quo
1042 1376 1109 1412 quis
1121 1375 1200 1403 illam
1218 1378 1427 1411 consequatur,
1437 1376 1487 1403 sed
1503 1376 1624 1403 tertium
1640 1375 1791 1403 eunucho-

969 1429 1034 1448 rum
1047 1429 1140 1456 genus
1152 1420 1279 1448 ostendit
1293 1429 1300 1447 τ
1312 1421 1352 1447 ita
1367 1422 1396 1447 et
1411 1419 1531 1455 ego,etsi
1544 1422 1720 1456 praeceptum
1737 1420 1792 1448 Do-

970 1465 1041 1493 mini
1058 1473 1115 1493 non
1126 1465 1263 1497 habeo,at
1274 1464 1431 1492 consilium
1443 1465 1479 1491 do
1491 1464 1596 1492 ".Cum
1615 1464 1692 1491 enim
1704 1472 1793 1500 supra

969 1512 1105 1538 naturam
1119 1510 1215 1537 futura
1230 1509 1268 1537 sit
1283 1509 1343 1536 hinc
1358 1509 1461 1543 virtus,
1472 1508 1551 1537 illinc
1568 1517 1655 1537 omne
1670 1508 1793 1546 expelli-

968 1556 1017 1582 tur
1032 1554 1135 1581 servile
1158 1555 1346 1589 praeceptum,
1363 1561 1396 1580 ac
1420 1552 1532 1581 liberali
1549 1553 1671 1582 consilio
1686 1562 1794 1590 oppor-

968 1601 1040 1626 tune
1054 1599 1174 1625 docetur
1188 1598 1334 1633 quomodo
1353 1600 1485 1633 oporteat
1499 1606 1577 1633 eum,
1594 1598 1645 1634 qui
1661 1597 1735 1626 liber
1750 1599 1797 1626 est

972 1643 1007 1670 ab
1031 1642 1112 1670 omni
1126 1644 1281 1678 praecepto,
1298 1641 1448 1670 meliorem
1467 1650 1500 1669 ex
1515 1644 1658 1678 potestate
1672 1642 1796 1676 factum,

972 1687 1078 1714 miram
1090 1688 1200 1714 natura:
1208 1686 1266 1713 vim
1274 1686 1380 1714 infe're
1387 1687 1421 1714 ad
1430 1686 1797 1723 inuorruptionem.0uem-

972 1731 1131 1759 admodum
1141 1731 1231 1767 igitur
1244 1730 1384 1758 Dominus
1394 1731 1532 1767 virginea:
1543 1731 1727 1759 castrationis
1738 1739 1799 1758 mo-

973 1776 1025 1804 dos
1042 1776 1237 1811 interrogatus
1249 1776 1377 1811 aperuit:
1389 1775 1430 1803 ita
1445 1775 1608 1811 discipulus
1618 1775 1798 1811 virginitatis

973 1820 1129 1848 consilium
1158 1820 1284 1852 induxit,
1302 1819 1403 1847 dicens
1417 1820 1440 1837 ’⁵
1455 1828 1462 1847 :
1480 1820 1516 1847 De
1539 1820 1693 1855 virginibus
1707 1824 1799 1847 autem

972 1867 1140 1901 praeceptum
1165 1865 1273 1892 Domini
1294 1873 1349 1891 non
1374 1864 1477 1894 habeo;
1492 1865 1637 1892 consilium
1661 1868 1751 1892 autem
1766 1863 1799 1892 do

973 1913 1109 1945 tanquam
1125 1909 1347 1936 misericordiam
1365 1912 1523 1936 consecutus
1538 1917 1554 1936 a
1570 1909 1685 1936 Domino
1700 1910 1730 1936 ut
1744 1910 1800 1937 sim

973 1953 1075 1989 ﬁdelis.
1092 1953 1227 1980 Existimo
1243 1961 1308 1988 ergo
1322 1954 1371 1980 hoc
1386 1954 1488 1980 bonum
1500 1961 1558 1981 esse
1568 1955 1679 1989 propter
1693 1955 1801 1982 instan-

974 2003 1028 2026 tem
1042 1999 1240 2031 necessitatem,
1254 1999 1383 2032 quoniam
1399 1998 1499 2026 bonum
1513 2001 1553 2026 est
1568 1998 1723 2026 haminisic
1733 2007 1800 2026 esse.

974 2043 1108 2078 Alligatus
1120 2050 1147 2069 es
1159 2042 1244 2069 uxori
1255 2043 1266 2068 7
1277 2050 1310 2069 ac
1324 2044 1547 2077 prmoccupatus
1559 2050 1589 2070 es
1609 2042 1664 2069 hoc
1673 2042 1800 2077 vinculo,

975 2088 1131 2121 antequam
1148 2093 1283 2113 nosceres
1302 2085 1482 2121 virginitatis
1506 2086 1636 2113 bonum?
1651 2086 1710 2113 noli
1725 2093 1802 2121 qum-

974 2139 1035 2158 rere
1047 2131 1218 2158 solutionem.
1236 2130 1345 2157 Solutus
1367 2138 1396 2157 es
1417 2130 1453 2157 ab
1475 2131 1585 2158 uxore?
1599 2130 1659 2158 noli
1680 2138 1803 2166 quaerere

975 2183 1098 2202 umorem.
1115 2174 1201 2207 Quasi
1219 2175 1297 2202 dicat
1313 2182 1319 2201 ς
1338 2174 1378 2201 Ne
1395 2182 1510 2210 quaeras
1530 2174 1648 2203 vinculo
1660 2174 1753 2211 ligari.
1771 2175 1804 2202 Si

975 2224 1066 2247 autem
1081 2223 1106 2246 et
1120 2227 1238 2246 uxorem
1254 2219 1380 2252 dureris,
1395 2227 1451 2247 non
1467 2220 1592 2255 peccasti.
1611 2221 1643 2248 ΕΙ
1665 2220 1691 2247 si
1703 2228 1803 2256 nupse-

975 2265 1013 2292 rit
1029 2265 1114 2298 virgo,
1139 2271 1193 2291 non
1214 2264 1344 2297 peccavit.
1373 2264 1588 2292 Tribulalionem
1603 2266 1696 2292 tamen
1711 2266 1804 2292 carnis

95 2309 122 2336 κὶ
145 2307 251 2343 ἕξουσιν
280 2307 306 2333 οἱ
327 2308 460 2341 τοιοῦτοι,
486 2305 639 2344 ἀνοίγοντες
669 2306 774 2336 δαυτοῖς
803 2305 846 2333 διὰ
872 2308 917 2332 τοῦ

975 2308 1111 2336 habebunt
1139 2307 1307 2344 hujusmodi,
1336 2309 1501 2344 aperientes
1530 2309 1725 2345 sibimetipsis
1755 2318 1807 2345 per

96 2352 186 2390 γάμου
215 2349 317 2378 ὁδυνῶν
348 2350 538 2388 ἐργαστήριον.
571 2350 638 2387 Ἐγὼ
668 2348 696 2376 δὲ
724 2350 799 2386 ὑμῶν
830 2349 922 2389 φείδο-

98 2408 156 2433 μαι.
177 2397 266 2425 Τοῦτο
296 2394 324 2423 δὲ
355 2405 439 2434 φημι,
467 2393 592 2434 ἀδελφοὶ,
615 2395 629 2422 ὁ
658 2394 753 2432 καιρὸς
780 2394 924 2422 συνεσταλ-

99 2441 180 2478 μένος
211 2440 266 2468 ἰπὶ
294 2440 325 2467 τὸ
357 2439 466 2467 λοιπόν.
491 2440 525 2466 At
553 2439 604 2476 γὰρ
630 2441 720 2476 χῶραι
748 2438 854 2473 λευκαὶ,
880 2439 925 2466 καὶ

97 2484 151 2520 ἤδη
180 2484 232 2512 εἰσὶ
262 2484 331 2521 πρὸς
362 2483 489 2521 θερισμὸν
511 2483 623 2510 λοιπόν·
640 2484 698 2511 Ἵνα
713 2483 757 2510 καὶ
773 2484 800 2510 οἱ
815 2483 925 2521 ἔχοντες

97 2532 227 2568 γυναῖκας
247 2528 285 2559 ὡς
317 2528 355 2564 μή
385 2525 496 2566 ἔχοντες
527 2527 604 2555 ὦσιν.
621 2527 682 2564 Οὐχ
711 2528 736 2554 οἳ
763 2529 800 2564 μή
817 2525 926 2566 ἔχοντες

98 2575 135 2605 ὥς
151 2574 180 2600 οἳ
195 2571 315 2611 ἔχοντες.
330 2573 432 2610 Ὥσπερ
448 2572 492 2600 οὖν
509 2571 575 2598 ἔνιοι
594 2572 631 2608 μὴ
654 2571 765 2609 ἔχοντες
793 2571 837 2599 διὰ
858 2583 926 2610 παρ-

99 2617 188 2650 θενίας
205 2616 365 2654 ὑπόσχεσιν,
382 2617 418 2648 ὡς
440 2615 549 2654 ἔχοννες
568 2617 618 2650 τὴν
643 2616 787 2654 παρθενίαν
803 2617 860 2653 (18)
885 2616 926 2643 ἐν-

100 2661 250 2700 υϐρίζουσι.
279 2661 328 2688 Καὶ
367 2662 392 2688 οἱ
427 2660 589 2696 κλαίοντες,
615 2661 651 2690 ὡς
691 2661 729 2698 μή
766 2660 924 2692 κλαίοντες·

978 2352 1199 2380 matrimonium
1223 2352 1357 2381 dolorum
1375 2353 1536 2381 ofﬁcinam.
1555 2354 1610 2388 Ego
1625 2358 1717 2382 autem
1733 2354 1807 2382 vobis

976 2404 1068 2433 parco.
1090 2397 1142 2424 Hoc
1164 2401 1257 2425 autem
1281 2398 1352 2432 dico,
1375 2397 1492 2434 fratres,
1515 2400 1621 2434 tempus
1641 2399 1705 2434 jam
1726 2399 1808 2427 breve

978 2446 1025 2470 est.
1043 2441 1115 2470 Nam
1141 2441 1273 2476 regiones
1299 2441 1371 2469 alba:
1387 2445 1467 2474 sunt.
1480 2444 1604 2479 jamque
1624 2444 1660 2471 ad
1678 2452 1805 2472 messem

979 2488 1086 2522 parata:
1101 2486 1123 2503 ⁸⁵
1137 2494 1143 2513 :
1163 2486 1194 2514 Ut
1204 2487 1229 2513 et
1245 2487 1293 2522 qui
1307 2486 1407 2514 habent
1422 2489 1672 2523 uxores,tmiquam
1688 2496 1743 2516 non
1757 2489 1806 2515 ha-

981 2531 1072 2558 bentes
1087 2530 1154 2558 sint.
1167 2530 1230 2558 Non
1245 2531 1326 2565 dicit,
1343 2533 1375 2558 ut
1391 2532 1440 2567 qui
1457 2540 1514 2559 non
1531 2531 1650 2567 habent,
1666 2534 1808 2567 tanquam

980 2575 1122 2603 habentes
1147 2574 1216 2603 sint.
1232 2576 1483 2608 Quemadmodum
1508 2576 1638 2612 profecto
1662 2575 1809 2611 nonnulli,

981 2627 1039 2647 non
1065 2618 1206 2647 habentes
1229 2623 1348 2656 propter
1377 2620 1556 2656 virginitatis
1585 2619 1809 2655 professionem,

983 2665 1122 2698 tanquam
1141 2664 1292 2699 habenles,
1309 2664 1469 2701 virginitati
1484 2664 1612 2691 dedecus
1629 2663 1763 2693 inurunt.
1779 2665 1812 2693 Et

133 2744 155 2763 ²¹
170 2744 277 2774 Matth.
293 2750 352 2776 nx,
370 2741 412 2769 10.
451 2740 474 2758 ²²
489 2740 562 2769 ibid.
579 2741 624 2769 11.
663 2741 686 2759 ³³
702 2742 713 2770 I
729 2742 793 2771 Cor.
809 2753 860 2780 vn,
876 2745 917 2772 25.

973 2745 984 2762 ⁴
996 2745 1067 2774 ibid.
1108 2746 1130 2764 "
1146 2744 1217 2773 ibid.
1233 2744 1331 2771 25-36.
1370 2743 1392 2761 ³⁸
1406 2743 1493 2771 Joan.
1507 2751 1544 2777 ιν,
1560 2743 1605 2771 35.

208 2821 339 2859 καιρίως.
355 2822 494 2851 Nonnulli
509 2823 636 2857 codices,
654 2821 769 2859 κύρμος.

135 2824 191 2895 ἓέἔέ

207 2857 268 2892 Τὴν
284 2859 436 2895 καρθεοίαν.
453 2859 500 2888 Sic
515 2868 586 2888 mss.
604 2862 633 2887 et
649 2857 757 2887 Veheta
772 2859 871 2888 editio.
889 2860 916 2888 M

979 2860 1010 2889 in
1026 2861 1195 2895 Parisiensi,
1210 2859 1260 2893 τὴν
1275 2857 1414 2895 καρθίνον,
