2010 3145
185 203 246 234 783

654 203 852 234 APPENDIX
875 203 1037 235 OPERUM
1060 204 1092 234 S.
1115 204 1259 235 BASILII
1282 204 1420 235 MAGNI.

1837 201 1897 231 ’784

186 270 235 306 qui
249 270 325 305 ﬂent,
340 271 472 304 tanquam
488 276 542 297 non
565 270 681 304 ﬂentes;
695 271 720 297 et
741 270 790 305 qui
803 269 933 304 gaudent,
949 274 1012 297 tan-

1077 269 1112 296 ιαὶ
1144 269 1169 296 οἳ
1198 269 1350 308 χαίροντες,
1379 270 1416 302 ὡς
1446 270 1484 306 μή
1514 268 1676 307 χαίροντες·
1705 267 1750 295 καὶ
1779 267 1806 294 οἱ
1832 267 1897 304 ἆγο-

187 322 270 350 quam
283 321 337 342 non
355 313 523 350 gaudentes;
538 317 563 341 et
573 314 621 349 qui
635 316 876 350 emunt,tanquam
885 322 941 342 non
950 322 1013 350 pos-

187 359 325 390 sidentes;
341 360 367 386 ει
388 359 437 394 qui
457 360 575 386 utuntur
599 359 648 386 hoc
671 358 782 392 mundo,
805 363 937 395 tanquam
959 367 1015 387 non

189 406 314 432 utantur.
330 404 462 431 Praeterit
485 404 559 431 enim
587 404 679 439 ﬁgura
707 403 789 438 huius
818 404 924 431 mundi.
943 404 1015 431 Volo

189 451 280 476 autem
296 455 339 476 vos
354 448 415 475 sine
427 447 619 476 sollicitudine
632 456 697 476 esse.
723 449 776 482 Qui
788 450 848 476 sine
863 456 951 476 uxore
966 452 1014 483 est,

189 493 325 521 sollicitus
339 497 379 520 est
393 499 456 528 qui?
470 497 534 519 sunt
550 493 671 525 Domini,
685 493 818 528 quomodo
832 492 946 528 placeat
961 493 1016 520 Do-

189 539 275 566 mino.
291 537 345 571 Qui
368 539 461 564 autem
484 545 546 564 cum
562 545 649 564 uxore
668 538 717 572 est,
732 537 867 565 sollicitus
891 539 930 565 est
955 544 1017 572 qua?

189 583 254 610 sunt
277 581 386 616 mundi,
402 581 532 617 quomodo
546 582 655 617 placeat
679 583 763 609 uxori
772 590 782 613 ,'
801 584 827 609 et
842 582 938 610 divisa
953 585 1017 609 sunt

189 627 290 654 mulier
301 633 364 662 qua:
374 627 478 662 nupsit,
495 628 521 654 et
531 627 617 662 virgo.
637 626 755 662 Innupta
769 627 869 662 cogitat
882 634 944 662 quae
964 627 1016 654 Do-

188 671 261 698 mini
275 671 349 705 sunl,
366 674 396 698 ut
419 671 457 698 sit
470 672 567 698 sancta
583 678 695 706 corpore
709 675 736 698 et
753 671 868 706 spiritu.
885 671 952 704 Quae
967 679 1018 698 uu-

190 721 245 743 tem
264 716 352 751 nupta
381 719 431 750 est,
445 715 546 750 cogitat
579 722 642 751 quae
669 717 734 742 sunt
762 715 870 750 mundi,
885 715 1018 751 quomodo

189 761 295 796 placeat
308 760 377 788 viro.
394 760 447 788 Hoc
470 762 562 788 autem
584 760 621 787 ad
644 760 796 788 utilitatem
810 762 932 788 vestram
946 759 1017 793 dico,

192 812 248 833 non
263 806 293 832 ut
304 805 430 840 laqueum
440 804 514 832 vobis
525 804 664 839 injiciam,
678 804 722 832 sed
733 804 769 832 ad
791 805 819 832 id
834 804 905 840 quod
921 805 1018 832 hones-

193 851 252 877 tum
266 850 345 883 est,et
360 849 430 884 quod
438 849 598 884 facultatem
611 849 730 884 praebeat
745 850 806 877 sine
820 849 1019 884 impedimento

193 895 340 923 Dominum
355 893 524 921 obsecrandi.
542 893 572 921 Si
587 894 648 929 quis
663 896 753 921 autem
767 895 875 930 turpem
889 902 917 921 se
930 893 1020 921 videri

1071 313 1205 351 ράζοντες,
1232 315 1269 345 ὡς
1298 315 1336 351 μὴ
1366 313 1602 352 κατέχοντες⁶καὶ
1631 314 1657 340 οἱ
1686 314 1829 350 χρώμενοι
1858 312 1898 346 τῷ

1070 359 1167 396 κόσμῳ
1194 359 1293 396 τούτῳ,
1312 360 1349 390 ὡς
1377 360 1415 396 μή
1445 358 1666 396 καταχρώμενοι.
1696 358 1814 394 Παράγει
1844 355 1898 393 γὰρ

1069 404 1101 430 τὸ
1128 407 1225 441 σχῆμα
1250 406 1298 431 τοῦ
1327 403 1432 440 κόσμου
1461 403 1569 431 τούτου.
1586 401 1663 430 Θέλω
1689 400 1717 428 δὲ
1744 402 1816 437 ὑμᾶς
1831 399 1899 436 ἀμε-

1072 448 1183 486 ρίμνους
1214 449 1288 476 εἶναι.
1305 449 1335 477 Ὁ
1365 449 1470 485 ἄγαμος
1501 449 1620 486 μεριμνᾷ
1647 446 1681 474 τὰ
1708 448 1756 473 τοῦ
1781 444 1900 482 Κυρίου,

1071 495 1129 524 πῶς
1159 493 1240 530 ἀρέσῃ
1255 495 1311 529 (19)
1338 495 1377 529 τῷ
1405 493 1508 531 Κυρίῳ.
1524 493 1552 519 '0
1581 490 1610 519 δὲ
1636 491 1762 529 γαμήσας
1781 491 1903 527 μεριμνᾷ

1070 537 1103 565 τὰ
1130 539 1179 565 τοῦ
1207 538 1324 574 κόσμου,
1353 539 1412 568 πῶς
1440 537 1522 574 ἀρέσῃ
1550 539 1584 573 τῇ
1616 535 1746 574 γυναικί)
1778 534 1825 562 καὶ
1857 544 1904 570 με·

1074 583 1197 620 μέρισται
1225 582 1270 609 καὶ
1295 583 1312 616 ἡ
1339 583 1407 620 γυνὴ
1431 583 1448 616 ἡ
1473 581 1620 619 γαμήσασα
1645 581 1713 615 (20),
1729 578 1774 606 καὶ
1796 579 1815 613 ἡ
1831 588 1902 615 παρ-

1073 628 1159 659 θένος.
1182 628 1213 655 Ἡ
1239 626 1344 664 ἄγαμος
1374 629 1494 664 μεριμνᾷ
1515 626 1549 653 τὰ
1582 627 1630 652 τοῦ
1666 623 1779 661 Κυρίου,
1807 622 1854 650 ἵνα
1885 624 1903 658 ᾗ

1073 671 1135 709 ἁγία
1164 671 1208 698 καὶ
1235 671 1341 707 σώματι
1375 670 1421 698 καὶ
1459 670 1604 707 πνεύματι.
1635 669 1667 697 Ἡ
1696 668 1726 695 δὲ
1753 668 1904 706 γαμήσασα

1076 717 1191 754 μεριμνᾷ
1232 715 1265 742 τὰ
1299 717 1349 743 τοῦ
1387 715 1508 751 κόσμου,
1532 716 1591 745 πῶς
1633 712 1715 750 ἀρέσῃ
1743 714 1784 748 τῷ
1814 711 1903 749 ἀνδρί.

1072 763 1157 788 Τοῦτο
1186 759 1215 787 δὲ
1245 760 1314 798 πρὸς
1339 760 1371 787 τὸ
1400 760 1476 796 ὑμῶν
1516 758 1604 786 αὐτῶν
1641 757 1779 796 συμφέρον
1817 756 1903 793 λέγω,

1074 805 1128 843 οὐχ
1153 804 1201 832 ’ἱνα
1228 805 1330 842 βρόχον
1357 804 1419 840 ὑμῖν
1443 801 1579 839 ἐπιϐάλω,
1606 802 1678 830 ἀλλὰ
1701 801 1770 839 πρὸς
1795 802 1828 828 τὸ
1857 800 1904 828 εὗ-

1074 859 1184 888 σχημον
1212 849 1258 876 καὶ
1283 847 1446 886 εὐπάρεδρον
1477 848 1512 884 ὶῷ
1550 846 1642 886 Κυρίῳ
1680 845 1904 884 ἀπερισπάστως.

1075 894 1106 921 Ei
1140 892 1169 921 δέ
1195 904 1238 925 τις
1265 893 1435 930 ἀσχημονεῖν
1474 892 1518 920 έπὶ
1555 893 1605 926 τὴν
1638 891 1770 929 παρθένον
1804 891 1904 917 ἑαυτοῦ

191 939 331 967 acistimat
343 946 427 974 super
439 939 551 974 virgine
565 946 624 972 sua,
641 938 711 974 quod
725 939 761 966 sit
780 937 976 974 superadulta,
992 943 1021 967 et

1077 938 1190 976 νομίζει,
1211 937 1254 965 ἐὰν
1281 938 1299 975 ᾖ
1329 937 1496 976 ὑπέρακμος,
1523 937 1568 964 καὶ
1606 934 1825 984 οὕτωςιόφείλει
1855 934 1901 984 γί-

191 985 233 1011 ita
248 987 352 1018 oportet
366 983 450 1018 ﬁeri;
466 982 536 1018 quod
550 983 608 1010 vult
616 983 707 1018 faciat
724 991 730 1010 :
745 991 800 1010 non
814 985 910 1018 peccat
924 991 933 1010 :
945 983 1017 1018 jun-

193 1030 299 1064 guntur
313 1026 518 1061 matrimonio;
536 1027 608 1055 sciat
621 1029 719 1055 tamen
734 1035 765 1054 se
779 1028 892 1055 mortali
909 1028 969 1055 viro
986 1036 1018 1056 ac

193 1072 314 1105 mundo,
332 1072 367 1099 ob
384 1072 537 1099 fruendam
560 1071 738 1108 voluptatem
762 1072 912 1106 maluisse,
929 1080 1018 1108 quam

194 1116 318 1145 Domino
340 1116 417 1143 610
434 1116 557 1152 placere.
575 1117 628 1151 Qui
653 1118 747 1144 autem
769 1118 868 1144 statuit
885 1118 915 1144 in
936 1117 1020 1144 corde

193 1169 243 1189 suo
271 1161 380 1196 ﬁrmus,
409 1168 464 1188 non
500 1161 601 1188 habens
636 1162 833 1194 necessitatem,
864 1163 1020 1197 potestatem

195 1207 288 1234 autem
304 1204 404 1232 habens
419 1212 478 1233 sua
492 1205 651 1239 voluntatis,
663 1207 688 1233 et
702 1205 751 1233 hoc
761 1206 900 1240 judicavit
915 1207 945 1233 in
960 1213 1021 1233 cor-

196 1250 228 1278 de
242 1257 291 1277 suo
305 1257 417 1277 servare
431 1250 567 1285 virginem
589 1258 668 1277 suam
681 1259 688 1283 ;
703 1250 769 1278 bene
782 1251 873 1286 faciet.
891 1251 982 1286 Igitur
996 1252 1022 1278 et

197 1295 244 1330 qui
253 1295 349 1330 jungit
369 1294 551 1322 matrimonio
567 1295 702 1330 virginem
725 1303 803 1322 suam
828 1295 893 1322 bene
915 1295 1022 1332 faciet;

197 1339 297 1367 melius
310 1341 351 1366 est
365 1339 437 1366 enim
452 1339 554 1367 nubere
569 1347 651 1374 quam
666 1340 722 1367 uri.
737 1340 767 1367 Et
783 1340 830 1375 qui
843 1348 897 1368 non
920 1340 1022 1375 jungit,

197 1385 296 1412 melius
318 1384 411 1419 faciet,
426 1391 479 1420 pro
494 1383 610 1412 mortali
626 1383 697 1419 viro,
714 1383 795 1412 illam
818 1384 941 1412 Domino
956 1384 1023 1412 des-

199 1429 343 1464 pandens.

233 1517 277 1544 57.
300 1517 445 1545 Dominus
461 1519 560 1545 autem
577 1517 623 1552 iis,
640 1517 690 1553 qui
716 1517 897 1545 matrimonii
915 1517 1025 1545 moles-

200 1561 256 1588 tias
273 1561 446 1596 didicerant,
463 1570 497 1589 ac
519 1561 723 1590 difﬁcultatem
740 1562 872 1590 soluendi
889 1562 1026 1597 conjuge-

199 1605 236 1633 lis
250 1605 359 1633 vinculi
373 1614 447 1642 aegra
463 1606 605 1638 ferebant,
622 1606 765 1642 illudque,
778 1607 836 1634 Non
850 1606 961 1642 expedit
975 1614 1025 1633 nu-

200 1651 273 1684 bere,
288 1650 435 1684 dicebant,
451 1653 511 1679 Non
537 1659 630 1678 omnes
645 1652 759 1686 rapiunt
778 1651 827 1678 hoc
841 1651 963 1685 verbum,
980 1651 1023 1678 in-

201 1694 276 1730 quit,
291 1694 338 1722 sed
353 1695 450 1730 quibus
465 1695 560 1721 datum
575 1696 624 1722 est.
641 1695 711 1722 Sunt
735 1696 810 1722 enim
830 1695 962 1729 eunuchi,
977 1695 1026 1731 qui

201 1739 234 1766 de
249 1739 346 1766 matris
360 1743 440 1766 utero
463 1739 504 1766 sic
517 1739 578 1766 nati
590 1741 654 1766 sunt
669 1739 691 1756 ³⁷
707 1748 714 1767 :
731 1739 900 1775 quicunque
915 1739 1025 1768 scilicet

203 1783 412 1811 conouhituum
438 1783 639 1819 incitamento,
656 1783 684 1811 in
701 1791 742 1816 se,
760 1786 869 1811 natura
892 1792 1023 1819 munere,

202 1829 345 1864 abscisso,
361 1827 481 1864 nuptias
497 1830 699 1863 aspernentur.
717 1829 749 1856 Et
762 1833 825 1856 sunt
839 1829 970 1864 eunuchi,
978 1830 1025 1864 qui

194 1874 262 1908 facti
277 1877 338 1900 sunt
359 1873 393 1900 ab
410 1873 567 1900 hominibus
581 1872 614 1906 *9,
631 1872 763 1900 doctrina
786 1875 815 1900 et
838 1873 973 1901 custodia
988 1874 1022 1901 ad

194 1917 394 1953 virginitatem
411 1917 585 1944 servandam
598 1917 735 1945 adducti:
755 1917 850 1953 qualis
858 1918 986 1954 profecto
996 1920 1024 1946 ct

193 1961 245 1988 illa
261 1970 324 1997 quae
335 1970 351 1988 ε.
369 1964 450 1997 patre
466 1964 599 1989 servntur
615 1962 744 1997 virgo,de
756 1971 812 1998 quo
828 1962 939 1991 dictum
955 1965 999 1990 est
1015 1971 1022 1990 :

194 2006 248 2040 Qui
261 2009 351 2034 autem
379 2006 513 2041 judicavit
529 2007 557 2034 in
582 2006 661 2034 corde
683 2015 735 2035 suo
755 2015 864 2035 servare
887 2008 1023 2043 virginem

193 2051 352 2084 suam,bene
365 2051 450 2086 faciet
464 2051 498 2078 ’9.
510 2051 543 2078 Et
559 2055 625 2078 sunt
639 2051 770 2085 eunuchi,
788 2053 835 2087 qui
848 2053 950 2088 seipsos
963 2061 1022 2080 cas-

190 2097 335 2124 traverunt
358 2097 469 2131 propter
483 2103 600 2130 regnum
624 2095 757 2124 cartorum
772 2096 794 2114 ³ο
810 2105 816 2124 :
834 2097 883 2131 qui
904 2097 1022 2132 quidem

193 2140 260 2168 aliis
275 2141 493 2176 praestantiores
507 2142 588 2173 sunt,
604 2141 675 2176 quia
689 2149 756 2168 cum
778 2149 873 2177 neque
887 2150 904 2168 a
919 2143 1023 2169 natura

190 2185 225 2212 ad
239 2184 402 2214 castitatem
421 2185 593 2220 adjumeuta
604 2185 842 2221 habeant,neque
852 2185 889 2213 ab
898 2185 1023 2213 homini-

195 2228 250 2256 bus
265 2228 483 2262 custodiautur,
500 2229 556 2264 ipsi
573 2229 748 2264 semetipsos
767 2232 886 2266 propter
899 2239 1020 2264 regnum

192 2272 331 2300 ccclorum
349 2273 384 2300 ad
395 2272 592 2308 virginitatem
603 2275 975 2309 exercent,matrimonium
989 2283 1022 2302 ac

1072 989 1171 1019 νεσθαι,
1202 983 1217 1010 ὃ
1245 981 1317 1014 θέλει
1345 982 1481 1009 ποιείτω’
1507 982 1562 1019 οὐχ
1600 978 1769 1018 ἁμαρτάνει·
1799 979 1903 1016 γαμεί-

1072 1037 1179 1056 τωσαν’
1195 1027 1351 1064 γινωσκέτω
1374 1026 1466 1063 μέντοι
1493 1026 1531 1057 ὡς
1559 1024 1636 1063 ἀνδρὶ
1667 1027 1757 1061 θνητῷ
1790 1022 1901 1060 μᾶλλον

1073 1072 1118 1100 καὶ
1143 1072 1241 1108 κόσμῳ
1269 1071 1358 1108 (21)ἣ
1386 1071 1417 1098 τὸ
1441 1073 1481 1107 τῷ
1508 1070 1601 1108 Κυρίῳ
1620 1069 1732 1108 ἀρέσκον
1750 1067 1786 1096 δι’
1801 1067 1908 1103 ἡδονῆς

1074 1116 1225 1145 ἀπόλαυσιν
1255 1115 1410 1151 ἐπελέξατο.
1438 1116 1486 1146 Ὃς
1517 1114 1545 1142 δὲ
1573 1113 1684 1150 ἕστηκεν
1725 1113 1751 1140 ἐν
1779 1115 1815 1150 τῇ
1843 1123 1910 1150 καρ-

1076 1161 1120 1198 δίᾳ
1150 1162 1232 1189 αὐτοῦ
1269 1159 1396 1199 ἑδραῖος,
1425 1160 1462 1197 μὴ
1501 1157 1574 1197 ἔχων
1611 1159 1752 1196 ἀνάγκην,
1785 1157 1910 1194 ἐξουσίαν

1076 1205 1105 1234 δὲ
1132 1203 1190 1244 ἔχει
1219 1206 1279 1243 περὶ
1308 1207 1357 1233 τοῦ
1384 1203 1453 1232 ἰδίου
1478 1204 1645 1241 θελήματος,
1671 1204 1716 1231 καὶ
1750 1203 1834 1230 τοῦτο
1856 1203 1908 1230 τιέ-

1075 1261 1165 1289 κρικεν
1194 1250 1220 1277 ἐν
1249 1251 1283 1287 τῇ
1311 1248 1409 1288 καρδίᾳ
1433 1249 1515 1277 αὐτοῦ
1539 1251 1588 1276 τοῦ
1611 1250 1703 1286 τηρεῖν
1727 1248 1779 1283 τήν
1807 1248 1908 1275 ἑαυτοῦ

1076 1296 1228 1334 παρθένον,
1256 1294 1347 1325 καλῶς
1391 1295 1511 1329 ποιήσει.
1537 1294 1617 1320 Ὥστε
1651 1292 1697 1320 καὶ
1733 1293 1747 1320 ὁ
1781 1292 1907 1330 γαμίζων

1075 1341 1125 1375 τὴν
1167 1340 1263 1367 ἑαυτοῦ
1299 1339 1451 1375 παρθένον,
1482 1337 1575 1369 καλῶς
1619 1338 1752 1372 ποιήσει·
1780 1339 1906 1374 κρεῖσσον

1077 1385 1127 1424 γὰρ
1155 1387 1277 1422 γαμῆσαι
1305 1384 1361 1420 (22)
1388 1384 1405 1418 ἣ
1436 1383 1604 1420 πυροῦσθαι·
1631 1381 1676 1409 καὶ
1705 1382 1719 1409 ὁ
1751 1382 1791 1418 μὴ
1821 1381 1909 1418 γαμί-

1080 1432 1144 1465 ζων,
1179 1431 1303 1466 κρεῖσσον
1342 1428 1472 1463 ποιήσει,
1502 1426 1560 1454 ἀντὶ
1596 1427 1696 1461 θνητοῦ
1727 1424 1838 1463 ἀνδρὸς,
1868 1428 1910 1461 τῷ

1079 1473 1171 1512 Κυρίῳ
1185 1473 1285 1508 ταύτην
1301 1472 1459 1511 νυμφεύων.

1114 1519 1160 1546 57.
1177 1519 1205 1544 Ὁ
1218 1516 1247 1544 δὲ
1257 1516 1360 1554 Κύριος
1376 1516 1445 1555 πρὸς
1459 1515 1522 1547 τοὺς
1537 1515 1586 1547 τὰς
1611 1515 1641 1543 ἐκ
1661 1517 1715 1543 τῶν
1737 1515 1836 1553 γάμων
1859 1515 1910 1549 ἀη-

1081 1561 1139 1594 δίας
1155 1561 1373 1599 καταμαθόντας,
1388 1561 1434 1588 καὶ
1455 1561 1524 1599 πρὸς
1547 1561 1579 1588 τὸ
1604 1559 1735 1588 δύσλυτον
1763 1561 1813 1587 τοῦ
1841 1560 1909 1597 πρὸς

1080 1610 1195 1645 γυναῖκα
1218 1605 1319 1642 δεσμοῦ
1353 1604 1578 1643 σχετλιάσαντας,
1603 1604 1648 1631 καὶ
1670 1604 1713 1639 τὸ,
1737 1603 1777 1632 Οὐ
1806 1603 1911 1641 συμφέ-

1080 1661 1121 1688 ρει
1147 1654 1281 1689 γαμῆσαι,
1299 1649 1435 1687 εἰπόντας,
1459 1649 1497 1678 Οὐ
1522 1649 1618 1680 πάντες
1642 1650 1767 1686 χωροῦσι
1787 1648 1836 1675 τὸν
1861 1647 1910 1675 λό-

1079 1706 1127 1733 γον
1163 1697 1270 1730 τοῦτον,
1301 1694 1402 1733 φησὶν,
1433 1692 1496 1722 ἀλλ’
1525 1694 1566 1724 οἷς
1603 1691 1721 1721 δέδοται.
1751 1692 1813 1721 Εἷσὶ
1855 1692 1908 1729 γὰρ

1079 1740 1216 1776 εὐνοῦχοι,
1247 1738 1342 1770 οἵτινες
1378 1739 1408 1765 ἐκ
1445 1737 1552 1768 κοιλίας
1584 1738 1688 1774 μητρὸς
1722 1736 1908 1773 ἐγεννήθησαν

1079 1783 1176 1815 οὕτως·
1193 1785 1254 1811 ὅσοι
1270 1784 1374 1822 φύσεως
1390 1782 1610 1819 πλεονεκτήματι
1625 1782 1657 1809 τὸ
1676 1781 1744 1819 πρὸς
1769 1781 1819 1812 τὰς
1846 1791 1908 1808 ουν-

1078 1827 1170 1859 ουσίας
1185 1827 1302 1865 ἐρεθίζον
1328 1827 1538 1864 ἐκτετμημένοι,
1552 1828 1752 1864 καταφρονοῦσι
1778 1828 1834 1852 τῶν
1861 1823 1909 1861 γά-

1080 1883 1157 1910 μων.
1187 1872 1237 1900 Καὶ
1275 1872 1340 1900 εἰσιν
1376 1872 1521 1910 εὐνοῦχοι,
1554 1870 1650 1902 οἵτινες
1687 1870 1905 1908 εὐνουχίσθησαν

1079 1918 1130 1945 ὑπὸ
1148 1919 1203 1945 τῶν
1227 1917 1387 1954 ἀνθρώπων,
1406 1915 1568 1952 διδασκαλίᾳ
1591 1915 1636 1943 καὶ
1659 1916 1776 1953 τηρήσει
1800 1915 1902 1952 παρθε-

1077 1961 1161 1990 νεύειν
1189 1961 1460 1999 πεισθέντες-ὤσπερ
1492 1960 1538 1988 οὖν
1565 1960 1610 1988 καὶ
1636 1961 1653 1995 ἡ
1683 1960 1756 1996 παρὰ
1779 1961 1830 1986 τοῦ
1853 1969 1904 1986 πα-

1076 2008 1140 2045 τρὸς
1164 2007 1322 2045 τηρουμένη
1347 2005 1491 2044 παρθένος,
1516 2006 1578 2044 περῖ
1603 2005 1634 2033 οὗ
1663 2004 1786 2042 εἴρηται·
1803 2005 1854 2035 ’Ὀς
1876 2003 1905 2030 δὲ

1076 2051 1197 2089 κέκρικεν
1227 2051 1252 2079 ἒν
1279 2053 1313 2088 τῇ
1353 2049 1451 2089 καρδίᾳ
1483 2051 1567 2078 αὐτοῦ
1605 2052 1698 2087 τηρεῖν
1727 2050 1778 2083 τήν
1809 2049 1905 2076 ἑαυτοῦ

1077 2097 1226 2134 παρθένον,
1255 2095 1348 2127 καλῶς
1382 2096 1502 2131 ποιήσει.
1545 2094 1596 2122 Καὶ
1639 2093 1705 2121 εἰσιν
1749 2093 1904 2130 εὐνοῦχοι,

1078 2140 1173 2172 οἵτινες
1217 2140 1376 2178 εὐνούχισαν
1421 2138 1533 2170 ἑαυτοὺς
1585 2137 1630 2166 διὰ
1669 2139 1719 2173 τὴν
1766 2137 1905 2176 βασιλείαν

1076 2187 1129 2213 τῶν
1143 2185 1275 2223 οὐρανῶν·
1293 2185 1319 2212 οἳ
1334 2183 1379 2212 καί
1402 2183 1548 2216 καλλίονες
1560 2185 1614 2211 τῶν
1645 2182 1740 2210 ἄλλων
1769 2182 1906 2220 ὑπάρχον-

1076 2241 1130 2264 τες,
1148 2228 1217 2257 διότι
1232 2228 1293 2256 aii-rs
1309 2229 1338 2256 ἐκ
1352 2232 1400 2263 τῆς
1427 2228 1532 2268 φύσεως
1559 2228 1627 2264 πρὸς
1651 2226 1832 2266 σωφροσύνην
1858 2226 1903 2265 ἐρ-

1076 2273 1150 2302 όδιον
1181 2273 1300 2312 ἔχοντες,
1330 2272 1391 2300 οὔτε
1419 2273 1491 2310 παρὰ
1521 2273 1668 2310 ἀνθρώπων
1710 2271 1902 2308 κρατούμενοι,

191 2316 332 2344 sarculum
350 2319 469 2352 propter
483 2317 537 2344 hoc
549 2325 672 2353 regnum
684 2321 953 2355 contemnentes,uc
967 2319 1020 2347 toti

1077 2319 1152 2346 αὐτοὶ
1168 2310 1279 2349 ἑαυτοὺς
1302 2317 1346 2345 διὰ
1368 2318 1418 2352 τὴν
1447 2316 1584 2355 βασιλείαν
1609 2319 1662 2344 τῶν
1688 2315 1812 2354 οὐρανῶν
1838 2315 1904 2353 πρὸς

193 2361 228 2388 ad
241 2360 431 2397 cupiditatem
450 2361 529 2396 regni
547 2370 604 2389 non
621 2362 684 2389 sine
700 2362 838 2390 athletico
853 2364 959 2391 sudore
974 2363 1019 2391 in-

188 2405 371 2434 cumbentes.
381 2407 454 2432 Nam
464 2406 513 2441 qui
528 2414 562 2433 ex
571 2408 665 2434 matre
676 2407 786 2435 ventris
802 2408 954 2436 eunuchus
965 2411 1018 2442 est,

189 2458 256 2478 cum
267 2452 367 2478 uetera
376 2450 654 2486 sitcastus,nullum
666 2452 817 2488 proprium
829 2461 903 2488 opus
919 2453 948 2479 in
966 2453 1021 2480 vir-

188 2495 323 2531 ginitatis
348 2495 452 2523 decore
469 2496 624 2523 ostendere
648 2498 763 2531 potest;
781 2499 811 2524 ut
830 2497 879 2532 qui
896 2499 1019 2533 natura,

188 2542 222 2569 ut
236 2540 307 2576 dixi,
323 2540 540 2573 beneficiomon
557 2548 656 2568 amore
669 2540 849 2577 virginitatis
865 2541 1020 2569 matrimo-

1075 2364 1124 2398 τήν
1141 2363 1286 2400 παρθενίαν
1303 2363 1426 2397 ἀσκοῦσι,
1442 2361 1533 2400 γάμου
1558 2362 1604 2399 μὲν
1619 2360 1664 2388 καὶ
1690 2361 1754 2398 βίου
1775 2359 1820 2387 διὰ
1841 2360 1902 2386 ταύ-

1073 2418 1123 2443 την
1145 2408 1202 2444 (23)
1224 2409 1465 2445 καταφρονοῦντες,
1486 2407 1517 2434 τὸ
1536 2405 1559 2434 δ’
1583 2405 1648 2434 ελον
1681 2408 1731 2440 τῆς
1766 2404 1903 2442 βασιλείας

1077 2453 1145 2488 μετὰ
1174 2451 1324 2485 ἀθλητικοῦ
1354 2450 1469 2489 Ῑδρῶτος
1497 2449 1637 2489 έχόμενοι.
1664 2450 1695 2478 Ὀ
1722 2450 1771 2486 μὶν
1794 2450 1847 2488 γὰρ
1875 2449 1902 2476 ὲκ

1074 2496 1182 2528 κοιλίας
1211 2496 1315 2535 μητρὸς
1346 2496 1488 2535 εὐνοῦχος,
1505 2495 1581 2535 φύσει
1611 2496 1727 2533 σώφρων
1757 2495 1898 2532 ὑπάρχων,

1076 2540 1152 2568 οὐδέν
1172 2539 1241 2569 ἴδιον
1259 2539 1338 2579 ἔργον
1351 2541 1377 2568 ἐν
1402 2544 1443 2577 τῷ
1467 2544 1517 2576 τῆς
1540 2539 1687 2578 παρθενίας
1712 2538 1813 2567 κάλλει
1843 2538 1899 2566 ἐπι-

224 2599 247 2616 "
261 2598 364 2627 Matth.
379 2607 437 2634 11x,
451 2599 495 2633 10,
512 2598 554 2626 11.
593 2598 616 2615 ³³
631 2597 702 2626 ibid.
720 2599 762 2627 11.
802 2599 825 2616 ²⁹
840 2599 851 2626 1
866 2599 930 2627 Cor.
946 2607 995 2635 vn,
1010 2600 1027 2628 3

1093 2600 1116 2618 ³ο
1133 2600 1234 2628 Matth.
1250 2609 1309 2635 xxx,
1325 2600 1370 2628 12.

295 2656 402 2697 ’ᾼρέσ-ῃ.
418 2657 469 2684 Hic
484 2658 512 2684 et
535 2655 611 2683 intra
627 2655 710 2683 multi
728 2656 842 2685 codices
859 2661 886 2685 et
901 2658 1012 2686 Veneta

187 2692 289 2726 editio,
307 2692 406 2729 ἀρέσει.

224 2728 277 2766 (29)
292 2727 491 2766 ᾙγιμήσασα.
513 2727 578 2755 Haec
595 2728 800 2766 percommode
818 2729 858 2766 in
892 2737 950 2757 uno
979 2737 1013 2757 ex

186 2761 282 2799 Begiis
306 2761 423 2793 desunt.
441 2766 476 2792 At
490 2761 610 2799 prorsus
625 2762 727 2799 vitioso
750 2772 801 2799 pro
818 2764 865 2792 his
889 2765 1012 2793 vocibus

187 2797 298 2835 habent
312 2800 445 2835 nonnulli
461 2797 576 2827 codices
593 2799 609 2832 ἠ
626 2797 739 2835 ἂγαμος.

223 2833 278 2870 (2|)
294 2833 406 2862 Μᾶλλον
429 2835 473 2862 καὶ
499 2835 605 2870 κόσμῳ.
623 2833 687 2862 Haec
716 2835 824 2863 desunt
839 2836 868 2864 in
884 2836 1011 2865 editione

223 2845 278 2870 (ιι)
294 2845 406 2862 multon
429 2845 473 2862 και
499 2845 571 2870 κοσμ
600 2855 605 2861 .
623 2845 687 2862 ΠΕΞο
716 2845 824 2863 (185qu
839 2845 868 2864 ll]
884 2845 1009 2865 ealuone

185 2869 352 2898 Parisiensi.
369 2872 519 2906 chuntur
534 2871 564 2898 in
573 2845 689 2899 q{Heneta
703 2873 732 2899 et
746 2872 835 2907 Regio
850 2873 914 2900 cod.
927 2873 1009 2906 2879,

1068 2660 1097 2686 et
1111 2658 1260 2686 Ambrosii
1278 2657 1533 2694 interpretatione.
1895 2678 1898 2681 -

1105 2694 1159 2729 (22)
1177 2695 1312 2730 Γαμῆσαι.
1330 2695 1372 2722 Ila
1396 2697 1524 2730 quatuor
1548 2702 1619 2721 mss.
1645 2694 1734 2729 Editi,
1759 2694 1895 2731 γαμίζειν.

1067 2729 1162 2757 Metius
1175 2731 1249 2766 enim
1260 2731 1391 2766 jungerc,
1405 2729 1490 2766 quam
1505 2735 1535 2758 ut
1550 2734 1681 2758 urantur.

1102 2766 1159 2800 (23)
1174 2765 1287 2800 Ταύτην,
1304 2766 1364 2802 Ope
1389 2765 1477 2794 unius
1493 2774 1526 2793 ex
1542 2766 1638 2802 Regiis
1651 2766 1818 2802 emendavi
1834 2765 1894 2792 vui-

1066 2803 1163 2846 gatam
1180 2801 1357 2838 scripturam
1373 2802 1576 2830 τοῦτονᾘεὺθι
1587 2801 1695 2839 Regius
1711 2803 1803 2831 codex
1813 2802 1893 2834 2879,

1067 2846 1181 2864 τουτων.
