2010 3145
176 123 236 154 787

646 125 843 155 APPENDIX
864 123 1027 156 OPERUM
1049 125 1084 157 S.
1107 125 1247 156 BASILll
1270 126 1405 156 MAGNI.

1824 124 1884 155 788

176 196 228 225 per
237 197 269 216 se
282 191 424 224 movetur,
433 189 612 218 naturalium
623 189 784 218 formarum
799 190 912 226 aliquas
921 198 1001 218 emo-
1015 220 1016 223 η

1064 189 1088 216 τὸ
1102 191 1151 217 τοῦ
1163 189 1277 227 Κυρίου,
1295 188 1415 227 ἄγαλμα,
1433 187 1592 225 σαϐϐατίζον
1609 189 1642 217 δι’
1660 188 1737 225 ὅλου,
1751 190 1800 216 ἳνα
1815 189 1887 225 μήτε

176 235 250 268 veat,
267 235 318 261 aut
339 241 398 268 eas,
416 234 486 262 dum
511 235 541 262 in
556 234 621 270 ipso
647 238 726 263 motu
746 234 882 270 impingit
903 234 932 261 in
949 233 1001 262 ali-

177 285 260 313 quos,
275 278 454 315 perfringat;
473 287 566 314 neque
579 279 616 306 ab
627 281 746 307 externa
757 275 845 307 manu
860 279 1000 315 agitatum

177 323 307 351 naturali
321 323 542 359 pulchritudine
556 324 709 360 spoliatur.

213 457 258 484 59.
275 457 359 485 Forte
375 457 462 486 etiam
478 465 530 494 per
551 458 767 486 sabbatismum
792 457 865 486 illud
881 457 1001 492 indicat,

178 501 326 536 quomodo
338 501 489 538 virginitas
501 502 675 531 naturaliter
689 502 779 530 simul
794 504 823 530 et
834 502 1004 531 mirabiliter

179 545 292 581 acquiri
307 546 412 582 possit.
425 547 677 579 Quemadmodum
687 548 764 575 enim
781 547 886 575 salutis
897 549 1002 575 nostris

179 590 301 618 modum
325 599 482 627 exponens,
508 592 549 620 ait
565 601 572 620 :
588 592 626 620 Ne
650 592 755 620 dixeris
779 593 810 620 in
832 592 913 620 corde
933 594 1002 619 tuo:

182 634 248 668 Qui:
263 635 388 664 ascendet
402 637 431 663 in
446 637 545 664 calum
555 637 568 664 ‘I
584 637 612 664 id
634 641 682 671 est,
709 637 846 665 Christum
862 636 1003 664 deducere.

178 682 232 708 Aut
247 681 307 715 quis
327 680 468 709 descende!
482 682 513 708 in
536 682 685 717 abyssum?
709 682 759 710 hoc
771 687 811 710 est
835 682 973 710 Christum
987 690 1005 708 a

179 726 295 753 mortuis
319 733 454 754 revocare.
478 726 532 754 Sed
547 727 616 762 quid
639 727 727 754 dicit?
748 727 834 762 Prope
849 729 875 755 te
894 727 1004 755 verbum

180 772 218 797 εει
233 770 264 797 in
278 777 324 798 ore
337 772 384 798 tuo
397 775 424 798 et
444 771 474 799 in
489 771 567 799 corde
590 774 639 799 tuo
649 773 682 799 ³³.
698 772 797 807 Neque
819 780 894 807 opus
917 773 963 799 est
979 774 1005 798 te

180 822 244 849 quis
261 815 332 842 adeo
348 823 364 842 a
374 818 402 843 te
417 818 527 843 remota
537 816 725 850 sunt,caslum
738 818 789 843 aut
803 818 926 852 abyssos
939 823 1005 851 per-

180 859 305 886 scrutari
321 867 327 886 :
357 860 408 887 sed
423 861 454 887 tu
470 860 564 888 vicino
591 868 624 888 ac
639 863 773 896 prompto
789 863 869 888 utere
885 859 1003 888 auxilio.
1021 875 1046 908 B

180 902 211 930 Si
224 903 300 930 enim
317 904 477 939 conﬁtearis
492 905 520 932 in
536 912 583 932 ore
603 906 649 933 tuo
663 905 755 933 Issum
769 905 920 939 Christum,
937 909 962 932 et
976 905 1007 931 in

180 946 259 974 corda
281 949 327 976 tuo
351 947 510 983 credideris,
536 949 606 984 quod
629 950 699 976 Deus
724 949 807 977 illum
830 950 975 977 suscitavit
989 957 1006 976 ιι

183 992 312 1027 mortuis,
327 993 420 1020 salvus
433 994 488 1021 eris
499 994 532 1021 ³⁸.
549 994 591 1022 lta
601 996 629 1022 et
642 995 677 1022 de
692 994 858 1030 virginitate
869 994 939 1022 dicit
949 1002 955 1021 :
965 993 1007 1021 Ne

183 1036 290 1064 dixeris
306 1045 313 1064 :
329 1037 479 1069 Quomodo
504 1039 662 1066 ascendam
686 1038 716 1066 in
738 1038 856 1074 caelum,
884 1041 916 1066 ut
939 1038 1007 1065 inde

182 1080 360 1116 virginitatis
380 1081 579 1118 integritatem
605 1083 771 1111 deducam?
794 1086 845 1111 aut
859 1083 1006 1119 quomodo

184 1125 360 1154 descendam
377 1126 406 1154 in
421 1127 578 1163 infernum,
595 1129 628 1155 ut
651 1136 715 1156 eam
731 1128 844 1156 dudum
860 1137 877 1156 a
892 1127 1007 1156 diabolo

183 1172 352 1206 corruptam
368 1171 440 1198 mihi
457 1171 520 1207 ipsa
543 1180 712 1208 recupersm
723 1172 737 1199 7
757 1172 811 1200 Sed
827 1173 898 1208 quid
914 1172 1008 1200 dicit?

184 1222 275 1250 prope
292 1216 319 1242 te
333 1217 389 1249 est,
405 1215 510 1251 inquit,
527 1219 555 1243 et
579 1216 741 1244 secundum
757 1219 894 1244 naturam
911 1220 1007 1245 tecum

184 1259 317 1287 nascitur
331 1259 495 1296 virginitas.
505 1261 603 1296 Neque
618 1262 708 1297 igitur
723 1262 816 1289 maria
829 1263 865 1290 ad
880 1270 945 1290 eam
960 1271 1009 1290 ac-

184 1303 359 1339 quirendam
366 1313 439 1340 opus
450 1310 492 1333 est
504 1308 531 1332 te
538 1306 779 1341 transfetare,neq
785 1314 819 1334 ue
830 1307 1008 1334 immensum

186 1356 283 1376 aerem
308 1348 466 1384 pervolare,
483 1357 577 1385 neque
604 1353 686 1377 terrae
711 1350 851 1385 circuitus
867 1359 901 1378 ea
924 1351 1009 1378 inda-

186 1393 284 1429 ganda
298 1396 327 1421 et
342 1393 513 1430 vestiganda
533 1394 660 1429 emetiri,
679 1397 731 1422 aut
745 1404 760 1422 e
775 1397 854 1423 terra
868 1395 1010 1423 evolendo

187 1437 293 1467 evslum
309 1439 346 1466 ad
362 1446 427 1466 eam
451 1439 656 1467 inveniendam
670 1440 883 1474 conscendere;
900 1440 962 1473 sed,
980 1442 1012 1467 ut

189 1483 259 1518 dixi,
275 1483 415 1511 amittens
430 1487 543 1512 remota
557 1484 654 1520 spatia
672 1485 810 1519 scrutari,
826 1485 1011 1521 temetipsum

189 1527 342 1555 considera
356 1528 451 1563 qualis
467 1527 519 1563 sis,
535 1531 564 1556 et
578 1537 642 1556 eum
658 1528 686 1556 in
703 1531 742 1565 te,
750 1531 912 1557 secundum
924 1532 1010 1557 natu-

189 1579 262 1606 ram,
278 1560 408 1600 invenies
433 1560 583 1601 latentem.
607 1577 648 1601 Ac
670 1574 694 1602 si
719 1560 762 1602 vis
784 1574 863 1602 illam
885 1574 962 1610 apud
984 1577 1012 1602 te
1026 1560 1047 1594 ε

188 1615 385 1644 inviolabilem
397 1625 577 1652 permanere,
591 1626 641 1653 per
651 1620 744 1646 totam
754 1619 842 1646 vitam
850 1619 1009 1647 Sabbatum

187 1659 468 1696 age,hooest,mano
484 1662 562 1696 quod
574 1664 643 1689 nata
657 1670 698 1690 es.
711 1663 752 1690 Ne
763 1671 878 1690 moveas
889 1671 1010 1691 manum

186 1705 222 1732 ad
238 1706 349 1732 tactum
359 1705 420 1739 viri,
432 1713 525 1741 neque
540 1706 675 1741 implices
684 1715 748 1742 qua:
763 1715 819 1734 non
833 1710 904 1735 sunt
914 1707 1011 1743 impli-

187 1751 263 1782 cata,
280 1757 332 1776 nec
347 1749 443 1777 soluta
453 1749 582 1785 colliges,
595 1758 690 1786 neque
700 1751 870 1787 incorrupta
879 1752 1012 1780 membra

188 1793 294 1822 diversi
310 1794 386 1822 672
400 1794 517 1830 generis
533 1794 674 1822 membris
685 1794 864 1830 implicando
879 1804 1011 1823 corrum-

188 1846 260 1874 pas;
277 1839 327 1866 sed
344 1847 430 1867 mane
447 1839 475 1866 in
491 1839 580 1867 cubili
596 1839 625 1867 id
641 1840 719 1875 quod
740 1847 781 1872 es,
796 1840 869 1867 nihil
884 1840 1013 1876 amplius

188 1883 314 1918 require.
342 1883 501 1911 Sabbatum
532 1892 585 1920 age
610 1884 687 1920 apud
714 1885 912 1920 temetipsam,
938 1884 1013 1912 nihil

189 1927 301 1955 faciens
317 1928 393 1963 quod
410 1927 550 1956 dissolvat
561 1928 589 1955 id
607 1929 683 1964 quod
699 1930 862 1957 secundum
878 1932 1014 1958 naturam

190 1972 245 1998 est.
261 1970 385 1999 Necesse
396 1979 453 2000 non
469 1971 560 2000 habes
571 1981 671 2001 muros
681 1975 709 2001 et
717 1975 800 2009 septa
815 1974 971 2009 transilire,
983 1975 1014 2002 ut

190 2015 388 2052 virginitatem
401 2017 523 2045 veneris.
539 2017 614 2050 Quin
630 2017 730 2053 etiam,
746 2018 771 2046 si
788 2018 848 2046 haec
863 2027 943 2055 agas,
957 2019 1012 2046 for-

188 2061 268 2088 tasse
283 2061 401 2089 amittes
415 2061 622 2098 virginitatem.
635 2062 691 2090 Sed
702 2062 732 2090 in
748 2063 836 2091 cubili
852 2063 1013 2091 Sabbatum

189 2113 289 2141 agens,
305 2115 410 2142 puram
431 2107 615 2142 temetipsum
637 2107 797 2141 custodies,
814 2108 914 2143 sicque
930 2107 1014 2136 facile

187 2150 643 2187 virginitatem,pretiosissimam
655 2151 870 2188 possessionem
878 2152 1012 2180 habebis.

188 2195 252 2223 Non
268 2195 346 2223 enim
369 2196 543 2224 inveniendo
570 2199 621 2224 aut
643 2197 776 2225 faciendo
800 2196 911 2232 aliquid
935 2197 1012 2232 novi,

1055 233 1100 273 ἀφ’
1125 233 1220 261 ἑαυτοῦ
1247 234 1408 270 κινούμενον
1425 235 1595 272 παρακινήσῃ
1618 245 1682 268 που,
1705 235 1724 270 ἢ
1747 233 1774 261 ἐν
1845 244 1884 260 κι-

1056 279 1131 313 νήσει
1158 279 1213 305 τισὶ
1245 279 1501 316 προσαραττόμενον
1526 279 1701 317 παραθραύσῃ
1729 278 1805 309 τινὰς
1829 281 1882 305 τῶν

1056 326 1175 362 φυσικῶν
1200 325 1394 361 χαρακτήρων,
1422 325 1492 360 μήτε
1520 324 1594 361 παρὰ
1619 326 1668 356 τῆς
1697 322 1792 358 ἔξωθεν
1819 333 1881 360 χει-

1057 368 1103 404 ρὸς
1131 367 1310 405 σαλευόμενον
1345 368 1509 405 ἀποσυληϐῇ
1543 369 1574 396 τὸ
1602 371 1651 403 τῆς
1677 368 1784 406 φύσεως
1812 366 1880 394 κάλ-

1057 412 1115 443 λος.

1092 459 1137 486 59.
1162 458 1243 496 Τάχα
1257 456 1286 485 δὲ
1301 457 1345 485 διὰ
1359 459 1407 486 τοῦ
1422 455 1609 494 σαϐϐατισμοῦ
1623 457 1668 485 καὶ
1682 458 1714 484 τὸ
1739 459 1800 488 πῶς
1827 455 1881 484 ἔστι

1057 503 1203 537 κτήσασθαι
1223 508 1367 540 παρθενιαν
1394 505 1512 536 φυσικῶς
1535 513 1563 530 τε
1583 502 1640 539 ἅμα
1654 502 1699 529 καὶ
1722 500 1884 539 παραδόξως

1058 547 1212 574 αἰνίττεται.
1237 547 1281 578 Ὠς
1301 548 1354 585 γὰρ
1377 547 1422 574 τὸν
1439 548 1502 585 ὅρον
1517 550 1567 582 τῆς
1583 546 1719 584 σωτηρίας
1735 547 1818 583 ἡμῶν
1837 546 1882 573 ἐκ-

1057 591 1207 628 τιθέμενος,
1225 591 1302 628 φησί’
1329 593 1373 627 Μὴ
1401 592 1479 629 εἴπῃς
1508 591 1533 620 ἐν
1562 594 1597 628 τῇ
1625 590 1724 629 καρδίᾳ
1751 600 1811 618 σουσ
1838 591 1888 621 Τίς

1058 633 1219 672 ἀναϐήσεται
1259 636 1296 668 εἰς
1333 638 1379 664 τὸν
1417 634 1562 675 ούρανόν;
1604 635 1725 664 τουτέστι
1765 635 1882 671 Χριστὸν

1059 683 1231 719 καταγαγεῖν.
1260 682 1293 708 Ἤ
1323 682 1365 712 τίς
1393 679 1575 716 καταϐήσεται
1603 680 1642 712 εἷς
1670 681 1719 714 τήν
1746 677 1886 713 ἆϐυσεον;

1059 728 1179 753 τουτέστι
1209 726 1323 763 Χριστὸν
1354 725 1384 753 ἐκ
1411 727 1511 763 νεκρῶν
1542 726 1681 763 ἀναγαγεῖν
1700 748 1707 754 .
1739 723 1829 752 Ἀλλά
1860 723 1888 750 τί

1061 770 1150 808 Mysi;
1191 770 1286 807 Ἐγγύς
1317 780 1365 797 σου
1400 770 1432 797 τὸ
1461 770 1538 807 ῥῆμά
1565 770 1618 796 ἑστι
1650 768 1675 796 έν
1702 771 1743 804 τῷ
1771 767 1889 805 στόματί

1061 825 1121 849 σου,
1150 814 1196 842 καὶ
1226 814 1252 841 ἓν
1280 816 1314 851 τῇ
1343 812 1439 850 καρδίᾳ
1454 824 1513 842 σου.
1542 814 1593 842 Καὶ
1609 813 1640 840 οὐ
1653 813 1748 851 χρείαν
1764 810 1839 850 ἔχεις
1854 812 1889 839 τὰ

1061 859 1133 886 οὕτω
1154 869 1202 886 σου
1229 859 1342 896 μακρὰν,
1359 858 1472 896 οὐρανὸν
1499 859 1517 894 ἢ
1546 856 1678 889 ἀϐύσσους
1707 857 1888 894 περιεργάζε-

1061 905 1131 931 σθαι·
1157 901 1230 930 ὰλλὰ
1243 905 1283 939 τῷ
1299 902 1378 941 ἐγγὺς
1393 905 1439 930 καὶ
1455 903 1485 930 σὺ
1499 907 1602 941 χρῆσαι
1619 901 1698 938 δεξιῷ
1716 903 1887 939 βοηθήματι·

1062 948 1122 977 Ἐὰν
1166 947 1216 985 γὰρ
1256 947 1435 986 ὁμολογήσῃς
1473 947 1499 975 ἐν
1532 950 1572 984 τῷ
1605 947 1720 984 στόματί
1755 957 1805 974 σου
1833 947 1890 981 Ἰη-

1061 995 1123 1020 σοῦν
1158 993 1271 1030 Χριστὸν
1306 993 1373 1029 (30),
1410 992 1455 1019 καὶ
1493 991 1636 1029 πιστεύσῃς
1671 992 1697 1019 ἐν
1725 993 1760 1028 τῇ
1789 989 1892 1028 καρδίᾳ

1062 1047 1120 1074 σου,
1149 1036 1190 1064 ὅτι
1219 1037 1233 1064 ὁ
1259 1037 1323 1068 Θεὸς
1350 1036 1430 1064 αὐτὸν
1457 1036 1565 1074 ἤγειρεν
1594 1036 1624 1064 ἐκ
1651 1038 1766 1074 νεκρῶν,
1796 1036 1890 1070 σωθή-

1062 1092 1107 1120 σῃ.
1134 1081 1213 1110 Οὕτω
1236 1081 1280 1109 καὶ
1307 1081 1349 1109 ἐπὶ
1373 1085 1424 1116 τῆς
1448 1081 1592 1120 παρθενίας
1615 1080 1693 1119 φησί.
1724 1081 1771 1115 Μὴ
1798 1079 1889 1116 εἴπῃς·

1063 1129 1125 1158 Πῶς
1139 1124 1231 1154 ἀναϐῶ
1254 1126 1292 1158 εἷς
1315 1126 1360 1154 τὸν
1389 1126 1512 1163 οὐρανὸν,
1529 1125 1633 1158 ἐκεῖθεν
1644 1126 1696 1160 τὴν
1716 1129 1766 1159 τῆς
1790 1127 1891 1162 παρθι-

1063 1171 1121 1202 νίας
1146 1182 1198 1208 μου
1222 1171 1350 1209 ἀφθορίαν
1374 1172 1555 1209 καταγαγεῖο,
1581 1170 1598 1205 ἢ
1622 1172 1680 1202 πῶς
1696 1167 1892 1205 καταϐήσομαι

1063 1216 1101 1248 εἰς
1127 1216 1176 1250 τήν
1206 1213 1332 1250 ἄϐυσσον,
1360 1214 1407 1243 ’ίνα
1429 1216 1529 1250 ταύτην
1559 1215 1645 1243 πάλαι
1660 1214 1733 1252 παρὰ
1757 1211 1892 1241 διαϐόλου

1064 1263 1207 1299 φθαρεῖσαν
1242 1260 1346 1297 ἐμαυτῇ
1379 1260 1594 1296 ἀνακτήσωμαι;
1629 1258 1718 1287 Ἀλλὰ
1742 1258 1770 1286 τί
1795 1258 1891 1295 Ityn;

1064 1305 1157 1343 Ἐγγύς
1174 1315 1221 1332 σου
1236 1304 1302 1332 ἐστὶ’
1333 1305 1410 1343 φησὶ,
1438 1304 1483 1332 καὶ
1498 1305 1566 1332 κατὰ
1592 1303 1671 1343 φύσιν
1685 1314 1727 1330 σοι
1745 1305 1893 1340 συγγεννᾶ-

1063 1360 1106 1378 ται
1129 1351 1146 1384 ἡ
1171 1350 1309 1387 παροινία.
1335 1349 1405 1378 Οὑτε
1419 1349 1464 1377 οὗν
1491 1348 1598 1386 πελάγη
1616 1348 1654 1380 είς
1667 1349 1717 1382 τὴν
1731 1351 1830 1382 κτῆσιν
1844 1346 1895 1374 αὖ-

1064 1399 1114 1430 τῆς
1139 1395 1234 1432 χρείαν
1263 1393 1336 1432 ἔχεις
1365 1396 1490 1431 περᾶσαι,
1521 1392 1577 1421 οὔτ’
1605 1393 1671 1431 ἀέρα
1698 1403 1752 1420 που
1782 1391 1895 1429 ἄπειρον

1066 1439 1222 1475 ὃιαπτῆναι,
1252 1437 1313 1466 οὕτε
1341 1442 1393 1476 γῆς
1416 1437 1560 1476 περιόδους
1577 1437 1764 1475 ἷχνηλατοῦσα
1789 1436 1893 1472 ταύτην

1066 1484 1317 1522 ἀναμετρήσασοαιο
1347 1484 1363 1519 ἢ
1390 1483 1504 1521 οὐρανὸν
1534 1482 1564 1510 ἐκ
1590 1486 1641 1519 γῆς
1672 1482 1824 1516 ἀναπτᾶσα,
1853 1481 1894 1512 εἱς

1066 1529 1168 1567 εὕρεσιν
1185 1528 1269 1563 αὑτῆς
1293 1525 1465 1564 ἐμϐατεῦσαιο
1491 1526 1565 1564 ἀλλ’,
1590 1526 1656 1564 ὅπερ
1673 1525 1781 1564 εἶ’ρηκα,
1798 1526 1896 1565 ἀφεῖσα

1066 1574 1100 1602 τὰ
1126 1575 1202 1610 μήκη
1229 1574 1287 1609 (31)
1313 1572 1543 1610 περιεργάζεσθαι,
1573 1571 1672 1606 σαυτὴν
1694 1571 1730 1603 ὡς
1746 1569 1823 1608 ἔχεις
1840 1570 1896 1598 ἐπί-

1064 1620 1170 1656 σκεψαι,
1187 1618 1230 1645 καὶ
1254 1617 1280 1644 έν
1305 1618 1389 1654 σαυτῇ
1413 1617 1480 1644 κατὰ
1504 1616 1582 1654 φύσιν
1608 1615 1708 1651 ταύτην
1733 1614 1894 1652 κρυπτομέ-

1063 1674 1112 1699 νην
1129 1663 1265 1700 εὑρήσεις.
1282 1662 1331 1689 Καὶ
1345 1661 1368 1689 εἷ
1392 1661 1486 1699 βούλει
1509 1661 1609 1696 ταύτην
1634 1661 1708 1697 παρά
1721 1659 1765 1687 σοὶ
1793 1658 1894 1686 ἄσυλον

1066 1709 1162 1745 μένειν,
1180 1706 1224 1734 διὰ
1238 1707 1298 1744 βίου
1311 1704 1467 1741 σαϐϐάτιζε·
1483 1706 1616 1740 τουτέστι,
1648 1705 1710 1741 μένε
1736 1704 1751 1732 ὃ
1781 1704 1894 1742 ἐγεννή-

1066 1759 1126 1787 θης.
1144 1753 1189 1786 Μὴ
1206 1753 1320 1789 κινήσῃς
1336 1754 1418 1789 χεῖρα
1433 1751 1502 1789 πρὸς
1516 1751 1586 1790 ἀφήν
1602 1748 1709 1787 ἀνδρὸς,
1727 1749 1800 1786 μήτε
1824 1748 1894 1776 πλέ-

1066 1797 1111 1834 ξῃς
1125 1796 1159 1823 τὰ
1176 1795 1307 1832 ἄπλεκτα,
1333 1794 1403 1833 μηδὲ
1423 1796 1457 1823 τὰ
1478 1794 1616 1832 λελυμένα
1644 1792 1794 1831 συνδήσῃς,
1823 1792 1897 1830 μηόὶ

1066 1842 1170 1879 ὰφοορα
1198 1839 1268 1877 μέλη
1295 1840 1455 1878 ἱτερογενέσι
1481 1838 1675 1876 συμπλέκουσα
1700 1837 1794 1875 μέλεσι
1821 1838 1897 1877 φθεί-

1067 1896 1114 1923 ρῃς
1129 1885 1201 1913 ἀλλά
1217 1886 1279 1922 μένε
1302 1885 1346 1913 ἰπὶ
1369 1889 1419 1920 τῆς
1444 1885 1540 1919 κοίτης
1556 1885 1570 1912 ’ὸ
1586 1885 1618 1920 εἶ,
1637 1882 1721 1924 μῃδὶν
1736 1882 1824 1911 πλέον
1846 1894 1895 1911 πε-

1068 1931 1222 1969 ριεργοὶζου⁸
1247 1927 1400 1964 Σαϐϐάτιζε
1423 1930 1482 1961 καθ’
1510 1930 1620 1965 ἑαυτὴν,
1638 1927 1721 1965 μηδὲν
1747 1927 1897 1966 ἐνεργοῦσι

1066 1975 1098 2003 τὸ
1124 1974 1264 2012 παραλύον
1293 1975 1324 2002 τὸ
1347 1974 1415 2002 κατὰ
1441 1973 1530 2013 φύσιν.
1561 1973 1616 2001 Ούκ
1631 1972 1704 2011 ἔχεις
1718 1972 1835 2010 τοίχους
1850 1973 1895 2000 καὶ

1068 2018 1233 2056 περιϐόΛους
1263 2018 1473 2055 ὑπεράλλεσθαι,
1499 2018 1546 2046 ’ἱνα
1560 2019 1609 2052 τὴν
1637 2017 1783 2054 παρθενίαν
1811 2017 1897 2055 θηράο

1068 2075 1124 2101 σῃς.
1163 2062 1250 2092 Ἀλλὰ
1285 2065 1369 2091 ταῦτα
1409 2063 1456 2099 μὲν
1481 2063 1646 2100 πράττουσα,
1675 2061 1720 2089 καὶ
1749 2060 1896 2092 ἆπολέσεις

1069 2108 1134 2140 ἴσως
1147 2109 1197 2143 τήν
1214 2107 1369 2145 παρθενίαν.
1386 2107 1448 2136 Ἐπὶ
1473 2110 1522 2142 τῆς
1536 2106 1632 2142 κοίτης
1662 2104 1691 2133 δὲ
1720 2103 1898 2140 σαϐϐατίζου-

1069 2163 1111 2188 σα,
1135 2153 1251 2189 καθαρὰν
1280 2152 1363 2186 αὐτὴν
1380 2151 1518 2191 φυλάξεις,
1546 2152 1591 2179 καὶ
1607 2151 1679 2179 οὕτω
1696 2151 1743 2187 μὶν
1761 2149 1897 2184 εὐκόλως,

1068 2197 1144 2235 φησὶ,
1174 2198 1222 2232 τὴν
1254 2196 1396 2233 παρθενίαν
1430 2199 1524 2232 κτῆμα
1550 2196 1718 2232 τιμιώτατον
1748 2194 1828 2230 ἕξεις.
1857 2194 1896 2223 Οὐ

189 2247 255 2266 cam
279 2239 333 2267 tibi
356 2239 520 2268 vindicebis
537 2249 543 2268 :
558 2241 609 2269 sed
633 2249 756 2269 manens
779 2240 966 2275 intaminata,
986 2241 1015 2269 id

1069 2242 1120 2279 γὰρ
1145 2241 1280 2280 ἐκφύσασά
1307 2252 1333 2269 τι
1361 2241 1379 2276 ἢ
1409 2240 1580 2278 ἐργασαμένη
1606 2251 1633 2268 τι
1661 2240 1766 2275 καινὸν,
1795 2240 1896 2274 ταύτην

191 2283 269 2319 quod
285 2291 318 2311 ex
334 2285 415 2311 utero
431 2286 499 2313 nata
513 2293 543 2313 es
560 2285 640 2321 virgo
656 2286 732 2313 bona
744 2293 860 2321 semper
873 2286 1010 2314 omnibus

190 2327 346 2356 videberis.
362 2328 418 2356 Sed
436 2329 460 2357 si
476 2329 595 2357 amittas
610 2330 685 2357 hanc
705 2330 882 2365 virginitatis
896 2339 1014 2366 posses-

191 2372 315 2408 sionem,
331 2373 448 2401 etiamsi
465 2373 514 2401 illa
528 2374 628 2402 omnia
643 2374 733 2402 facias
749 2383 812 2411 quas
829 2375 1013 2408 dixi,cmlum

191 2419 219 2445 et
234 2419 353 2453 terram,
370 2426 450 2446 mare
464 2420 493 2446 et
508 2419 660 2455 abyssum,
676 2427 709 2447 ac
725 2421 819 2447 totum
835 2427 931 2447 aerem
948 2428 1014 2455 per-

189 2461 313 2497 vageris,
329 2461 410 2490 nullo
430 2461 512 2491 illam
530 2463 617 2491 modo
633 2463 877 2499 resuperarejam
892 2464 1012 2499 poteris.

189 2507 338 2541 Quomodo
354 2506 433 2535 enim
449 2507 527 2543 quod
542 2510 714 2543 corruptum
738 2510 792 2541 est,
805 2508 867 2543 jam
882 2508 1013 2536 incorru-

186 2553 272 2588 ptum
285 2551 359 2580 fiet?
373 2552 520 2588 quomodo
536 2561 599 2588 qua
613 2552 708 2580 virum
719 2552 864 2589 cognovit,
875 2554 1014 2589 tauquam

223 2619 246 2638 ³³
260 2621 344 2648 Rom.
359 2628 388 2654 ι,
404 2620 464 2648 6-8.
504 2620 527 2638 ³⁸
541 2620 612 2648 ibid.
629 2619 656 2648 9.

221 2687 280 2730 ς30)
304 2688 408 2722 Ἰησοῦν
437 2686 563 2724 Χριστόν.
587 2688 657 2716 Tres
681 2687 807 2722 codices,
833 2685 930 2724 Κύριον
957 2687 1012 2722 Ἰη-

188 2732 280 2795 coal)
295 2758 335 2787 Τὰ
349 2759 435 2795 μήκη.
458 2759 511 2788 Sed
527 2759 616 2788 editio
640 2759 750 2788 Veneta
763 2760 793 2787 et
807 2758 922 2787 codices
937 2767 1010 2788 mss.

187 2794 364 2824 Parisiensis
389 2795 486 2830 editio,
510 2795 543 2822 τὰ
559 2796 637 2832 μένη,
663 2803 730 2825 cum
754 2795 877 2824 asterico
899 2803 1012 2824 naevum

1065 2287 1254 2324 περιποιήσεις
1283 2287 1378 2323 σαυτῇ·
1409 2284 1482 2313 ἀλλὰ
1511 2285 1622 2322 μείνασα
1649 2283 1798 2322 ἄχραντος,
1823 2284 1838 2311 ὅ
1867 2283 1896 2310 ix

1068 2330 1183 2368 γαστρὸς
1206 2329 1351 2368 ἐγεννήθης
1378 2330 1522 2366 παρθένος,
1552 2328 1592 2356 ἀεὶ
1621 2329 1707 2366 ἆγαθή
1723 2330 1783 2360 τοῖς
1814 2330 1894 2355 πᾶσιν

1069 2374 1184 2413 ὀφθήσῃ.
1216 2374 1388 2402 Ἀπολέσασα
1405 2372 1435 2401 δὲ
1449 2376 1529 2401 τοῦτο
1543 2377 1594 2408 τῆς
1616 2371 1761 2409 παρθενίας
1867 2371 1896 2398 τὸ

1068 2422 1171 2455 κτῆμα,
1196 2420 1245 2446 κᾶν
1269 2418 1357 2446 ἐκεῖνα
1372 2419 1460 2446 πάντα
1485 2417 1631 2454 ποιήσῃςᾶ
1659 2416 1768 2454 εἴρηκα,
1783 2415 1895 2453 οὐρανόν

1067 2463 1097 2491 τί
1111 2463 1155 2491 καὶ
1182 2467 1245 2501 γῆν,
1270 2463 1405 2496 θάλασσάν
1431 2473 1461 2490 τε
1481 2462 1527 2490 καὶ
1551 2459 1677 2498 ἄϐυσσον,
1690 2461 1734 2488 καὶ
1750 2460 1819 2498 ἀέρα
1831 2460 1895 2488 ελον

1069 2507 1253 2546 διαπιράσῃς,
1279 2507 1368 2536 οὐδενὶ
1397 2507 1493 2546 τρόπῳ
1516 2508 1597 2534 τοῦτο
1627 2506 1828 2542 ἀνακτήσασθαι
1858 2503 1895 2533 ἔτι

1069 2551 1182 2590 δυνήσῃ.
1211 2554 1274 2584 Πῶς
1296 2553 1346 2589 γὰρ
1361 2552 1392 2580 τὸ
1407 2552 1506 2591 φθαρὶν
1522 2549 1561 2580 ἔτι
1587 2548 1705 2590 ἄφθορον
1730 2550 1894 2589 γενήσεταις

1067 2689 1232 2762 {uigilia
1245 2723 1402 2762 παρθενίας.
1426 2724 1489 2753 Duo
1505 2723 1629 2757 codices,
1655 2722 1706 2757 τῆς
1729 2718 1888 2760 ἀφθαρσίας,

1067 2760 1130 2790 Duo
1146 2761 1208 2796 alii,
1222 2763 1272 2796 τῆς
1286 2760 1428 2799 ἂφθορίας.
