  <div class='ocr_page' id='page_1' title='image "/cluster/home/n/w/nwhite01/storage/ocr_20150623/30/njp.32101013202591/408.png"; bbox 0 0 2010 3145; ppageno 0'>
   <div class='ocr_carea' id='block_1_1' title="bbox 98 142 157 172">
    <p class='ocr_par' dir='ltr' id='par_1_1' title="bbox 98 142 157 172">
     <span class='ocr_line' id='line_1_1' title="bbox 98 142 157 172; baseline -0.017 0"><span class='ocrx_word' id='word_1_1' title='bbox 98 142 157 172; x_wconf 77' lang='grc' dir='ltr'>Ἰ89</span> 
     </span>
    </p>
   </div>
   <div class='ocr_carea' id='block_1_2' title="bbox 716 135 1199 168">
    <p class='ocr_par' dir='ltr' id='par_1_2' title="bbox 716 135 1199 168">
     <span class='ocr_line' id='line_1_2' title="bbox 716 135 1199 168; baseline 0.006 -3"><span class='ocrx_word' id='word_1_2' title='bbox 716 135 833 166; x_wconf 82' lang='lat' dir='ltr'>LIBER</span> <span class='ocrx_word' id='word_1_3' title='bbox 855 136 905 165; x_wconf 84' lang='lat' dir='ltr'>DE</span> <span class='ocrx_word' id='word_1_4' title='bbox 929 135 1199 168; x_wconf 79' lang='lat' dir='ltr'>VIRGINITATE.</span> 
     </span>
    </p>
   </div>
   <div class='ocr_carea' id='block_1_3' title="bbox 1751 144 1811 174">
    <p class='ocr_par' dir='ltr' id='par_1_3' title="bbox 1751 144 1811 174">
     <span class='ocr_line' id='line_1_3' title="bbox 1751 144 1811 174; baseline 0.033 -2"><span class='ocrx_word' id='word_1_5' title='bbox 1751 144 1811 174; x_wconf 82' lang='lat'>790</span> 
     </span>
    </p>
   </div>
   <div class='ocr_carea' id='block_1_4' title="bbox 98 199 929 244">
    <p class='ocr_par' dir='ltr' id='par_1_4' title="bbox 98 199 929 242">
     <span class='ocr_line' id='line_1_4' title="bbox 98 199 929 242; baseline -0.008 -8"><span class='ocrx_word' id='word_1_6' title='bbox 98 209 155 237; x_wconf 82' lang='grc' dir='ltr'>πῶς</span> <span class='ocrx_word' id='word_1_7' title='bbox 178 204 208 233; x_wconf 78' lang='grc' dir='ltr'>δὲ</span> <span class='ocrx_word' id='word_1_8' title='bbox 222 206 255 232; x_wconf 76' lang='grc' dir='ltr'>τὸ</span> <span class='ocrx_word' id='word_1_9' title='bbox 270 207 368 242; x_wconf 78' lang='grc' dir='ltr'>γνῶσιν</span> <span class='ocrx_word' id='word_1_10' title='bbox 393 201 488 240; x_wconf 84' lang='grc' dir='ltr'>ἀνδρὸς</span> <span class='ocrx_word' id='word_1_11' title='bbox 505 200 619 240; x_wconf 74' lang='grc' dir='ltr'>ιίληφὸς</span> <span class='ocrx_word' id='word_1_12' title='bbox 644 201 683 231; x_wconf 82' lang='grc' dir='ltr'>ὡς</span> <span class='ocrx_word' id='word_1_13' title='bbox 699 200 737 237; x_wconf 84' lang='grc' dir='ltr'>μὴ</span> <span class='ocrx_word' id='word_1_14' title='bbox 755 199 867 239; x_wconf 52' lang='lat' dir='ltr'>sume:</span> <span class='ocrx_word' id='word_1_15' title='bbox 882 199 929 228; x_wconf 92' lang='grc' dir='ltr'>λο-</span> 
     </span>
    </p>
   </div>
   <div class='ocr_carea' id='block_1_5' title="bbox 984 199 1798 244">
    <p class='ocr_par' dir='ltr' id='par_1_5' title="bbox 989 205 1798 244">
     <span class='ocr_line' id='line_1_5' title="bbox 989 205 1798 244; baseline 0.01 -15"><span class='ocrx_word' id='word_1_16' title='bbox 989 210 1047 230; x_wconf 87' lang='lat' dir='ltr'>non</span> <span class='ocrx_word' id='word_1_17' title='bbox 1062 205 1238 240; x_wconf 80' lang='lat' dir='ltr'>cognoverit,</span> <span class='ocrx_word' id='word_1_18' title='bbox 1250 206 1432 241; x_wconf 80' lang='lat' dir='ltr'>reputabitur</span> <span class='ocrx_word' id='word_1_19' title='bbox 1444 207 1458 235; x_wconf 79' lang='lat' dir='ltr'>‘I</span> <span class='ocrx_word' id='word_1_20' title='bbox 1473 208 1619 243; x_wconf 89' lang='lat' dir='ltr'>quomodo</span> <span class='ocrx_word' id='word_1_21' title='bbox 1631 208 1708 244; x_wconf 89' lang='lat' dir='ltr'>quod</span> <span class='ocrx_word' id='word_1_22' title='bbox 1719 217 1798 238; x_wconf 87' lang='lat' dir='ltr'>seme</span> 
     </span>
    </p>
   </div>
   <div class='ocr_carea' id='block_1_6' title="bbox 99 244 928 289">
    <p class='ocr_par' dir='ltr' id='par_1_6' title="bbox 99 244 928 289">
     <span class='ocr_line' id='line_1_6' title="bbox 99 244 928 289; baseline -0.008 -11"><span class='ocrx_word' id='word_1_23' title='bbox 99 252 259 289; x_wconf 84' lang='grc' dir='ltr'>γισθήσεται</span> <span class='ocrx_word' id='word_1_24' title='bbox 275 259 282 284; x_wconf 90' lang='grc'><strong>;</strong></span> <span class='ocrx_word' id='word_1_25' title='bbox 299 250 357 279; x_wconf 84' lang='grc' dir='ltr'>πῶς</span> <span class='ocrx_word' id='word_1_26' title='bbox 382 246 411 275; x_wconf 76' lang='grc' dir='ltr'>δὲ</span> <span class='ocrx_word' id='word_1_27' title='bbox 434 246 553 281; x_wconf 75' lang='grc' dir='ltr'>καθάπαξ</span> <span class='ocrx_word' id='word_1_28' title='bbox 577 245 607 272; x_wconf 89' lang='grc' dir='ltr'>τὸ</span> <span class='ocrx_word' id='word_1_29' title='bbox 629 245 731 282; x_wconf 74' lang='grc' dir='ltr'>τρωθὲν</span> <span class='ocrx_word' id='word_1_30' title='bbox 756 244 886 281; x_wconf 78' lang='grc' dir='ltr'>ἐπιθυμίᾳ</span> <span class='ocrx_word' id='word_1_31' title='bbox 900 256 928 273; x_wconf 77' lang='grc' dir='ltr'>τε</span> 
     </span>
    </p>
   </div>
   <div class='ocr_carea' id='block_1_7' title="bbox 99 289 926 331">
    <p class='ocr_par' dir='ltr' id='par_1_7' title="bbox 99 289 926 331">
     <span class='ocr_line' id='line_1_7' title="bbox 99 289 926 331; baseline -0.01 -8"><span class='ocrx_word' id='word_1_32' title='bbox 99 296 142 324; x_wconf 87' lang='grc' dir='ltr'>καὶ</span> <span class='ocrx_word' id='word_1_33' title='bbox 158 294 248 331; x_wconf 78' lang='grc' dir='ltr'>ἡδονῇ</span> <span class='ocrx_word' id='word_1_34' title='bbox 273 293 317 321; x_wconf 86' lang='grc' dir='ltr'>καί</span> <span class='ocrx_word' id='word_1_35' title='bbox 343 292 421 324; x_wconf 76' lang='grc' dir='ltr'>πάθει</span> <span class='ocrx_word' id='word_1_36' title='bbox 437 292 474 322; x_wconf 84' lang='grc' dir='ltr'>ὡς</span> <span class='ocrx_word' id='word_1_37' title='bbox 496 289 616 328; x_wconf 80' lang='grc' dir='ltr'>ἄτρωτον</span> <span class='ocrx_word' id='word_1_38' title='bbox 642 289 681 317; x_wconf 80' lang='grc' dir='ltr'>ἔτι</span> <span class='ocrx_word' id='word_1_39' title='bbox 701 290 853 326; x_wconf 81' lang='grc' dir='ltr'>γενήσεται,</span> <span class='ocrx_word' id='word_1_40' title='bbox 873 292 926 317; x_wconf 84' lang='grc' dir='ltr'>τῶν</span> 
     </span>
    </p>
   </div>
   <div class='ocr_carea' id='block_1_8' title="bbox 101 333 926 377">
    <p class='ocr_par' dir='ltr' id='par_1_8' title="bbox 101 333 926 377">
     <span class='ocr_line' id='line_1_8' title="bbox 101 333 926 377; baseline -0.008 -10"><span class='ocrx_word' id='word_1_41' title='bbox 101 341 263 377; x_wconf 74' lang='grc' dir='ltr'>σημάντρων</span> <span class='ocrx_word' id='word_1_42' title='bbox 284 339 331 372; x_wconf 74' lang='grc' dir='ltr'>τῆς</span> <span class='ocrx_word' id='word_1_43' title='bbox 354 339 454 376; x_wconf 76' lang='grc' dir='ltr'>φθορᾶς</span> <span class='ocrx_word' id='word_1_44' title='bbox 477 335 503 363; x_wconf 73' lang='grc' dir='ltr'>ἐν</span> <span class='ocrx_word' id='word_1_45' title='bbox 528 334 561 372; x_wconf 71' lang='grc' dir='ltr'>τῇ</span> <span class='ocrx_word' id='word_1_46' title='bbox 587 334 664 372; x_wconf 79' lang='grc' dir='ltr'>ψυχῇ</span> <span class='ocrx_word' id='word_1_47' title='bbox 688 334 733 361; x_wconf 80' lang='grc' dir='ltr'>καὶ</span> <span class='ocrx_word' id='word_1_48' title='bbox 757 336 796 370; x_wconf 80' lang='grc' dir='ltr'>τῷ</span> <span class='ocrx_word' id='word_1_49' title='bbox 820 333 926 370; x_wconf 82' lang='grc' dir='ltr'>σώματι</span> 
     </span>
    </p>
   </div>
   <div class='ocr_carea' id='block_1_9' title="bbox 54 379 928 419">
    <p class='ocr_par' dir='ltr' id='par_1_9' title="bbox 54 379 928 419">
     <span class='ocr_line' id='line_1_9' title="bbox 54 379 928 419; baseline -0.009 -6"><span class='ocrx_word' id='word_1_50' title='bbox 54 395 61 402; x_wconf 90' lang='grc'><strong>·</strong></span> <span class='ocrx_word' id='word_1_51' title='bbox 99 384 133 412; x_wconf 84' lang='grc' dir='ltr'>δι’</span> <span class='ocrx_word' id='word_1_52' title='bbox 148 384 218 412; x_wconf 81' lang='grc' dir='ltr'>ὅλου</span> <span class='ocrx_word' id='word_1_53' title='bbox 236 382 372 419; x_wconf 78' lang='grc' dir='ltr'>μενόντων</span> <span class='ocrx_word' id='word_1_54' title='bbox 392 381 549 416; x_wconf 81' lang='grc' dir='ltr'>;Μετάνοια</span> <span class='ocrx_word' id='word_1_55' title='bbox 573 380 620 415; x_wconf 70' lang='grc' dir='ltr'>μὲν</span> <span class='ocrx_word' id='word_1_56' title='bbox 642 379 692 416; x_wconf 70' lang='grc' dir='ltr'>γὰρ</span> <span class='ocrx_word' id='word_1_57' title='bbox 713 379 823 418; x_wconf 76' lang='grc' dir='ltr'>ἀφίησιν</span> <span class='ocrx_word' id='word_1_58' title='bbox 840 379 928 416; x_wconf 84' lang='grc' dir='ltr'>ἁμαρ-</span> 
     </span>
    </p>
   </div>
   <div class='ocr_carea' id='block_1_10' title="bbox 98 423 928 466">
    <p class='ocr_par' dir='ltr' id='par_1_10' title="bbox 98 423 928 466">
     <span class='ocr_line' id='line_1_10' title="bbox 98 423 928 466; baseline -0.008 -9"><span class='ocrx_word' id='word_1_59' title='bbox 98 430 165 457; x_wconf 75' lang='grc' dir='ltr'>τίαν⁸</span> <span class='ocrx_word' id='word_1_60' title='bbox 182 429 234 463; x_wconf 75' lang='grc' dir='ltr'>τὴν</span> <span class='ocrx_word' id='word_1_61' title='bbox 260 427 289 455; x_wconf 73' lang='grc' dir='ltr'>δὲ</span> <span class='ocrx_word' id='word_1_62' title='bbox 313 425 483 466; x_wconf 67' lang='grc' dir='ltr'>ἐφθαρμένην</span> <span class='ocrx_word' id='word_1_63' title='bbox 509 425 545 456; x_wconf 85' lang='grc' dir='ltr'>ὡς</span> <span class='ocrx_word' id='word_1_64' title='bbox 573 425 610 460; x_wconf 82' lang='grc' dir='ltr'>μὴ</span> <span class='ocrx_word' id='word_1_65' title='bbox 628 423 798 462; x_wconf 72' lang='grc' dir='ltr'>ἐφθαρμένην</span> <span class='ocrx_word' id='word_1_66' title='bbox 814 427 928 458; x_wconf 86' lang='grc' dir='ltr'>ποιῆσαι</span> 
     </span>
    </p>
   </div>
   <div class='ocr_carea' id='block_1_11' title="bbox 98 466 928 507">
    <p class='ocr_par' dir='ltr' id='par_1_11' title="bbox 98 466 928 507">
     <span class='ocr_line' id='line_1_11' title="bbox 98 466 928 507; baseline -0.008 -6"><span class='ocrx_word' id='word_1_67' title='bbox 98 473 180 501; x_wconf 78' lang='grc' dir='ltr'>πάλιν</span> <span class='ocrx_word' id='word_1_68' title='bbox 198 471 378 507; x_wconf 69' lang='grc' dir='ltr'>ἀδυνατοῦσα,</span> <span class='ocrx_word' id='word_1_69' title='bbox 401 469 446 497; x_wconf 67' lang='grc' dir='ltr'>διαὶ</span> <span class='ocrx_word' id='word_1_70' title='bbox 468 469 528 507; x_wconf 86' lang='grc' dir='ltr'>βίου</span> <span class='ocrx_word' id='word_1_71' title='bbox 554 467 691 506; x_wconf 72' lang='grc' dir='ltr'>ὀδύρεται.</span> <span class='ocrx_word' id='word_1_72' title='bbox 707 468 753 495; x_wconf 88' lang='grc' dir='ltr'>Διὸ</span> <span class='ocrx_word' id='word_1_73' title='bbox 769 466 862 502; x_wconf 82' lang='grc' dir='ltr'>ἐπειδὴ</span> <span class='ocrx_word' id='word_1_74' title='bbox 881 468 928 504; x_wconf 79' lang='grc' dir='ltr'>μὲ-</span> 
     </span>
    </p>
   </div>
   <div class='ocr_carea' id='block_1_12' title="bbox 97 510 928 556">
    <p class='ocr_par' dir='ltr' id='par_1_12' title="bbox 97 510 928 556">
     <span class='ocr_line' id='line_1_12' title="bbox 97 510 928 556; baseline -0.01 -10"><span class='ocrx_word' id='word_1_75' title='bbox 97 529 190 556; x_wconf 80' lang='grc' dir='ltr'>γιστον</span> <span class='ocrx_word' id='word_1_76' title='bbox 206 519 290 545; x_wconf 78' lang='grc' dir='ltr'>τοῦτο</span> <span class='ocrx_word' id='word_1_77' title='bbox 303 516 335 543; x_wconf 82' lang='grc' dir='ltr'>τὸ</span> <span class='ocrx_word' id='word_1_78' title='bbox 359 518 463 551; x_wconf 82' lang='grc' dir='ltr'>κτῆμα,</span> <span class='ocrx_word' id='word_1_79' title='bbox 489 513 534 541; x_wconf 83' lang='grc' dir='ltr'>καὶ</span> <span class='ocrx_word' id='word_1_80' title='bbox 556 513 588 541; x_wconf 81' lang='grc' dir='ltr'>τὸ</span> <span class='ocrx_word' id='word_1_81' title='bbox 611 510 730 544; x_wconf 78' lang='grc' dir='ltr'>ἔπαθλον</span> <span class='ocrx_word' id='word_1_82' title='bbox 755 515 814 544; x_wconf 82' lang='grc' dir='ltr'>τοῖς</span> <span class='ocrx_word' id='word_1_83' title='bbox 829 522 928 550; x_wconf 85' lang='grc' dir='ltr'>κατορ-</span> 
     </span>
    </p>
   </div>
   <div class='ocr_carea' id='block_1_13' title="bbox 98 556 927 595">
    <p class='ocr_par' dir='ltr' id='par_1_13' title="bbox 98 556 927 595">
     <span class='ocr_line' id='line_1_13' title="bbox 98 556 927 595; baseline -0.007 -5"><span class='ocrx_word' id='word_1_84' title='bbox 98 564 190 591; x_wconf 80' lang='grc' dir='ltr'>θοῦσιν</span> <span class='ocrx_word' id='word_1_85' title='bbox 217 561 284 589; x_wconf 75' lang='grc' dir='ltr'>αὐτὸ</span> <span class='ocrx_word' id='word_1_86' title='bbox 309 559 492 595; x_wconf 74' lang='grc' dir='ltr'>ἐνδοξότατον,</span> <span class='ocrx_word' id='word_1_87' title='bbox 515 560 549 595; x_wconf 77' lang='grc' dir='ltr'>τῇ</span> <span class='ocrx_word' id='word_1_88' title='bbox 574 556 737 592; x_wconf 77' lang='grc' dir='ltr'>διδασκαλίᾳ</span> <span class='ocrx_word' id='word_1_89' title='bbox 760 559 808 584; x_wconf 68' lang='lat' dir='ltr'>toi}</span> <span class='ocrx_word' id='word_1_90' title='bbox 829 557 927 593; x_wconf 83' lang='grc' dir='ltr'>Κυρίου</span> 
     </span>
    </p>
   </div>
   <div class='ocr_carea' id='block_1_14' title="bbox 97 601 929 639">
    <p class='ocr_par' dir='ltr' id='par_1_14' title="bbox 97 601 929 639">
     <span class='ocr_line' id='line_1_14' title="bbox 97 601 929 639; baseline -0.01 -4"><span class='ocrx_word' id='word_1_91' title='bbox 97 606 251 639; x_wconf 67' lang='grc' dir='ltr'>πεισθέντες</span> <span class='ocrx_word' id='word_1_92' title='bbox 273 602 480 639; x_wconf 76' lang='grc' dir='ltr'>σαϐϐατίσωμεν</span> <span class='ocrx_word' id='word_1_93' title='bbox 504 602 600 638; x_wconf 78' lang='grc' dir='ltr'>οὕτως,</span> <span class='ocrx_word' id='word_1_94' title='bbox 625 602 662 632; x_wconf 83' lang='grc' dir='ltr'>ὡς</span> <span class='ocrx_word' id='word_1_95' title='bbox 678 602 691 629; x_wconf 84' lang='grc' dir='ltr'>ὸ</span> <span class='ocrx_word' id='word_1_96' title='bbox 714 601 796 639; x_wconf 85' lang='grc' dir='ltr'>λόγος</span> <span class='ocrx_word' id='word_1_97' title='bbox 822 602 866 628; x_wconf 82' lang='grc' dir='ltr'>ἀπ’</span> <span class='ocrx_word' id='word_1_98' title='bbox 883 601 929 639; x_wconf 78' lang='grc' dir='ltr'>ἁρ-</span> 
     </span>
    </p>
   </div>
   <div class='ocr_carea' id='block_1_15' title="bbox 98 645 928 690">
    <p class='ocr_par' dir='ltr' id='par_1_15' title="bbox 98 645 928 690">
     <span class='ocr_line' id='line_1_15' title="bbox 98 645 928 690; baseline -0.008 -11"><span class='ocrx_word' id='word_1_99' title='bbox 98 655 152 690; x_wconf 81' lang='grc' dir='ltr'>χῆς</span> <span class='ocrx_word' id='word_1_100' title='bbox 167 650 222 682; x_wconf 79' lang='grc' dir='ltr'>ἓως</span> <span class='ocrx_word' id='word_1_101' title='bbox 243 649 340 680; x_wconf 71' lang='grc' dir='ltr'>τὲλους</span> <span class='ocrx_word' id='word_1_102' title='bbox 366 645 510 676; x_wconf 71' lang='grc' dir='ltr'>ὑπέϐαλεν·</span> <span class='ocrx_word' id='word_1_103' title='bbox 528 647 662 684; x_wconf 82' lang='grc' dir='ltr'>ἄχραντὸν</span> <span class='ocrx_word' id='word_1_104' title='bbox 681 657 710 673; x_wconf 84' lang='grc' dir='ltr'>τε</span> <span class='ocrx_word' id='word_1_105' title='bbox 724 646 768 673; x_wconf 78' lang='grc' dir='ltr'>καὶ</span> <span class='ocrx_word' id='word_1_106' title='bbox 794 646 928 684; x_wconf 73' lang='grc' dir='ltr'>ἀνέπαφον</span> 
     </span>
    </p>
   </div>
   <div class='ocr_carea' id='block_1_16' title="bbox 96 690 927 732">
    <p class='ocr_par' dir='ltr' id='par_1_16' title="bbox 96 690 927 732">
     <span class='ocr_line' id='line_1_16' title="bbox 96 690 927 732; baseline -0.008 -8"><span class='ocrx_word' id='word_1_107' title='bbox 96 697 187 731; x_wconf 81' lang='grc' dir='ltr'>πάσης</span> <span class='ocrx_word' id='word_1_108' title='bbox 203 693 321 731; x_wconf 81' lang='grc' dir='ltr'>κηλῖδος</span> <span class='ocrx_word' id='word_1_109' title='bbox 337 693 369 721; x_wconf 83' lang='grc' dir='ltr'>τὸ</span> <span class='ocrx_word' id='word_1_110' title='bbox 394 692 505 732; x_wconf 78' lang='grc' dir='ltr'>φυσικὸν</span> <span class='ocrx_word' id='word_1_111' title='bbox 528 691 631 722; x_wconf 75' lang='grc' dir='ltr'>κάλλος</span> <span class='ocrx_word' id='word_1_112' title='bbox 646 693 695 718; x_wconf 85' lang='grc' dir='ltr'>τοῦ</span> <span class='ocrx_word' id='word_1_113' title='bbox 711 690 783 723; x_wconf 83' lang='grc' dir='ltr'>θείου</span> <span class='ocrx_word' id='word_1_114' title='bbox 799 690 927 727; x_wconf 84' lang='grc' dir='ltr'>ἀγάλμα-</span> 
     </span>
    </p>
   </div>
   <div class='ocr_carea' id='block_1_17' title="bbox 96 732 927 778">
    <p class='ocr_par' dir='ltr' id='par_1_17' title="bbox 96 732 927 778">
     <span class='ocr_line' id='line_1_17' title="bbox 96 732 927 778; baseline -0.008 -10"><span class='ocrx_word' id='word_1_115' title='bbox 96 752 143 772; x_wconf 88' lang='grc' dir='ltr'>τος</span> <span class='ocrx_word' id='word_1_116' title='bbox 160 740 197 768; x_wconf 81' lang='grc' dir='ltr'>δι’</span> <span class='ocrx_word' id='word_1_117' title='bbox 224 739 292 767; x_wconf 78' lang='grc' dir='ltr'>ὅλου</span> <span class='ocrx_word' id='word_1_118' title='bbox 314 740 472 775; x_wconf 83' lang='grc' dir='ltr'>τηροῦντες.</span> <span class='ocrx_word' id='word_1_119' title='bbox 501 737 548 770; x_wconf 85' lang='grc' dir='ltr'>Μὴ</span> <span class='ocrx_word' id='word_1_120' title='bbox 577 736 658 772; x_wconf 85' lang='grc' dir='ltr'>μόνον</span> <span class='ocrx_word' id='word_1_121' title='bbox 679 735 708 763; x_wconf 76' lang='grc' dir='ltr'>δὶ</span> <span class='ocrx_word' id='word_1_122' title='bbox 732 732 927 778; x_wconf 63' lang='grc' dir='ltr'>σαϐϐατιζὲτω,</span> 
     </span>
    </p>
   </div>
   <div class='ocr_carea' id='block_1_18' title="bbox 98 778 926 825">
    <p class='ocr_par' dir='ltr' id='par_1_18' title="bbox 98 778 926 825">
     <span class='ocr_line' id='line_1_18' title="bbox 98 778 926 825; baseline -0.008 -12"><span class='ocrx_word' id='word_1_123' title='bbox 98 785 192 825; x_wconf 74' lang='grc' dir='ltr'>φησὶν,</span> <span class='ocrx_word' id='word_1_124' title='bbox 209 786 228 820; x_wconf 78' lang='grc' dir='ltr'>ἡ</span> <span class='ocrx_word' id='word_1_125' title='bbox 245 783 384 821; x_wconf 70' lang='grc' dir='ltr'>παρθένος,</span> <span class='ocrx_word' id='word_1_126' title='bbox 411 781 484 810; x_wconf 74' lang='grc' dir='ltr'>ἀλλὰ</span> <span class='ocrx_word' id='word_1_127' title='bbox 507 780 552 808; x_wconf 87' lang='grc' dir='ltr'>καὶ</span> <span class='ocrx_word' id='word_1_128' title='bbox 577 780 726 825; x_wconf 71' lang='grc' dir='ltr'>ἐκλεγέσθω</span> <span class='ocrx_word' id='word_1_129' title='bbox 738 779 754 807; x_wconf 77' lang='grc' dir='ltr'>ἃ</span> <span class='ocrx_word' id='word_1_130' title='bbox 770 779 822 817; x_wconf 77' lang='grc' dir='ltr'>ἐγὼ</span> <span class='ocrx_word' id='word_1_131' title='bbox 844 778 926 825; x_wconf 71' lang='grc' dir='ltr'>θέλω.</span> 
     </span>
    </p>
   </div>
   <div class='ocr_carea' id='block_1_19' title="bbox 98 824 928 865">
    <p class='ocr_par' dir='ltr' id='par_1_19' title="bbox 98 824 928 865">
     <span class='ocr_line' id='line_1_19' title="bbox 98 824 928 865; baseline -0.008 -7"><span class='ocrx_word' id='word_1_132' title='bbox 98 831 126 858; x_wconf 86' lang='grc' dir='ltr'>Γί</span> <span class='ocrx_word' id='word_1_133' title='bbox 141 829 171 857; x_wconf 72' lang='grc' dir='ltr'>δὲ</span> <span class='ocrx_word' id='word_1_134' title='bbox 199 829 272 857; x_wconf 78' lang='grc' dir='ltr'>ἄλλο</span> <span class='ocrx_word' id='word_1_135' title='bbox 294 828 311 862; x_wconf 79' lang='grc' dir='ltr'><strong>ἢ</strong></span> <span class='ocrx_word' id='word_1_136' title='bbox 329 826 459 865; x_wconf 77' lang='grc' dir='ltr'>ἀφθορίαν</span> <span class='ocrx_word' id='word_1_137' title='bbox 485 826 498 853; x_wconf 85' lang='grc' dir='ltr'>ὁ</span> <span class='ocrx_word' id='word_1_138' title='bbox 515 825 614 862; x_wconf 81' lang='grc' dir='ltr'>Κύριος</span> <span class='ocrx_word' id='word_1_139' title='bbox 639 824 710 857; x_wconf 67' lang='grc' dir='ltr'>θέλει</span> <span class='ocrx_word' id='word_1_140' title='bbox 727 836 734 860; x_wconf 86' lang='lat'><strong>;</strong></span> <span class='ocrx_word' id='word_1_141' title='bbox 750 825 781 859; x_wconf 78' lang='grc' dir='ltr'>ἦν</span> <span class='ocrx_word' id='word_1_142' title='bbox 800 824 866 861; x_wconf 83' lang='grc' dir='ltr'>μετὰ</span> <span class='ocrx_word' id='word_1_143' title='bbox 880 826 928 852; x_wconf 80' lang='grc' dir='ltr'>τοῦ</span> 
     </span>
    </p>
   </div>
   <div class='ocr_carea' id='block_1_20' title="bbox 98 869 929 908">
    <p class='ocr_par' dir='ltr' id='par_1_20' title="bbox 98 869 929 908">
     <span class='ocr_line' id='line_1_20' title="bbox 98 869 929 908; baseline -0.008 -7"><span class='ocrx_word' id='word_1_144' title='bbox 98 871 271 907; x_wconf 69' lang='grc' dir='ltr'>σαϐϐπτίζειν</span> <span class='ocrx_word' id='word_1_145' title='bbox 302 872 332 899; x_wconf 68' lang='grc' dir='ltr'>ἐκ</span> <span class='ocrx_word' id='word_1_146' title='bbox 366 870 532 908; x_wconf 77' lang='grc' dir='ltr'>συγκρίσεως</span> <span class='ocrx_word' id='word_1_147' title='bbox 558 873 608 904; x_wconf 85' lang='grc' dir='ltr'>τῆς</span> <span class='ocrx_word' id='word_1_148' title='bbox 636 869 661 896; x_wconf 86' lang='grc' dir='ltr'>ἐν</span> <span class='ocrx_word' id='word_1_149' title='bbox 690 871 730 905; x_wconf 84' lang='grc' dir='ltr'>τῷ</span> <span class='ocrx_word' id='word_1_150' title='bbox 757 869 837 906; x_wconf 81' lang='grc' dir='ltr'>γάμῳ</span> <span class='ocrx_word' id='word_1_151' title='bbox 866 873 929 908; x_wconf 81' lang='grc' dir='ltr'>φθο-</span> 
     </span>
    </p>
   </div>
   <div class='ocr_carea' id='block_1_21' title="bbox 99 913 926 956">
    <p class='ocr_par' dir='ltr' id='par_1_21' title="bbox 99 913 926 956">
     <span class='ocr_line' id='line_1_21' title="bbox 99 913 926 956; baseline -0.008 -10"><span class='ocrx_word' id='word_1_152' title='bbox 99 919 146 956; x_wconf 73' lang='grc' dir='ltr'>ρὰς</span> <span class='ocrx_word' id='word_1_153' title='bbox 176 919 203 945; x_wconf 68' lang='grc' dir='ltr'>ἐν</span> <span class='ocrx_word' id='word_1_154' title='bbox 227 919 263 954; x_wconf 80' lang='grc' dir='ltr'>τῇ</span> <span class='ocrx_word' id='word_1_155' title='bbox 291 915 421 954; x_wconf 77' lang='grc' dir='ltr'>παρθενίᾳ</span> <span class='ocrx_word' id='word_1_156' title='bbox 437 914 616 950; x_wconf 72' lang='grc' dir='ltr'>ἐκλεξαμίνη,</span> <span class='ocrx_word' id='word_1_157' title='bbox 646 913 689 940; x_wconf 79' lang='grc' dir='ltr'>καὶ</span> <span class='ocrx_word' id='word_1_158' title='bbox 715 916 764 948; x_wconf 84' lang='grc' dir='ltr'>τῆς</span> <span class='ocrx_word' id='word_1_159' title='bbox 792 913 860 951; x_wconf 85' lang='grc' dir='ltr'>πρὸς</span> <span class='ocrx_word' id='word_1_160' title='bbox 881 913 926 940; x_wconf 86' lang='grc' dir='ltr'>τὸν</span> 
     </span>
    </p>
   </div>
   <div class='ocr_carea' id='block_1_22' title="bbox 99 956 928 1001">
    <p class='ocr_par' dir='ltr' id='par_1_22' title="bbox 99 956 928 1001">
     <span class='ocr_line' id='line_1_22' title="bbox 99 956 928 1001; baseline -0.008 -11"><span class='ocrx_word' id='word_1_161' title='bbox 99 963 199 1001; x_wconf 79' lang='grc' dir='ltr'>Κύριον</span> <span class='ocrx_word' id='word_1_162' title='bbox 215 961 260 989; x_wconf 78' lang='grc' dir='ltr'>ἐπὶ</span> <span class='ocrx_word' id='word_1_163' title='bbox 284 963 344 991; x_wconf 83' lang='grc' dir='ltr'>ταῖς</span> <span class='ocrx_word' id='word_1_164' title='bbox 367 959 489 990; x_wconf 82' lang='grc' dir='ltr'>ἐντολαῖς</span> <span class='ocrx_word' id='word_1_165' title='bbox 515 957 648 994; x_wconf 78' lang='grc' dir='ltr'>διαθήκης</span> <span class='ocrx_word' id='word_1_166' title='bbox 670 958 852 996; x_wconf 76' lang='grc' dir='ltr'>ἀντεχομένη,</span> <span class='ocrx_word' id='word_1_167' title='bbox 874 956 928 992; x_wconf 84' lang='grc' dir='ltr'>λή-</span> 
     </span>
    </p>
   </div>
   <div class='ocr_carea' id='block_1_23' title="bbox 96 1001 927 1044">
    <p class='ocr_par' dir='ltr' id='par_1_23' title="bbox 96 1001 927 1044">
     <span class='ocr_line' id='line_1_23' title="bbox 96 1001 927 1044; baseline -0.008 -8"><span class='ocrx_word' id='word_1_168' title='bbox 96 1010 173 1044; x_wconf 73' lang='grc' dir='ltr'>ψιται</span> <span class='ocrx_word' id='word_1_169' title='bbox 201 1007 266 1043; x_wconf 83' lang='grc' dir='ltr'>παρ’</span> <span class='ocrx_word' id='word_1_170' title='bbox 289 1006 372 1033; x_wconf 76' lang='grc' dir='ltr'>αὐτοῦ</span> <span class='ocrx_word' id='word_1_171' title='bbox 386 1004 412 1032; x_wconf 81' lang='grc' dir='ltr'>ἐν</span> <span class='ocrx_word' id='word_1_172' title='bbox 438 1006 479 1040; x_wconf 87' lang='grc' dir='ltr'>τῷ</span> <span class='ocrx_word' id='word_1_173' title='bbox 494 1002 563 1040; x_wconf 79' lang='grc' dir='ltr'>οἷ’κῳ</span> <span class='ocrx_word' id='word_1_174' title='bbox 577 1003 622 1030; x_wconf 80' lang='grc' dir='ltr'>καὶ</span> <span class='ocrx_word' id='word_1_175' title='bbox 647 1002 674 1030; x_wconf 75' lang='grc' dir='ltr'>ἐν</span> <span class='ocrx_word' id='word_1_176' title='bbox 688 1005 728 1039; x_wconf 88' lang='grc' dir='ltr'>τῷ</span> <span class='ocrx_word' id='word_1_177' title='bbox 743 1002 829 1040; x_wconf 84' lang='grc' dir='ltr'>τείχει</span> <span class='ocrx_word' id='word_1_178' title='bbox 845 1001 927 1029; x_wconf 75' lang='grc' dir='ltr'>αὐτοῦ</span> 
     </span>
    </p>
   </div>
   <div class='ocr_carea' id='block_1_24' title="bbox 96 1047 925 1088">
    <p class='ocr_par' dir='ltr' id='par_1_24' title="bbox 96 1047 925 1088">
     <span class='ocr_line' id='line_1_24' title="bbox 96 1047 925 1088; baseline -0.008 -8"><span class='ocrx_word' id='word_1_179' title='bbox 96 1053 180 1080; x_wconf 84' lang='grc' dir='ltr'>τόπον</span> <span class='ocrx_word' id='word_1_180' title='bbox 195 1051 360 1088; x_wconf 78' lang='grc' dir='ltr'>ὀνομαστὸν,</span> <span class='ocrx_word' id='word_1_181' title='bbox 386 1049 432 1077; x_wconf 82' lang='grc' dir='ltr'>τὸν</span> <span class='ocrx_word' id='word_1_182' title='bbox 455 1048 598 1086; x_wconf 86' lang='grc' dir='ltr'>κρείττονα</span> <span class='ocrx_word' id='word_1_183' title='bbox 623 1047 688 1074; x_wconf 69' lang='grc' dir='ltr'>υἱῶν</span> <span class='ocrx_word' id='word_1_184' title='bbox 702 1047 747 1074; x_wconf 86' lang='grc' dir='ltr'>καὶ</span> <span class='ocrx_word' id='word_1_185' title='bbox 762 1047 925 1084; x_wconf 68' lang='grc' dir='ltr'>θυγατέρων.</span> 
     </span>
    </p>
   </div>
   <div class='ocr_carea' id='block_1_25' title="bbox 97 1089 928 1135">
    <p class='ocr_par' dir='ltr' id='par_1_25' title="bbox 97 1089 928 1135">
     <span class='ocr_line' id='line_1_25' title="bbox 97 1089 928 1135; baseline -0.007 -11"><span class='ocrx_word' id='word_1_186' title='bbox 97 1097 133 1126; x_wconf 74' lang='lat'>0-5</span> <span class='ocrx_word' id='word_1_187' title='bbox 149 1097 202 1135; x_wconf 70' lang='grc' dir='ltr'>γὰρ</span> <span class='ocrx_word' id='word_1_188' title='bbox 221 1096 304 1132; x_wconf 76' lang='grc' dir='ltr'>μόνον</span> <span class='ocrx_word' id='word_1_189' title='bbox 316 1097 376 1125; x_wconf 83' lang='grc' dir='ltr'>τοῖς</span> <span class='ocrx_word' id='word_1_190' title='bbox 391 1093 558 1131; x_wconf 84' lang='grc' dir='ltr'>φυλάσσουσι</span> <span class='ocrx_word' id='word_1_191' title='bbox 572 1092 606 1120; x_wconf 72' lang='grc' dir='ltr'>τὰ</span> <span class='ocrx_word' id='word_1_192' title='bbox 620 1089 746 1119; x_wconf 73' lang='grc' dir='ltr'>Σάϐϐατά</span> <span class='ocrx_word' id='word_1_193' title='bbox 771 1102 823 1128; x_wconf 83' lang='grc' dir='ltr'>μου</span> <span class='ocrx_word' id='word_1_194' title='bbox 836 1091 928 1118; x_wconf 76' lang='grc' dir='ltr'>εὐνού-</span> 
     </span>
    </p>
   </div>
   <div class='ocr_carea' id='block_1_26' title="bbox 98 1135 927 1180">
    <p class='ocr_par' dir='ltr' id='par_1_26' title="bbox 98 1135 927 1180">
     <span class='ocr_line' id='line_1_26' title="bbox 98 1135 927 1180; baseline -0.008 -11"><span class='ocrx_word' id='word_1_195' title='bbox 98 1152 160 1180; x_wconf 86' lang='grc' dir='ltr'>χοις</span> <span class='ocrx_word' id='word_1_196' title='bbox 186 1140 234 1168; x_wconf 88' lang='grc' dir='ltr'>καὶ</span> <span class='ocrx_word' id='word_1_197' title='bbox 261 1138 456 1176; x_wconf 77' lang='grc' dir='ltr'>ἑκλεγομὲνοις</span> <span class='ocrx_word' id='word_1_198' title='bbox 479 1136 495 1164; x_wconf 84' lang='grc' dir='ltr'>ἃ</span> <span class='ocrx_word' id='word_1_199' title='bbox 511 1136 562 1174; x_wconf 75' lang='grc' dir='ltr'>ἐγὼ</span> <span class='ocrx_word' id='word_1_200' title='bbox 592 1135 676 1170; x_wconf 76' lang='grc' dir='ltr'>σέλω,</span> <span class='ocrx_word' id='word_1_201' title='bbox 702 1135 774 1163; x_wconf 80' lang='grc' dir='ltr'>ἀλλὰ</span> <span class='ocrx_word' id='word_1_202' title='bbox 796 1136 842 1162; x_wconf 81' lang='grc' dir='ltr'>καὶ</span> <span class='ocrx_word' id='word_1_203' title='bbox 871 1135 927 1162; x_wconf 81' lang='grc' dir='ltr'>ἀντ-</span> 
     </span>
    </p>
   </div>
   <div class='ocr_carea' id='block_1_27' title="bbox 96 1179 927 1223">
    <p class='ocr_par' dir='ltr' id='par_1_27' title="bbox 96 1179 927 1223">
     <span class='ocr_line' id='line_1_27' title="bbox 96 1179 927 1223; baseline -0.007 -10"><span class='ocrx_word' id='word_1_204' title='bbox 96 1179 243 1223; x_wconf 68' lang='grc' dir='ltr'>εχομένοις</span> <span class='ocrx_word' id='word_1_205' title='bbox 257 1187 308 1219; x_wconf 83' lang='grc' dir='ltr'>τῆς</span> <span class='ocrx_word' id='word_1_206' title='bbox 329 1182 461 1218; x_wconf 75' lang='grc' dir='ltr'>διαθήκης</span> <span class='ocrx_word' id='word_1_207' title='bbox 480 1192 544 1218; x_wconf 81' lang='grc' dir='ltr'>μου,</span> <span class='ocrx_word' id='word_1_208' title='bbox 567 1179 646 1208; x_wconf 82' lang='grc' dir='ltr'>δώσω</span> <span class='ocrx_word' id='word_1_209' title='bbox 660 1180 694 1208; x_wconf 73' lang='grc' dir='ltr'>τὰ</span> <span class='ocrx_word' id='word_1_210' title='bbox 709 1180 848 1218; x_wconf 71' lang='grc' dir='ltr'>εἰρημένα.</span> <span class='ocrx_word' id='word_1_211' title='bbox 868 1181 927 1208; x_wconf 83' lang='grc' dir='ltr'>Με-</span> 
     </span>
    </p>
   </div>
   <div class='ocr_carea' id='block_1_28' title="bbox 98 1224 927 1267">
    <p class='ocr_par' dir='ltr' id='par_1_28' title="bbox 98 1224 927 1267">
     <span class='ocr_line' id='line_1_28' title="bbox 98 1224 927 1267; baseline -0.007 -10"><span class='ocrx_word' id='word_1_212' title='bbox 98 1231 219 1267; x_wconf 86' lang='grc' dir='ltr'>μνῆσθαι</span> <span class='ocrx_word' id='word_1_213' title='bbox 245 1229 290 1256; x_wconf 76' lang='grc' dir='ltr'>οὖν</span> <span class='ocrx_word' id='word_1_214' title='bbox 311 1231 361 1262; x_wconf 84' lang='grc' dir='ltr'>τῆς</span> <span class='ocrx_word' id='word_1_215' title='bbox 389 1226 523 1262; x_wconf 78' lang='grc' dir='ltr'>διαθήκης</span> <span class='ocrx_word' id='word_1_216' title='bbox 547 1227 594 1253; x_wconf 80' lang='grc' dir='ltr'>τοῦ</span> <span class='ocrx_word' id='word_1_217' title='bbox 616 1225 736 1264; x_wconf 78' lang='grc' dir='ltr'>νυμφίου</span> <span class='ocrx_word' id='word_1_218' title='bbox 759 1225 777 1259; x_wconf 84' lang='grc' dir='ltr'><strong>ἡ</strong></span> <span class='ocrx_word' id='word_1_219' title='bbox 793 1224 927 1262; x_wconf 74' lang='grc' dir='ltr'>παρθένος</span> 
     </span>
    </p>
   </div>
   <div class='ocr_carea' id='block_1_29' title="bbox 98 1268 925 1312">
    <p class='ocr_par' dir='ltr' id='par_1_29' title="bbox 98 1268 925 1312">
     <span class='ocr_line' id='line_1_29' title="bbox 98 1268 925 1312; baseline -0.007 -10"><span class='ocrx_word' id='word_1_220' title='bbox 98 1275 203 1312; x_wconf 76' lang='grc' dir='ltr'>νύκτωρ</span> <span class='ocrx_word' id='word_1_221' title='bbox 233 1273 279 1300; x_wconf 87' lang='grc' dir='ltr'>καὶ</span> <span class='ocrx_word' id='word_1_222' title='bbox 309 1273 367 1309; x_wconf 81' lang='grc' dir='ltr'>μεθ’</span> <span class='ocrx_word' id='word_1_223' title='bbox 394 1271 499 1309; x_wconf 69' lang='grc' dir='ltr'>ἡμιραν</span> <span class='ocrx_word' id='word_1_224' title='bbox 527 1269 641 1307; x_wconf 77' lang='grc' dir='ltr'>ὀφείλει,</span> <span class='ocrx_word' id='word_1_225' title='bbox 666 1268 800 1305; x_wconf 80' lang='grc' dir='ltr'>διαθήκης</span> <span class='ocrx_word' id='word_1_226' title='bbox 822 1270 851 1304; x_wconf 81' lang='grc' dir='ltr'>ἣν</span> <span class='ocrx_word' id='word_1_227' title='bbox 867 1270 925 1305; x_wconf 83' lang='grc'>(33)</span> 
     </span>
    </p>
   </div>
   <div class='ocr_carea' id='block_1_30' title="bbox 101 1312 926 1357">
    <p class='ocr_par' dir='ltr' id='par_1_30' title="bbox 101 1312 926 1357">
     <span class='ocr_line' id='line_1_30' title="bbox 101 1312 926 1357; baseline -0.008 -10"><span class='ocrx_word' id='word_1_228' title='bbox 101 1319 166 1357; x_wconf 77' lang='grc' dir='ltr'>ὑπὲρ</span> <span class='ocrx_word' id='word_1_229' title='bbox 196 1317 281 1352; x_wconf 77' lang='grc' dir='ltr'>αὐτῆς</span> <span class='ocrx_word' id='word_1_230' title='bbox 310 1317 486 1351; x_wconf 81' lang='grc' dir='ltr'>ἀποθνήσκων</span> <span class='ocrx_word' id='word_1_231' title='bbox 517 1314 582 1352; x_wconf 76' lang='grc' dir='ltr'>ὑπὲρ</span> <span class='ocrx_word' id='word_1_232' title='bbox 611 1313 741 1353; x_wconf 76' lang='grc' dir='ltr'>ἁφθορίας</span> <span class='ocrx_word' id='word_1_233' title='bbox 769 1313 854 1349; x_wconf 77' lang='grc' dir='ltr'>αὐτῆς</span> <span class='ocrx_word' id='word_1_234' title='bbox 883 1312 926 1351; x_wconf 84' lang='grc' dir='ltr'>ἐγ-</span> 
     </span>
    </p>
   </div>
   <div class='ocr_carea' id='block_1_31' title="bbox 99 1357 924 1402">
    <p class='ocr_par' dir='ltr' id='par_1_31' title="bbox 99 1357 924 1402">
     <span class='ocr_line' id='line_1_31' title="bbox 99 1357 924 1402; baseline -0.007 -11"><span class='ocrx_word' id='word_1_235' title='bbox 99 1364 210 1402; x_wconf 79' lang='grc' dir='ltr'>γράφως</span> <span class='ocrx_word' id='word_1_236' title='bbox 234 1361 347 1394; x_wconf 75' lang='grc' dir='ltr'>διίθιτο.</span> <span class='ocrx_word' id='word_1_237' title='bbox 364 1360 415 1390; x_wconf 83' lang='grc' dir='ltr'>Καὶ</span> <span class='ocrx_word' id='word_1_238' title='bbox 432 1359 595 1397; x_wconf 69' lang='grc' dir='ltr'>μεμνημένη</span> <span class='ocrx_word' id='word_1_239' title='bbox 620 1361 669 1392; x_wconf 77' lang='grc' dir='ltr'>τῆς</span> <span class='ocrx_word' id='word_1_240' title='bbox 685 1358 711 1386; x_wconf 77' lang='grc' dir='ltr'>ἐν</span> <span class='ocrx_word' id='word_1_241' title='bbox 725 1360 764 1394; x_wconf 87' lang='grc' dir='ltr'>τῷ</span> <span class='ocrx_word' id='word_1_242' title='bbox 787 1357 822 1386; x_wconf 85' lang='grc' dir='ltr'>δι’</span> <span class='ocrx_word' id='word_1_243' title='bbox 841 1357 924 1393; x_wconf 74' lang='grc' dir='ltr'>αὐτὴν</span> 
     </span>
    </p>
   </div>
   <div class='ocr_carea' id='block_1_32' title="bbox 100 1402 925 1444">
    <p class='ocr_par' dir='ltr' id='par_1_32' title="bbox 100 1402 925 1444">
     <span class='ocr_line' id='line_1_32' title="bbox 100 1402 925 1444; baseline -0.007 -9"><span class='ocrx_word' id='word_1_244' title='bbox 100 1408 208 1444; x_wconf 76' lang='grc' dir='ltr'>θανάτῳ</span> <span class='ocrx_word' id='word_1_245' title='bbox 229 1406 313 1434; x_wconf 78' lang='grc' dir='ltr'>αὐτοῦ</span> <span class='ocrx_word' id='word_1_246' title='bbox 338 1404 482 1440; x_wconf 74' lang='grc' dir='ltr'>διαθήκης,</span> <span class='ocrx_word' id='word_1_247' title='bbox 507 1404 549 1432; x_wconf 76' lang='grc' dir='ltr'>δτι</span> <span class='ocrx_word' id='word_1_248' title='bbox 571 1402 724 1442; x_wconf 73' lang='grc' dir='ltr'>παρέδωκεν</span> <span class='ocrx_word' id='word_1_249' title='bbox 750 1403 842 1430; x_wconf 70' lang='grc' dir='ltr'>ἑαυτὸν</span> <span class='ocrx_word' id='word_1_250' title='bbox 859 1403 925 1441; x_wconf 71' lang='grc' dir='ltr'>ὑπὲρ</span> 
     </span>
    </p>
   </div>
   <div class='ocr_carea' id='block_1_33' title="bbox 98 1447 925 1487">
    <p class='ocr_par' dir='ltr' id='par_1_33' title="bbox 98 1447 925 1487">
     <span class='ocr_line' id='line_1_33' title="bbox 98 1447 925 1487; baseline -0.007 -7"><span class='ocrx_word' id='word_1_251' title='bbox 98 1451 245 1487; x_wconf 66' lang='grc' dir='ltr'>αὖτῆςῖνα</span> <span class='ocrx_word' id='word_1_252' title='bbox 273 1450 358 1484; x_wconf 81' lang='grc' dir='ltr'>αὐτὴν</span> <span class='ocrx_word' id='word_1_253' title='bbox 386 1448 498 1487; x_wconf 82' lang='grc' dir='ltr'>ἁγιάσῃ,</span> <span class='ocrx_word' id='word_1_254' title='bbox 516 1449 588 1487; x_wconf 81' lang='grc' dir='ltr'>παρὰ</span> <span class='ocrx_word' id='word_1_255' title='bbox 603 1448 689 1476; x_wconf 85' lang='grc' dir='ltr'>πάντα</span> <span class='ocrx_word' id='word_1_256' title='bbox 703 1447 749 1475; x_wconf 85' lang='grc' dir='ltr'>τὸν</span> <span class='ocrx_word' id='word_1_257' title='bbox 778 1447 837 1485; x_wconf 85' lang='grc' dir='ltr'>βίον</span> <span class='ocrx_word' id='word_1_258' title='bbox 864 1447 925 1475; x_wconf 82' lang='grc' dir='ltr'>ἀντ-</span> 
     </span>
    </p>
   </div>
   <div class='ocr_carea' id='block_1_34' title="bbox 100 1492 925 1535">
    <p class='ocr_par' dir='ltr' id='par_1_34' title="bbox 100 1492 925 1535">
     <span class='ocr_line' id='line_1_34' title="bbox 100 1492 925 1535; baseline -0.006 -11"><span class='ocrx_word' id='word_1_259' title='bbox 100 1497 206 1535; x_wconf 76' lang='grc' dir='ltr'>εχὲσθω</span> <span class='ocrx_word' id='word_1_260' title='bbox 232 1499 282 1530; x_wconf 81' lang='grc' dir='ltr'>τῆς</span> <span class='ocrx_word' id='word_1_261' title='bbox 306 1493 438 1530; x_wconf 82' lang='grc' dir='ltr'>διαθήκης</span> <span class='ocrx_word' id='word_1_262' title='bbox 467 1493 565 1521; x_wconf 78' lang='grc' dir='ltr'>αὐτοῦ·</span> <span class='ocrx_word' id='word_1_263' title='bbox 583 1493 716 1528; x_wconf 74' lang='grc' dir='ltr'>τοττάσνι,</span> <span class='ocrx_word' id='word_1_264' title='bbox 745 1493 782 1529; x_wconf 83' lang='grc' dir='ltr'>μὴ</span> <span class='ocrx_word' id='word_1_265' title='bbox 799 1492 925 1524; x_wconf 75' lang='grc' dir='ltr'>ἀθετςίτω</span> 
     </span>
    </p>
   </div>
   <div class='ocr_carea' id='block_1_35' title="bbox 98 1536 926 1577">
    <p class='ocr_par' dir='ltr' id='par_1_35' title="bbox 98 1536 926 1577">
     <span class='ocr_line' id='line_1_35' title="bbox 98 1536 926 1577; baseline -0.007 -8"><span class='ocrx_word' id='word_1_266' title='bbox 98 1542 146 1576; x_wconf 75' lang='grc' dir='ltr'>τήν</span> <span class='ocrx_word' id='word_1_267' title='bbox 161 1540 208 1569; x_wconf 74' lang='grc' dir='ltr'>ἆπῖ</span> <span class='ocrx_word' id='word_1_268' title='bbox 222 1541 263 1577; x_wconf 84' lang='grc' dir='ltr'>τῷ</span> <span class='ocrx_word' id='word_1_269' title='bbox 285 1539 391 1575; x_wconf 78' lang='grc' dir='ltr'>θανάτῳ</span> <span class='ocrx_word' id='word_1_270' title='bbox 413 1538 495 1566; x_wconf 77' lang='grc' dir='ltr'>αὐτοῦ</span> <span class='ocrx_word' id='word_1_271' title='bbox 520 1538 587 1576; x_wconf 74' lang='grc' dir='ltr'>ὑπὲρ</span> <span class='ocrx_word' id='word_1_272' title='bbox 610 1539 660 1572; x_wconf 74' lang='grc' dir='ltr'>τῆς</span> <span class='ocrx_word' id='word_1_273' title='bbox 684 1536 818 1575; x_wconf 80' lang='grc' dir='ltr'>σωτηρίας</span> <span class='ocrx_word' id='word_1_274' title='bbox 841 1536 926 1571; x_wconf 77' lang='grc' dir='ltr'>αὐτῆς</span> 
     </span>
    </p>
   </div>
   <div class='ocr_carea' id='block_1_36' title="bbox 98 1573 961 1621">
    <p class='ocr_par' dir='ltr' id='par_1_36' title="bbox 98 1573 961 1621">
     <span class='ocr_line' id='line_1_36' title="bbox 98 1573 961 1621; baseline -0.008 -7"><span class='ocrx_word' id='word_1_275' title='bbox 98 1573 270 1614; x_wconf 70' lang='grc' dir='ltr'>τελεσθεῖσαν</span> <span class='ocrx_word' id='word_1_276' title='bbox 293 1573 460 1621; x_wconf 80' lang='grc' dir='ltr'>οἰκονομίαν.</span> <span class='ocrx_word' id='word_1_277' title='bbox 489 1573 577 1611; x_wconf 42' lang='grc' dir='ltr'>Ἀλλί</span> <span class='ocrx_word' id='word_1_278' title='bbox 596 1582 689 1617; x_wconf 70' lang='grc' dir='ltr'>ἐπειδή</span> <span class='ocrx_word' id='word_1_279' title='bbox 716 1573 923 1619; x_wconf 65' lang='grc' dir='ltr'>ἆπέμπωλήσα-</span> <span class='ocrx_word' id='word_1_280' title='bbox 939 1573 961 1607; x_wconf 75' lang='lat' dir='ltr'>C</span> 
     </span>
    </p>
   </div>
   <div class='ocr_carea' id='block_1_37' title="bbox 100 1625 927 1666">
    <p class='ocr_par' dir='ltr' id='par_1_37' title="bbox 100 1625 927 1666">
     <span class='ocr_line' id='line_1_37' title="bbox 100 1625 927 1666; baseline -0.006 -7"><span class='ocrx_word' id='word_1_281' title='bbox 100 1641 145 1658; x_wconf 80' lang='grc' dir='ltr'>σαν</span> <span class='ocrx_word' id='word_1_282' title='bbox 160 1631 213 1664; x_wconf 80' lang='grc' dir='ltr'>τὴν</span> <span class='ocrx_word' id='word_1_283' title='bbox 230 1631 328 1664; x_wconf 74' lang='grc' dir='ltr'>ἑαυτῆς</span> <span class='ocrx_word' id='word_1_284' title='bbox 344 1630 400 1666; x_wconf 74' lang='grc'>(34)</span> <span class='ocrx_word' id='word_1_285' title='bbox 426 1627 592 1666; x_wconf 68' lang='grc' dir='ltr'>ἐλευθερίαν,</span> <span class='ocrx_word' id='word_1_286' title='bbox 616 1627 699 1662; x_wconf 82' lang='grc' dir='ltr'>αὐτὴν</span> <span class='ocrx_word' id='word_1_287' title='bbox 715 1626 754 1664; x_wconf 82' lang='grc' dir='ltr'>τῷ</span> <span class='ocrx_word' id='word_1_288' title='bbox 770 1627 866 1655; x_wconf 65' lang='grc' dir='ltr'>ἑαυτοῦ</span> <span class='ocrx_word' id='word_1_289' title='bbox 881 1625 927 1654; x_wconf 71' lang='grc' dir='ltr'>αἶ’-</span> 
     </span>
    </p>
   </div>
   <div class='ocr_carea' id='block_1_38' title="bbox 101 1671 925 1713">
    <p class='ocr_par' dir='ltr' id='par_1_38' title="bbox 101 1671 925 1713">
     <span class='ocr_line' id='line_1_38' title="bbox 101 1671 925 1713; baseline -0.005 -10"><span class='ocrx_word' id='word_1_290' title='bbox 101 1686 163 1712; x_wconf 78' lang='grc' dir='ltr'>ματι</span> <span class='ocrx_word' id='word_1_291' title='bbox 191 1674 349 1713; x_wconf 76' lang='grc' dir='ltr'>ἐξηγόρασι,</span> <span class='ocrx_word' id='word_1_292' title='bbox 372 1673 417 1701; x_wconf 87' lang='grc' dir='ltr'>καὶ</span> <span class='ocrx_word' id='word_1_293' title='bbox 443 1672 605 1711; x_wconf 76' lang='grc' dir='ltr'>ἐξαγοράσιος</span> <span class='ocrx_word' id='word_1_294' title='bbox 633 1672 683 1700; x_wconf 86' lang='grc' dir='ltr'>οὐκ</span> <span class='ocrx_word' id='word_1_295' title='bbox 709 1671 848 1708; x_wconf 72' lang='grc' dir='ltr'>ἐλευθερίᾳ</span> <span class='ocrx_word' id='word_1_296' title='bbox 876 1671 925 1708; x_wconf 89' lang='grc' dir='ltr'>μό-</span> 
     </span>
    </p>
   </div>
   <div class='ocr_carea' id='block_1_39' title="bbox 99 1714 926 1756">
    <p class='ocr_par' dir='ltr' id='par_1_39' title="bbox 99 1714 926 1756">
     <span class='ocr_line' id='line_1_39' title="bbox 99 1714 926 1756; baseline -0.005 -8"><span class='ocrx_word' id='word_1_297' title='bbox 99 1731 142 1748; x_wconf 85' lang='grc' dir='ltr'>νον</span> <span class='ocrx_word' id='word_1_298' title='bbox 157 1719 316 1756; x_wconf 78' lang='grc' dir='ltr'>τετίμηκεν,</span> <span class='ocrx_word' id='word_1_299' title='bbox 341 1717 414 1746; x_wconf 76' lang='grc' dir='ltr'>ἀλλὰ</span> <span class='ocrx_word' id='word_1_300' title='bbox 428 1718 474 1745; x_wconf 86' lang='grc' dir='ltr'>καὶ</span> <span class='ocrx_word' id='word_1_301' title='bbox 489 1717 596 1756; x_wconf 76' lang='grc' dir='ltr'>νύμφην</span> <span class='ocrx_word' id='word_1_302' title='bbox 622 1717 708 1753; x_wconf 71' lang='grc' dir='ltr'>ἑαυτῷ</span> <span class='ocrx_word' id='word_1_303' title='bbox 732 1714 855 1755; x_wconf 78' lang='grc' dir='ltr'>ἁρμόσας</span> <span class='ocrx_word' id='word_1_304' title='bbox 880 1717 926 1754; x_wconf 84' lang='grc' dir='ltr'>βα-</span> 
     </span>
    </p>
   </div>
   <div class='ocr_carea' id='block_1_40' title="bbox 101 1759 928 1800">
    <p class='ocr_par' dir='ltr' id='par_1_40' title="bbox 101 1759 928 1800">
     <span class='ocr_line' id='line_1_40' title="bbox 101 1759 928 1800; baseline -0.004 -8"><span class='ocrx_word' id='word_1_305' title='bbox 101 1763 194 1792; x_wconf 85' lang='grc' dir='ltr'>σιλίδα</span> <span class='ocrx_word' id='word_1_306' title='bbox 207 1767 323 1798; x_wconf 85' lang='grc' dir='ltr'>ποιῆσαι</span> <span class='ocrx_word' id='word_1_307' title='bbox 345 1759 556 1800; x_wconf 74' lang='grc' dir='ltr'>ὑπερϐαλλούσῃ</span> <span class='ocrx_word' id='word_1_308' title='bbox 580 1761 673 1800; x_wconf 80' lang='grc' dir='ltr'>χάριτι</span> <span class='ocrx_word' id='word_1_309' title='bbox 693 1762 854 1797; x_wconf 80' lang='grc' dir='ltr'>κατηξίωσε.</span> <span class='ocrx_word' id='word_1_310' title='bbox 879 1761 928 1789; x_wconf 79' lang='grc' dir='ltr'>Διὰ</span> 
     </span>
    </p>
   </div>
   <div class='ocr_carea' id='block_1_41' title="bbox 100 1805 928 1846">
    <p class='ocr_par' dir='ltr' id='par_1_41' title="bbox 100 1805 928 1846">
     <span class='ocr_line' id='line_1_41' title="bbox 100 1805 928 1846; baseline -0.004 -10"><span class='ocrx_word' id='word_1_311' title='bbox 100 1811 180 1837; x_wconf 77' lang='grc' dir='ltr'>τοῦτο</span> <span class='ocrx_word' id='word_1_312' title='bbox 194 1807 349 1846; x_wconf 71' lang='grc' dir='ltr'>ἁντιχὲσθω</span> <span class='ocrx_word' id='word_1_313' title='bbox 371 1810 421 1842; x_wconf 84' lang='grc' dir='ltr'>τῆς</span> <span class='ocrx_word' id='word_1_314' title='bbox 446 1805 577 1842; x_wconf 84' lang='grc' dir='ltr'>διαθήκης</span> <span class='ocrx_word' id='word_1_315' title='bbox 601 1806 694 1834; x_wconf 80' lang='grc' dir='ltr'>αὐτοῦ’</span> <span class='ocrx_word' id='word_1_316' title='bbox 710 1807 859 1841; x_wconf 70' lang='grc' dir='ltr'>τουτέστιν,</span> <span class='ocrx_word' id='word_1_317' title='bbox 881 1805 928 1834; x_wconf 71' lang='grc' dir='ltr'>’ίνα</span> 
     </span>
    </p>
   </div>
   <div class='ocr_carea' id='block_1_42' title="bbox 101 1851 926 1890">
    <p class='ocr_par' dir='ltr' id='par_1_42' title="bbox 101 1851 926 1890">
     <span class='ocr_line' id='line_1_42' title="bbox 101 1851 926 1890; baseline -0.001 -10"><span class='ocrx_word' id='word_1_318' title='bbox 101 1852 256 1890; x_wconf 75' lang='grc' dir='ltr'>κοινότερον</span> <span class='ocrx_word' id='word_1_319' title='bbox 271 1851 445 1888; x_wconf 81' lang='grc' dir='ltr'>εῗπω,ὥσπερ</span> <span class='ocrx_word' id='word_1_320' title='bbox 459 1851 533 1882; x_wconf 81' lang='grc' dir='ltr'>τινὸς</span> <span class='ocrx_word' id='word_1_321' title='bbox 547 1851 686 1888; x_wconf 84' lang='grc' dir='ltr'>προικῲου</span> <span class='ocrx_word' id='word_1_322' title='bbox 701 1853 750 1884; x_wconf 77' lang='grc' dir='ltr'>τῆς</span> <span class='ocrx_word' id='word_1_323' title='bbox 764 1851 832 1889; x_wconf 88' lang='grc' dir='ltr'>πρὸς</span> <span class='ocrx_word' id='word_1_324' title='bbox 843 1852 926 1886; x_wconf 75' lang='grc' dir='ltr'>αὐτὴν</span> 
     </span>
    </p>
   </div>
   <div class='ocr_carea' id='block_1_43' title="bbox 103 1895 928 1934">
    <p class='ocr_par' dir='ltr' id='par_1_43' title="bbox 103 1895 928 1934">
     <span class='ocr_line' id='line_1_43' title="bbox 103 1895 928 1934; baseline -0.002 -9"><span class='ocrx_word' id='word_1_325' title='bbox 103 1896 239 1933; x_wconf 85' lang='grc' dir='ltr'>διαθήκης</span> <span class='ocrx_word' id='word_1_326' title='bbox 253 1897 347 1931; x_wconf 77' lang='grc' dir='ltr'>αὐτοῦ,</span> <span class='ocrx_word' id='word_1_327' title='bbox 362 1895 506 1934; x_wconf 75' lang='grc' dir='ltr'>ἐγγράφως</span> <span class='ocrx_word' id='word_1_328' title='bbox 521 1895 567 1923; x_wconf 84' lang='grc' dir='ltr'>καὶ</span> <span class='ocrx_word' id='word_1_329' title='bbox 581 1895 707 1932; x_wconf 84' lang='grc' dir='ltr'>νομίμως</span> <span class='ocrx_word' id='word_1_330' title='bbox 719 1896 863 1927; x_wconf 77' lang='grc' dir='ltr'>συστάντος</span> <span class='ocrx_word' id='word_1_331' title='bbox 878 1897 928 1923; x_wconf 80' lang='grc' dir='ltr'>τοῦ</span> 
     </span>
    </p>
   </div>
   <div class='ocr_carea' id='block_1_44' title="bbox 101 1939 928 1979">
    <p class='ocr_par' dir='ltr' id='par_1_44' title="bbox 101 1939 928 1979">
     <span class='ocr_line' id='line_1_44' title="bbox 101 1939 928 1979; baseline -0.001 -10"><span class='ocrx_word' id='word_1_332' title='bbox 101 1942 203 1979; x_wconf 76' lang='grc' dir='ltr'>γάμου,</span> <span class='ocrx_word' id='word_1_333' title='bbox 219 1941 261 1969; x_wconf 83' lang='grc' dir='ltr'>ἀεὶ</span> <span class='ocrx_word' id='word_1_334' title='bbox 278 1941 431 1978; x_wconf 75' lang='grc' dir='ltr'>ἀντεχέσθω</span> <span class='ocrx_word' id='word_1_335' title='bbox 451 1941 519 1977; x_wconf 89' lang='grc' dir='ltr'>πρὸς</span> <span class='ocrx_word' id='word_1_336' title='bbox 544 1940 578 1967; x_wconf 70' lang='grc' dir='ltr'>τὰ</span> <span class='ocrx_word' id='word_1_337' title='bbox 593 1939 791 1977; x_wconf 83' lang='grc' dir='ltr'>ἐπερωτήματα</span> <span class='ocrx_word' id='word_1_338' title='bbox 813 1940 857 1968; x_wconf 80' lang='grc' dir='ltr'>καὶ</span> <span class='ocrx_word' id='word_1_339' title='bbox 880 1940 928 1972; x_wconf 65' lang='grc' dir='ltr'>τὰς</span> 
     </span>
    </p>
   </div>
   <div class='ocr_carea' id='block_1_45' title="bbox 103 1982 928 2022">
    <p class='ocr_par' dir='ltr' id='par_1_45' title="bbox 103 1982 928 2022">
     <span class='ocr_line' id='line_1_45' title="bbox 103 1982 928 2022; baseline -0.001 -9"><span class='ocrx_word' id='word_1_340' title='bbox 103 1987 238 2022; x_wconf 80' lang='grc' dir='ltr'>συνθήκας</span> <span class='ocrx_word' id='word_1_341' title='bbox 253 1985 304 2020; x_wconf 69' lang='grc' dir='ltr'>τῆς</span> <span class='ocrx_word' id='word_1_342' title='bbox 327 1982 518 2022; x_wconf 70' lang='grc' dir='ltr'>συμϐιώσεως,</span> <span class='ocrx_word' id='word_1_343' title='bbox 545 1984 642 2018; x_wconf 77' lang='grc' dir='ltr'>ὶαυτὴν</span> <span class='ocrx_word' id='word_1_344' title='bbox 668 1983 742 2021; x_wconf 80' lang='grc' dir='ltr'>αὐτῷ</span> <span class='ocrx_word' id='word_1_345' title='bbox 768 1984 884 2022; x_wconf 79' lang='grc' dir='ltr'>ἄμωμον</span> <span class='ocrx_word' id='word_1_346' title='bbox 901 1984 928 2012; x_wconf 66' lang='grc' dir='ltr'>ἦν</span> 
     </span>
    </p>
   </div>
   <div class='ocr_carea' id='block_1_46' title="bbox 103 2027 929 2068">
    <p class='ocr_par' dir='ltr' id='par_1_46' title="bbox 103 2027 929 2068">
     <span class='ocr_line' id='line_1_46' title="bbox 103 2027 929 2068; baseline 0 -10"><span class='ocrx_word' id='word_1_347' title='bbox 103 2034 171 2058; x_wconf 76' lang='grc' dir='ltr'>πᾶσι</span> <span class='ocrx_word' id='word_1_348' title='bbox 184 2029 355 2068; x_wconf 70' lang='grc' dir='ltr'>παρέχουσι,</span> <span class='ocrx_word' id='word_1_349' title='bbox 372 2029 410 2060; x_wconf 85' lang='grc' dir='ltr'>ὡς</span> <span class='ocrx_word' id='word_1_350' title='bbox 425 2027 455 2056; x_wconf 80' lang='grc' dir='ltr'>ἂν</span> <span class='ocrx_word' id='word_1_351' title='bbox 471 2028 552 2064; x_wconf 82' lang='grc' dir='ltr'>ἀξίως</span> <span class='ocrx_word' id='word_1_352' title='bbox 563 2028 644 2056; x_wconf 81' lang='grc' dir='ltr'>αὐτοῦ</span> <span class='ocrx_word' id='word_1_353' title='bbox 659 2028 772 2061; x_wconf 71' lang='grc' dir='ltr'>ἐνταῦθα</span> <span class='ocrx_word' id='word_1_354' title='bbox 782 2031 929 2066; x_wconf 79' lang='grc' dir='ltr'>συζήσασα,</span> 
     </span>
    </p>
   </div>
   <div class='ocr_carea' id='block_1_47' title="bbox 104 2072 774 2112">
    <p class='ocr_par' dir='ltr' id='par_1_47' title="bbox 104 2072 774 2112">
     <span class='ocr_line' id='line_1_47' title="bbox 104 2072 774 2112; baseline 0 -10"><span class='ocrx_word' id='word_1_355' title='bbox 104 2075 148 2102; x_wconf 85' lang='grc' dir='ltr'>καὶ</span> <span class='ocrx_word' id='word_1_356' title='bbox 163 2077 219 2102; x_wconf 83' lang='grc' dir='ltr'>τῶν</span> <span class='ocrx_word' id='word_1_357' title='bbox 235 2074 292 2102; x_wconf 83' lang='grc' dir='ltr'>ἐκεῖ</span> <span class='ocrx_word' id='word_1_358' title='bbox 305 2076 366 2112; x_wconf 77' lang='grc' dir='ltr'>παρ’</span> <span class='ocrx_word' id='word_1_359' title='bbox 381 2073 464 2101; x_wconf 79' lang='grc' dir='ltr'>αὐτοῦ</span> <span class='ocrx_word' id='word_1_360' title='bbox 479 2074 586 2110; x_wconf 76' lang='grc' dir='ltr'>ἀγαθῶν</span> <span class='ocrx_word' id='word_1_361' title='bbox 600 2072 774 2102; x_wconf 72' lang='grc' dir='ltr'>ἀπολαύσειε.</span> 
     </span>
    </p>
   </div>
   <div class='ocr_carea' id='block_1_48' title="bbox 137 2115 931 2156">
    <p class='ocr_par' dir='ltr' id='par_1_48' title="bbox 137 2115 931 2156">
     <span class='ocr_line' id='line_1_48' title="bbox 137 2115 931 2156; baseline 0 -11"><span class='ocrx_word' id='word_1_362' title='bbox 137 2121 184 2148; x_wconf 87' lang='lat'>60.</span> <span class='ocrx_word' id='word_1_363' title='bbox 201 2121 264 2150; x_wconf 82' lang='grc' dir='ltr'>Τοῖς</span> <span class='ocrx_word' id='word_1_364' title='bbox 288 2119 338 2156; x_wconf 75' lang='grc' dir='ltr'>γὰρ</span> <span class='ocrx_word' id='word_1_365' title='bbox 366 2117 584 2156; x_wconf 67' lang='grc' dir='ltr'>φυλασσομένοις</span> <span class='ocrx_word' id='word_1_366' title='bbox 605 2118 639 2145; x_wconf 76' lang='grc' dir='ltr'>τὰ</span> <span class='ocrx_word' id='word_1_367' title='bbox 658 2115 785 2145; x_wconf 74' lang='grc' dir='ltr'>Σάϐϐατα</span> <span class='ocrx_word' id='word_1_368' title='bbox 800 2129 852 2155; x_wconf 90' lang='grc' dir='ltr'>μου</span> <span class='ocrx_word' id='word_1_369' title='bbox 867 2119 931 2156; x_wconf 68' lang='grc' dir='ltr'>(πί-</span> 
     </span>
    </p>
   </div>
   <div class='ocr_carea' id='block_1_49' title="bbox 105 2162 930 2202">
    <p class='ocr_par' dir='ltr' id='par_1_49' title="bbox 105 2162 930 2202">
     <span class='ocr_line' id='line_1_49' title="bbox 105 2162 930 2202; baseline 0.001 -11"><span class='ocrx_word' id='word_1_370' title='bbox 105 2163 146 2191; x_wconf 82' lang='grc' dir='ltr'>λιν</span> <span class='ocrx_word' id='word_1_371' title='bbox 174 2163 240 2200; x_wconf 75' lang='grc' dir='ltr'>ἰρῶ,</span> <span class='ocrx_word' id='word_1_372' title='bbox 271 2164 349 2202; x_wconf 78' lang='grc' dir='ltr'>φησὶ,</span> <span class='ocrx_word' id='word_1_373' title='bbox 379 2163 424 2191; x_wconf 86' lang='grc' dir='ltr'>καὶ</span> <span class='ocrx_word' id='word_1_374' title='bbox 451 2165 510 2194; x_wconf 84' lang='grc' dir='ltr'>τοῖς</span> <span class='ocrx_word' id='word_1_375' title='bbox 541 2162 831 2201; x_wconf 68' lang='grc' dir='ltr'>ἐκλεγομένοιςᾶἐγὼ</span> <span class='ocrx_word' id='word_1_376' title='bbox 847 2164 930 2200; x_wconf 69' lang='grc' dir='ltr'>θέλω,</span> 
     </span>
    </p>
   </div>
   <div class='ocr_carea' id='block_1_50' title="bbox 104 2206 933 2246">
    <p class='ocr_par' dir='ltr' id='par_1_50' title="bbox 104 2206 933 2246">
     <span class='ocr_line' id='line_1_50' title="bbox 104 2206 933 2246; baseline 0.001 -10"><span class='ocrx_word' id='word_1_377' title='bbox 104 2209 148 2236; x_wconf 84' lang='grc' dir='ltr'>καὶ</span> <span class='ocrx_word' id='word_1_378' title='bbox 163 2209 359 2246; x_wconf 71' lang='grc' dir='ltr'>ἀντεχομένοις</span> <span class='ocrx_word' id='word_1_379' title='bbox 373 2211 423 2243; x_wconf 80' lang='grc' dir='ltr'>τῆς</span> <span class='ocrx_word' id='word_1_380' title='bbox 445 2207 578 2243; x_wconf 81' lang='grc' dir='ltr'>διαθήκης</span> <span class='ocrx_word' id='word_1_381' title='bbox 595 2218 659 2244; x_wconf 80' lang='grc' dir='ltr'>μου,</span> <span class='ocrx_word' id='word_1_382' title='bbox 674 2206 754 2236; x_wconf 87' lang='grc' dir='ltr'>δώσω</span> <span class='ocrx_word' id='word_1_383' title='bbox 779 2208 804 2236; x_wconf 73' lang='grc' dir='ltr'>ἐν</span> <span class='ocrx_word' id='word_1_384' title='bbox 831 2211 870 2246; x_wconf 84' lang='grc' dir='ltr'>τῷ</span> <span class='ocrx_word' id='word_1_385' title='bbox 894 2208 933 2237; x_wconf 76' lang='grc' dir='ltr'>οἷ’-</span> 
     </span>
    </p>
   </div>
   <div class='ocr_carea' id='block_1_51' title="bbox 983 247 1806 289">
    <p class='ocr_par' dir='ltr' id='par_1_51' title="bbox 983 247 1806 289">
     <span class='ocr_line' id='line_1_51' title="bbox 983 247 1806 289; baseline 0.007 -14"><span class='ocrx_word' id='word_1_386' title='bbox 983 247 1167 277; x_wconf 89' lang='lat' dir='ltr'>vulneratum</span> <span class='ocrx_word' id='word_1_387' title='bbox 1197 252 1241 277; x_wconf 87' lang='lat' dir='ltr'>est</span> <span class='ocrx_word' id='word_1_388' title='bbox 1262 250 1423 285; x_wconf 78' lang='lat' dir='ltr'>cupiditate</span> <span class='ocrx_word' id='word_1_389' title='bbox 1450 254 1479 280; x_wconf 87' lang='lat' dir='ltr'>et</span> <span class='ocrx_word' id='word_1_390' title='bbox 1503 253 1650 288; x_wconf 73' lang='lat' dir='ltr'>voluptate</span> <span class='ocrx_word' id='word_1_391' title='bbox 1674 255 1703 280; x_wconf 86' lang='lat' dir='ltr'>et</span> <span class='ocrx_word' id='word_1_392' title='bbox 1726 254 1806 289; x_wconf 89' lang='lat' dir='ltr'>vitio,</span> 
     </span>
    </p>
   </div>
   <div class='ocr_carea' id='block_1_52' title="bbox 984 292 1806 333">
    <p class='ocr_par' dir='ltr' id='par_1_52' title="bbox 984 292 1806 333">
     <span class='ocr_line' id='line_1_52' title="bbox 984 292 1806 333; baseline 0.007 -14"><span class='ocrx_word' id='word_1_393' title='bbox 984 292 1068 328; x_wconf 87' lang='lat' dir='ltr'>quasi</span> <span class='ocrx_word' id='word_1_394' title='bbox 1084 293 1231 329; x_wconf 81' lang='lat' dir='ltr'>integrum</span> <span class='ocrx_word' id='word_1_395' title='bbox 1244 303 1347 322; x_wconf 81' lang='lat' dir='ltr'>rursus</span> <span class='ocrx_word' id='word_1_396' title='bbox 1364 296 1423 330; x_wconf 82' lang='lat' dir='ltr'>fiet,</span> <span class='ocrx_word' id='word_1_397' title='bbox 1436 305 1501 324; x_wconf 84' lang='lat' dir='ltr'>cum</span> <span class='ocrx_word' id='word_1_398' title='bbox 1518 297 1600 332; x_wconf 73' lang='lat' dir='ltr'>signa</span> <span class='ocrx_word' id='word_1_399' title='bbox 1610 298 1806 333; x_wconf 81' lang='lat' dir='ltr'>corruptionis</span> 
     </span>
    </p>
   </div>
   <div class='ocr_carea' id='block_1_53' title="bbox 982 336 1806 377">
    <p class='ocr_par' dir='ltr' id='par_1_53' title="bbox 982 336 1806 377">
     <span class='ocr_line' id='line_1_53' title="bbox 982 336 1806 377; baseline 0.007 -13"><span class='ocrx_word' id='word_1_400' title='bbox 982 336 1011 364; x_wconf 89' lang='lat' dir='ltr'>in</span> <span class='ocrx_word' id='word_1_401' title='bbox 1028 337 1126 366; x_wconf 80' lang='lat' dir='ltr'>anima</span> <span class='ocrx_word' id='word_1_402' title='bbox 1142 340 1170 365; x_wconf 91' lang='lat' dir='ltr'>et</span> <span class='ocrx_word' id='word_1_403' title='bbox 1183 347 1302 375; x_wconf 84' lang='lat' dir='ltr'>corpore</span> <span class='ocrx_word' id='word_1_404' title='bbox 1313 340 1425 376; x_wconf 86' lang='lat' dir='ltr'>jugiter</span> <span class='ocrx_word' id='word_1_405' title='bbox 1435 342 1648 377; x_wconf 81' lang='lat' dir='ltr'>permaneant?</span> <span class='ocrx_word' id='word_1_406' title='bbox 1662 342 1806 370; x_wconf 70' lang='lat' dir='ltr'>Paeniten-</span> 
     </span>
    </p>
   </div>
   <div class='ocr_carea' id='block_1_54' title="bbox 983 383 1806 424">
    <p class='ocr_par' dir='ltr' id='par_1_54' title="bbox 983 383 1806 424">
     <span class='ocr_line' id='line_1_54' title="bbox 983 383 1806 424; baseline 0.007 -14"><span class='ocrx_word' id='word_1_407' title='bbox 983 383 1022 410; x_wconf 84' lang='lat' dir='ltr'>tia</span> <span class='ocrx_word' id='word_1_408' title='bbox 1038 383 1116 411; x_wconf 88' lang='lat' dir='ltr'>enim</span> <span class='ocrx_word' id='word_1_409' title='bbox 1132 383 1253 413; x_wconf 89' lang='lat' dir='ltr'>dimittit</span> <span class='ocrx_word' id='word_1_410' title='bbox 1264 388 1415 421; x_wconf 86' lang='lat' dir='ltr'>peccatum</span> <span class='ocrx_word' id='word_1_411' title='bbox 1428 399 1435 421; x_wconf 87' lang='lat'><strong>;</strong></span> <span class='ocrx_word' id='word_1_412' title='bbox 1452 388 1502 415; x_wconf 89' lang='lat' dir='ltr'>sed</span> <span class='ocrx_word' id='word_1_413' title='bbox 1514 396 1547 415; x_wconf 80' lang='lat' dir='ltr'>ex</span> <span class='ocrx_word' id='word_1_414' title='bbox 1562 390 1698 424; x_wconf 86' lang='lat' dir='ltr'>corrupta</span> <span class='ocrx_word' id='word_1_415' title='bbox 1709 388 1806 416; x_wconf 85' lang='lat' dir='ltr'>incor-</span> 
     </span>
    </p>
   </div>
   <div class='ocr_carea' id='block_1_55' title="bbox 983 428 1806 468">
    <p class='ocr_par' dir='ltr' id='par_1_55' title="bbox 983 428 1806 468">
     <span class='ocr_line' id='line_1_55' title="bbox 983 428 1806 468; baseline 0.006 -13"><span class='ocrx_word' id='word_1_416' title='bbox 983 430 1100 464; x_wconf 83' lang='lat' dir='ltr'>ruptam</span> <span class='ocrx_word' id='word_1_417' title='bbox 1115 428 1221 457; x_wconf 79' lang='lat' dir='ltr'>iterum</span> <span class='ocrx_word' id='word_1_418' title='bbox 1237 430 1330 458; x_wconf 80' lang='lat' dir='ltr'>facere</span> <span class='ocrx_word' id='word_1_419' title='bbox 1346 439 1404 458; x_wconf 91' lang='lat' dir='ltr'>non</span> <span class='ocrx_word' id='word_1_420' title='bbox 1420 431 1530 466; x_wconf 88' lang='lat' dir='ltr'>valens,</span> <span class='ocrx_word' id='word_1_421' title='bbox 1545 440 1596 468; x_wconf 85' lang='lat' dir='ltr'>per</span> <span class='ocrx_word' id='word_1_422' title='bbox 1610 434 1700 461; x_wconf 86' lang='lat' dir='ltr'>totam</span> <span class='ocrx_word' id='word_1_423' title='bbox 1716 432 1806 460; x_wconf 85' lang='lat' dir='ltr'>vitam</span> 
     </span>
    </p>
   </div>
   <div class='ocr_carea' id='block_1_56' title="bbox 982 471 1806 512">
    <p class='ocr_par' dir='ltr' id='par_1_56' title="bbox 982 471 1806 512">
     <span class='ocr_line' id='line_1_56' title="bbox 982 471 1806 512; baseline 0.006 -13"><span class='ocrx_word' id='word_1_424' title='bbox 982 471 1170 501; x_wconf 77' lang='lat' dir='ltr'>lamentatur.</span> <span class='ocrx_word' id='word_1_425' title='bbox 1201 474 1295 505; x_wconf 81' lang='lat' dir='ltr'>Quare</span> <span class='ocrx_word' id='word_1_426' title='bbox 1325 483 1391 503; x_wconf 89' lang='lat' dir='ltr'>cum</span> <span class='ocrx_word' id='word_1_427' title='bbox 1418 476 1662 512; x_wconf 70' lang='lat' dir='ltr'>praestantissima</span> <span class='ocrx_word' id='word_1_428' title='bbox 1683 477 1723 505; x_wconf 90' lang='lat' dir='ltr'>sit</span> <span class='ocrx_word' id='word_1_429' title='bbox 1747 477 1806 504; x_wconf 72' lang='lat' dir='ltr'>haec</span> 
     </span>
    </p>
   </div>
   <div class='ocr_carea' id='block_1_57' title="bbox 983 517 1807 558">
    <p class='ocr_par' dir='ltr' id='par_1_57' title="bbox 983 517 1807 558">
     <span class='ocr_line' id='line_1_57' title="bbox 983 517 1807 558; baseline 0.006 -14"><span class='ocrx_word' id='word_1_430' title='bbox 983 517 1141 552; x_wconf 79' lang='lat' dir='ltr'>possessio,</span> <span class='ocrx_word' id='word_1_431' title='bbox 1153 526 1186 545; x_wconf 87' lang='lat' dir='ltr'>ac</span> <span class='ocrx_word' id='word_1_432' title='bbox 1202 519 1355 554; x_wconf 65' lang='lat' dir='ltr'>praemium</span> <span class='ocrx_word' id='word_1_433' title='bbox 1366 519 1424 553; x_wconf 86' lang='lat' dir='ltr'>his,</span> <span class='ocrx_word' id='word_1_434' title='bbox 1438 520 1488 555; x_wconf 88' lang='lat' dir='ltr'>qui</span> <span class='ocrx_word' id='word_1_435' title='bbox 1499 529 1564 548; x_wconf 86' lang='lat' dir='ltr'>eam</span> <span class='ocrx_word' id='word_1_436' title='bbox 1574 523 1807 558; x_wconf 83' lang='lat' dir='ltr'>consequuntur,</span> 
     </span>
    </p>
   </div>
   <div class='ocr_carea' id='block_1_58' title="bbox 982 561 1808 599">
    <p class='ocr_par' dir='ltr' id='par_1_58' title="bbox 982 561 1808 599">
     <span class='ocr_line' id='line_1_58' title="bbox 982 561 1808 599; baseline 0.006 -11"><span class='ocrx_word' id='word_1_437' title='bbox 982 561 1068 598; x_wconf 87' lang='lat' dir='ltr'>longe</span> <span class='ocrx_word' id='word_1_438' title='bbox 1097 561 1356 599; x_wconf 81' lang='lat' dir='ltr'>gloriosissimum,</span> <span class='ocrx_word' id='word_1_439' title='bbox 1386 564 1524 593; x_wconf 67' lang='lat' dir='ltr'>doctrinis</span> <span class='ocrx_word' id='word_1_440' title='bbox 1549 565 1665 593; x_wconf 87' lang='lat' dir='ltr'>Domini</span> <span class='ocrx_word' id='word_1_441' title='bbox 1694 573 1808 594; x_wconf 86' lang='lat' dir='ltr'>morem</span> 
     </span>
    </p>
   </div>
   <div class='ocr_carea' id='block_1_59' title="bbox 982 607 1808 644">
    <p class='ocr_par' dir='ltr' id='par_1_59' title="bbox 982 607 1808 644">
     <span class='ocr_line' id='line_1_59' title="bbox 982 607 1808 644; baseline 0.005 -10"><span class='ocrx_word' id='word_1_442' title='bbox 982 608 1129 642; x_wconf 80' lang='lat' dir='ltr'>gerentes,</span> <span class='ocrx_word' id='word_1_443' title='bbox 1146 607 1186 635; x_wconf 87' lang='lat' dir='ltr'>ita</span> <span class='ocrx_word' id='word_1_444' title='bbox 1201 607 1358 635; x_wconf 74' lang='lat' dir='ltr'>sabbatum</span> <span class='ocrx_word' id='word_1_445' title='bbox 1379 616 1512 644; x_wconf 86' lang='lat' dir='ltr'>agamus,</span> <span class='ocrx_word' id='word_1_446' title='bbox 1530 610 1572 637; x_wconf 88' lang='lat' dir='ltr'>uti</span> <span class='ocrx_word' id='word_1_447' title='bbox 1586 609 1646 638; x_wconf 63' lang='lat' dir='ltr'>haec</span> <span class='ocrx_word' id='word_1_448' title='bbox 1662 610 1755 638; x_wconf 79' lang='lat' dir='ltr'>oratio</span> <span class='ocrx_word' id='word_1_449' title='bbox 1770 610 1808 638; x_wconf 86' lang='lat' dir='ltr'>ab</span> 
     </span>
    </p>
   </div>
   <div class='ocr_carea' id='block_1_60' title="bbox 982 651 1807 687">
    <p class='ocr_par' dir='ltr' id='par_1_60' title="bbox 982 651 1807 687">
     <span class='ocr_line' id='line_1_60' title="bbox 982 651 1807 687; baseline 0.005 -9"><span class='ocrx_word' id='word_1_450' title='bbox 982 651 1065 679; x_wconf 86' lang='lat' dir='ltr'>initio</span> <span class='ocrx_word' id='word_1_451' title='bbox 1077 651 1219 679; x_wconf 78' lang='lat' dir='ltr'>hactenus</span> <span class='ocrx_word' id='word_1_452' title='bbox 1228 653 1616 687; x_wconf 85' lang='lat' dir='ltr'>submonuit,intaminatam</span> <span class='ocrx_word' id='word_1_453' title='bbox 1628 656 1656 682; x_wconf 85' lang='lat' dir='ltr'>et</span> <span class='ocrx_word' id='word_1_454' title='bbox 1668 654 1807 683; x_wconf 88' lang='lat' dir='ltr'>intactam</span> 
     </span>
    </p>
   </div>
   <div class='ocr_carea' id='block_1_61' title="bbox 983 695 1807 733">
    <p class='ocr_par' dir='ltr' id='par_1_61' title="bbox 983 695 1807 733">
     <span class='ocr_line' id='line_1_61' title="bbox 983 695 1807 733; baseline 0.004 -10"><span class='ocrx_word' id='word_1_455' title='bbox 983 695 1018 724; x_wconf 89' lang='lat' dir='ltr'>ab</span> <span class='ocrx_word' id='word_1_456' title='bbox 1033 696 1113 723; x_wconf 92' lang='lat' dir='ltr'>omni</span> <span class='ocrx_word' id='word_1_457' title='bbox 1127 696 1242 724; x_wconf 81' lang='lat' dir='ltr'>macula</span> <span class='ocrx_word' id='word_1_458' title='bbox 1261 697 1424 726; x_wconf 72' lang='lat' dir='ltr'>naturalem</span> <span class='ocrx_word' id='word_1_459' title='bbox 1448 698 1696 733; x_wconf 81' lang='lat' dir='ltr'>pulchritudinem</span> <span class='ocrx_word' id='word_1_460' title='bbox 1713 698 1807 727; x_wconf 86' lang='lat' dir='ltr'>divini</span> 
     </span>
    </p>
   </div>
   <div class='ocr_carea' id='block_1_62' title="bbox 983 740 1804 777">
    <p class='ocr_par' dir='ltr' id='par_1_62' title="bbox 983 740 1804 777">
     <span class='ocr_line' id='line_1_62' title="bbox 983 740 1804 777; baseline 0.002 -8"><span class='ocrx_word' id='word_1_461' title='bbox 983 740 1133 769; x_wconf 79' lang='lat' dir='ltr'>simulacri</span> <span class='ocrx_word' id='word_1_462' title='bbox 1149 744 1289 777; x_wconf 82' lang='lat' dir='ltr'>perpetuo</span> <span class='ocrx_word' id='word_1_463' title='bbox 1305 745 1464 771; x_wconf 82' lang='lat' dir='ltr'>servantes.</span> <span class='ocrx_word' id='word_1_464' title='bbox 1475 743 1531 771; x_wconf 90' lang='lat' dir='ltr'>Nec</span> <span class='ocrx_word' id='word_1_465' title='bbox 1545 743 1701 771; x_wconf 82' lang='lat' dir='ltr'>sabbatum</span> <span class='ocrx_word' id='word_1_466' title='bbox 1717 743 1804 771; x_wconf 87' lang='lat' dir='ltr'>modo</span> 
     </span>
    </p>
   </div>
   <div class='ocr_carea' id='block_1_63' title="bbox 983 785 1804 824">
    <p class='ocr_par' dir='ltr' id='par_1_63' title="bbox 983 785 1804 824">
     <span class='ocr_line' id='line_1_63' title="bbox 983 785 1804 824; baseline 0.004 -12"><span class='ocrx_word' id='word_1_467' title='bbox 983 786 1060 821; x_wconf 86' lang='lat' dir='ltr'>agat,</span> <span class='ocrx_word' id='word_1_468' title='bbox 1077 785 1182 821; x_wconf 88' lang='lat' dir='ltr'>inquit,</span> <span class='ocrx_word' id='word_1_469' title='bbox 1200 786 1291 822; x_wconf 84' lang='lat' dir='ltr'>virgo,</span> <span class='ocrx_word' id='word_1_470' title='bbox 1307 786 1357 814; x_wconf 90' lang='lat' dir='ltr'>sed</span> <span class='ocrx_word' id='word_1_471' title='bbox 1373 787 1462 815; x_wconf 87' lang='lat' dir='ltr'>etiam</span> <span class='ocrx_word' id='word_1_472' title='bbox 1478 787 1567 824; x_wconf 83' lang='lat' dir='ltr'>eligat</span> <span class='ocrx_word' id='word_1_473' title='bbox 1582 796 1646 824; x_wconf 72' lang='lat' dir='ltr'>quae</span> <span class='ocrx_word' id='word_1_474' title='bbox 1660 796 1713 824; x_wconf 83' lang='lat' dir='ltr'>ego</span> <span class='ocrx_word' id='word_1_475' title='bbox 1727 787 1804 816; x_wconf 89' lang='lat' dir='ltr'>volo.</span> 
     </span>
    </p>
   </div>
   <div class='ocr_carea' id='block_1_64' title="bbox 982 829 1807 867">
    <p class='ocr_par' dir='ltr' id='par_1_64' title="bbox 982 829 1807 867">
     <span class='ocr_line' id='line_1_64' title="bbox 982 829 1807 867; baseline 0.004 -10"><span class='ocrx_word' id='word_1_476' title='bbox 982 829 1056 861; x_wconf 92' lang='lat' dir='ltr'>Quid</span> <span class='ocrx_word' id='word_1_477' title='bbox 1072 832 1169 858; x_wconf 87' lang='lat' dir='ltr'>autem</span> <span class='ocrx_word' id='word_1_478' title='bbox 1185 830 1265 858; x_wconf 86' lang='lat' dir='ltr'>aliud</span> <span class='ocrx_word' id='word_1_479' title='bbox 1282 831 1338 858; x_wconf 92' lang='lat' dir='ltr'>nisi</span> <span class='ocrx_word' id='word_1_480' title='bbox 1352 831 1550 867; x_wconf 85' lang='lat' dir='ltr'>integritatem</span> <span class='ocrx_word' id='word_1_481' title='bbox 1566 832 1627 860; x_wconf 89' lang='lat' dir='ltr'>vult</span> <span class='ocrx_word' id='word_1_482' title='bbox 1640 831 1807 860; x_wconf 79' lang='lat' dir='ltr'>Dominus?</span> 
     </span>
    </p>
   </div>
   <div class='ocr_carea' id='block_1_65' title="bbox 943 874 1807 923">
    <p class='ocr_par' dir='ltr' id='par_1_65' title="bbox 943 874 1807 923">
     <span class='ocr_line' id='line_1_65' title="bbox 943 874 1807 923; baseline 0.003 -22"><span class='ocrx_word' id='word_1_483' title='bbox 943 890 967 923; x_wconf 78' lang='grc' dir='ltr'>Β</span> <span class='ocrx_word' id='word_1_484' title='bbox 983 882 1071 910; x_wconf 88' lang='lat' dir='ltr'>quam</span> <span class='ocrx_word' id='word_1_485' title='bbox 1081 874 1199 910; x_wconf 86' lang='lat' dir='ltr'>quidem</span> <span class='ocrx_word' id='word_1_486' title='bbox 1213 875 1300 903; x_wconf 83' lang='lat' dir='ltr'>simul</span> <span class='ocrx_word' id='word_1_487' title='bbox 1316 884 1381 903; x_wconf 91' lang='lat' dir='ltr'>cum</span> <span class='ocrx_word' id='word_1_488' title='bbox 1394 876 1584 911; x_wconf 84' lang='lat' dir='ltr'>sabbatismo,</span> <span class='ocrx_word' id='word_1_489' title='bbox 1596 877 1625 904; x_wconf 94' lang='lat' dir='ltr'>in</span> <span class='ocrx_word' id='word_1_490' title='bbox 1641 877 1807 913; x_wconf 83' lang='lat' dir='ltr'>virginitate</span> 
     </span>
    </p>
   </div>
   <div class='ocr_carea' id='block_1_66' title="bbox 982 919 1807 956">
    <p class='ocr_par' dir='ltr' id='par_1_66' title="bbox 982 919 1807 956">
     <span class='ocr_line' id='line_1_66' title="bbox 982 919 1807 956; baseline 0.002 -9"><span class='ocrx_word' id='word_1_491' title='bbox 982 919 1106 955; x_wconf 81' lang='lat' dir='ltr'>eligens,</span> <span class='ocrx_word' id='word_1_492' title='bbox 1121 928 1179 955; x_wconf 65' lang='lat' dir='ltr'>prce</span> <span class='ocrx_word' id='word_1_493' title='bbox 1207 920 1337 956; x_wconf 86' lang='lat' dir='ltr'>conjugii</span> <span class='ocrx_word' id='word_1_494' title='bbox 1363 921 1560 956; x_wconf 83' lang='lat' dir='ltr'>corruptione,</span> <span class='ocrx_word' id='word_1_495' title='bbox 1583 930 1616 949; x_wconf 89' lang='lat' dir='ltr'>ac</span> <span class='ocrx_word' id='word_1_496' title='bbox 1643 921 1716 949; x_wconf 89' lang='lat' dir='ltr'>inito</span> <span class='ocrx_word' id='word_1_497' title='bbox 1738 930 1807 949; x_wconf 89' lang='lat' dir='ltr'>cum</span> 
     </span>
    </p>
   </div>
   <div class='ocr_carea' id='block_1_67' title="bbox 983 964 1807 1001">
    <p class='ocr_par' dir='ltr' id='par_1_67' title="bbox 983 964 1807 1001">
     <span class='ocr_line' id='line_1_67' title="bbox 983 964 1807 1001; baseline 0.004 -10"><span class='ocrx_word' id='word_1_498' title='bbox 983 964 1104 992; x_wconf 89' lang='lat' dir='ltr'>Domino</span> <span class='ocrx_word' id='word_1_499' title='bbox 1119 964 1218 992; x_wconf 77' lang='lat' dir='ltr'>lcederi</span> <span class='ocrx_word' id='word_1_500' title='bbox 1229 967 1258 992; x_wconf 92' lang='lat' dir='ltr'>in</span> <span class='ocrx_word' id='word_1_501' title='bbox 1275 965 1420 994; x_wconf 81' lang='lat' dir='ltr'>mandatis</span> <span class='ocrx_word' id='word_1_502' title='bbox 1431 966 1621 994; x_wconf 83' lang='lat' dir='ltr'>observandis</span> <span class='ocrx_word' id='word_1_503' title='bbox 1638 966 1807 1001; x_wconf 60' lang='lat' dir='ltr'>adhaerens,</span> 
     </span>
    </p>
   </div>
   <div class='ocr_carea' id='block_1_68' title="bbox 982 1008 1806 1046">
    <p class='ocr_par' dir='ltr' id='par_1_68' title="bbox 982 1008 1806 1046">
     <span class='ocr_line' id='line_1_68' title="bbox 982 1008 1806 1046; baseline 0.002 -10"><span class='ocrx_word' id='word_1_504' title='bbox 982 1008 1105 1044; x_wconf 85' lang='lat' dir='ltr'>accipiet</span> <span class='ocrx_word' id='word_1_505' title='bbox 1120 1009 1156 1036; x_wconf 87' lang='lat' dir='ltr'>ab</span> <span class='ocrx_word' id='word_1_506' title='bbox 1172 1017 1205 1037; x_wconf 89' lang='lat' dir='ltr'>eo</span> <span class='ocrx_word' id='word_1_507' title='bbox 1221 1009 1250 1037; x_wconf 91' lang='lat' dir='ltr'>in</span> <span class='ocrx_word' id='word_1_508' title='bbox 1271 1009 1358 1038; x_wconf 89' lang='lat' dir='ltr'>domo</span> <span class='ocrx_word' id='word_1_509' title='bbox 1369 1012 1398 1038; x_wconf 87' lang='lat' dir='ltr'>et</span> <span class='ocrx_word' id='word_1_510' title='bbox 1413 1018 1497 1038; x_wconf 85' lang='lat' dir='ltr'>muro</span> <span class='ocrx_word' id='word_1_511' title='bbox 1512 1010 1576 1046; x_wconf 89' lang='lat' dir='ltr'>ejus</span> <span class='ocrx_word' id='word_1_512' title='bbox 1592 1010 1689 1039; x_wconf 91' lang='lat' dir='ltr'>locum</span> <span class='ocrx_word' id='word_1_513' title='bbox 1712 1011 1806 1039; x_wconf 91' lang='lat' dir='ltr'>nomi-</span> 
     </span>
    </p>
   </div>
   <div class='ocr_carea' id='block_1_69' title="bbox 982 1053 1799 1089">
    <p class='ocr_par' dir='ltr' id='par_1_69' title="bbox 982 1053 1799 1089">
     <span class='ocr_line' id='line_1_69' title="bbox 982 1053 1799 1089; baseline 0.002 -8"><span class='ocrx_word' id='word_1_514' title='bbox 982 1055 1095 1089; x_wconf 84' lang='lat' dir='ltr'>natum,</span> <span class='ocrx_word' id='word_1_515' title='bbox 1112 1053 1342 1089; x_wconf 64' lang='lat' dir='ltr'>prastantiorem</span> <span class='ocrx_word' id='word_1_516' title='bbox 1357 1054 1426 1082; x_wconf 80' lang='lat' dir='ltr'>ﬁliis</span> <span class='ocrx_word' id='word_1_517' title='bbox 1450 1058 1479 1082; x_wconf 90' lang='lat' dir='ltr'>et</span> <span class='ocrx_word' id='word_1_518' title='bbox 1493 1055 1621 1083; x_wconf 84' lang='lat' dir='ltr'>ﬁliabus.</span> <span class='ocrx_word' id='word_1_519' title='bbox 1638 1055 1701 1083; x_wconf 91' lang='lat' dir='ltr'>Non</span> <span class='ocrx_word' id='word_1_520' title='bbox 1720 1056 1799 1083; x_wconf 90' lang='lat' dir='ltr'>enim</span> 
     </span>
    </p>
   </div>
   <div class='ocr_carea' id='block_1_70' title="bbox 981 1097 1808 1136">
    <p class='ocr_par' dir='ltr' id='par_1_70' title="bbox 981 1097 1808 1136">
     <span class='ocr_line' id='line_1_70' title="bbox 981 1097 1808 1136; baseline 0.002 -11"><span class='ocrx_word' id='word_1_521' title='bbox 981 1097 1167 1126; x_wconf 85' lang='lat' dir='ltr'>servantibus</span> <span class='ocrx_word' id='word_1_522' title='bbox 1182 1098 1278 1126; x_wconf 88' lang='lat' dir='ltr'>solum</span> <span class='ocrx_word' id='word_1_523' title='bbox 1290 1099 1412 1127; x_wconf 87' lang='lat' dir='ltr'>sabbata</span> <span class='ocrx_word' id='word_1_524' title='bbox 1421 1107 1486 1127; x_wconf 89' lang='lat' dir='ltr'>mea</span> <span class='ocrx_word' id='word_1_525' title='bbox 1496 1099 1640 1128; x_wconf 85' lang='lat' dir='ltr'>eunuchis</span> <span class='ocrx_word' id='word_1_526' title='bbox 1656 1101 1685 1127; x_wconf 90' lang='lat' dir='ltr'>et</span> <span class='ocrx_word' id='word_1_527' title='bbox 1697 1099 1808 1136; x_wconf 71' lang='lat' dir='ltr'>eligen-</span> 
     </span>
    </p>
   </div>
   <div class='ocr_carea' id='block_1_71' title="bbox 981 1142 1806 1179">
    <p class='ocr_par' dir='ltr' id='par_1_71' title="bbox 981 1142 1806 1179">
     <span class='ocr_line' id='line_1_71' title="bbox 981 1142 1806 1179; baseline 0.004 -10"><span class='ocrx_word' id='word_1_528' title='bbox 981 1142 1059 1170; x_wconf 85' lang='lat' dir='ltr'>tibus</span> <span class='ocrx_word' id='word_1_529' title='bbox 1075 1151 1137 1177; x_wconf 69' lang='lat' dir='ltr'>qua:</span> <span class='ocrx_word' id='word_1_530' title='bbox 1146 1151 1200 1179; x_wconf 85' lang='lat' dir='ltr'>ego</span> <span class='ocrx_word' id='word_1_531' title='bbox 1215 1143 1348 1177; x_wconf 86' lang='lat' dir='ltr'>volo,sed</span> <span class='ocrx_word' id='word_1_532' title='bbox 1363 1145 1392 1171; x_wconf 84' lang='lat' dir='ltr'>et</span> <span class='ocrx_word' id='word_1_533' title='bbox 1401 1144 1616 1172; x_wconf 66' lang='lat' dir='ltr'>adhwrentibus</span> <span class='ocrx_word' id='word_1_534' title='bbox 1628 1146 1806 1172; x_wconf 87' lang='lat' dir='ltr'>testamento</span> 
     </span>
    </p>
   </div>
   <div class='ocr_carea' id='block_1_72' title="bbox 981 1187 1806 1225">
    <p class='ocr_par' dir='ltr' id='par_1_72' title="bbox 981 1187 1806 1225">
     <span class='ocr_line' id='line_1_72' title="bbox 981 1187 1806 1225; baseline 0.001 -10"><span class='ocrx_word' id='word_1_535' title='bbox 981 1195 1045 1215; x_wconf 90' lang='lat' dir='ltr'>meo</span> <span class='ocrx_word' id='word_1_536' title='bbox 1060 1187 1136 1215; x_wconf 89' lang='lat' dir='ltr'>dabo</span> <span class='ocrx_word' id='word_1_537' title='bbox 1158 1196 1221 1223; x_wconf 76' lang='lat' dir='ltr'>quas</span> <span class='ocrx_word' id='word_1_538' title='bbox 1248 1188 1326 1216; x_wconf 89' lang='lat' dir='ltr'>dicta</span> <span class='ocrx_word' id='word_1_539' title='bbox 1341 1190 1411 1216; x_wconf 89' lang='lat' dir='ltr'>sunt</span> <span class='ocrx_word' id='word_1_540' title='bbox 1421 1188 1453 1216; x_wconf 79' lang='grc'>³³.</span> <span class='ocrx_word' id='word_1_541' title='bbox 1479 1189 1548 1224; x_wconf 89' lang='lat' dir='ltr'>Ejus</span> <span class='ocrx_word' id='word_1_542' title='bbox 1571 1188 1662 1225; x_wconf 79' lang='lat' dir='ltr'>igitur</span> <span class='ocrx_word' id='word_1_543' title='bbox 1677 1188 1806 1223; x_wconf 63' lang='lat' dir='ltr'>findet-is,</span> 
     </span>
    </p>
   </div>
   <div class='ocr_carea' id='block_1_73' title="bbox 980 1231 1808 1270">
    <p class='ocr_par' dir='ltr' id='par_1_73' title="bbox 980 1231 1808 1270">
     <span class='ocr_line' id='line_1_73' title="bbox 980 1231 1808 1270; baseline 0.002 -11"><span class='ocrx_word' id='word_1_544' title='bbox 980 1231 1058 1267; x_wconf 88' lang='lat' dir='ltr'>quod</span> <span class='ocrx_word' id='word_1_545' title='bbox 1074 1239 1141 1260; x_wconf 85' lang='lat' dir='ltr'>cum</span> <span class='ocrx_word' id='word_1_546' title='bbox 1166 1240 1273 1268; x_wconf 85' lang='lat' dir='ltr'>sponso</span> <span class='ocrx_word' id='word_1_547' title='bbox 1296 1232 1388 1260; x_wconf 86' lang='lat' dir='ltr'>ictum</span> <span class='ocrx_word' id='word_1_548' title='bbox 1411 1235 1465 1265; x_wconf 81' lang='lat' dir='ltr'>est.</span> <span class='ocrx_word' id='word_1_549' title='bbox 1483 1235 1569 1262; x_wconf 87' lang='lat' dir='ltr'>noctu</span> <span class='ocrx_word' id='word_1_550' title='bbox 1594 1233 1704 1270; x_wconf 88' lang='lat' dir='ltr'>diuque</span> <span class='ocrx_word' id='word_1_551' title='bbox 1728 1233 1808 1269; x_wconf 86' lang='lat' dir='ltr'>virgo</span> 
     </span>
    </p>
   </div>
   <div class='ocr_carea' id='block_1_74' title="bbox 981 1275 1807 1314">
    <p class='ocr_par' dir='ltr' id='par_1_74' title="bbox 981 1275 1807 1314">
     <span class='ocr_line' id='line_1_74' title="bbox 981 1275 1807 1314; baseline 0.004 -11"><span class='ocrx_word' id='word_1_552' title='bbox 981 1275 1151 1304; x_wconf 86' lang='lat' dir='ltr'>meminisse</span> <span class='ocrx_word' id='word_1_553' title='bbox 1166 1277 1262 1312; x_wconf 84' lang='lat' dir='ltr'>debet,</span> <span class='ocrx_word' id='word_1_554' title='bbox 1279 1277 1404 1311; x_wconf 74' lang='lat' dir='ltr'>fmderis,</span> <span class='ocrx_word' id='word_1_555' title='bbox 1421 1277 1553 1313; x_wconf 90' lang='lat' dir='ltr'>inquam,</span> <span class='ocrx_word' id='word_1_556' title='bbox 1575 1279 1652 1314; x_wconf 89' lang='lat' dir='ltr'>quod</span> <span class='ocrx_word' id='word_1_557' title='bbox 1673 1287 1725 1314; x_wconf 89' lang='lat' dir='ltr'>pro</span> <span class='ocrx_word' id='word_1_558' title='bbox 1741 1278 1807 1313; x_wconf 87' lang='lat' dir='ltr'>ipsa</span> 
     </span>
    </p>
   </div>
   <div class='ocr_carea' id='block_1_75' title="bbox 981 1320 1805 1358">
    <p class='ocr_par' dir='ltr' id='par_1_75' title="bbox 981 1320 1805 1358">
     <span class='ocr_line' id='line_1_75' title="bbox 981 1320 1805 1358; baseline 0.002 -10"><span class='ocrx_word' id='word_1_559' title='bbox 981 1320 1110 1349; x_wconf 87' lang='lat' dir='ltr'>moriens</span> <span class='ocrx_word' id='word_1_560' title='bbox 1138 1321 1174 1349; x_wconf 86' lang='lat' dir='ltr'>ad</span> <span class='ocrx_word' id='word_1_561' title='bbox 1199 1321 1385 1350; x_wconf 82' lang='lat' dir='ltr'>tribuendam</span> <span class='ocrx_word' id='word_1_562' title='bbox 1409 1322 1435 1350; x_wconf 86' lang='lat' dir='ltr'>ei</span> <span class='ocrx_word' id='word_1_563' title='bbox 1462 1321 1660 1358; x_wconf 85' lang='lat' dir='ltr'>integritatem</span> <span class='ocrx_word' id='word_1_564' title='bbox 1686 1322 1805 1358; x_wconf 85' lang='lat' dir='ltr'>scriptis</span> 
     </span>
    </p>
   </div>
   <div class='ocr_carea' id='block_1_76' title="bbox 980 1365 1810 1402">
    <p class='ocr_par' dir='ltr' id='par_1_76' title="bbox 980 1365 1810 1402">
     <span class='ocr_line' id='line_1_76' title="bbox 980 1365 1810 1402; baseline 0.001 -9"><span class='ocrx_word' id='word_1_565' title='bbox 980 1365 1114 1393; x_wconf 86' lang='lat' dir='ltr'>sancivit.</span> <span class='ocrx_word' id='word_1_566' title='bbox 1138 1365 1270 1401; x_wconf 86' lang='lat' dir='ltr'>Denique</span> <span class='ocrx_word' id='word_1_567' title='bbox 1294 1375 1407 1394; x_wconf 85' lang='lat' dir='ltr'>memor</span> <span class='ocrx_word' id='word_1_568' title='bbox 1428 1366 1544 1395; x_wconf 75' lang='lat' dir='ltr'>fwderis</span> <span class='ocrx_word' id='word_1_569' title='bbox 1570 1366 1735 1395; x_wconf 83' lang='lat' dir='ltr'>confirmati</span> <span class='ocrx_word' id='word_1_570' title='bbox 1756 1374 1810 1402; x_wconf 80' lang='lat' dir='ltr'>per</span> 
     </span>
    </p>
   </div>
   <div class='ocr_carea' id='block_1_77' title="bbox 982 1410 1809 1447">
    <p class='ocr_par' dir='ltr' id='par_1_77' title="bbox 982 1410 1809 1447">
     <span class='ocr_line' id='line_1_77' title="bbox 982 1410 1809 1447; baseline 0 -10"><span class='ocrx_word' id='word_1_571' title='bbox 982 1412 1105 1438; x_wconf 84' lang='lat' dir='ltr'>mortem</span> <span class='ocrx_word' id='word_1_572' title='bbox 1121 1418 1210 1446; x_wconf 89' lang='lat' dir='ltr'>quam</span> <span class='ocrx_word' id='word_1_573' title='bbox 1223 1419 1275 1446; x_wconf 86' lang='lat' dir='ltr'>pro</span> <span class='ocrx_word' id='word_1_574' title='bbox 1291 1418 1324 1438; x_wconf 89' lang='lat' dir='ltr'>ea</span> <span class='ocrx_word' id='word_1_575' title='bbox 1334 1410 1454 1447; x_wconf 88' lang='lat' dir='ltr'>pertulit</span> <span class='ocrx_word' id='word_1_576' title='bbox 1468 1411 1512 1447; x_wconf 84' lang='lat' dir='ltr'>(ut</span> <span class='ocrx_word' id='word_1_577' title='bbox 1526 1411 1605 1439; x_wconf 88' lang='lat' dir='ltr'>enim</span> <span class='ocrx_word' id='word_1_578' title='bbox 1621 1411 1647 1438; x_wconf 87' lang='lat' dir='ltr'>ei</span> <span class='ocrx_word' id='word_1_579' title='bbox 1661 1410 1809 1438; x_wconf 85' lang='lat' dir='ltr'>conferret</span> 
     </span>
    </p>
   </div>
   <div class='ocr_carea' id='block_1_78' title="bbox 980 1454 1808 1491">
    <p class='ocr_par' dir='ltr' id='par_1_78' title="bbox 980 1454 1808 1491">
     <span class='ocr_line' id='line_1_78' title="bbox 980 1454 1808 1491; baseline 0.001 -9"><span class='ocrx_word' id='word_1_580' title='bbox 980 1454 1177 1490; x_wconf 80' lang='lat' dir='ltr'>sanctitatem,</span> <span class='ocrx_word' id='word_1_581' title='bbox 1193 1463 1246 1490; x_wconf 91' lang='lat' dir='ltr'>pro</span> <span class='ocrx_word' id='word_1_582' title='bbox 1268 1463 1302 1482; x_wconf 90' lang='lat' dir='ltr'>ea</span> <span class='ocrx_word' id='word_1_583' title='bbox 1323 1456 1454 1491; x_wconf 84' lang='lat' dir='ltr'>seipsum</span> <span class='ocrx_word' id='word_1_584' title='bbox 1480 1455 1621 1491; x_wconf 85' lang='lat' dir='ltr'>tradidit),</span> <span class='ocrx_word' id='word_1_585' title='bbox 1637 1463 1689 1491; x_wconf 87' lang='lat' dir='ltr'>per</span> <span class='ocrx_word' id='word_1_586' title='bbox 1714 1457 1808 1483; x_wconf 86' lang='lat' dir='ltr'>totam</span> 
     </span>
    </p>
   </div>
   <div class='ocr_carea' id='block_1_79' title="bbox 979 1498 1806 1535">
    <p class='ocr_par' dir='ltr' id='par_1_79' title="bbox 979 1498 1806 1535">
     <span class='ocr_line' id='line_1_79' title="bbox 979 1498 1806 1535; baseline -0.001 -9"><span class='ocrx_word' id='word_1_587' title='bbox 979 1499 1069 1527; x_wconf 87' lang='lat' dir='ltr'>vitam</span> <span class='ocrx_word' id='word_1_588' title='bbox 1086 1499 1180 1527; x_wconf 72' lang='lat' dir='ltr'>foedus</span> <span class='ocrx_word' id='word_1_589' title='bbox 1193 1498 1273 1527; x_wconf 90' lang='lat' dir='ltr'>illius</span> <span class='ocrx_word' id='word_1_590' title='bbox 1288 1501 1391 1532; x_wconf 85' lang='lat' dir='ltr'>servet,</span> <span class='ocrx_word' id='word_1_591' title='bbox 1408 1500 1462 1528; x_wconf 89' lang='lat' dir='ltr'>hoc</span> <span class='ocrx_word' id='word_1_592' title='bbox 1476 1502 1531 1535; x_wconf 80' lang='lat' dir='ltr'>est,</span> <span class='ocrx_word' id='word_1_593' title='bbox 1541 1508 1577 1528; x_wconf 89' lang='lat' dir='ltr'>ne</span> <span class='ocrx_word' id='word_1_594' title='bbox 1592 1499 1704 1528; x_wconf 86' lang='lat' dir='ltr'>irritam</span> <span class='ocrx_word' id='word_1_595' title='bbox 1717 1499 1806 1528; x_wconf 83' lang='lat' dir='ltr'>faciat</span> 
     </span>
    </p>
   </div>
   <div class='ocr_carea' id='block_1_80' title="bbox 980 1543 1809 1580">
    <p class='ocr_par' dir='ltr' id='par_1_80' title="bbox 980 1543 1809 1580">
     <span class='ocr_line' id='line_1_80' title="bbox 980 1543 1809 1580; baseline 0.001 -9"><span class='ocrx_word' id='word_1_596' title='bbox 980 1543 1231 1579; x_wconf 85' lang='lat' dir='ltr'>dispensationem</span> <span class='ocrx_word' id='word_1_597' title='bbox 1245 1544 1275 1571; x_wconf 91' lang='lat' dir='ltr'>in</span> <span class='ocrx_word' id='word_1_598' title='bbox 1287 1544 1383 1579; x_wconf 89' lang='lat' dir='ltr'>ipsius</span> <span class='ocrx_word' id='word_1_599' title='bbox 1394 1546 1486 1572; x_wconf 82' lang='lat' dir='ltr'>morte</span> <span class='ocrx_word' id='word_1_600' title='bbox 1497 1553 1549 1580; x_wconf 88' lang='lat' dir='ltr'>pro</span> <span class='ocrx_word' id='word_1_601' title='bbox 1561 1553 1616 1572; x_wconf 86' lang='lat' dir='ltr'>sua</span> <span class='ocrx_word' id='word_1_602' title='bbox 1627 1544 1721 1572; x_wconf 85' lang='lat' dir='ltr'>salute</span> <span class='ocrx_word' id='word_1_603' title='bbox 1736 1552 1809 1572; x_wconf 87' lang='lat' dir='ltr'>con-</span> 
     </span>
    </p>
   </div>
   <div class='ocr_carea' id='block_1_81' title="bbox 980 1588 1807 1624">
    <p class='ocr_par' dir='ltr' id='par_1_81' title="bbox 980 1588 1807 1624">
     <span class='ocr_line' id='line_1_81' title="bbox 980 1588 1807 1624; baseline 0 -8"><span class='ocrx_word' id='word_1_604' title='bbox 980 1590 1169 1616; x_wconf 81' lang='lat' dir='ltr'>summatam.</span> <span class='ocrx_word' id='word_1_605' title='bbox 1198 1588 1258 1616; x_wconf 93' lang='lat' dir='ltr'>lmo</span> <span class='ocrx_word' id='word_1_606' title='bbox 1282 1597 1350 1616; x_wconf 86' lang='lat' dir='ltr'>vero</span> <span class='ocrx_word' id='word_1_607' title='bbox 1375 1588 1515 1624; x_wconf 87' lang='lat' dir='ltr'>quoniam</span> <span class='ocrx_word' id='word_1_608' title='bbox 1531 1597 1616 1617; x_wconf 82' lang='lat' dir='ltr'>suam</span> <span class='ocrx_word' id='word_1_609' title='bbox 1640 1589 1807 1616; x_wconf 83' lang='lat' dir='ltr'>libertatem</span> 
     </span>
    </p>
   </div>
   <div class='ocr_carea' id='block_1_82' title="bbox 979 1632 1808 1669">
    <p class='ocr_par' dir='ltr' id='par_1_82' title="bbox 979 1632 1808 1669">
     <span class='ocr_line' id='line_1_82' title="bbox 979 1632 1808 1669; baseline 0 -8"><span class='ocrx_word' id='word_1_610' title='bbox 979 1632 1257 1668; x_wconf 83' lang='lat' dir='ltr'>vondiderat,ipsam</span> <span class='ocrx_word' id='word_1_611' title='bbox 1264 1641 1317 1660; x_wconf 91' lang='lat' dir='ltr'>suo</span> <span class='ocrx_word' id='word_1_612' title='bbox 1323 1633 1467 1669; x_wconf 85' lang='lat' dir='ltr'>sanguine</span> <span class='ocrx_word' id='word_1_613' title='bbox 1475 1633 1808 1669; x_wconf 85' lang='lat' dir='ltr'>redemit,redemptam-</span> 
     </span>
    </p>
   </div>
   <div class='ocr_carea' id='block_1_83' title="bbox 980 1677 1806 1714">
    <p class='ocr_par' dir='ltr' id='par_1_83' title="bbox 980 1677 1806 1714">
     <span class='ocr_line' id='line_1_83' title="bbox 980 1677 1806 1714; baseline 0.001 -9"><span class='ocrx_word' id='word_1_614' title='bbox 980 1685 1035 1714; x_wconf 90' lang='lat' dir='ltr'>que</span> <span class='ocrx_word' id='word_1_615' title='bbox 1058 1686 1116 1705; x_wconf 87' lang='lat' dir='ltr'>non</span> <span class='ocrx_word' id='word_1_616' title='bbox 1132 1677 1265 1705; x_wconf 84' lang='lat' dir='ltr'>libertate</span> <span class='ocrx_word' id='word_1_617' title='bbox 1286 1677 1383 1705; x_wconf 86' lang='lat' dir='ltr'>solum</span> <span class='ocrx_word' id='word_1_618' title='bbox 1407 1677 1571 1713; x_wconf 87' lang='lat' dir='ltr'>honoravit,</span> <span class='ocrx_word' id='word_1_619' title='bbox 1592 1678 1642 1706; x_wconf 88' lang='lat' dir='ltr'>sed</span> <span class='ocrx_word' id='word_1_620' title='bbox 1666 1685 1806 1714; x_wconf 87' lang='lat' dir='ltr'>sponsam</span> 
     </span>
    </p>
   </div>
   <div class='ocr_carea' id='block_1_84' title="bbox 980 1721 1807 1758">
    <p class='ocr_par' dir='ltr' id='par_1_84' title="bbox 980 1721 1807 1758">
     <span class='ocr_line' id='line_1_84' title="bbox 980 1721 1807 1758; baseline 0 -8"><span class='ocrx_word' id='word_1_621' title='bbox 980 1722 1069 1750; x_wconf 86' lang='lat' dir='ltr'>etiam</span> <span class='ocrx_word' id='word_1_622' title='bbox 1089 1721 1204 1758; x_wconf 80' lang='lat' dir='ltr'>sibiipsi</span> <span class='ocrx_word' id='word_1_623' title='bbox 1220 1724 1360 1758; x_wconf 81' lang='lat' dir='ltr'>aptatam,</span> <span class='ocrx_word' id='word_1_624' title='bbox 1377 1723 1510 1758; x_wconf 83' lang='lat' dir='ltr'>reginam</span> <span class='ocrx_word' id='word_1_625' title='bbox 1526 1723 1705 1751; x_wconf 85' lang='lat' dir='ltr'>constituere</span> <span class='ocrx_word' id='word_1_626' title='bbox 1721 1723 1807 1750; x_wconf 89' lang='lat' dir='ltr'>bene-</span> 
     </span>
    </p>
   </div>
   <div class='ocr_carea' id='block_1_85' title="bbox 981 1766 1806 1804">
    <p class='ocr_par' dir='ltr' id='par_1_85' title="bbox 981 1766 1806 1804">
     <span class='ocr_line' id='line_1_85' title="bbox 981 1766 1806 1804; baseline 0 -10"><span class='ocrx_word' id='word_1_627' title='bbox 981 1767 1047 1795; x_wconf 84' lang='lat' dir='ltr'>ﬁcio</span> <span class='ocrx_word' id='word_1_628' title='bbox 1055 1766 1140 1803; x_wconf 86' lang='lat' dir='ltr'>longe</span> <span class='ocrx_word' id='word_1_629' title='bbox 1150 1766 1393 1803; x_wconf 63' lang='lat' dir='ltr'>praestantissimo</span> <span class='ocrx_word' id='word_1_630' title='bbox 1401 1767 1539 1804; x_wconf 87' lang='lat' dir='ltr'>dignatus</span> <span class='ocrx_word' id='word_1_631' title='bbox 1545 1770 1600 1796; x_wconf 90' lang='lat' dir='ltr'>est.</span> <span class='ocrx_word' id='word_1_632' title='bbox 1608 1768 1702 1801; x_wconf 86' lang='lat' dir='ltr'>Quare</span> <span class='ocrx_word' id='word_1_633' title='bbox 1708 1769 1806 1795; x_wconf 87' lang='lat' dir='ltr'>custo-</span> 
     </span>
    </p>
   </div>
   <div class='ocr_carea' id='block_1_86' title="bbox 983 1811 1810 1848">
    <p class='ocr_par' dir='ltr' id='par_1_86' title="bbox 983 1811 1810 1848">
     <span class='ocr_line' id='line_1_86' title="bbox 983 1811 1810 1848; baseline -0.001 -9"><span class='ocrx_word' id='word_1_634' title='bbox 983 1812 1043 1840; x_wconf 89' lang='lat' dir='ltr'>diat</span> <span class='ocrx_word' id='word_1_635' title='bbox 1051 1812 1115 1847; x_wconf 87' lang='lat' dir='ltr'>ejus</span> <span class='ocrx_word' id='word_1_636' title='bbox 1124 1811 1234 1839; x_wconf 64' lang='lat' dir='ltr'>foedus:</span> <span class='ocrx_word' id='word_1_637' title='bbox 1247 1811 1302 1839; x_wconf 89' lang='lat' dir='ltr'>hoc</span> <span class='ocrx_word' id='word_1_638' title='bbox 1310 1813 1365 1845; x_wconf 82' lang='lat' dir='ltr'>est,</span> <span class='ocrx_word' id='word_1_639' title='bbox 1377 1814 1410 1840; x_wconf 84' lang='lat' dir='ltr'>ut</span> <span class='ocrx_word' id='word_1_640' title='bbox 1421 1821 1474 1840; x_wconf 91' lang='lat' dir='ltr'>usu</span> <span class='ocrx_word' id='word_1_641' title='bbox 1484 1811 1810 1848; x_wconf 84' lang='lat' dir='ltr'>communioreloquar,</span> 
     </span>
    </p>
   </div>
   <div class='ocr_carea' id='block_1_87' title="bbox 983 1855 1809 1892">
    <p class='ocr_par' dir='ltr' id='par_1_87' title="bbox 983 1855 1809 1892">
     <span class='ocr_line' id='line_1_87' title="bbox 983 1855 1809 1892; baseline -0.001 -9"><span class='ocrx_word' id='word_1_642' title='bbox 983 1856 1123 1892; x_wconf 84' lang='lat' dir='ltr'>quoniam</span> <span class='ocrx_word' id='word_1_643' title='bbox 1134 1855 1229 1891; x_wconf 84' lang='lat' dir='ltr'>ipsius</span> <span class='ocrx_word' id='word_1_644' title='bbox 1238 1856 1314 1884; x_wconf 74' lang='lat'>673</span> <span class='ocrx_word' id='word_1_645' title='bbox 1325 1856 1496 1892; x_wconf 83' lang='lat' dir='ltr'>conjugium</span> <span class='ocrx_word' id='word_1_646' title='bbox 1507 1855 1586 1884; x_wconf 89' lang='lat' dir='ltr'>velut</span> <span class='ocrx_word' id='word_1_647' title='bbox 1597 1857 1650 1884; x_wconf 88' lang='lat' dir='ltr'>dos</span> <span class='ocrx_word' id='word_1_648' title='bbox 1661 1855 1809 1892; x_wconf 68' lang='lat' dir='ltr'>quaedam,</span> 
     </span>
    </p>
   </div>
   <div class='ocr_carea' id='block_1_88' title="bbox 983 1900 1809 1936">
    <p class='ocr_par' dir='ltr' id='par_1_88' title="bbox 983 1900 1809 1936">
     <span class='ocr_line' id='line_1_88' title="bbox 983 1900 1809 1936; baseline 0 -8"><span class='ocrx_word' id='word_1_649' title='bbox 983 1909 1046 1936; x_wconf 64' lang='lat' dir='ltr'>quas</span> <span class='ocrx_word' id='word_1_650' title='bbox 1059 1908 1109 1936; x_wconf 86' lang='lat' dir='ltr'>pro</span> <span class='ocrx_word' id='word_1_651' title='bbox 1120 1900 1298 1928; x_wconf 84' lang='lat' dir='ltr'>fcederecum</span> <span class='ocrx_word' id='word_1_652' title='bbox 1310 1909 1344 1928; x_wconf 86' lang='lat' dir='ltr'>ea</span> <span class='ocrx_word' id='word_1_653' title='bbox 1355 1900 1428 1928; x_wconf 88' lang='lat' dir='ltr'>inito</span> <span class='ocrx_word' id='word_1_654' title='bbox 1437 1901 1505 1928; x_wconf 85' lang='lat' dir='ltr'>data</span> <span class='ocrx_word' id='word_1_655' title='bbox 1512 1900 1809 1936; x_wconf 86' lang='lat' dir='ltr'>sit,scriptisetmodo</span> 
     </span>
    </p>
   </div>
   <div class='ocr_carea' id='block_1_89' title="bbox 982 1944 1813 1981">
    <p class='ocr_par' dir='ltr' id='par_1_89' title="bbox 982 1944 1813 1981">
     <span class='ocr_line' id='line_1_89' title="bbox 982 1944 1813 1981; baseline 0 -9"><span class='ocrx_word' id='word_1_656' title='bbox 982 1944 1108 1981; x_wconf 90' lang='lat' dir='ltr'>legitimo</span> <span class='ocrx_word' id='word_1_657' title='bbox 1114 1944 1351 1978; x_wconf 79' lang='lat' dir='ltr'>constat;idcirco</span> <span class='ocrx_word' id='word_1_658' title='bbox 1358 1945 1565 1981; x_wconf 86' lang='lat' dir='ltr'>stipulationes</span> <span class='ocrx_word' id='word_1_659' title='bbox 1573 1944 1756 1973; x_wconf 85' lang='lat' dir='ltr'>etconvictus</span> <span class='ocrx_word' id='word_1_660' title='bbox 1763 1952 1813 1981; x_wconf 87' lang='lat' dir='ltr'>pa-</span> 
     </span>
    </p>
   </div>
   <div class='ocr_carea' id='block_1_90' title="bbox 984 1989 1814 2026">
    <p class='ocr_par' dir='ltr' id='par_1_90' title="bbox 984 1989 1814 2026">
     <span class='ocr_line' id='line_1_90' title="bbox 984 1989 1814 2026; baseline -0.001 -9"><span class='ocrx_word' id='word_1_661' title='bbox 984 1993 1031 2018; x_wconf 88' lang='lat' dir='ltr'>cta</span> <span class='ocrx_word' id='word_1_662' title='bbox 1042 1991 1181 2026; x_wconf 86' lang='lat' dir='ltr'>perpetuo</span> <span class='ocrx_word' id='word_1_663' title='bbox 1189 1991 1385 2025; x_wconf 79' lang='lat' dir='ltr'>servet,sequc</span> <span class='ocrx_word' id='word_1_664' title='bbox 1392 1989 1453 2018; x_wconf 85' lang='lat' dir='ltr'>eiin</span> <span class='ocrx_word' id='word_1_665' title='bbox 1465 1990 1603 2018; x_wconf 89' lang='lat' dir='ltr'>omnibus</span> <span class='ocrx_word' id='word_1_666' title='bbox 1610 1989 1744 2018; x_wconf 80' lang='lat' dir='ltr'>exhibeat</span> <span class='ocrx_word' id='word_1_667' title='bbox 1751 1997 1814 2016; x_wconf 87' lang='lat' dir='ltr'>ma-</span> 
     </span>
    </p>
   </div>
   <div class='ocr_carea' id='block_1_91' title="bbox 985 2032 1812 2070">
    <p class='ocr_par' dir='ltr' id='par_1_91' title="bbox 985 2032 1812 2070">
     <span class='ocr_line' id='line_1_91' title="bbox 985 2032 1812 2070; baseline -0.002 -8"><span class='ocrx_word' id='word_1_668' title='bbox 985 2034 1056 2062; x_wconf 71' lang='lat' dir='ltr'>culae</span> <span class='ocrx_word' id='word_1_669' title='bbox 1067 2033 1164 2062; x_wconf 86' lang='lat' dir='ltr'>omnis</span> <span class='ocrx_word' id='word_1_670' title='bbox 1175 2036 1369 2070; x_wconf 80' lang='lat' dir='ltr'>expertemzut</span> <span class='ocrx_word' id='word_1_671' title='bbox 1381 2042 1448 2062; x_wconf 85' lang='lat' dir='ltr'>cum</span> <span class='ocrx_word' id='word_1_672' title='bbox 1459 2034 1548 2062; x_wconf 87' lang='lat' dir='ltr'>vitam</span> <span class='ocrx_word' id='word_1_673' title='bbox 1561 2033 1626 2070; x_wconf 87' lang='lat' dir='ltr'>ipso</span> <span class='ocrx_word' id='word_1_674' title='bbox 1636 2034 1755 2069; x_wconf 81' lang='lat' dir='ltr'>dignam</span> <span class='ocrx_word' id='word_1_675' title='bbox 1763 2032 1812 2060; x_wconf 91' lang='lat' dir='ltr'>hic</span> 
     </span>
    </p>
   </div>
   <div class='ocr_carea' id='block_1_92' title="bbox 985 2078 1813 2115">
    <p class='ocr_par' dir='ltr' id='par_1_92' title="bbox 985 2078 1813 2115">
     <span class='ocr_line' id='line_1_92' title="bbox 985 2078 1813 2115; baseline -0.004 -8"><span class='ocrx_word' id='word_1_676' title='bbox 985 2078 1087 2115; x_wconf 83' lang='lat' dir='ltr'>egerit,</span> <span class='ocrx_word' id='word_1_677' title='bbox 1099 2078 1159 2107; x_wconf 84' lang='lat' dir='ltr'>illic</span> <span class='ocrx_word' id='word_1_678' title='bbox 1165 2078 1253 2106; x_wconf 88' lang='lat' dir='ltr'>etiam</span> <span class='ocrx_word' id='word_1_679' title='bbox 1264 2078 1350 2106; x_wconf 89' lang='lat' dir='ltr'>bonis</span> <span class='ocrx_word' id='word_1_680' title='bbox 1362 2079 1397 2106; x_wconf 88' lang='lat' dir='ltr'>ab</span> <span class='ocrx_word' id='word_1_681' title='bbox 1408 2086 1441 2106; x_wconf 87' lang='lat' dir='ltr'>eo</span> <span class='ocrx_word' id='word_1_682' title='bbox 1455 2078 1623 2115; x_wconf 64' lang='lat' dir='ltr'>praeparatis</span> <span class='ocrx_word' id='word_1_683' title='bbox 1634 2078 1813 2114; x_wconf 83' lang='lat' dir='ltr'>perfruatur.</span> 
     </span>
    </p>
   </div>
   <div class='ocr_carea' id='block_1_93' title="bbox 1020 2121 1815 2157">
    <p class='ocr_par' dir='ltr' id='par_1_93' title="bbox 1020 2121 1815 2157">
     <span class='ocr_line' id='line_1_93' title="bbox 1020 2121 1815 2157; baseline -0.003 -6"><span class='ocrx_word' id='word_1_684' title='bbox 1020 2124 1066 2151; x_wconf 87' lang='lat'>60.</span> <span class='ocrx_word' id='word_1_685' title='bbox 1091 2123 1163 2151; x_wconf 90' lang='lat' dir='ltr'>Nam</span> <span class='ocrx_word' id='word_1_686' title='bbox 1195 2123 1432 2151; x_wconf 85' lang='lat' dir='ltr'>custodientibus</span> <span class='ocrx_word' id='word_1_687' title='bbox 1456 2123 1583 2151; x_wconf 88' lang='lat' dir='ltr'>Sabbata</span> <span class='ocrx_word' id='word_1_688' title='bbox 1607 2130 1672 2150; x_wconf 85' lang='lat' dir='ltr'>mea</span> <span class='ocrx_word' id='word_1_689' title='bbox 1697 2121 1815 2157; x_wconf 87' lang='lat' dir='ltr'>(rursus</span> 
     </span>
    </p>
   </div>
   <div class='ocr_carea' id='block_1_94' title="bbox 987 2165 1815 2205">
    <p class='ocr_par' dir='ltr' id='par_1_94' title="bbox 987 2165 1815 2205">
     <span class='ocr_line' id='line_1_94' title="bbox 987 2165 1815 2205; baseline -0.002 -9"><span class='ocrx_word' id='word_1_690' title='bbox 987 2168 1129 2205; x_wconf 87' lang='lat' dir='ltr'>repetam)</span> <span class='ocrx_word' id='word_1_691' title='bbox 1145 2176 1177 2196; x_wconf 91' lang='lat' dir='ltr'>ac</span> <span class='ocrx_word' id='word_1_692' title='bbox 1201 2167 1388 2204; x_wconf 85' lang='lat' dir='ltr'>eligentibus,</span> <span class='ocrx_word' id='word_1_693' title='bbox 1414 2168 1521 2204; x_wconf 88' lang='lat' dir='ltr'>inquit,</span> <span class='ocrx_word' id='word_1_694' title='bbox 1538 2175 1602 2204; x_wconf 74' lang='lat' dir='ltr'>qua:</span> <span class='ocrx_word' id='word_1_695' title='bbox 1623 2175 1676 2203; x_wconf 87' lang='lat' dir='ltr'>ego</span> <span class='ocrx_word' id='word_1_696' title='bbox 1691 2165 1768 2201; x_wconf 90' lang='lat' dir='ltr'>volo,</span> <span class='ocrx_word' id='word_1_697' title='bbox 1786 2167 1815 2194; x_wconf 86' lang='lat' dir='ltr'>et</span> 
     </span>
    </p>
   </div>
   <div class='ocr_carea' id='block_1_95' title="bbox 988 2212 1816 2247">
    <p class='ocr_par' dir='ltr' id='par_1_95' title="bbox 988 2212 1816 2247">
     <span class='ocr_line' id='line_1_95' title="bbox 988 2212 1816 2247; baseline -0.004 -6"><span class='ocrx_word' id='word_1_698' title='bbox 988 2213 1204 2241; x_wconf 55' lang='lat' dir='ltr'>adhaerentibus</span> <span class='ocrx_word' id='word_1_699' title='bbox 1220 2214 1395 2241; x_wconf 83' lang='lat' dir='ltr'>testamento</span> <span class='ocrx_word' id='word_1_700' title='bbox 1415 2220 1491 2247; x_wconf 91' lang='lat' dir='ltr'>meo,</span> <span class='ocrx_word' id='word_1_701' title='bbox 1508 2212 1582 2240; x_wconf 84' lang='lat' dir='ltr'>dabo</span> <span class='ocrx_word' id='word_1_702' title='bbox 1599 2212 1629 2240; x_wconf 92' lang='lat' dir='ltr'>in</span> <span class='ocrx_word' id='word_1_703' title='bbox 1645 2212 1732 2240; x_wconf 90' lang='lat' dir='ltr'>domo</span> <span class='ocrx_word' id='word_1_704' title='bbox 1749 2217 1816 2238; x_wconf 86' lang='lat' dir='ltr'>mea</span> 
     </span>
    </p>
   </div>
   <div class='ocr_carea' id='block_1_96' title="bbox 105 2251 929 2294">
    <p class='ocr_par' dir='ltr' id='par_1_96' title="bbox 105 2251 929 2291">
     <span class='ocr_line' id='line_1_96' title="bbox 105 2251 929 2291; baseline 0.002 -11"><span class='ocrx_word' id='word_1_705' title='bbox 105 2263 145 2290; x_wconf 82' lang='grc' dir='ltr'>κῳ</span> <span class='ocrx_word' id='word_1_706' title='bbox 172 2263 226 2290; x_wconf 88' lang='grc' dir='ltr'>μου</span> <span class='ocrx_word' id='word_1_707' title='bbox 254 2253 300 2280; x_wconf 81' lang='grc' dir='ltr'>καὶ</span> <span class='ocrx_word' id='word_1_708' title='bbox 328 2252 354 2280; x_wconf 74' lang='grc' dir='ltr'>ἒν</span> <span class='ocrx_word' id='word_1_709' title='bbox 383 2254 424 2288; x_wconf 84' lang='grc' dir='ltr'>τῷ</span> <span class='ocrx_word' id='word_1_710' title='bbox 459 2252 547 2290; x_wconf 70' lang='grc' dir='ltr'>τείχει</span> <span class='ocrx_word' id='word_1_711' title='bbox 578 2263 630 2288; x_wconf 89' lang='grc' dir='ltr'>μου</span> <span class='ocrx_word' id='word_1_712' title='bbox 657 2253 741 2280; x_wconf 84' lang='grc' dir='ltr'>τόπον</span> <span class='ocrx_word' id='word_1_713' title='bbox 771 2251 929 2291; x_wconf 68' lang='grc' dir='ltr'>ὅνοι.ι.α‹ιντὸν1</span> 
     </span>
    </p>
   </div>
   <div class='ocr_carea' id='block_1_97' title="bbox 984 2251 1814 2294">
    <p class='ocr_par' dir='ltr' id='par_1_97' title="bbox 989 2255 1814 2293">
     <span class='ocr_line' id='line_1_97' title="bbox 989 2255 1814 2293; baseline -0.004 -7"><span class='ocrx_word' id='word_1_714' title='bbox 989 2260 1017 2286; x_wconf 87' lang='lat' dir='ltr'>et</span> <span class='ocrx_word' id='word_1_715' title='bbox 1031 2257 1061 2285; x_wconf 93' lang='lat' dir='ltr'>in</span> <span class='ocrx_word' id='word_1_716' title='bbox 1078 2265 1162 2285; x_wconf 88' lang='lat' dir='ltr'>muro</span> <span class='ocrx_word' id='word_1_717' title='bbox 1179 2265 1244 2285; x_wconf 88' lang='lat' dir='ltr'>meo</span> <span class='ocrx_word' id='word_1_718' title='bbox 1260 2257 1357 2286; x_wconf 87' lang='lat' dir='ltr'>locum</span> <span class='ocrx_word' id='word_1_719' title='bbox 1373 2257 1569 2292; x_wconf 79' lang='lat' dir='ltr'>nominatum,</span> <span class='ocrx_word' id='word_1_720' title='bbox 1579 2255 1814 2293; x_wconf 57' lang='lat' dir='ltr'>praestantiorem</span> 
     </span>
    </p>
   </div>
   <div class='ocr_carea' id='block_1_98' title="bbox 106 2296 933 2335">
    <p class='ocr_par' dir='ltr' id='par_1_98' title="bbox 106 2296 933 2335">
     <span class='ocr_line' id='line_1_98' title="bbox 106 2296 933 2335; baseline 0.001 -10"><span class='ocrx_word' id='word_1_721' title='bbox 106 2297 246 2334; x_wconf 81' lang='grc' dir='ltr'>κρείττονα</span> <span class='ocrx_word' id='word_1_722' title='bbox 275 2297 343 2325; x_wconf 77' lang='grc' dir='ltr'>υἱῶν</span> <span class='ocrx_word' id='word_1_723' title='bbox 372 2298 416 2324; x_wconf 86' lang='grc' dir='ltr'>καὶ</span> <span class='ocrx_word' id='word_1_724' title='bbox 447 2296 609 2335; x_wconf 69' lang='grc' dir='ltr'>θυγατέρων.</span> <span class='ocrx_word' id='word_1_725' title='bbox 632 2297 676 2328; x_wconf 82' lang='grc' dir='ltr'>Ὠς</span> <span class='ocrx_word' id='word_1_726' title='bbox 703 2298 754 2335; x_wconf 89' lang='grc' dir='ltr'>γὸρ</span> <span class='ocrx_word' id='word_1_727' title='bbox 783 2298 814 2326; x_wconf 81' lang='grc' dir='ltr'>ἆν</span> <span class='ocrx_word' id='word_1_728' title='bbox 832 2299 870 2335; x_wconf 87' lang='grc' dir='ltr'>μή</span> <span class='ocrx_word' id='word_1_729' title='bbox 887 2298 933 2326; x_wconf 87' lang='grc' dir='ltr'>δο-</span> 
     </span>
    </p>
   </div>
   <div class='ocr_carea' id='block_1_99' title="bbox 106 2340 933 2380">
    <p class='ocr_par' dir='ltr' id='par_1_99' title="bbox 106 2340 933 2380">
     <span class='ocr_line' id='line_1_99' title="bbox 106 2340 933 2380; baseline 0.002 -11"><span class='ocrx_word' id='word_1_730' title='bbox 106 2344 178 2370; x_wconf 76' lang='grc' dir='ltr'>κοῖεν</span> <span class='ocrx_word' id='word_1_731' title='bbox 193 2341 231 2374; x_wconf 82' lang='grc' dir='ltr'>ὡς</span> <span class='ocrx_word' id='word_1_732' title='bbox 246 2341 383 2380; x_wconf 79' lang='grc' dir='ltr'>ἅσπερμοί</span> <span class='ocrx_word' id='word_1_733' title='bbox 411 2352 441 2369; x_wconf 84' lang='grc' dir='ltr'>τι</span> <span class='ocrx_word' id='word_1_734' title='bbox 463 2340 508 2369; x_wconf 82' lang='grc' dir='ltr'>καὶ</span> <span class='ocrx_word' id='word_1_735' title='bbox 533 2341 628 2380; x_wconf 80' lang='grc' dir='ltr'>ἄγονοι</span> <span class='ocrx_word' id='word_1_736' title='bbox 654 2341 829 2370; x_wconf 70' lang='grc' dir='ltr'>ἐπονείδιστον.</span> <span class='ocrx_word' id='word_1_737' title='bbox 854 2344 933 2379; x_wconf 78' lang='grc' dir='ltr'>εἶναι,</span> 
     </span>
    </p>
   </div>
   <div class='ocr_carea' id='block_1_100' title="bbox 107 2385 934 2426">
    <p class='ocr_par' dir='ltr' id='par_1_100' title="bbox 107 2385 934 2426">
     <span class='ocr_line' id='line_1_100' title="bbox 107 2385 934 2426; baseline 0.002 -12"><span class='ocrx_word' id='word_1_738' title='bbox 107 2386 177 2414; x_wconf 76' lang='grc' dir='ltr'>οὕτω</span> <span class='ocrx_word' id='word_1_739' title='bbox 199 2387 259 2423; x_wconf 72' lang='grc' dir='ltr'>μὶν,</span> <span class='ocrx_word' id='word_1_740' title='bbox 291 2386 385 2426; x_wconf 78' lang='grc' dir='ltr'>φησὶν,</span> <span class='ocrx_word' id='word_1_741' title='bbox 409 2385 507 2414; x_wconf 76' lang='grc' dir='ltr'>οἰκεῖοί</span> <span class='ocrx_word' id='word_1_742' title='bbox 525 2396 555 2413; x_wconf 79' lang='grc' dir='ltr'>τε</span> <span class='ocrx_word' id='word_1_743' title='bbox 578 2385 624 2414; x_wconf 87' lang='grc' dir='ltr'>καὶ</span> <span class='ocrx_word' id='word_1_744' title='bbox 650 2386 726 2426; x_wconf 76' lang='grc' dir='ltr'>φίλοι</span> <span class='ocrx_word' id='word_1_745' title='bbox 755 2398 807 2424; x_wconf 91' lang='grc' dir='ltr'>μτυ</span> <span class='ocrx_word' id='word_1_746' title='bbox 829 2385 934 2416; x_wconf 77' lang='grc' dir='ltr'>ἔσονται</span> 
     </span>
    </p>
   </div>
   <div class='ocr_carea' id='block_1_101' title="bbox 106 2430 931 2470">
    <p class='ocr_par' dir='ltr' id='par_1_101' title="bbox 106 2430 931 2470">
     <span class='ocr_line' id='line_1_101' title="bbox 106 2430 931 2470; baseline 0.004 -12"><span class='ocrx_word' id='word_1_747' title='bbox 106 2430 142 2462; x_wconf 86' lang='grc' dir='ltr'>ὡς</span> <span class='ocrx_word' id='word_1_748' title='bbox 158 2431 185 2458; x_wconf 77' lang='grc' dir='ltr'>ἰν</span> <span class='ocrx_word' id='word_1_749' title='bbox 200 2434 242 2468; x_wconf 81' lang='grc' dir='ltr'>τῷ</span> <span class='ocrx_word' id='word_1_750' title='bbox 255 2430 323 2468; x_wconf 76' lang='grc' dir='ltr'>ο¹ίκῳ</span> <span class='ocrx_word' id='word_1_751' title='bbox 337 2431 383 2458; x_wconf 83' lang='grc' dir='ltr'>καὶ</span> <span class='ocrx_word' id='word_1_752' title='bbox 405 2430 481 2462; x_wconf 74' lang='grc' dir='ltr'>ἐντὸς</span> <span class='ocrx_word' id='word_1_753' title='bbox 500 2433 549 2458; x_wconf 83' lang='grc' dir='ltr'>τοῦ</span> <span class='ocrx_word' id='word_1_754' title='bbox 563 2431 672 2470; x_wconf 83' lang='grc' dir='ltr'>τείχους</span> <span class='ocrx_word' id='word_1_755' title='bbox 688 2433 745 2469; x_wconf 83' lang='grc'>(35)</span> <span class='ocrx_word' id='word_1_756' title='bbox 762 2443 815 2470; x_wconf 89' lang='grc' dir='ltr'>μου</span> <span class='ocrx_word' id='word_1_757' title='bbox 832 2433 931 2470; x_wconf 71' lang='grc' dir='ltr'>μινειν.</span> 
     </span>
    </p>
   </div>
   <div class='ocr_carea' id='block_1_102' title="bbox 105 2474 933 2516">
    <p class='ocr_par' dir='ltr' id='par_1_102' title="bbox 105 2474 933 2516">
     <span class='ocr_line' id='line_1_102' title="bbox 105 2474 933 2516; baseline 0.004 -13"><span class='ocrx_word' id='word_1_758' title='bbox 105 2475 243 2511; x_wconf 75' lang='grc' dir='ltr'>Τοσαύτης</span> <span class='ocrx_word' id='word_1_759' title='bbox 282 2474 311 2503; x_wconf 70' lang='grc' dir='ltr'>δὲ</span> <span class='ocrx_word' id='word_1_760' title='bbox 346 2474 432 2513; x_wconf 72' lang='grc' dir='ltr'>τιμής</span> <span class='ocrx_word' id='word_1_761' title='bbox 464 2476 528 2514; x_wconf 85' lang='grc' dir='ltr'>παρ’</span> <span class='ocrx_word' id='word_1_762' title='bbox 558 2475 620 2513; x_wconf 75' lang='grc' dir='ltr'>ἐμοὶ</span> <span class='ocrx_word' id='word_1_763' title='bbox 648 2478 823 2513; x_wconf 84' lang='grc' dir='ltr'>κριθήσονται</span> <span class='ocrx_word' id='word_1_764' title='bbox 852 2477 933 2516; x_wconf 75' lang='grc' dir='ltr'>ἄξιοι,</span> 
     </span>
    </p>
   </div>
   <div class='ocr_carea' id='block_1_103' title="bbox 106 2518 935 2560">
    <p class='ocr_par' dir='ltr' id='par_1_103' title="bbox 106 2518 935 2560">
     <span class='ocr_line' id='line_1_103' title="bbox 106 2518 935 2560; baseline 0.005 -13"><span class='ocrx_word' id='word_1_765' title='bbox 106 2519 143 2553; x_wconf 78' lang='grc' dir='ltr'>ὥς</span> <span class='ocrx_word' id='word_1_766' title='bbox 168 2523 256 2548; x_wconf 77' lang='grc' dir='ltr'>πᾶσαν</span> <span class='ocrx_word' id='word_1_767' title='bbox 285 2520 418 2558; x_wconf 62' lang='grc' dir='ltr'>εὐγένειαν</span> <span class='ocrx_word' id='word_1_768' title='bbox 447 2518 553 2548; x_wconf 83' lang='grc' dir='ltr'>παίδων</span> <span class='ocrx_word' id='word_1_769' title='bbox 579 2521 618 2557; x_wconf 77' lang='grc' dir='ltr'>μὴ</span> <span class='ocrx_word' id='word_1_770' title='bbox 645 2519 772 2554; x_wconf 80' lang='grc' dir='ltr'>δύνασθαι</span> <span class='ocrx_word' id='word_1_771' title='bbox 794 2525 834 2559; x_wconf 84' lang='grc' dir='ltr'>τῷ</span> <span class='ocrx_word' id='word_1_772' title='bbox 857 2523 935 2560; x_wconf 85' lang='grc' dir='ltr'>τόπῳ</span> 
     </span>
    </p>
   </div>
   <div class='ocr_carea' id='block_1_104' title="bbox 104 2563 935 2606">
    <p class='ocr_par' dir='ltr' id='par_1_104' title="bbox 104 2563 935 2606">
     <span class='ocr_line' id='line_1_104' title="bbox 104 2563 935 2606; baseline 0.005 -14"><span class='ocrx_word' id='word_1_773' title='bbox 104 2567 157 2593; x_wconf 78' lang='grc' dir='ltr'>τῶν</span> <span class='ocrx_word' id='word_1_774' title='bbox 183 2563 346 2602; x_wconf 72' lang='grc' dir='ltr'>ἀξιωμάτων</span> <span class='ocrx_word' id='word_1_775' title='bbox 370 2565 460 2593; x_wconf 80' lang='grc' dir='ltr'>αὐτῶν</span> <span class='ocrx_word' id='word_1_776' title='bbox 489 2564 674 2603; x_wconf 76' lang='grc' dir='ltr'>ἁμιλλᾶσθαι.</span> <span class='ocrx_word' id='word_1_777' title='bbox 703 2566 788 2595; x_wconf 85' lang='grc' dir='ltr'>Δώσω</span> <span class='ocrx_word' id='word_1_778' title='bbox 811 2568 862 2606; x_wconf 82' lang='grc' dir='ltr'>γὰρ</span> <span class='ocrx_word' id='word_1_779' title='bbox 888 2568 935 2596; x_wconf 75' lang='grc' dir='ltr'>αὗ-</span> 
     </span>
    </p>
   </div>
   <div class='ocr_carea' id='block_1_105' title="bbox 145 2616 401 2652">
    <p class='ocr_par' dir='ltr' id='par_1_105' title="bbox 145 2616 401 2652">
     <span class='ocr_line' id='line_1_105' title="bbox 145 2616 401 2652; baseline 0.008 -9"><span class='ocrx_word' id='word_1_780' title='bbox 145 2616 168 2633; x_wconf 72' lang='lat'><strong><em>”</em></strong></span> <span class='ocrx_word' id='word_1_781' title='bbox 184 2616 240 2644; x_wconf 87' lang='lat' dir='ltr'>Isa.</span> <span class='ocrx_word' id='word_1_782' title='bbox 258 2624 314 2652; x_wconf 79' lang='lat' dir='ltr'>va,</span> <span class='ocrx_word' id='word_1_783' title='bbox 331 2616 358 2651; x_wconf 84' lang='grc'>4,</span> <span class='ocrx_word' id='word_1_784' title='bbox 373 2617 401 2645; x_wconf 90' lang='grc'>5.</span> 
     </span>
    </p>
   </div>
   <div class='ocr_carea' id='block_1_106' title="bbox 154 2664 632 2702">
    <p class='ocr_par' dir='ltr' id='par_1_106' title="bbox 154 2664 632 2702">
     <span class='ocr_line' id='line_1_106' title="bbox 154 2664 632 2702; baseline 0.006 -11"><span class='ocrx_word' id='word_1_785' title='bbox 154 2665 199 2702; x_wconf 70' lang='lat'>33)</span> <span class='ocrx_word' id='word_1_786' title='bbox 215 2664 278 2702; x_wconf 81' lang='grc' dir='ltr'>ᾛν.</span> <span class='ocrx_word' id='word_1_787' title='bbox 294 2664 434 2702; x_wconf 79' lang='lat' dir='ltr'>Nonnulli</span> <span class='ocrx_word' id='word_1_788' title='bbox 450 2665 576 2702; x_wconf 84' lang='lat' dir='ltr'>codices,</span> <span class='ocrx_word' id='word_1_789' title='bbox 589 2665 632 2702; x_wconf 75' lang='grc' dir='ltr'>ἧς.</span> 
     </span>
    </p>
   </div>
   <div class='ocr_carea' id='block_1_107' title="bbox 155 2699 940 2737">
    <p class='ocr_par' dir='ltr' id='par_1_107' title="bbox 155 2699 940 2737">
     <span class='ocr_line' id='line_1_107' title="bbox 155 2699 940 2737; baseline 0.008 -11"><span class='ocrx_word' id='word_1_790' title='bbox 155 2701 202 2736; x_wconf 71' lang='grc'>34)</span> <span class='ocrx_word' id='word_1_791' title='bbox 232 2699 490 2737; x_wconf 74' lang='grc' dir='ltr'>ᾋπεμπωλήσασαν</span> <span class='ocrx_word' id='word_1_792' title='bbox 520 2699 574 2736; x_wconf 69' lang='grc' dir='ltr'>τὴν</span> <span class='ocrx_word' id='word_1_793' title='bbox 601 2699 713 2737; x_wconf 69' lang='grc' dir='ltr'>ἒαυτῆς.</span> <span class='ocrx_word' id='word_1_794' title='bbox 748 2703 796 2731; x_wconf 82' lang='lat' dir='ltr'>Sic</span> <span class='ocrx_word' id='word_1_795' title='bbox 823 2703 940 2732; x_wconf 82' lang='lat' dir='ltr'>Colber-</span> 
     </span>
    </p>
   </div>
   <div class='ocr_carea' id='block_1_108' title="bbox 110 2735 940 2774">
    <p class='ocr_par' dir='ltr' id='par_1_108' title="bbox 110 2735 940 2774">
     <span class='ocr_line' id='line_1_108' title="bbox 110 2735 940 2774; baseline 0.004 -11"><span class='ocrx_word' id='word_1_796' title='bbox 110 2735 380 2774; x_wconf 44' lang='lat' dir='ltr'>tinuacodex&#39;cum</span> <span class='ocrx_word' id='word_1_797' title='bbox 401 2735 522 2774; x_wconf 80' lang='lat' dir='ltr'>duobus</span> <span class='ocrx_word' id='word_1_798' title='bbox 538 2738 647 2773; x_wconf 75' lang='lat' dir='ltr'>Regiis.</span> <span class='ocrx_word' id='word_1_799' title='bbox 673 2735 727 2766; x_wconf 72' lang='lat' dir='ltr'>Alii</span> <span class='ocrx_word' id='word_1_800' title='bbox 746 2739 872 2774; x_wconf 85' lang='lat' dir='ltr'>codices,</span> <span class='ocrx_word' id='word_1_801' title='bbox 887 2739 940 2766; x_wconf 83' lang='grc' dir='ltr'>ἀπ-</span> 
     </span>
    </p>
   </div>
   <div class='ocr_carea' id='block_1_109' title="bbox 111 2770 940 2842">
    <p class='ocr_par' dir='ltr' id='par_1_109' title="bbox 111 2770 940 2842">
     <span class='ocr_line' id='line_1_109' title="bbox 111 2770 940 2842; baseline 0.005 -44"><span class='ocrx_word' id='word_1_802' title='bbox 111 2770 301 2842; x_wconf 58' lang='grc' dir='ltr'>ιμπωλήσασα</span> <span class='ocrx_word' id='word_1_803' title='bbox 329 2771 378 2806; x_wconf 76' lang='grc' dir='ltr'>τὴν</span> <span class='ocrx_word' id='word_1_804' title='bbox 409 2773 517 2808; x_wconf 71' lang='grc' dir='ltr'>ἑαυτῆς.</span> <span class='ocrx_word' id='word_1_805' title='bbox 546 2770 642 2802; x_wconf 65' lang='lat' dir='ltr'>Editio</span> <span class='ocrx_word' id='word_1_806' title='bbox 670 2770 870 2810; x_wconf 59' lang='lat' dir='ltr'>Parisiensis,&#39;</span> <span class='ocrx_word' id='word_1_807' title='bbox 887 2775 940 2802; x_wconf 81' lang='grc' dir='ltr'>ἀπ-</span> 
     </span>
     <span class='ocr_line' id='line_1_110' title="bbox 111 2806 940 2842; baseline 0.005 -6"><span class='ocrx_word' id='word_1_808' title='bbox 111 2806 209 2842; x_wconf 80' lang='grc' dir='ltr'>ημπολ</span> <span class='ocrx_word' id='word_1_809' title='bbox 234 2816 283 2838; x_wconf 83' lang='grc' dir='ltr'>σας</span> <span class='ocrx_word' id='word_1_810' title='bbox 296 2807 346 2842; x_wconf 79' lang='grc' dir='ltr'>τὴν</span> <span class='ocrx_word' id='word_1_811' title='bbox 357 2807 464 2840; x_wconf 68' lang='grc' dir='ltr'>ἑαυτοῦ.</span> <span class='ocrx_word' id='word_1_812' title='bbox 475 2810 557 2839; x_wconf 89' lang='lat' dir='ltr'>Unde</span> <span class='ocrx_word' id='word_1_813' title='bbox 567 2811 762 2840; x_wconf 80' lang='lat' dir='ltr'>Combeﬁsius</span> <span class='ocrx_word' id='word_1_814' title='bbox 778 2811 814 2839; x_wconf 89' lang='lat' dir='ltr'>de</span> <span class='ocrx_word' id='word_1_815' title='bbox 824 2810 940 2840; x_wconf 77' lang='lat' dir='ltr'>Christo</span> 
     </span>
    </p>
   </div>
   <div class='ocr_carea' id='block_1_110' title="bbox 111 2806 940 2845">
    <p class='ocr_par' dir='ltr' id='par_1_110' title="bbox 111 2806 940 2845">
     <span class='ocr_line' id='line_1_111' title="bbox 111 2806 940 2845; baseline 0.005 -9"><span class='ocrx_word' id='word_1_816' title='bbox 111 2806 283 2845; x_wconf 69' lang='grc' dir='ltr'>ήμπολήσας</span> <span class='ocrx_word' id='word_1_817' title='bbox 296 2807 346 2842; x_wconf 79' lang='grc' dir='ltr'>τὴν</span> <span class='ocrx_word' id='word_1_818' title='bbox 357 2807 464 2840; x_wconf 68' lang='grc' dir='ltr'>ἑαυτοῦ.</span> <span class='ocrx_word' id='word_1_819' title='bbox 475 2806 557 2839; x_wconf 87' lang='lat' dir='ltr'>Unde</span> <span class='ocrx_word' id='word_1_820' title='bbox 567 2811 762 2840; x_wconf 80' lang='lat' dir='ltr'>Combeﬁsius</span> <span class='ocrx_word' id='word_1_821' title='bbox 778 2811 814 2839; x_wconf 89' lang='lat' dir='ltr'>de</span> <span class='ocrx_word' id='word_1_822' title='bbox 824 2806 940 2840; x_wconf 77' lang='lat' dir='ltr'>Christo</span> 
     </span>
    </p>
   </div>
   <div class='ocr_carea' id='block_1_111' title="bbox 988 2300 1818 2331">
    <p class='ocr_par' dir='ltr' id='par_1_111' title="bbox 988 2300 1818 2331">
     <span class='ocr_line' id='line_1_112' title="bbox 988 2300 1818 2331; baseline -0.002 -1"><span class='ocrx_word' id='word_1_823' title='bbox 988 2302 1057 2330; x_wconf 83' lang='lat' dir='ltr'>ﬁliis</span> <span class='ocrx_word' id='word_1_824' title='bbox 1071 2304 1100 2330; x_wconf 91' lang='lat' dir='ltr'>et</span> <span class='ocrx_word' id='word_1_825' title='bbox 1115 2301 1244 2330; x_wconf 87' lang='lat' dir='ltr'>ﬁliabus.</span> <span class='ocrx_word' id='word_1_826' title='bbox 1260 2302 1333 2330; x_wconf 85' lang='lat' dir='ltr'>Nam</span> <span class='ocrx_word' id='word_1_827' title='bbox 1350 2311 1386 2330; x_wconf 90' lang='lat' dir='ltr'>ne</span> <span class='ocrx_word' id='word_1_828' title='bbox 1401 2302 1556 2331; x_wconf 87' lang='lat' dir='ltr'>videantur</span> <span class='ocrx_word' id='word_1_829' title='bbox 1572 2303 1606 2329; x_wconf 86' lang='lat' dir='ltr'>ut</span> <span class='ocrx_word' id='word_1_830' title='bbox 1621 2300 1771 2329; x_wconf 79' lang='lat' dir='ltr'>infecundi</span> <span class='ocrx_word' id='word_1_831' title='bbox 1788 2303 1818 2328; x_wconf 84' lang='lat' dir='ltr'>et</span> 
     </span>
    </p>
   </div>
   <div class='ocr_carea' id='block_1_112' title="bbox 989 2345 1817 2383">
    <p class='ocr_par' dir='ltr' id='par_1_112' title="bbox 989 2345 1817 2383">
     <span class='ocr_line' id='line_1_113' title="bbox 989 2345 1817 2383; baseline -0.004 -8"><span class='ocrx_word' id='word_1_832' title='bbox 989 2345 1114 2381; x_wconf 86' lang='lat' dir='ltr'>steriles,</span> <span class='ocrx_word' id='word_1_833' title='bbox 1127 2347 1156 2375; x_wconf 82' lang='lat' dir='ltr'>in</span> <span class='ocrx_word' id='word_1_834' title='bbox 1182 2347 1339 2383; x_wconf 87' lang='lat' dir='ltr'>opprobrio</span> <span class='ocrx_word' id='word_1_835' title='bbox 1361 2354 1436 2383; x_wconf 87' lang='lat' dir='ltr'>esse,</span> <span class='ocrx_word' id='word_1_836' title='bbox 1452 2346 1504 2380; x_wconf 87' lang='lat' dir='ltr'>ita,</span> <span class='ocrx_word' id='word_1_837' title='bbox 1529 2346 1636 2382; x_wconf 85' lang='lat' dir='ltr'>inquit,</span> <span class='ocrx_word' id='word_1_838' title='bbox 1655 2345 1817 2374; x_wconf 77' lang='lat' dir='ltr'>familiares</span> 
     </span>
    </p>
   </div>
   <div class='ocr_carea' id='block_1_113' title="bbox 988 2389 1816 2427">
    <p class='ocr_par' dir='ltr' id='par_1_113' title="bbox 988 2389 1816 2427">
     <span class='ocr_line' id='line_1_114' title="bbox 988 2389 1816 2427; baseline -0.004 -7"><span class='ocrx_word' id='word_1_839' title='bbox 988 2393 1018 2420; x_wconf 86' lang='lat' dir='ltr'>et</span> <span class='ocrx_word' id='word_1_840' title='bbox 1045 2391 1132 2419; x_wconf 85' lang='lat' dir='ltr'>amici</span> <span class='ocrx_word' id='word_1_841' title='bbox 1167 2391 1225 2419; x_wconf 87' lang='lat' dir='ltr'>mei</span> <span class='ocrx_word' id='word_1_842' title='bbox 1255 2393 1350 2427; x_wconf 85' lang='lat' dir='ltr'>erunt,</span> <span class='ocrx_word' id='word_1_843' title='bbox 1379 2393 1412 2420; x_wconf 86' lang='lat' dir='ltr'>ut</span> <span class='ocrx_word' id='word_1_844' title='bbox 1439 2391 1469 2419; x_wconf 93' lang='lat' dir='ltr'>in</span> <span class='ocrx_word' id='word_1_845' title='bbox 1504 2391 1590 2419; x_wconf 90' lang='lat' dir='ltr'>domo</span> <span class='ocrx_word' id='word_1_846' title='bbox 1628 2398 1694 2419; x_wconf 81' lang='lat' dir='ltr'>mea</span> <span class='ocrx_word' id='word_1_847' title='bbox 1729 2392 1758 2419; x_wconf 89' lang='lat' dir='ltr'>et</span> <span class='ocrx_word' id='word_1_848' title='bbox 1786 2389 1816 2417; x_wconf 90' lang='lat' dir='ltr'>in</span> 
     </span>
    </p>
   </div>
   <div class='ocr_carea' id='block_1_114' title="bbox 989 2434 1819 2470">
    <p class='ocr_par' dir='ltr' id='par_1_114' title="bbox 989 2434 1819 2470">
     <span class='ocr_line' id='line_1_115' title="bbox 989 2434 1819 2470; baseline -0.002 -6"><span class='ocrx_word' id='word_1_849' title='bbox 989 2444 1074 2464; x_wconf 91' lang='lat' dir='ltr'>muro</span> <span class='ocrx_word' id='word_1_850' title='bbox 1101 2444 1165 2464; x_wconf 88' lang='lat' dir='ltr'>meo</span> <span class='ocrx_word' id='word_1_851' title='bbox 1190 2439 1340 2464; x_wconf 87' lang='lat' dir='ltr'>maneant.</span> <span class='ocrx_word' id='word_1_852' title='bbox 1364 2437 1458 2465; x_wconf 88' lang='lat' dir='ltr'>Tanto</span> <span class='ocrx_word' id='word_1_853' title='bbox 1485 2438 1584 2464; x_wconf 88' lang='lat' dir='ltr'>autem</span> <span class='ocrx_word' id='word_1_854' title='bbox 1607 2435 1718 2464; x_wconf 87' lang='lat' dir='ltr'>honore</span> <span class='ocrx_word' id='word_1_855' title='bbox 1741 2434 1819 2470; x_wconf 90' lang='lat' dir='ltr'>apud</span> 
     </span>
    </p>
   </div>
   <div class='ocr_carea' id='block_1_115' title="bbox 989 2479 1820 2517">
    <p class='ocr_par' dir='ltr' id='par_1_115' title="bbox 989 2479 1820 2517">
     <span class='ocr_line' id='line_1_116' title="bbox 989 2479 1820 2517; baseline -0.001 -9"><span class='ocrx_word' id='word_1_856' title='bbox 989 2489 1036 2509; x_wconf 88' lang='lat' dir='ltr'>me</span> <span class='ocrx_word' id='word_1_857' title='bbox 1051 2481 1133 2517; x_wconf 85' lang='lat' dir='ltr'>digni</span> <span class='ocrx_word' id='word_1_858' title='bbox 1151 2480 1346 2517; x_wconf 85' lang='lat' dir='ltr'>habebuntur,</span> <span class='ocrx_word' id='word_1_859' title='bbox 1365 2483 1398 2509; x_wconf 89' lang='lat' dir='ltr'>ut</span> <span class='ocrx_word' id='word_1_860' title='bbox 1411 2481 1493 2509; x_wconf 90' lang='lat' dir='ltr'>nulla</span> <span class='ocrx_word' id='word_1_861' title='bbox 1507 2488 1666 2517; x_wconf 88' lang='lat' dir='ltr'>puerorum</span> <span class='ocrx_word' id='word_1_862' title='bbox 1682 2479 1820 2508; x_wconf 84' lang='lat' dir='ltr'>nobilitas</span> 
     </span>
    </p>
   </div>
   <div class='ocr_carea' id='block_1_116' title="bbox 990 2523 1818 2562">
    <p class='ocr_par' dir='ltr' id='par_1_116' title="bbox 990 2523 1818 2562">
     <span class='ocr_line' id='line_1_117' title="bbox 990 2523 1818 2562; baseline -0.002 -9"><span class='ocrx_word' id='word_1_863' title='bbox 990 2533 1058 2554; x_wconf 89' lang='lat' dir='ltr'>cum</span> <span class='ocrx_word' id='word_1_864' title='bbox 1075 2533 1176 2554; x_wconf 87' lang='lat' dir='ltr'>eorum</span> <span class='ocrx_word' id='word_1_865' title='bbox 1191 2526 1344 2561; x_wconf 86' lang='lat' dir='ltr'>dignitatis</span> <span class='ocrx_word' id='word_1_866' title='bbox 1359 2525 1421 2554; x_wconf 87' lang='lat' dir='ltr'>loco</span> <span class='ocrx_word' id='word_1_867' title='bbox 1437 2525 1604 2562; x_wconf 85' lang='lat' dir='ltr'>comparari</span> <span class='ocrx_word' id='word_1_868' title='bbox 1619 2524 1722 2561; x_wconf 87' lang='lat' dir='ltr'>possit.</span> <span class='ocrx_word' id='word_1_869' title='bbox 1738 2523 1818 2551; x_wconf 83' lang='lat' dir='ltr'>Dabo</span> 
     </span>
    </p>
   </div>
   <div class='ocr_carea' id='block_1_117' title="bbox 990 2567 1819 2608">
    <p class='ocr_par' dir='ltr' id='par_1_117' title="bbox 990 2567 1819 2608">
     <span class='ocr_line' id='line_1_118' title="bbox 990 2567 1819 2608; baseline -0.004 -10"><span class='ocrx_word' id='word_1_870' title='bbox 990 2570 1071 2598; x_wconf 89' lang='lat' dir='ltr'>enim</span> <span class='ocrx_word' id='word_1_871' title='bbox 1092 2570 1153 2599; x_wconf 87' lang='lat' dir='ltr'>illis</span> <span class='ocrx_word' id='word_1_872' title='bbox 1166 2570 1277 2605; x_wconf 87' lang='lat' dir='ltr'>locum,</span> <span class='ocrx_word' id='word_1_873' title='bbox 1292 2571 1401 2608; x_wconf 86' lang='lat' dir='ltr'>inquit,</span> <span class='ocrx_word' id='word_1_874' title='bbox 1418 2579 1477 2599; x_wconf 88' lang='lat' dir='ltr'>non</span> <span class='ocrx_word' id='word_1_875' title='bbox 1503 2568 1694 2598; x_wconf 86' lang='lat' dir='ltr'>habitationis</span> <span class='ocrx_word' id='word_1_876' title='bbox 1710 2567 1819 2602; x_wconf 86' lang='lat' dir='ltr'>solum,</span> 
     </span>
    </p>
   </div>
   <div class='ocr_carea' id='block_1_118' title="bbox 994 2666 1822 2705">
    <p class='ocr_par' dir='ltr' id='par_1_118' title="bbox 994 2666 1822 2705">
     <span class='ocr_line' id='line_1_119' title="bbox 994 2666 1822 2705; baseline -0.005 -8"><span class='ocrx_word' id='word_1_877' title='bbox 994 2669 1105 2698; x_wconf 86' lang='lat' dir='ltr'>dictum</span> <span class='ocrx_word' id='word_1_878' title='bbox 1131 2672 1239 2705; x_wconf 85' lang='lat' dir='ltr'>putans</span> <span class='ocrx_word' id='word_1_879' title='bbox 1265 2669 1406 2698; x_wconf 85' lang='lat' dir='ltr'>reddebat</span> <span class='ocrx_word' id='word_1_880' title='bbox 1429 2677 1436 2696; x_wconf 87' lang='lat'><strong>:</strong></span> <span class='ocrx_word' id='word_1_881' title='bbox 1461 2668 1516 2696; x_wconf 86' lang='lat' dir='ltr'>Sua</span> <span class='ocrx_word' id='word_1_882' title='bbox 1539 2668 1597 2705; x_wconf 56' lang='lat' dir='ltr'>ipse</span> <span class='ocrx_word' id='word_1_883' title='bbox 1619 2666 1759 2705; x_wconf 59' lang='lat' dir='ltr'>diqeguiita</span> <span class='ocrx_word' id='word_1_884' title='bbox 1782 2667 1822 2705; x_wconf 71' lang='lat' dir='ltr'>ti-</span> 
     </span>
    </p>
   </div>
   <div class='ocr_carea' id='block_1_119' title="bbox 995 2700 1822 2750">
    <p class='ocr_par' dir='ltr' id='par_1_119' title="bbox 995 2700 1822 2750">
     <span class='ocr_line' id='line_1_120' title="bbox 995 2700 1822 2750; baseline -0.006 -16"><span class='ocrx_word' id='word_1_885' title='bbox 995 2706 1109 2750; x_wconf 57' lang='lat' dir='ltr'>Perlate.</span> <span class='ocrx_word' id='word_1_886' title='bbox 1131 2700 1233 2734; x_wconf 55' lang='lat' dir='ltr'>&#39;Habet</span> <span class='ocrx_word' id='word_1_887' title='bbox 1261 2706 1350 2734; x_wconf 86' lang='lat' dir='ltr'>editio</span> <span class='ocrx_word' id='word_1_888' title='bbox 1386 2706 1507 2737; x_wconf 86' lang='lat' dir='ltr'>Veneta,</span> <span class='ocrx_word' id='word_1_889' title='bbox 1535 2700 1742 2738; x_wconf 74' lang='grc' dir='ltr'>ἁπιμπωλήσας</span> <span class='ocrx_word' id='word_1_890' title='bbox 1772 2703 1822 2738; x_wconf 77' lang='grc' dir='ltr'>τὴν</span> 
     </span>
    </p>
   </div>
   <div class='ocr_carea' id='block_1_120' title="bbox 995 2741 1823 2840">
    <p class='ocr_par' dir='ltr' id='par_1_120' title="bbox 995 2741 1823 2840">
     <span class='ocr_line' id='line_1_121' title="bbox 995 2741 1823 2840; baseline -0.001 -35"><span class='ocrx_word' id='word_1_891' title='bbox 995 2741 1209 2840; x_wconf 78' lang='grc' dir='ltr'>Ἐντὸς</span> <span class='ocrx_word' id='word_1_892' title='bbox 1238 2778 1287 2804; x_wconf 77' lang='grc' dir='ltr'>τοῦ</span> <span class='ocrx_word' id='word_1_893' title='bbox 1320 2777 1445 2812; x_wconf 81' lang='grc' dir='ltr'>τείχους.</span> <span class='ocrx_word' id='word_1_894' title='bbox 1479 2772 1618 2802; x_wconf 79' lang='lat' dir='ltr'>Nonnulli</span> <span class='ocrx_word' id='word_1_895' title='bbox 1645 2774 1768 2812; x_wconf 76' lang='lat' dir='ltr'>codices,</span> <span class='ocrx_word' id='word_1_896' title='bbox 1797 2773 1823 2803; x_wconf 73' lang='grc' dir='ltr'>ἒν</span> 
     </span>
     <span class='ocr_line' id='line_1_122' title="bbox 995 2821 1138 2840; baseline 0.007 -1"><span class='ocrx_word' id='word_1_897' title='bbox 995 2821 1035 2839; x_wconf 85' lang='grc' dir='ltr'>τω</span> <span class='ocrx_word' id='word_1_898' title='bbox 1046 2822 1076 2840; x_wconf 79' lang='grc' dir='ltr'>τε</span> <span class='ocrx_word' id='word_1_899' title='bbox 1087 2821 1138 2840; x_wconf 69' lang='grc' dir='ltr'>κει.</span> 
     </span>
    </p>
   </div>
   <div class='ocr_carea' id='block_1_121' title="bbox 995 2821 1138 2840">
    <p class='ocr_par' dir='ltr' id='par_1_121' title="bbox 995 2821 1138 2840">
     <span class='ocr_line' id='line_1_123' title="bbox 995 2821 1138 2840; baseline 0.007 -1"><span class='ocrx_word' id='word_1_900' title='bbox 995 2821 1035 2839; x_wconf 83' lang='grc' dir='ltr'>τω</span> <span class='ocrx_word' id='word_1_901' title='bbox 1046 2821 1138 2840; x_wconf 73' lang='grc' dir='ltr'>τεικιι.</span> 
     </span>
    </p>
   </div>
  </div>
