2010 3145
195 123 252 154 791

665 123 862 156 APPENDIX
886 122 1047 155 OPERUM
1070 124 1103 154 S.
1126 123 1267 154 BASlLll
1289 123 1426 154 MAGNI.

1840 124 1899 154 ⁸192

196 190 248 217 sed
270 191 298 217 et
320 196 491 225 progressus
514 197 547 217 ac
571 189 733 225 dignitatis.
756 191 797 218 ita
821 193 853 218 ut
878 189 1016 218 omnibus

1079 190 1131 219 τοῖς
1157 198 1254 223 τοπον,
1285 187 1377 227 φησὶν,
1406 187 1456 216 οὐκ
1479 187 1614 223 οἰκήσεως
1642 187 1737 224 μόνον,
1763 187 1837 216 ἀλλὰ
1855 190 1899 216 καὶ

196 234 374 270 conspicuus
384 233 450 262 illos
466 234 571 270 magis,
584 242 672 271 quam
685 234 844 262 liberorum
860 234 1018 269 successio,

195 278 348 314 dignitatis
376 278 533 314 splendore
556 279 700 307 nobilitet.
728 280 762 307 Et
785 279 855 316 quid
881 279 1018 315 amplius,

196 322 346 359 inquit,de
358 323 488 360 mysticis
497 323 641 352 eunuchis
653 324 744 352 habeo
755 324 930 352 dicendum?
942 324 1019 352 Dabo

195 367 256 395 illis
271 376 376 396 nomen
386 370 538 403 aeternum,
551 369 628 404 quod
645 368 717 404 ipsis
730 368 806 396 ultra
816 369 943 397 ﬁliorum
952 377 1019 396 suc-

196 412 359 440 cessionem
375 412 514 447 manebit,
531 421 583 441 nec
599 412 722 441 deﬁciet.
735 413 787 441 Hic
801 414 878 441 cnim
890 413 1021 450 corporei

196 456 249 484 ﬁlii
279 459 396 493 patrum
423 458 585 485 subeuntes
622 466 740 493 nomen,
772 459 1021 494 quemadmodum

197 501 370 529 exstinctam
398 509 500 530 eorum
520 504 668 530 senectute
691 502 840 538 excipiunt
862 503 963 536 vitam,
980 503 1022 530 ita

195 545 341 574 deﬁcienti
357 550 472 582 patrum
488 546 676 574 morientium
692 547 805 575 nomini
821 548 1021 583 succedentes,

197 589 269 618 illud
279 591 308 618 in
315 590 421 627 seipsis
431 591 621 619 exsuscitant.
634 591 742 619 Deinde
751 591 850 624 iidem,
863 593 1021 628 postquam

196 635 276 662 brevi
292 637 422 671 tempore
433 636 522 662 vitam
533 643 708 671 proavorum
718 638 747 664 et
762 644 869 664 nomen
881 636 1021 672 quodam-

197 679 284 707 modo
301 679 509 715 reparaverint,
521 681 619 708 tamen
634 680 690 716 ipsi
705 689 822 717 quoque
837 681 874 709 ob
885 684 1019 709 naturam

197 723 352 752 mortalem
368 732 489 760 prorsus
499 724 618 760 sublati,
630 733 787 761 progressu
797 725 938 762 temporis
950 726 1021 753 deﬁ-

198 768 286 803 cient,
302 776 395 804 genus
406 769 470 796 sine
481 769 598 797 nomine
608 769 819 806 relinquentes.
831 770 912 803 Quod
924 773 1021 798 autem

199 821 216 839 ιι
231 821 278 841 me
289 821 356 841 cum
367 813 527 849 primorum
540 813 670 842 locorum
678 814 822 851 dignitate
831 815 918 843 datur
927 823 1021 843 eunu-

1075 236 1219 270 προκοπῆς
1244 232 1288 260 καὶ
1316 232 1413 269 ἀξίας,
1444 232 1481 263 ὡς
1507 235 1571 260 πᾶσι
1600 230 1783 270 περίϐλεπτον
1815 231 1898 266 ὂντα,

1074 277 1140 314 ύπὶρ
1177 277 1226 311 τὴν
1264 279 1316 304 τῶν
1356 276 1460 304 παίδων
1495 276 1629 315 διαδοχὴν
1661 277 1758 309 αὐτοὺς
1787 279 1823 314 τῇ
1852 279 1898 304 τοῦ

1074 321 1227 357 ἀξιώματος
1253 320 1373 357 εὐγενείᾳ
1399 319 1546 357 σεμνύνειν.
1580 321 1629 347 Καὶ
1656 320 1683 348 τί
1706 320 1803 355 πλέον,
1820 321 1898 358 φησὶ,

1074 366 1135 404 περὶ
1162 368 1215 393 τῶν
1243 367 1380 402 μυστικῶν
1405 365 1541 403 εὐνούχων
1567 364 1625 403 ἔχω
1651 364 1763 402 λέγεινς
1791 366 1899 401 ’Ὁνομα

1076 411 1186 438 αἱῶνιον
1203 409 1282 437 δώσω
1306 409 1410 445 αὐτοῖς,
1434 410 1449 437 ὃ
1480 411 1544 447 ὑπὲρ
1574 411 1624 444 τήν
1654 409 1787 448 διαδοχήν
1806 410 1898 440 αὐτοῖς

1074 457 1128 483 τῶν
1152 454 1267 493 ἐκγόνων
1297 455 1422 491 ἀρκέσει,
1455 454 1501 482 καὶ
1529 455 1583 482 οὐκ
1611 454 1740 491 ἐκλείψει.
1771 455 1899 486 Ἐνταῦθα

1077 500 1124 536 μὶν
1151 500 1200 537 γὰρ
1232 500 1258 528 οἱ
1283 502 1338 527 τῶν
1367 500 1500 536 σωμάτων
1520 497 1624 535 παῖδες,
1653 499 1684 527 τὸ
1704 502 1759 527 τῶν
1775 499 1898 536 πατέρων

1076 543 1258 580 ὑποδυόμενοι
1291 543 1398 581 ὄνομα,
1437 544 1527 581 ὥσπερ
1552 541 1733 580 σϐεννυμένην
1759 543 1800 580 τῷ
1829 545 1901 580 γήρᾳ

1073 591 1177 617 τούτων
1190 587 1362 627 διαδέχονται
1374 589 1424 624 τήν
1438 589 1521 624 ζωὴν,
1537 588 1609 616 οὕτω
1621 588 1666 616 καὶ
1680 589 1711 616 τὸ
1734 586 1825 625 ὄνομα
1847 591 1900 616 τῶν

1075 634 1143 672 πρὸς
1172 633 1284 661 θάνατον
1309 634 1466 672 φερομένων
1481 634 1604 670 πατέρων
1621 632 1746 661 ἐκλεῖπον
1762 633 1900 660 ὒπεισιόν-

1074 689 1117 710 τες
1133 678 1159 706 ἐν
1175 678 1267 710 αὐτοῖς
1284 680 1481 716 ζωοπυροῦσιν.
1502 678 1558 706 Εἶτ’
1582 677 1623 705 ἐπ’
1638 677 1734 716 ὀλίγον
1750 676 1828 705 οὗτοι
1852 678 1900 712 τήν

1074 734 1103 751 τε
1120 724 1192 758 ζωήν
1215 726 1263 751 τοῦ
1285 726 1340 751 τῶν
1365 722 1546 762 προπατόρων
1571 723 1664 760 γένους
1693 723 1739 749 καὶ
1760 722 1792 749 τὸ
1814 720 1901 758 ὄνομά

1075 770 1132 805 (36)
1147 771 1187 804 τῷ
1202 768 1296 806 τρόπῳ
1317 767 1569 806 παραμυθούμενοι,
1595 767 1672 804 ὅμως
1687 766 1738 794 ὁπὸ
1762 770 1814 802 τῆς
1838 773 1900 802 θνη-

1075 817 1126 848 τῆς
1150 812 1255 852 φύσεως
1280 811 1503 852 διαφορούμενοι,
1527 811 1573 839 καὶ
1597 812 1674 839 αὐτοὶ
1693 811 1733 842 εἷς
1748 812 1778 838 τὸ
1803 821 1900 839 παντε-

198 856 262 884 chis
278 865 384 885 nomen
400 865 452 893 pro
468 857 547 885 omni
563 859 679 894 generis
695 861 893 894 successione,
913 859 1018 887 iterum

1079 857 1133 892 λὶς,
1162 857 1305 896 προϊόντος
1332 859 1380 884 τοῦ
1409 856 1521 895 χρόνου,
1550 855 1735 893 ἐκλείψουσιν,
1758 856 1899 892 ἀνώνυμον

196 901 272 937 dico,
292 901 405 938 jugiter
430 903 625 938 permanebit,
641 903 682 931 ita
706 905 738 931 ut
752 905 780 931 et
792 903 849 939 ipsi
873 906 901 931 et
915 912 1018 932 omnes

196 946 246 982 qui
274 954 324 974 eos
351 946 501 983 videbunt,
530 955 565 976 ex
584 950 689 976 eventu
711 948 884 984 dijudicent,
907 951 1017 984 quanto

194 991 382 1026 praestantius
406 991 445 1019 ait
466 991 521 1020 hoc
545 1001 653 1020 nomen
676 993 746 1020 ﬁliis
771 995 800 1021 et
822 993 951 1027 ﬁliabus,
967 993 1017 1029 qui

193 1043 270 1071 saepe
285 1044 379 1071 genus
400 1044 489 1064 suum
509 1039 539 1065 et
561 1037 756 1074 turpitudinis
780 1038 844 1066 loco
865 1041 894 1066 et
908 1037 1019 1074 peccati

193 1080 312 1108 nomine
327 1080 502 1116 probrosum
523 1082 661 1110 reddunt.
678 1082 790 1111 Nomen
805 1083 895 1116 enim,
911 1083 1018 1119 inquit,

193 1132 245 1160 pro
259 1124 401 1161 humano,
423 1125 636 1155 immortalium
661 1127 833 1164 angelorum
859 1127 934 1155 dabo
949 1127 1019 1162 illis,

193 1177 246 1196 nec
261 1169 391 1204 deﬁciet;
415 1170 456 1198 ita
470 1173 503 1198 ut
518 1171 623 1199 coelum
646 1173 675 1200 et
700 1171 764 1200 coeli
788 1171 1019 1208 pulcherrimum

193 1212 290 1241 locum
305 1213 432 1242 habeant
453 1215 488 1242 ad
505 1214 711 1244 habitandum.
738 1217 770 1244 In
794 1215 1019 1252 prmelarissimo

193 1259 292 1285 autem
308 1258 372 1286 coeli
388 1258 461 1294 loco,
482 1259 510 1287 id
527 1262 583 1293 est,
605 1260 635 1287 in
651 1261 737 1288 domo
753 1269 828 1296 mea,
843 1261 922 1288 intra
936 1263 1020 1296 septa

194 1309 258 1330 mea
269 1302 447 1338 habitantes,
455 1304 581 1339 nonjam
594 1303 690 1332 solum
699 1305 869 1341 angelorum
881 1309 1018 1333 naturam

193 1348 223 1375 et
246 1347 419 1384 dignitatem
450 1349 644 1378 immortalem
669 1350 797 1378 habeant
818 1351 946 1386 (semper
961 1351 1017 1386 ipsi

193 1391 249 1420 sibi
265 1391 326 1420 vice
342 1401 548 1422 successorum
569 1393 597 1422 in
614 1395 792 1431 sempiterna
815 1395 874 1423 vita
888 1395 918 1423 in
933 1397 1016 1424 aeter-

191 1444 262 1464 num
287 1438 492 1473 sufﬁcientes),
511 1439 562 1466 sed
586 1441 615 1467 et
638 1439 735 1467 locum
757 1439 918 1468 sortiantur
939 1440 1017 1468 inter

192 1481 312 1517 angelos
327 1482 413 1511 valde
428 1483 588 1520 insignem,
604 1485 634 1512 et
647 1492 754 1513 nomen
770 1487 889 1521 propter
904 1484 1016 1513 eximia:

191 1525 308 1554 virtutis
323 1527 509 1562 splendorem
526 1527 692 1556 indelebile.
714 1528 841 1556 Caveant
856 1531 966 1564 autem,
980 1538 1016 1557 ne

194 1570 442 1606 quemadmodum
458 1580 492 1601 ex
517 1572 687 1601 hominibus
703 1576 730 1600 et
745 1582 762 1601 a
777 1575 853 1602 terra
867 1573 897 1602 in
913 1573 1018 1602 ccelum
1034 1557 1056 1592 Ο

197 1616 226 1641 et
242 1614 413 1651 angelorum
439 1617 612 1652 dignitatem
639 1617 843 1653 ascenderunt,
866 1626 970 1647 rursus
986 1618 1023 1646 ab

197 1658 311 1694 angelis
333 1662 362 1688 et
376 1659 448 1688 ccelo
463 1660 493 1688 in
509 1663 617 1689 terram
639 1670 708 1689 casu
733 1662 861 1690 maxime
877 1663 1023 1690 decidant.

195 1702 263 1730 Vidi
289 1703 379 1739 enim,
404 1704 513 1740 inquit,
543 1713 610 1733 eum
634 1705 683 1741 qui
707 1705 865 1742 aliquando
889 1707 920 1734 in
944 1707 1024 1734 cceiis

197 1748 385 1784 coruscabat,
402 1751 435 1777 ut
447 1749 558 1785 fulgur,
573 1749 610 1778 de
633 1749 704 1778 coelo
730 1751 884 1779 cadentem
895 1751 928 1779 ³⁸.
944 1752 1026 1784 Quod

198 1801 265 1820 cum
282 1793 417 1829 audiunt,
443 1794 523 1822 omni
549 1794 661 1822 ratione
676 1797 778 1823 cautos
802 1803 866 1823 esse
882 1796 1026 1824 convenit.

197 1839 249 1868 His
260 1840 351 1876 igitur
365 1840 449 1878 digni
462 1841 590 1877 praemiis
603 1841 786 1870 invenientur
796 1842 825 1869 in
837 1850 926 1878 regno
937 1843 1028 1871 divini

198 1885 365 1913 secundum
376 1888 505 1914 mentem
517 1886 653 1914 eunuchi.
664 1887 763 1923 Neque
774 1886 879 1915 iisdem
891 1888 1031 1916 carebunt

197 1929 247 1964 qui
261 1930 419 1966 tyrannica
430 1939 520 1959 manu
531 1931 561 1959 in
573 1933 675 1959 tenera
687 1934 770 1960 etate
786 1931 929 1960 violenter
938 1941 1030 1961 eunu-

197 1973 245 2001 chi
270 1974 338 2003 facti
362 1977 442 2003 sunt.
469 1975 526 2003 Sed
542 1976 572 2003 in
597 1976 649 2004 illa
676 1984 815 2012 corporea
840 1978 1029 2007 castratione,

196 2027 263 2054 qua
275 2020 380 2055 praeter
391 2027 492 2048 eorum
502 2020 685 2048 voluntatem
698 2021 772 2057 ipsis
783 2021 915 2058 conligit,
927 2023 1032 2051 volun'

198 2063 274 2092 taria
310 2064 477 2093 secundum
503 2065 637 2093 animum
659 2066 835 2094 castratione
859 2068 1035 2103 semetipsos

199 2109 402 2144 castraverint,
419 2109 460 2138 ita
482 2112 514 2138 ut
529 2110 687 2138 sabbatum
702 2111 780 2138 674
796 2114 886 2147 agant
901 2111 937 2139 ab
953 2105 1032 2140 omni

199 2153 342 2190 nequitia,
358 2154 469 2190 eligant
494 2163 528 2182 ea
543 2155 606 2191 quas
632 2154 694 2183 vult
710 2155 866 2191 Dominus,
889 2159 918 2184 et
933 2157 1030 2185 adhae-

200 2201 282 2225 reant
297 2200 473 2227 testamento
485 2200 693 2228 mandatorum
706 2200 781 2235 ejus,
794 2200 902 2228 virtute
919 2209 1032 2238 nequa-

1075 902 1269 933 καταλιπόντες
1292 902 1323 930 τὸ
1347 902 1434 939 γένος.
1459 902 1498 930 Τὸ
1521 901 1550 929 δέ
1564 902 1628 939 παρ’
1642 901 1710 937 ἐμοῦ
1728 901 1796 938 μετά
1811 900 1860 928 τοῦ
1874 900 1898 929 ἐν

1075 947 1223 985 πρωτείοις
1245 947 1342 978 τόποις
1369 949 1427 978 τοῖς
1460 945 1602 983 εὐνούχοις
1630 944 1773 982 διδόμενον
1802 943 1898 982 ὄνομα,

1076 995 1131 1023 ἀντί
1147 996 1236 1031 πάσης
1253 996 1348 1033 γένους
1365 994 1509 1033 διαδοχῆς,
1525 994 1608 1022 πάλιν
1626 994 1679 1033 ἐρῶ
1701 993 1798 1022 διόλου
1823 994 1898 1033 ἀρκέ-

1077 1051 1127 1077 σει,
1150 1040 1218 1068 ὥστε
1241 1039 1338 1071 αὐτούς
1361 1050 1390 1067 τε
1401 1040 1448 1067 καὶ
1463 1041 1562 1070 πάντας
1576 1039 1640 1070 τοὺς
1656 1040 1778 1076 ὁρῶντας
1803 1039 1898 1070 αὐτοὺς

1075 1084 1105 1112 ἐκ
1129 1086 1179 1119 τῆς
1206 1082 1340 1115 ἐκϐάσεως
1367 1085 1416 1119 τήν
1449 1081 1604 1123 ὑπερϐολήν
1632 1085 1834 1122 ἀποφήνασθαι,
1864 1084 1899 1114 ὡς

1074 1132 1196 1166 κρεῖττον
1225 1127 1310 1159 ὅντως
1326 1128 1399 1156 ἔσται
1421 1129 1486 1156 υἱῶν
1515 1129 1562 1156 καὶ
1587 1128 1739 1167 θυγατέρων
1768 1131 1823 1156 τῶν
1837 1127 1903 1156 πολ-

1075 1173 1154 1204 λάκις
1182 1173 1226 1200 καὶ
1242 1172 1374 1210 ἐπίψογον
1389 1173 1421 1200 τὸ
1449 1173 1527 1210 γένος
1542 1173 1586 1200 καὶ
1606 1172 1684 1209 τόπῳ
1699 1172 1835 1210 αἲσχύνης
1857 1172 1901 1200 καὶ

1076 1218 1189 1254 ὀνόματι
1218 1216 1351 1254 ἁμαρτίας
1386 1216 1549 1246 ποιούντων.
1576 1219 1685 1253 ’Όνομα
1713 1217 1776 1255 γὰρ,
1805 1218 1898 1256 φησιν,

1075 1263 1134 1290 ἀντὶ
1162 1265 1210 1290 τοῦ
1239 1262 1430 1300 ἀνθρωπείου,
1458 1262 1489 1289 τὸ
1516 1264 1570 1289 τῶν
1607 1261 1741 1289 ἀθανάτου
1777 1260 1900 1299 ἀγγέλων

1074 1306 1155 1334 δώσω
1183 1307 1288 1341 αὐτοῖς,
1317 1306 1362 1334 καὶ
1389 1306 1438 1334 ούκ
1451 1305 1584 1343 ἐκλείψει·
1615 1306 1684 1334 ὥστε
1708 1305 1897 1344 οὐρανὸν.μὶν

1073 1352 1117 1379 καὶ
1142 1353 1189 1379 τοῦ
1212 1351 1327 1389 οὐρανοῦ
1349 1351 1381 1378 τὸ
1405 1349 1552 1379 κάλλιστον
1574 1348 1649 1388 ἔχειν
1677 1350 1776 1382 αὐτοὺς
1797 1349 1898 1378 ἐνδιαί-

1071 1407 1157 1433 mpm
1189 1396 1232 1425 'Ev
1261 1394 1290 1423 δὲ
1314 1397 1354 1430 τῷ
1382 1394 1524 1432 καλλίστῳ
1545 1397 1593 1423 τοῦ
1618 1395 1744 1434 ούρανοῦ,
1760 1395 1896 1423 τουτέστιν

1071 1440 1098 1469 έν
1113 1443 1153 1477 τῷ
1166 1441 1234 1477 οἷκῳ
1249 1443 1288 1477 τῷ
1312 1439 1382 1477 ἐμῷ,
1404 1440 1478 1472 ἐντὸς
1498 1437 1656 1478 περιϐόλων
1671 1440 1813 1471 οἰκοῦντας
1829 1441 1895 1477 (37),

1071 1486 1119 1514 οὐκ
1133 1485 1258 1524 ἄγγέλων
1275 1484 1355 1522 μόνον
1379 1484 1457 1522 φύσιν
1483 1483 1581 1513 λοιπὸν
1601 1484 1646 1512 καὶ
1663 1485 1770 1521 ἀξίωμα
1797 1484 1895 1512 ἀθάνα-

1073 1541 1119 1558 τον
1136 1529 1221 1568 ἔχειν,
1248 1529 1286 1561 ὡς
1317 1528 1387 1566 μηδὲ
1406 1529 1499 1567 χρείαν
1529 1528 1601 1567 ἔχειν
1624 1528 1758 1566 διαδοχῆς
1783 1529 1836 1566 (ἀεὶ
1854 1528 1900 1556 αύ-

1075 1575 1139 1606 τοὺς
1164 1575 1190 1602 έν
1219 1575 1324 1605 ἑαυτοῖς
1352 1573 1378 1602 ἐν
1408 1574 1514 1610 ἀειζώῳ
1543 1574 1596 1611 βίῳ
1616 1573 1674 1602 ἀντὶ
1701 1573 1841 1612 διαδόχων
1869 1572 1901 1601 δι’

1078 1620 1176 1656 αἰῶνος
1193 1619 1360 1656 ἀρκοῦντας),
1390 1617 1464 1646 ἀλλὰ
1478 1618 1523 1646 καὶ
1537 1619 1620 1646 τόπον
1637 1615 1710 1656 ἔχειν
1726 1618 1752 1646 ἐν
1772 1621 1833 1650 τοῖς
1858 1618 1903 1655 ἀγ-

1077 1665 1168 1703 γέλοις
1197 1663 1408 1700 ἐπισημότατον,
1433 1662 1478 1690 καί
1503 1661 1590 1699 ὄνομα
1621 1662 1665 1690 διὰ
1678 1664 1728 1698 τὴν
1743 1665 1792 1691 τοῦ
1807 1673 1905 1701 κατορ-

1080 1710 1207 1745 θώματος
1234 1707 1407 1746 περιφάνειαν
1436 1707 1625 1742 ἇνεξαλειπτον
1644 1729 1651 1737 .
1679 1705 1902 1746 Ἀσφαλιζέσθω-

1081 1764 1127 1781 σαν
1152 1752 1181 1780 δέ
1205 1753 1243 1789 μὴ
1271 1753 1308 1784 ὡς
1332 1751 1357 1787 ἐξ
1374 1752 1523 1790 ἀνθρώπων
1535 1752 1580 1780 καὶ
1595 1754 1648 1789 γῇς
1662 1752 1702 1783 εἷς
1717 1752 1832 1789 ούρανὸν
1861 1751 1906 1779 καὶ

1081 1796 1205 1836 ἀγγέλων
1231 1796 1304 1832 ἀξίαν
1324 1794 1468 1833 ἀνέϐησαν,
1491 1797 1581 1828 οὕτως
1596 1797 1649 1824 ἀπὸ
1664 1796 1785 1834 ἀγγέλων
1799 1797 1846 1824 καὶ
1862 1797 1906 1824 οὖ-

1083 1845 1164 1881 ρανοῦ
1194 1842 1232 1873 εἷς
1256 1842 1306 1876 τήν
1326 1845 1378 1879 γῆν
1400 1841 1431 1870 τὸ
1459 1841 1584 1880 μέγιστον
1608 1841 1780 1870 καταπέσωσι
1794 1844 1906 1878 πτῶμα.

1082 1885 1160 1916 Εἶδον
1177 1887 1239 1924 γὰρ,
1256 1886 1333 1925 φησί,
1347 1886 1393 1913 τὸν
1408 1885 1434 1913 ἐν
1452 1886 1577 1924 οὐρανοῖς
1600 1896 1666 1914 ποτε
1681 1885 1908 1923 διαστράπτοντα,

1084 1932 1121 1962 ὡς
1136 1931 1273 1967 ἀστραπὴν
1298 1930 1414 1958 πεσόντα
1428 1929 1458 1958 ἐκ
1471 1932 1518 1957 τοῦ
1534 1931 1660 1967 οὐρανοῦ.
1690 1931 1777 1968 Ὀπερ
1793 1930 1907 1957 ἀκούον-

1083 1986 1131 2006 τας
1148 1974 1339 2013 ἁσφαλίζεσθαι
1359 1974 1457 2006 αὐτοὺς
1478 1974 1615 2007 παντοίως
1642 1975 1787 2012 προσήκει.
1809 1973 1909 2003 Τοιού-

1085 2023 1138 2048 τῶν
1157 2020 1204 2057 μὶν
1221 2020 1267 2047 οὖν
1282 2019 1352 2054 ἄξιοι
1377 2029 1464 2057 γερων
1480 2019 1674 2057 εὑρεθήσονται
1686 2018 1712 2046 ἐν
1725 2021 1761 2056 τῇ
1786 2019 1910 2057 βασιλείᾳ

1087 2065 1113 2092 οἱ
1124 2065 1192 2092 κατὰ
1204 2066 1268 2091 νοῦν
1285 2066 1354 2096 θεῖοι
1377 2063 1516 2101 εὐνοῦχοι.
1533 2064 1590 2093 Οὐκ
1603 2063 1798 2099 ἁποτεύξονται
1813 2062 1844 2091 δὲ
1857 2065 1910 2090 τῶν

1088 2109 1190 2146 ὁμοίων
1216 2107 1277 2136 οὔτε
1305 2109 1332 2135 οἳ
1357 2110 1505 2145 τυραννικῇ
1534 2108 1608 2146 χειρὶ
1629 2108 1654 2136 έν
1683 2106 1800 2145 παιδικῇ
1815 2107 1912 2143 ἡλικίᾳ

1090 2153 1185 2190 βιαίως
1209 2152 1436 2189 εὐνουχισθέντες.
1466 2152 1545 2181 Ἀλλ’
1560 2163 1584 2180 ει
1599 2153 1678 2189 έντῷ
1706 2153 1763 2189 (38)
1792 2153 1912 2188 ἀκουσίῳ

1088 2201 1138 2232 τῆς
1151 2197 1220 2225 κατὰ
1235 2199 1314 2233 σῶμα
1327 2195 1468 2234 συμϐάσης
1480 2197 1572 2228 αὐτοῖς
1586 2197 1729 2235 εὐνουχίας
1757 2197 1803 2224 τὸν
1835 2196 1912 2224 ἐκού-

201 2249 290 2277 quam
302 2242 332 2270 in
341 2243 438 2271 animo
451 2243 614 2279 infecundi,
624 2244 720 2272 locum
736 2245 888 2273 habebunt
900 2245 929 2273 in
941 2246 1029 2274 domo

1083 2252 1139 2270 σιον
1176 2242 1244 2270 κατὰ
1278 2243 1339 2269 νοῦν
1377 2241 1558 2280 εὐνουχισμὸν
1600 2241 1712 2273 ἑαυτοὺς
1742 2241 1911 2279 εὐνουχίσω-

201 2286 319 2315 Domini
348 2287 499 2316 meliorem
524 2288 593 2317 ﬁliis
619 2292 648 2317 ct
671 2290 806 2324 ﬁliabus;
832 2299 885 2319 nec
905 2292 968 2327 jam
994 2294 1027 2319 ut

200 2331 314 2368 lignum
330 2332 446 2361 aridum
461 2332 497 2361 ob
513 2333 611 2362 carnis
622 2333 1027 2364 infecunditatcmhabebun-

202 2379 268 2410 tur;
281 2377 331 2405 sed
340 2379 373 2406 ut
385 2377 510 2406 virentes
521 2377 766 2414 plantm,justitire
777 2379 913 2416 plurimis
926 2381 1027 2408 fructi-

203 2421 258 2450 bus
274 2423 404 2458 undique
419 2423 523 2451 ornati.
540 2424 666 2452 Plantali
680 2425 764 2458 cnim,
781 2424 886 2460 inquit,
901 2426 932 2452 in
947 2426 1028 2454 domo

202 2467 314 2495 Domini
326 2467 504 2502 uidebuntur,
521 2469 551 2496 in
566 2469 647 2497 atriis
662 2469 760 2498 domus
776 2471 832 2498 Dcz'
846 2471 935 2498 nostri
947 2471 1028 2506 ﬂore-

204 2511 271 2539 bunt
290 2511 322 2540 ⁸⁷.
347 2511 410 2540 Non
437 2511 539 2548 igitur,
570 2513 665 2541 dicam
691 2513 808 2549 iterum,
831 2513 1028 2550 virginitatem

203 2556 298 2586 instar
320 2556 394 2594 legis
418 2557 607 2594 praescripsit,
629 2558 678 2586 sed
705 2558 796 2587 libero
820 2567 885 2587 eam
908 2559 1044 2589 arbitrio,

239 2608 263 2626 ³⁸
278 2607 347 2635 Luc.
363 2615 392 2642 x,
409 2606 452 2639 18.
491 2607 513 2624 ³⁷
528 2606 606 2634 Psal.
622 2615 679 2642 xei,
697 2607 739 2634 12.

239 2657 296 2694 (36)
311 2657 360 2694 Τιμ
373 2654 479 2694 τρόπῳ.
496 2656 663 2694 beggndllm
677 2656 794 2694 videtur
806 2655 979 2694 stviﬁpdmp.

243 2692 298 2728 (37)
312 2692 470 2722 Οἶκοῦντας.
487 2692 534 2720 Sic
558 2692 668 2728 Regius
681 2693 762 2727 2879,
778 2695 807 2721 et
821 2692 959 2722 Colb‘erts
974 2693 1030 2721 Alii

207 2727 273 2757 eum
282 2729 409 2764 editione
415 2728 534 2762 Veneta,
544 2727 693 2759 οἷκοῦντις.
704 2728 886 2764 Parisiensis,
898 2728 1028 2758 οἰκοῦσιν.

242 2764 299 2800 (38)
315 2763 346 2791 Εἰ
359 2763 386 2791 ἐν
398 2765 448 2799 τῷ.
466 2765 562 2793 Prima
575 2764 688 2799 vocula,
713 2773 776 2801 quae
792 2763 917 2793 deest'in
932 2766 1030 2800 editis,

207 2800 366 2836 desumpta
380 2802 424 2828 est
438 2808 473 2829 ex
486 2809 545 2829 uno
570 2801 670 2830 codice
684 2800 782 2838 Regio,
807 2801 854 2830 cui
878 2801 954 2831 favet
968 2801 1030 2830 haec

1081 2297 1122 2314 σιν
1149 2287 1217 2323 (39),
1246 2287 1282 2317 ὡς
1308 2283 1479 2321 σαϐϐατίζειν
1520 2286 1566 2323 μὶν
1593 2286 1662 2323 πρὸς
1686 2288 1772 2313 πᾶσαν
1802 2285 1910 2322 κακίαν,

1083 2335 1237 2373 ἐκλέγεσθαι
1268 2333 1296 2362 δὲ
1325 2334 1342 2362 ἃ
1366 2334 1438 2367 θέλει
1452 2335 1466 2363 ὁ
1480 2335 1590 2373 Κύριος,
1612 2335 1658 2363 καὶ
1685 2335 1846 2373 ἀντέχεσθαι
1861 2336 1910 2369 τῆς

1083 2379 1216 2416 διαθήκης
1233 2382 1287 2408 τῶν
1302 2379 1418 2407 ἐντολῶν
1440 2380 1534 2416 αὐτοῦ,
1564 2380 1612 2408 ούκ
1627 2381 1682 2417 (40)
1703 2379 1797 2418 ἄγονοι
1813 2381 1911 2418 ἀρετῆς

1082 2425 1150 2452 κατᾶ
1174 2425 1267 2462 ψυχὴν
1294 2424 1459 2462 εὑρεθέν-τες,
1485 2425 1569 2452 τόπον
1594 2422 1697 2460 ἕξουσιν
1719 2423 1746 2452 ἐν
1776 2427 1817 2461 τῷ
1844 2423 1910 2460 οἷ’κῳ

1082 2471 1130 2498 τοῦ
1159 2469 1259 2507 Κυρίου
1287 2468 1428 2507 κρείττονα
1457 2469 1523 2496 υἱῶν
1551 2469 1597 2496 καὶ
1626 2469 1794 2507 θυγατέρων·
1821 2468 1909 2497 οὐκέτι

1086 2515 1132 2551 μὲν
1157 2514 1195 2546 ὡς
1216 2513 1295 2549 ξύλον
1324 2514 1418 2551 ζηρὸν,
1449 2512 1494 2542 δια
1516 2514 1566 2548 τὴν
1579 2514 1648 2542 κατά
1658 2514 1745 2551 σάρκα
1774 2512 1910 2548 ἀπαιδίαν,

1084 2559 1241 2596 ὁρώμενοι,
1270 2558 1309 2590 ὡς
1338 2557 1367 2586 δέ
1395 2557 1497 2595 εὐθαλῆ
1533 2559 1602 2598 φυτὰ
1630 2558 1749 2590 πολλοῖς
1775 2561 1837 2590 τοῖς
1863 2561 1911 2592 τῆς

1085 2658 1382 2696 aliorumiseriptura,
1399 2658 1444 2686 ἐὰν
1458 2660 1508 2694 τῷ.

1121 2696 1177 2740 (39)
1205 2693 1420 2732 Εὖνοιῖχίσωσιν.
1447 2693 1582 2732 Quinque
1609 2704 1679 2725 mss.
1710 2696 1838 2731 codices,
1863 2693 1911 2722 εὖ·

1083 2740 1150 2759 νουγ
1157 2740 1266 2759 ισουσιν.

1119 2765 1176 2802 (ἆῦ)
1190 2767 1258 2795 Οὐκ.
1283 2767 1378 2796 Editio
1397 2767 1572 2796 Parisiensis
1595 2767 1760 2803 praemittit,
1775 2765 1832 2803 καί,
1855 2765 1908 2795 sed

1083 2803 1144 2833 haec
1159 2803 1327 2840 conjunctio
1342 2803 1426 2832 deest
1439 2803 1470 2832 in
1485 2805 1596 2833 Veneta
1608 2806 1638 2833 et
1653 2812 1726 2833 mss.
