2010 3145
112 141 170 171 193

725 142 841 174 IIBER
860 143 911 173 DE
933 142 1203 175 VIRGINITATE.

1763 142 1822 171 794

114 204 288 241 δικαιοσύνης
302 207 416 243 καρποῖς
441 206 612 244 πανταχόθεν
634 206 831 244 κοσμούμενοι.
847 210 933 247 Hypo-

996 208 1175 243 relinquens,
1187 215 1245 243 quo
1255 207 1336 243 digni
1349 207 1410 235 sint
1425 206 1542 243 praemio
1554 206 1604 242 qui
1619 208 1756 235 naturam
1771 215 1821 235 su-

113 250 238 287 τευμένοι
268 251 332 288 γὰρ,
351 250 444 289 φησὶν,
474 250 499 278 ἐν
523 253 563 287 τῷ
591 250 658 288 ο¹ίκῳ
687 251 789 289 Κυρίου
818 251 938 291 ὄφθήσον

994 252 1169 288 peraverint,
1177 251 1305 288 mystica
1315 251 1500 279 castrationis
1512 250 1643 287 exemplo
1651 250 1820 279 declaravit.

112 305 167 328 ται,
183 294 210 321 ὲν
226 298 287 326 ταῖς
302 294 399 326 αὐλαῖς
418 297 466 322 τοῖ’)
493 297 560 323 Θεοῦ
582 297 663 332 ἡμῶν
689 295 889 332 ἐξανθήσουσιν.
904 297 1021 326 Οὐκοῦν.
1038 296 1120 324 πάλιν
1151 296 1215 333 ἐρῶ,
1232 295 1281 323 οὐκ
1306 295 1487 332 ἐνομοθέτησε
1514 295 1669 333 παρθενίαν,
1686 294 1759 323 ἀλλὰ
1786 297 1821 332 τῇ

115 340 221 376 ἐξουσίᾳ
236 341 325 379 ἀφεὶς,
337 341 410 373 τίνος
425 340 494 377 ἄξιοί
509 342 574 369 εἰσιν
592 343 617 369 οἱ
633 342 887 378 ὑπερακοντίσαντες
902 343 952 377 τὴν
968 342 1058 381 φύσιν,
1072 344 1111 378 τῷ
1126 341 1220 379 τρόπῳ
1234 344 1284 376 τῆς
1300 344 1432 377 μυστικῆς
1448 340 1589 378 εὐνουχίας
1606 339 1750 376 ὑπέδειξεν.

148 387 193 414 61.
210 386 245 414 Οἱ
275 385 303 414 δὲ
330 388 368 423 μὴ
397 387 540 422 νοήσαντες
568 387 610 421 τὸ,
638 387 688 415 Καὶ
717 387 782 414 εἰσιν
810 387 936 425 εὐνοῦχοι

116 428 212 462 θ’ίτινες
255 430 366 461 ἑαυτοὺς
417 431 575 470 εὐνούχισαν
618 430 664 459 διὰ
704 433 754 466 τήν
798 431 935 469 βασιλείαν

113 477 166 502 τῶν
198 474 331 512 οὐρανῶν,
352 475 464 506 ἑαυτοὺς
489 473 596 507 ἀτόπως
622 475 843 513 ἠκρωτηρίασαν,
870 476 943 512 αὖτῷ

113 521 152 555 τῷ
165 518 237 557 ἔργῳ
253 519 401 547 ἀκολασίαν
426 520 526 548 ἑαυτῶν
557 521 688 558 μακρόθεν
714 523 942 559 κατηγοροῦντες.

114 564 147 593 Οἱ
161 564 213 602 γὰρ
228 564 260 591 τὸ
276 563 362 592 ὅπλον
375 567 425 593 τοῦ
442 567 570 601 σαρκικοῦ
599 565 699 603 ἔρωτος
724 565 771 593 *ἶνα
792 567 829 602 μή
855 566 941 603 παρὸν

113 608 208 647 hem
232 609 440 647 ἀπορῥίψαντες,
469 609 552 645 δῆλοί
577 610 655 647 εἰσιν,
679 609 719 638 ὅτι
753 611 859 648 ὁρμῶσι
894 611 940 647 μὲν

113 654 182 690 πρὸς
196 654 247 689 τήν
266 652 349 691 μίξιν,
366 653 565 693 ἂφοπλίσαντες
591 654 620 682 δὲ
644 655 765 690 ἑαυτοὺς,
783 655 815 683 οὐ
838 657 878 691 τῷ
902 656 940 692 μὴ

115 698 274 736 βούλεσθαι,
298 698 371 727 ἀλλὰ
394 702 433 735 τῷ
461 701 498 736 μή
521 699 648 727 δύνασθαι
665 698 699 734 δὴ
722 699 942 738 παρθενεύουσιν.

112 743 141 770 ’0
166 742 197 770 δὲ
220 742 292 774 θεῖος
312 744 398 780 νόμος
419 744 449 771 ού
473 745 523 779 τήν
544 745 653 782 πρᾶξιν,
669 743 742 773 ἀλλὰ
763 745 812 780 τήν
840 744 940 772 ἔννοιαν

112 787 209 825 κρίνει·
225 787 267 815 ὅτι
292 790 356 822 πᾶς,
383 787 437 826 οὐχ
465 789 479 815 ὁ
509 789 659 826 μοιχεύσας
683 791 723 824 τῷ
753 787 833 826 ἔργῳ,
850 789 941 817 ἀλλ’ὁ

115 831 182 860 ἰδὼν
206 832 277 870 πρὸς
305 835 337 860 τό
366 831 545 870 ἦπιθυμῆσαι,
572 832 627 869 ἤδη
659 833 829 871 ἐμοίχευσεν.
857 834 889 863 ἹΙ
914 832 943 861 δὲ

115 877 244 911 ἀποκοπή
273 879 328 904 τῶν
356 877 459 915 μορίων
489 877 603 905 πλείονα
631 880 682 911 τῆς
706 878 732 905 ἰν
751 880 791 915 τῷ
807 878 942 918 ὀρθαλμῷ

114 921 261 958 ἰπιθυμίας
285 922 335 956 τήν
364 922 489 959 μοιχείαν
509 925 557 949 τοῦ
581 923 803 959 ἀποτεμνομένου
824 933 941 961 κατηγο-

115 969 166 1003 ρεῖ.
190 967 253 995 ’Ὁτι
280 966 400 994 ἀπιστῶν
426 967 523 1003 ἑαυτῷ,
549 967 571 995 εἰ
593 971 644 1002 τῆς
672 967 816 999 ἀκολασίας
841 969 941 1005 κρατή·
957 977 981 1010 Β

115 1021 163 1045 σει,
195 1010 313 1047 ἀπέτεμε
339 1013 420 1039 τοῦτο
451 1011 473 1047 ᾧ
502 1012 550 1046 τήν
584 1015 635 1046 τῆς
672 1012 816 1048 ἐπιθυμίας
845 1014 940 1050 πρᾶξιν

114 1055 264 1093 ἐργάσεται.
282 1054 398 1084 Μᾶλλον
416 1054 445 1083 δὲ
467 1055 657 1093 πεπεισμένος,
674 1056 715 1084 ὅτι
736 1057 870 1094 παρόντος
885 1058 940 1094 (41)

114 1100 239 1138 ἀκρατῶς
253 1099 404 1138 ἐνεργήσει,
420 1100 563 1139 ἀφώπλισε
580 1101 627 1137 μὶν
650 1101 684 1138 τῇ
704 1101 778 1138 τομῇ
801 1105 852 1136 τῆς
876 1102 939 1129 ἀκο-

114 1143 209 1176 λασίας
233 1145 265 1172 τὸ
292 1142 417 1183 ὄργανον,
438 1144 484 1172 ’ίνα
511 1145 549 1182 μὴ
581 1144 647 1178 δοκῇ
671 1146 872 1174 ἀκολασταίνειν
896 1145 941 1173 διὰ

113 1191 159 1216 τοῦ
189 1189 330 1225 σώματος,
355 1189 546 1218 ἀκολασταίνει
577 1189 606 1218 δὲ
634 1190 711 1227 ὅμως
739 1192 773 1227 τῇ
799 1190 938 1227 ἐπιθυμίᾳ,

113 1234 156 1261 καὶ
172 1234 299 1272 ἀκρατῶς
315 1236 401 1261 πᾶσαν
427 1234 562 1272 μοιχεύει.
580 1237 634 1270 Boi
656 1235 706 1273 γὰρ
731 1235 777 1263 καὶ
802 1235 869 1262 κατά
888 1239 940 1270 τῆς

112 1277 242 1315 ἀκρασίας
267 1278 351 1305 αὐτοῦ
393 1278 533 1316 πόρρωθεν
558 1279 589 1307 τὸ
616 1278 780 1317 ἐγχείρημα.
801 1280 848 1307 Διὸ
874 1279 941 1316 μετὰ

113 1322 161 1356 τὴν
177 1323 270 1358 τομήν
287 1321 519 1361 ἀκολαστοτέρους
534 1322 564 1350 ἄν
580 1334 623 1355 τις
646 1323 720 1350 εἴποι
735 1324 853 1361 γίνεσθαι
876 1324 940 1352 τού.

112 1376 185 1397 τους.
201 1367 242 1395 Οὐ
258 1365 403 1404 δυνάμενοι
427 1368 478 1406 γὰρ
500 1370 607 1405 κρατεῖν
632 1369 817 1402 ἓαυτῶννεῖτα
843 1366 939 1406 φοϐού-

115 1421 191 1446 μενοι
218 1411 379 1450 φωραθῆναι
408 1411 452 1439 ἐπὶ
480 1414 520 1448 τῷ
548 1411 632 1450 ἔργῳ,
643 1411 687 1440 τίνοι
783 1413 876 1445 αὐτοῖς
903 1414 939 1445 ὡς

115 1454 262 1492 βούλονται
286 1457 320 1493 τῇ
344 1455 476 1493 ἐπιθυμίᾳ
499 1461 661 1495 κεχρῆσθαι,
677 1456 771 1485 δοῦλοι
797 1456 870 1489 ὅντες
890 1461 940 1493 τῆς

114 1498 229 1535 ἡδονῆς,
256 1500 288 1528 ού
314 1500 438 1532 θέλοντες
473 1500 502 1528 δὲ
522 1500 640 1538 κώλυμα
667 1505 717 1537 τῆς
741 1501 780 1533 εἰς
805 1502 866 1537 ἑξῆς
894 1503 939 1530 καὶ

114 1544 154 1571 ἀεὶ
170 1543 352 1577 ἀπολαύσεως
368 1545 460 1577 αὐτοῖς
474 1546 504 1573 τὸ
530 1545 702 1583 ἀποτέλεσμα
724 1549 773 1574 τοῦ
797 1546 875 1585 ἕργνυ
897 1558 940 1584 γε-

114 1589 217 1624 νέσθαι,
233 1589 423 1627 ἀποκόψαντες
436 1590 482 1618 τὸν
500 1589 615 1628 ἔλεγχον
632 1594 680 1626 τῆς
705 1590 849 1629 ἐνεργείας,
866 1590 940 1619 ἐλευ-

114 1634 284 1671 θεριάζουσιν
306 1635 429 1670 ἀκρατῶς
444 1635 512 1673 πρὸς
534 1635 582 1666 τὰς
607 1635 705 1671 μίξεις.
722 1638 753 1662 Et
778 1634 806 1662 δὲ
830 1636 844 1662 ὁ
864 1635 939 1674 ξίφος

114 1677 267 1716 ἐπενεγκὼν
302 1681 529 1718 τεθωρακισμένῳ
565 1679 629 1716 τινὶ,
656 1679 704 1707 κᾶν
729 1680 743 1707 ὁ
767 1680 855 1717 θώραξ
883 1691 938 1708 κω-

115 1722 183 1760 λύσῃ
197 1724 248 1759 τήν
266 1734 294 1751 τε
311 1723 424 1761 πληγὴν
440 1724 485 1752 καὶ
508 1724 554 1752 τὸν
577 1724 656 1763 φόνον
676 1724 808 1762 γενέσθαι²
825 1725 862 1757 ὠς
885 1736 938 1764 φο-

114 1768 173 1799 νεὺς
201 1768 279 1805 ὅμως
308 1769 357 1803 τήν
387 1767 465 1804 δίκην
490 1769 650 1808 ὑφίσταται·
675 1769 721 1796 καῖ
749 1769 763 1796 ὁ
788 1772 885 1807 γυμνῷ
910 1768 939 1797 δὲ

114 1812 267 1850 ἐπενεγκεῖν
296 1811 383 1844 θέλων
405 1813 437 1841 τὸ
456 1813 543 1852 ξίφος,
568 1813 625 1841 εἶτα
653 1812 697 1841 διὰ
729 1814 883 1852 περίστασιν
907 1815 938 1842 τὸ

115 1857 189 1896 ξίφος
213 1861 264 1892 τῆς
290 1857 385 1895 χειρὸς
411 1855 547 1893 ἐκϐαλὼν,
572 1858 609 1889 ὡς
628 1858 724 1897 φονεὺς
747 1858 815 1886 κατὰ
837 1858 868 1886 τὸ
900 1858 939 1886 ’δί-

113 1902 190 1929 καίον
213 1901 346 1939 κρίνεται,
363 1901 403 1930 ὅτι
425 1903 457 1930 οὐ
481 1902 513 1930 τὸ
537 1901 614 1940 ἔργον
640 1902 713 1931 ἀλλὰ
735 1903 785 1937 τὴν
807 1903 938 1941 βούλησιν

113 1947 198 1984 κρίνει
214 1947 229 1974 ὁ
243 1946 339 1983 νόμος·
356 1948 400 1974 καὶ
426 1948 440 1974 ὁ
460 1947 634 1983 ὡπλισμένος
654 1946 706 1985 ἄρα
730 1950 769 1984 τῷ
783 1947 938 1985 παιδογόνῳ

117 1991 215 2029 μορίῳ,
233 1990 281 2018 κᾶν
300 1991 338 2027 μὴ
355 1990 457 2029 δυνηθῇ
474 1993 529 2028 (42)
549 1991 712 2030 ἐγχειρήσας
735 1993 785 2028 τήν
800 1994 834 2029 τῇ
850 1992 938 2020 πίστει

114 2035 353 2073 τεθωρακισμένην
383 2036 420 2067 ὡς
448 2035 576 2073 βούλεται
606 2039 726 2075 φθεῖραι,
755 2037 792 2068 ὡς
829 2036 938 2076 φθείρας

116 2078 256 2111 κολάσεως
285 2078 379 2116 ἄξιος·
403 2079 494 2116 ὥσπερ
524 2079 569 2107 οὖν
599 2081 643 2108 καὶ
679 2081 693 2108 ὁ
725 2081 829 2118 γυμνὴν
854 2081 940 2119 εὑρὼν

116 2124 183 2162 πρὸς
196 2124 309 2163 φθορὰν,
326 2125 382 2152 εἶτα
396 2124 521 2162 ὁρμήσας
548 2125 596 2161 μὲν
612 2125 681 2162 πρὸς
694 2125 726 2153 τὸ
751 2123 842 2163 ἔργον,
858 2123 940 2153 ἑκϐα-

118 2168 172 2196 λὼν
187 2168 217 2196 δὲ
231 2170 266 2206 τῇ
280 2171 354 2206 τομῇ
369 2169 401 2197 τὸ
421 2168 520 2204 ὅπλον,
535 2170 580 2197 καὶ
599 2171 637 2206 μὴ
652 2170 802 2207 γενομένης
817 2171 876 2208 (43)
890 2172 939 2203 τῆς

118 2214 229 2251 φθορᾶς,
246 2213 284 2245 ὡς
306 2214 355 2248 τὴν
379 2213 480 2253 φθορὰν
498 2212 681 2253 ἐργασάμενος
701 2214 770 2243 κατὰ
790 2215 821 2242 τὸ
837 2214 939 2243 δίκαιον

118 2257 245 2295 κρίνεται.
264 2258 308 2286 ’Ev
325 2258 348 2294 ᾦ
363 2257 461 2286 λοιπὸν
476 2258 585 2294 κάκείνη
602 2259 692 2296 τούτῳ
713 2259 757 2287 ἐπὶ
781 2261 815 2297 τῇ
838 2259 942 2288 ἀκολα-

118 2301 160 2338 σίᾳ
183 2302 234 2331 οὐκ
258 2302 368 2341 ἀλόγως
391 2304 670 2341 συγκατηγορουμὲνη
692 2304 854 2342 εὑρίσκεται.
881 2306 941 2336 Πῶς

1027 388 1072 415 61.
1089 387 1142 419 Qui
1158 389 1257 415 autem
1281 396 1340 414 non
1365 386 1572 415 intellexerunt
1588 386 1659 413 illud
1678 394 1685 414 :
1702 388 1739 414 Et
1757 393 1822 419 sunt

995 431 1115 459 eunuchi
1129 433 1178 468 qui
1192 433 1293 467 seipsos
1308 433 1497 459 castravtrunt
1510 434 1624 466 propter
1638 439 1758 467 regnum
1771 439 1825 458 ca:-

996 477 1087 504 lorum
1094 477 1126 512 3“,
1137 476 1450 512 semetipsosebsurde
1461 475 1687 508 mutilaverunt,
1696 475 1750 503 hoc
1761 475 1825 511 ipso

997 521 1124 549 facinore
1149 520 1296 548 lasciviam
1312 529 1396 548 suam
1413 520 1529 548 eminus
1554 520 1734 547 incusantes.
1751 519 1825 547 Nam

997 565 1048 601 qui
1071 565 1299 593 instrumentum
1316 565 1426 592 amoris
1442 563 1569 592 carnalis
1596 564 1764 600 projiciunt,
1778 572 1824 597 ne,

997 609 1021 637 si
1042 610 1129 644 adsit,
1145 612 1292 646 operetur,
1309 618 1358 637 eos
1383 609 1572 638 manifestum
1596 612 1641 637 est
1665 609 1825 645 cupiditate

997 655 1115 690 quidem
1132 655 1167 682 ad
1190 655 1379 682 concubitum
1395 654 1475 688 ferri,
1491 653 1628 681 detractis
1654 657 1752 681 autem
1768 653 1825 681 sibi

997 700 1099 733 armis,
1122 707 1180 726 non
1205 699 1282 734 quod
1309 699 1415 732 nolint,
1437 698 1488 726 sed
1514 698 1591 734 quod
1616 706 1675 726 non
1699 698 1825 734 possint,

996 743 1195 780 virginitatem
1207 743 1311 772 colere.
1324 743 1423 771 Divina
1433 745 1530 770 autem
1543 742 1587 770 lex
1599 751 1656 770 non
1668 742 1825 776 actionem,

997 789 1048 816 sed
1065 788 1270 824 cogitationem
1283 788 1413 824 judicat;
1430 787 1500 823 quia
1515 787 1651 823 quisquis
1672 795 1729 814 non
1748 787 1824 814 facto

997 833 1156 861 mcechatus
1176 835 1230 867 est,
1248 834 1298 861 scd
1313 833 1385 860 vidit
1407 833 1443 860 ad
1466 832 1746 868 concupiscendum,
1759 831 1823 867 jam

997 877 1160 906 moechatus
1189 877 1274 905 est”.
1291 877 1489 905 Membrorum
1520 879 1618 904 autem
1648 875 1822 912 genitalium

997 923 1133 955 exsectio,
1145 922 1287 958 gravioris
1300 921 1449 953 adulterii,
1459 929 1547 957 quam
1564 921 1640 956 quod
1659 929 1709 957 per
1724 921 1820 948 oculo-

997 975 1063 995 rum
1079 966 1349 1003 concupiscentiam
1365 966 1541 1001 admittitur,
1549 968 1698 993 exsectum
1714 965 1822 1001 arguit.

995 1011 1068 1039 Nam
1084 1011 1199 1047 sibiipsi
1209 1011 1358 1046 difﬁdens,
1373 1019 1409 1038 an
1425 1010 1519 1046 possit
1534 1009 1683 1038 lasciviam
1695 1010 1822 1043 vincere,

995 1056 1023 1083 id
1035 1056 1235 1092 abscidit,quo
1247 1055 1436 1091 cupiditatem
1449 1055 1485 1082 ad
1497 1056 1595 1082 actum
1608 1056 1686 1082 esset
1697 1054 1823 1090 perduc-

994 1102 1091 1128 turus.
1107 1100 1156 1128 Vel
1185 1101 1282 1136 potius
1307 1109 1374 1128 cum
1400 1108 1574 1135 persuasum
1601 1099 1722 1127 haberet
1738 1107 1769 1127 se
1789 1107 1822 1126 eo

993 1148 1136 1181 praesente
1151 1144 1298 1181 impudice
1314 1144 1425 1180 aliquid
1436 1145 1594 1176 facturum,
1606 1144 1729 1172 sustulit
1739 1151 1821 1171 exse-

994 1189 1089 1218 ctione
1100 1190 1331 1218 instrumentum
1347 1188 1481 1222 lasciviae,
1493 1196 1528 1216 ne
1537 1188 1685 1215 videretur
1694 1195 1746 1224 per
1756 1196 1819 1216 cor-

993 1243 1050 1270 pus
1069 1235 1212 1269 lascivire,
1224 1234 1273 1262 sed
1298 1237 1397 1261 tamen
1421 1233 1587 1261 luxuriatur
1601 1232 1763 1267 cupiditate
1785 1240 1818 1260 ac

993 1279 1170 1315 impotenter
1194 1287 1260 1306 cum
1281 1277 1412 1314 qualibet
1436 1277 1607 1306 mcechatur.
1623 1277 1696 1304 Nam
1719 1277 1817 1312 ipsum

995 1324 1109 1352 facinus
1123 1323 1240 1352 eminus
1255 1323 1362 1351 clamat
1387 1322 1527 1350 adversus
1542 1322 1605 1357 ejus
1618 1321 1817 1356 intemperan-

993 1367 1075 1396 tiam.
1102 1369 1196 1401 Quare
1220 1370 1286 1404 post
1309 1367 1533 1400 abscissionem,
1558 1365 1818 1393 incontinentiores

993 1413 1060 1441 illos
1077 1413 1180 1441 merito
1192 1412 1258 1448 quis
1269 1411 1466 1439 dixerit.Nam
1476 1418 1542 1438 cum
1555 1418 1586 1437 se
1597 1409 1747 1437 continere
1760 1417 1816 1436 non

994 1457 1119 1493 possint,
1130 1465 1163 1484 ac
1174 1458 1312 1493 praterea
1323 1457 1461 1483 metunnt'
1470 1463 1505 1482 ne
1520 1453 1777 1490 deprehendantur
1788 1452 1817 1479 in

993 1501 1116 1537 ﬂagitio,
1126 1503 1158 1529 ut
1172 1500 1319 1529 licentiam
1335 1499 1462 1527 habeant
1475 1498 1597 1526 libidine
1608 1498 1644 1525 ad
1661 1498 1816 1526 arbitrium

993 1545 1110 1580 utendi;
1127 1546 1203 1573 servi
1219 1544 1336 1580 quidem
1352 1543 1519 1580 voluptatis,
1535 1543 1586 1571 sed
1607 1542 1738 1570 nolentes
1754 1550 1817 1578 per-

994 1590 1148 1618 fectionem
1164 1589 1261 1626 operis
1285 1588 1530 1624 impedimentum
1545 1587 1602 1615 sibi
1624 1595 1688 1615 esse
1712 1587 1819 1615 futura:

994 1635 1132 1670 deinceps
1145 1643 1179 1662 ac
1201 1636 1346 1670 perpetuis
1362 1632 1673 1669 voluptatis,ahscisso
1696 1632 1820 1660 actionis

996 1678 1309 1716 argumento,licenter
1321 1677 1475 1705 insaniunt
1490 1677 1526 1704 ad
1542 1677 1725 1704 concubitus.
1737 1676 1818 1709 Quod

994 1725 1018 1752 si
1045 1724 1095 1760 qui
1125 1723 1223 1760 gladio
1252 1723 1325 1759 petit
1351 1721 1481 1758 aliquem
1510 1722 1629 1750 thorace
1657 1721 1818 1753 munitum,

993 1769 1108 1797 etiamsi
1124 1768 1228 1796 thorax
1246 1766 1386 1803 impediat
1409 1767 1499 1794 ictum
1516 1774 1549 1794 ac
1564 1766 1682 1800 caedem,
1698 1764 1818 1794 homici-

992 1814 1035 1842 dze
1051 1815 1149 1841 tamen
1173 1813 1284 1840 crimen
1300 1811 1427 1840 sustinet
1443 1820 1449 1839 :
1465 1813 1494 1838 et
1509 1811 1557 1846 qui
1583 1810 1662 1838 nudo
1687 1809 1818 1845 gladium

991 1858 1053 1886 vult
1069 1858 1198 1893 inﬁgere,
1210 1856 1316 1884 deinde
1331 1863 1400 1884 casu
1415 1855 1545 1891 gladium
1562 1862 1577 1881 ο
1593 1862 1683 1882 manu
1699 1853 1819 1887 excutit,

992 1905 1025 1931 ut
1041 1902 1188 1930 homicida
1210 1900 1313 1929 merito
1334 1899 1498 1935 judicatur,
1508 1899 1577 1934 quia
1594 1907 1652 1926 non
1668 1906 1753 1934 opus,
1769 1897 1819 1925 sed

991 1947 1172 1975 voluntatem
1188 1945 1234 1973 lex
1243 1945 1377 1980 judicat:
1393 1944 1436 1972 sic
1450 1943 1538 1972 etiam
1557 1943 1697 1979 profecto,
1709 1942 1760 1978 qui
1775 1950 1821 1970 ar-

992 1993 1090 2019 matus
1105 1989 1225 2026 genitali
1239 1989 1382 2023 membro,
1391 1988 1504 2016 etiamsi
1518 1988 1641 2016 adortus
1651 1987 1719 2015 ﬁdei
1732 1986 1822 2015 lorica

993 2037 1344 2070 armatam,corrumpere
1359 2033 1440 2060 illam
1457 2033 1493 2060 ad
1508 2032 1662 2060 arbitrium
1679 2040 1736 2060 non
1753 2039 1821 2067 pos-

993 2081 1044 2115 sit,
1056 2083 1088 2108 ut
1102 2081 1255 2116 corruptor
1274 2079 1378 2106 merito
1394 2078 1529 2113 punitur;
1547 2080 1576 2104 et
1590 2076 1640 2112 qui
1657 2076 1768 2103 nudam
1783 2075 1819 2103 ad

995 2128 1129 2162 stuprum
1140 2123 1260 2157 invenit,
1271 2131 1304 2151 ac
1318 2122 1423 2150 deinde
1434 2122 1471 2149 ad
1486 2129 1561 2157 opus
1577 2120 1757 2156 aggreditur,
1768 2119 1819 2147 sed

995 2178 1078 2198 arma
1092 2169 1256 2197 abcissione
1271 2167 1387 2202 abjecit,
1399 2167 1487 2195 etiam
1500 2168 1602 2201 stupro
1618 2173 1676 2192 non
1693 2166 1820 2200 peracto,

995 2214 1091 2250 stupri
1106 2216 1208 2242 auctor
1221 2212 1324 2240 merito
1335 2211 1498 2247 judicatur.
1513 2210 1654 2238 Caeterum
1669 2208 1733 2245 ipsa
1748 2216 1821 2244 quo-

996 2267 1052 2295 que
1063 2260 1114 2286 hac
1128 2258 1159 2286 in
1170 2266 1201 2286 re
1211 2257 1323 2285 crimen
1337 2255 1530 2291 impudicitia:
1542 2263 1610 2282 cum
1621 2253 1672 2282 illo
1682 2253 1821 2282 sustinet.

996 2303 1146 2337 Quomodo
1166 2301 1245 2330 enim
1261 2301 1287 2329 ei
1302 2301 1453 2329 credemus
1469 2300 1543 2328 675
1573 2298 1723 2335 repulsam
1738 2297 1776 2325 ab
1790 2306 1824 2325 ea

117 2348 167 2386 γὰρ
181 2347 365 2384 πιστεύσομεν
382 2348 464 2385 αὐτῇ,
480 2347 522 2375 δτι
538 2349 665 2376 ἀπώσατο
681 2348 710 2376 ἂν
730 2350 781 2384 τήν
803 2353 853 2384 τῆς
878 2350 940 2388 φθο-

996 2348 1088 2376 fuisse
1102 2347 1197 2383 stupri
1213 2346 1439 2382 plagam,quain
1454 2345 1543 2373 infert
1557 2343 1740 2380 impudicus,
1755 2351 1822 2388 cum

117 2395 163 2428 ρᾶς
185 2392 260 2429 παρά
281 2394 330 2420 τοῦ
355 2392 508 2421 ἀκολάστου
533 2392 735 2432 ἐπιφερομένην
762 2393 883 2431 πληγὴν,
902 2395 940 2431 μὴ

117 2436 252 2473 παρόντος
275 2438 325 2464 τοῦ
347 2435 455 2472 ὅπλου;
482 2438 566 2465 Ἔνθα
592 2438 640 2474 μὶν
674 2438 725 2475 γὰρ
749 2438 818 2477 πρὸς
839 2438 885 2466 τὸν
911 2438 942 2467 ὲκ

120 2480 221 2518 φύσεως
249 2480 424 2517 ὡπλισμένον
460 2481 525 2519 ὑπὲρ
556 2485 607 2517 τῆς
640 2483 771 2522 ἁφθορίας
805 2485 941 2522 καρτερῶς

122 2524 310 2562 ἀπομάχεται,
333 2525 446 2564 φανερὰν
483 2526 515 2554 τὸ
555 2526 636 2554 ἆθλον
670 2530 720 2562 τῆς
749 2527 938 2566 σωφροσύνης.

119 2569 200 2601 Ἐνθα
227 2569 257 2597 δὲ
281 2570 339 2606 (44)
367 2569 471 2603 ἄοπλοέ
496 2570 543 2607 μὶν
570 2572 584 2598 ὁ
609 2572 689 2610 ἀνὴρ,
705 2570 853 2611 ἀδιάφορος
867 2571 896 2600 δὲ
920 2573 938 2608 ἡ

154 2619 176 2637 ³⁸
190 2619 295 2648 Matth.
311 2627 371 2654 xu,
387 2620 430 2648 12.
467 2620 490 2638 ³⁸
505 2620 610 2649 Matth.
625 2630 654 2657 ν,
669 2622 715 2650 28.

153 2669 209 2710 (μ)
230 2667 378 2710 deponam
401 2669 468 2710 haec
492 2671 619 2710 quatuor
641 2671 774 2700 codicum
798 2671 946 2708 scriptura

125 2705 216 2742 potior
229 2705 346 2742 videtur
359 2705 488 2742 vulgata,
502 2705 621 2737 πάντως.

144 2740 211 2784 ~(42)
227 2740 349 2776 Δυνηθῇ.
372 2740 425 2770 8ἱᾱ
446 2742 578 2778 plerique
602 2742 728 2772 codices.
754 2743 842 2778 Editi,
866 2740 945 2776 δυνη-

127 2779 214 2849 θηῖιῗέί
228 2811 275 2846 Μὴ
291 2810 450 2848 γενομίνης.
464 2813 511 2841 Βία
531 2813 632 2850 plures
647 2822 720 2844 mss.
736 2813 842 2843 melius
856 2820 946 2850 quam

996 2401 1079 2421 arma
1092 2399 1150 2419 non
1165 2391 1283 2419 adsint?
1298 2390 1352 2418 Ubi
1376 2389 1455 2417 enim
1481 2389 1622 2416 adversus
1645 2395 1724 2421 eum,
1741 2386 1791 2423 qui
1808 2394 1825 2414 ιι

997 2440 1103 2466 natura
1117 2438 1249 2465 armatus
1259 2438 1315 2469 est,
1326 2434 1441 2463 fortiter
1455 2442 1507 2470 pro
1524 2433 1692 2469 integritate
1701 2431 1822 2459 dimica-

995 2484 1054 2517 tur,
1066 2481 1255 2510 manifestum
1270 2482 1315 2507 est
1331 2478 1476 2508 castitatis
1489 2481 1646 2506 certamen.
1658 2476 1710 2505 Ubi
1726 2478 1823 2504 antem

1007 2526 1116 2556 nermis
1131 2526 1174 2554 vir
1189 2528 1285 2560 est,ac
1303 2523 1473 2552 indiﬂ'erens
1488 2531 1555 2551 cum
1576 2531 1608 2550 eo
1631 2520 1768 2549 omnibus
1782 2519 1826 2546 vel

996 2572 1094 2609 potius
1109 2579 1143 2600 ex
1158 2578 1257 2599 amore
1273 2569 1431 2605 voluptatis
1452 2570 1598 2604 proﬂuens
1620 2564 1800 2594 consuetudo
1817 2572 1825 2598 ;

1000 2670 1081 2706 editi,
1097 2667 1335 2706 vwopévnc.__Non
1350 2665 1443 2706 multo
1467 2667 1533 2706 post
1555 2663 1636 2695 editi,
1653 2670 1823 2699 κατηγορου-

1024 2680 1081 2705 11ῐ1,
1119 2680 1256 2706 ινομενης.
1273 2680 1335 2695 uuu
1351 2680 1443 2694 Luurw
1469 2680 1533 2701 puni.
1555 2680 1636 2695 cum,
1653 2680 1733 2698 mu.”

1024 2680 1324 2744 evn.._i‘1snes.cod_icee
1339 2705 1371 2744 ιιι
1385 2702 1414 2743 ira
1430 2704 1520 2744 ίειεεξε
1625 2736 1648 2744 ,.

1035 2731 1156 2784 (ωας
1166 2731 1238 2770 εὸιξ
1256 2737 1429 2767 Parisiensis
1452 2736 1551 2769 editio,
1567 2744 1599 2772 γι
1622 2736 1651 2762 et
1674 2731 1822 2772 ἀδιάφορος

1001 2787 1068 2814 προς
1083 2786 1190 2805 τουτον.
