  <div class='ocr_page' id='page_1' title='image "/cluster/home/n/w/nwhite01/storage/ocr_20150623/30/njp.32101013202591/411.png"; bbox 0 0 2010 3145; ppageno 0'>
   <div class='ocr_carea' id='block_1_1' title="bbox 200 151 257 180">
    <p class='ocr_par' dir='ltr' id='par_1_1' title="bbox 200 151 257 180">
     <span class='ocr_line' id='line_1_1' title="bbox 200 151 257 180; baseline 0.035 -2"><span class='ocrx_word' id='word_1_1' title='bbox 200 151 257 180; x_wconf 80' lang='lat'>795</span> 
     </span>
    </p>
   </div>
   <div class='ocr_carea' id='block_1_2' title="bbox 667 141 1881 181">
    <p class='ocr_par' dir='ltr' id='par_1_2' title="bbox 667 141 1881 181">
     <span class='ocr_line' id='line_1_2' title="bbox 667 141 1881 181; baseline -0.002 0"><span class='ocrx_word' id='word_1_2' title='bbox 667 151 866 181; x_wconf 83' lang='lat' dir='ltr'>APPENDIX</span> <span class='ocrx_word' id='word_1_3' title='bbox 888 149 1052 180; x_wconf 80' lang='lat' dir='ltr'>OPERUM</span> <span class='ocrx_word' id='word_1_4' title='bbox 1075 149 1108 179; x_wconf 90' lang='lat' dir='ltr'>S.</span> <span class='ocrx_word' id='word_1_5' title='bbox 1132 148 1273 179; x_wconf 83' lang='lat' dir='ltr'>BASILII</span> <span class='ocrx_word' id='word_1_6' title='bbox 1296 148 1429 179; x_wconf 79' lang='lat' dir='ltr'>MAGNI.</span> <span class='ocrx_word' id='word_1_7' title='bbox 1514 141 1519 143; x_wconf 48' lang='grc'><em>”</em></span> <span class='ocrx_word' id='word_1_8' title='bbox 1832 149 1881 178; x_wconf 80' lang='lat'>796</span> 
     </span>
    </p>
   </div>
   <div class='ocr_carea' id='block_1_3' title="bbox 201 206 1027 253">
    <p class='ocr_par' dir='ltr' id='par_1_3' title="bbox 201 216 1025 253">
     <span class='ocr_line' id='line_1_3' title="bbox 201 216 1025 253; baseline 0 -9"><span class='ocrx_word' id='word_1_9' title='bbox 201 217 312 245; x_wconf 87' lang='lat' dir='ltr'>incerta</span> <span class='ocrx_word' id='word_1_10' title='bbox 322 219 351 244; x_wconf 89' lang='lat' dir='ltr'>et</span> <span class='ocrx_word' id='word_1_11' title='bbox 366 216 455 244; x_wconf 89' lang='lat' dir='ltr'>dubia</span> <span class='ocrx_word' id='word_1_12' title='bbox 469 216 550 244; x_wconf 86' lang='lat' dir='ltr'>illius</span> <span class='ocrx_word' id='word_1_13' title='bbox 561 216 690 251; x_wconf 85' lang='lat' dir='ltr'>castitas,</span> <span class='ocrx_word' id='word_1_14' title='bbox 699 225 732 244; x_wconf 90' lang='lat' dir='ltr'>ac</span> <span class='ocrx_word' id='word_1_15' title='bbox 748 217 875 253; x_wconf 88' lang='lat' dir='ltr'>plurima</span> <span class='ocrx_word' id='word_1_16' title='bbox 886 217 1025 244; x_wconf 84' lang='lat' dir='ltr'>adversus</span> 
     </span>
    </p>
   </div>
   <div class='ocr_carea' id='block_1_4' title="bbox 1084 206 1883 253">
    <p class='ocr_par' dir='ltr' id='par_1_4' title="bbox 1084 206 1883 252">
     <span class='ocr_line' id='line_1_4' title="bbox 1084 206 1883 252; baseline -0.001 -10"><span class='ocrx_word' id='word_1_17' title='bbox 1084 215 1151 252; x_wconf 87' lang='grc' dir='ltr'>πρὸς</span> <span class='ocrx_word' id='word_1_18' title='bbox 1175 216 1282 249; x_wconf 80' lang='grc' dir='ltr'>τοῦτον,</span> <span class='ocrx_word' id='word_1_19' title='bbox 1309 213 1414 251; x_wconf 78' lang='grc' dir='ltr'>μᾶλλον</span> <span class='ocrx_word' id='word_1_20' title='bbox 1445 211 1474 241; x_wconf 72' lang='grc' dir='ltr'>δὲ</span> <span class='ocrx_word' id='word_1_21' title='bbox 1503 213 1533 240; x_wconf 80' lang='grc' dir='ltr'>ἐκ</span> <span class='ocrx_word' id='word_1_22' title='bbox 1554 216 1604 247; x_wconf 82' lang='grc' dir='ltr'>τῆς</span> <span class='ocrx_word' id='word_1_23' title='bbox 1625 206 1799 251; x_wconf 72' lang='grc' dir='ltr'>πρόσπαθείας</span> <span class='ocrx_word' id='word_1_24' title='bbox 1823 214 1883 251; x_wconf 79' lang='grc' dir='ltr'>πρὸς</span> 
     </span>
    </p>
   </div>
   <div class='ocr_carea' id='block_1_5' title="bbox 200 260 1026 297">
    <p class='ocr_par' dir='ltr' id='par_1_5' title="bbox 200 260 1026 297">
     <span class='ocr_line' id='line_1_5' title="bbox 200 260 1026 297; baseline 0 -9"><span class='ocrx_word' id='word_1_25' title='bbox 200 269 264 289; x_wconf 87' lang='lat' dir='ltr'>eam</span> <span class='ocrx_word' id='word_1_26' title='bbox 276 260 415 297; x_wconf 75' lang='lat' dir='ltr'>suffragia</span> <span class='ocrx_word' id='word_1_27' title='bbox 423 261 459 289; x_wconf 86' lang='lat' dir='ltr'>ab</span> <span class='ocrx_word' id='word_1_28' title='bbox 471 261 609 288; x_wconf 89' lang='lat' dir='ltr'>omnibus</span> <span class='ocrx_word' id='word_1_29' title='bbox 618 261 803 296; x_wconf 75' lang='lat' dir='ltr'>impudicitia</span> <span class='ocrx_word' id='word_1_30' title='bbox 812 261 926 296; x_wconf 85' lang='lat' dir='ltr'>accipit.</span> <span class='ocrx_word' id='word_1_31' title='bbox 935 262 1026 296; x_wconf 82' lang='lat' dir='ltr'>Atque</span> 
     </span>
    </p>
   </div>
   <div class='ocr_carea' id='block_1_6' title="bbox 200 305 1025 341">
    <p class='ocr_par' dir='ltr' id='par_1_6' title="bbox 200 305 1025 341">
     <span class='ocr_line' id='line_1_6' title="bbox 200 305 1025 341; baseline -0.001 -8"><span class='ocrx_word' id='word_1_32' title='bbox 200 305 260 333; x_wconf 75' lang='lat' dir='ltr'>haec</span> <span class='ocrx_word' id='word_1_33' title='bbox 276 305 396 341; x_wconf 88' lang='lat' dir='ltr'>quidem</span> <span class='ocrx_word' id='word_1_34' title='bbox 411 306 446 333; x_wconf 89' lang='lat' dir='ltr'>de</span> <span class='ocrx_word' id='word_1_35' title='bbox 466 306 503 332; x_wconf 90' lang='lat' dir='ltr'>iis</span> <span class='ocrx_word' id='word_1_36' title='bbox 519 305 569 341; x_wconf 88' lang='lat' dir='ltr'>qui</span> <span class='ocrx_word' id='word_1_37' title='bbox 594 305 708 341; x_wconf 81' lang='lat' dir='ltr'>integra</span> <span class='ocrx_word' id='word_1_38' title='bbox 723 314 782 333; x_wconf 85' lang='lat' dir='ltr'>una</span> <span class='ocrx_word' id='word_1_39' title='bbox 809 314 876 333; x_wconf 91' lang='lat' dir='ltr'>cum</span> <span class='ocrx_word' id='word_1_40' title='bbox 901 305 1025 333; x_wconf 77' lang='lat' dir='ltr'>testibus</span> 
     </span>
    </p>
   </div>
   <div class='ocr_carea' id='block_1_7' title="bbox 199 350 1025 386">
    <p class='ocr_par' dir='ltr' id='par_1_7' title="bbox 199 350 1025 386">
     <span class='ocr_line' id='line_1_7' title="bbox 199 350 1025 386; baseline -0.001 -9"><span class='ocrx_word' id='word_1_41' title='bbox 199 350 339 386; x_wconf 72' lang='lat' dir='ltr'>genitalia</span> <span class='ocrx_word' id='word_1_42' title='bbox 353 352 550 377; x_wconf 70' lang='lat' dir='ltr'>resecuerunt.</span> <span class='ocrx_word' id='word_1_43' title='bbox 562 350 629 377; x_wconf 88' lang='lat' dir='ltr'>Jnm</span> <span class='ocrx_word' id='word_1_44' title='bbox 645 351 694 386; x_wconf 85' lang='lat' dir='ltr'>qui</span> <span class='ocrx_word' id='word_1_45' title='bbox 711 350 790 378; x_wconf 88' lang='lat' dir='ltr'>solos</span> <span class='ocrx_word' id='word_1_46' title='bbox 805 353 894 378; x_wconf 85' lang='lat' dir='ltr'>testes</span> <span class='ocrx_word' id='word_1_47' title='bbox 909 350 1025 377; x_wconf 85' lang='lat' dir='ltr'>abscin-</span> 
     </span>
    </p>
   </div>
   <div class='ocr_carea' id='block_1_8' title="bbox 199 394 1025 430">
    <p class='ocr_par' dir='ltr' id='par_1_8' title="bbox 199 394 1025 430">
     <span class='ocr_line' id='line_1_8' title="bbox 199 394 1025 430; baseline -0.001 -8"><span class='ocrx_word' id='word_1_48' title='bbox 199 394 284 428; x_wconf 86' lang='lat' dir='ltr'>dunt,</span> <span class='ocrx_word' id='word_1_49' title='bbox 301 403 369 422; x_wconf 87' lang='lat' dir='ltr'>cum</span> <span class='ocrx_word' id='word_1_50' title='bbox 391 403 492 422; x_wconf 88' lang='lat' dir='ltr'>eorum</span> <span class='ocrx_word' id='word_1_51' title='bbox 522 394 661 430; x_wconf 80' lang='lat' dir='ltr'>genitalia</span> <span class='ocrx_word' id='word_1_52' title='bbox 690 395 822 422; x_wconf 88' lang='lat' dir='ltr'>membra</span> <span class='ocrx_word' id='word_1_53' title='bbox 849 395 885 422; x_wconf 93' lang='lat' dir='ltr'>ad</span> <span class='ocrx_word' id='word_1_54' title='bbox 914 397 1025 422; x_wconf 83' lang='lat' dir='ltr'>statum</span> 
     </span>
    </p>
   </div>
   <div class='ocr_carea' id='block_1_9' title="bbox 199 439 1027 475">
    <p class='ocr_par' dir='ltr' id='par_1_9' title="bbox 199 439 1027 475">
     <span class='ocr_line' id='line_1_9' title="bbox 199 439 1027 475; baseline 0 -9"><span class='ocrx_word' id='word_1_55' title='bbox 199 439 312 466; x_wconf 81' lang='lat' dir='ltr'>virilem</span> <span class='ocrx_word' id='word_1_56' title='bbox 328 442 357 466; x_wconf 85' lang='lat' dir='ltr'>et</span> <span class='ocrx_word' id='word_1_57' title='bbox 371 439 407 466; x_wconf 86' lang='lat' dir='ltr'>ad</span> <span class='ocrx_word' id='word_1_58' title='bbox 422 439 545 467; x_wconf 87' lang='lat' dir='ltr'>coeundi</span> <span class='ocrx_word' id='word_1_59' title='bbox 569 439 738 467; x_wconf 74' lang='lat' dir='ltr'>facultatem</span> <span class='ocrx_word' id='word_1_60' title='bbox 765 447 930 475; x_wconf 83' lang='lat' dir='ltr'>pervenere,</span> <span class='ocrx_word' id='word_1_61' title='bbox 946 439 1027 475; x_wconf 88' lang='lat' dir='ltr'>ipsos</span> 
     </span>
    </p>
   </div>
   <div class='ocr_carea' id='block_1_10' title="bbox 200 483 1026 519">
    <p class='ocr_par' dir='ltr' id='par_1_10' title="bbox 200 483 1026 519">
     <span class='ocr_line' id='line_1_10' title="bbox 200 483 1026 519; baseline -0.001 -8"><span class='ocrx_word' id='word_1_62' title='bbox 200 483 283 511; x_wconf 90' lang='lat' dir='ltr'>aiunt</span> <span class='ocrx_word' id='word_1_63' title='bbox 298 483 394 512; x_wconf 84' lang='lat' dir='ltr'>acrius</span> <span class='ocrx_word' id='word_1_64' title='bbox 411 492 444 511; x_wconf 86' lang='lat' dir='ltr'>ac</span> <span class='ocrx_word' id='word_1_65' title='bbox 460 484 654 519; x_wconf 79' lang='lat' dir='ltr'>impotentius</span> <span class='ocrx_word' id='word_1_66' title='bbox 670 484 705 511; x_wconf 83' lang='lat' dir='ltr'>ad</span> <span class='ocrx_word' id='word_1_67' title='bbox 722 484 911 512; x_wconf 78' lang='lat' dir='ltr'>concubitum</span> <span class='ocrx_word' id='word_1_68' title='bbox 927 483 1026 511; x_wconf 89' lang='lat' dir='ltr'>conci-</span> 
     </span>
    </p>
   </div>
   <div class='ocr_carea' id='block_1_11' title="bbox 199 527 1028 563">
    <p class='ocr_par' dir='ltr' id='par_1_11' title="bbox 199 527 1028 563">
     <span class='ocr_line' id='line_1_11' title="bbox 199 527 1028 563; baseline -0.001 -7"><span class='ocrx_word' id='word_1_69' title='bbox 199 529 268 561; x_wconf 86' lang='lat' dir='ltr'>tari,</span> <span class='ocrx_word' id='word_1_70' title='bbox 283 536 336 555; x_wconf 89' lang='lat' dir='ltr'>nec</span> <span class='ocrx_word' id='word_1_71' title='bbox 357 527 425 556; x_wconf 87' lang='lat' dir='ltr'>illos</span> <span class='ocrx_word' id='word_1_72' title='bbox 441 528 585 555; x_wconf 86' lang='lat' dir='ltr'>concitari</span> <span class='ocrx_word' id='word_1_73' title='bbox 602 528 700 563; x_wconf 87' lang='lat' dir='ltr'>modo,</span> <span class='ocrx_word' id='word_1_74' title='bbox 715 536 815 556; x_wconf 87' lang='lat' dir='ltr'>verum</span> <span class='ocrx_word' id='word_1_75' title='bbox 840 529 929 556; x_wconf 87' lang='lat' dir='ltr'>etiam</span> <span class='ocrx_word' id='word_1_76' title='bbox 954 528 1028 555; x_wconf 83' lang='lat' dir='ltr'>citra</span> 
     </span>
    </p>
   </div>
   <div class='ocr_carea' id='block_1_12' title="bbox 200 572 1027 609">
    <p class='ocr_par' dir='ltr' id='par_1_12' title="bbox 200 572 1027 609">
     <span class='ocr_line' id='line_1_12' title="bbox 200 572 1027 609; baseline 0 -9"><span class='ocrx_word' id='word_1_77' title='bbox 200 572 374 609; x_wconf 84' lang='lat' dir='ltr'>periculum,</span> <span class='ocrx_word' id='word_1_78' title='bbox 402 575 434 600; x_wconf 89' lang='lat' dir='ltr'>ut</span> <span class='ocrx_word' id='word_1_79' title='bbox 461 572 534 608; x_wconf 91' lang='lat' dir='ltr'>ipsis</span> <span class='ocrx_word' id='word_1_80' title='bbox 563 572 686 607; x_wconf 87' lang='lat' dir='ltr'>videtur,</span> <span class='ocrx_word' id='word_1_81' title='bbox 707 573 807 600; x_wconf 89' lang='lat' dir='ltr'>obvias</span> <span class='ocrx_word' id='word_1_82' title='bbox 835 580 1027 608; x_wconf 87' lang='lat' dir='ltr'>quascunque</span> 
     </span>
    </p>
   </div>
   <div class='ocr_carea' id='block_1_13' title="bbox 199 616 1028 652">
    <p class='ocr_par' dir='ltr' id='par_1_13' title="bbox 199 616 1028 652">
     <span class='ocr_line' id='line_1_13' title="bbox 199 616 1028 652; baseline 0.001 -8"><span class='ocrx_word' id='word_1_83' title='bbox 199 625 396 652; x_wconf 82' lang='lat' dir='ltr'>corrumpere.</span> <span class='ocrx_word' id='word_1_84' title='bbox 414 616 520 644; x_wconf 87' lang='lat' dir='ltr'>Dicunt</span> <span class='ocrx_word' id='word_1_85' title='bbox 544 617 622 644; x_wconf 90' lang='lat' dir='ltr'>enim</span> <span class='ocrx_word' id='word_1_86' title='bbox 649 625 744 652; x_wconf 85' lang='lat' dir='ltr'>peros,</span> <span class='ocrx_word' id='word_1_87' title='bbox 761 618 880 645; x_wconf 81' lang='lat' dir='ltr'>resectis</span> <span class='ocrx_word' id='word_1_88' title='bbox 904 617 1028 645; x_wconf 80' lang='lat' dir='ltr'>inferius</span> 
     </span>
    </p>
   </div>
   <div class='ocr_carea' id='block_1_14' title="bbox 199 661 1027 698">
    <p class='ocr_par' dir='ltr' id='par_1_14' title="bbox 199 661 1027 698">
     <span class='ocr_line' id='line_1_14' title="bbox 199 661 1027 698; baseline 0.001 -10"><span class='ocrx_word' id='word_1_89' title='bbox 199 661 343 689; x_wconf 82' lang='lat' dir='ltr'>testiculis</span> <span class='ocrx_word' id='word_1_90' title='bbox 359 661 410 697; x_wconf 85' lang='lat' dir='ltr'>qui</span> <span class='ocrx_word' id='word_1_91' title='bbox 426 670 442 689; x_wconf 83' lang='lat' dir='ltr'>a</span> <span class='ocrx_word' id='word_1_92' title='bbox 458 661 568 689; x_wconf 90' lang='lat' dir='ltr'>lumbis</span> <span class='ocrx_word' id='word_1_93' title='bbox 584 669 616 689; x_wconf 81' lang='lat' dir='ltr'>ac</span> <span class='ocrx_word' id='word_1_94' title='bbox 633 662 753 689; x_wconf 83' lang='lat' dir='ltr'>renibus</span> <span class='ocrx_word' id='word_1_95' title='bbox 774 662 886 697; x_wconf 88' lang='lat' dir='ltr'>reliquo</span> <span class='ocrx_word' id='word_1_96' title='bbox 905 661 1027 698; x_wconf 82' lang='lat' dir='ltr'>genitali</span> 
     </span>
    </p>
   </div>
   <div class='ocr_carea' id='block_1_15' title="bbox 200 706 1026 742">
    <p class='ocr_par' dir='ltr' id='par_1_15' title="bbox 200 706 1026 742">
     <span class='ocr_line' id='line_1_15' title="bbox 200 706 1026 742; baseline -0.001 -8"><span class='ocrx_word' id='word_1_97' title='bbox 200 706 330 734; x_wconf 87' lang='lat' dir='ltr'>membro</span> <span class='ocrx_word' id='word_1_98' title='bbox 344 714 443 734; x_wconf 87' lang='lat' dir='ltr'>semen</span> <span class='ocrx_word' id='word_1_99' title='bbox 457 706 678 739; x_wconf 87' lang='lat' dir='ltr'>administrant,</span> <span class='ocrx_word' id='word_1_100' title='bbox 693 709 759 742; x_wconf 88' lang='lat' dir='ltr'>post</span> <span class='ocrx_word' id='word_1_101' title='bbox 772 706 964 734; x_wconf 87' lang='lat' dir='ltr'>resectionem</span> <span class='ocrx_word' id='word_1_102' title='bbox 975 715 1026 734; x_wconf 91' lang='lat' dir='ltr'>su-</span> 
     </span>
    </p>
   </div>
   <div class='ocr_carea' id='block_1_16' title="bbox 200 750 1026 786">
    <p class='ocr_par' dir='ltr' id='par_1_16' title="bbox 200 750 1026 786">
     <span class='ocr_line' id='line_1_16' title="bbox 200 750 1026 786; baseline 0 -8"><span class='ocrx_word' id='word_1_103' title='bbox 200 750 298 786; x_wconf 90' lang='lat' dir='ltr'>perius</span> <span class='ocrx_word' id='word_1_104' title='bbox 323 750 459 786; x_wconf 87' lang='lat' dir='ltr'>oppilari,</span> <span class='ocrx_word' id='word_1_105' title='bbox 477 751 604 778; x_wconf 83' lang='lat' dir='ltr'>fervente</span> <span class='ocrx_word' id='word_1_106' title='bbox 619 759 686 778; x_wconf 86' lang='lat' dir='ltr'>vero</span> <span class='ocrx_word' id='word_1_107' title='bbox 705 751 733 778; x_wconf 91' lang='lat' dir='ltr'>in</span> <span class='ocrx_word' id='word_1_108' title='bbox 751 751 870 778; x_wconf 84' lang='lat' dir='ltr'>renibus</span> <span class='ocrx_word' id='word_1_109' title='bbox 894 751 1026 784; x_wconf 87' lang='lat' dir='ltr'>libidine,</span> 
     </span>
    </p>
   </div>
   <div class='ocr_carea' id='block_1_17' title="bbox 199 795 1028 832">
    <p class='ocr_par' dir='ltr' id='par_1_17' title="bbox 199 795 1028 832">
     <span class='ocr_line' id='line_1_17' title="bbox 199 795 1028 832; baseline 0 -9"><span class='ocrx_word' id='word_1_110' title='bbox 199 797 287 831; x_wconf 85' lang='lat' dir='ltr'>atque</span> <span class='ocrx_word' id='word_1_111' title='bbox 299 795 340 822; x_wconf 89' lang='lat' dir='ltr'>ita</span> <span class='ocrx_word' id='word_1_112' title='bbox 350 803 449 823; x_wconf 85' lang='lat' dir='ltr'>semen</span> <span class='ocrx_word' id='word_1_113' title='bbox 462 795 491 822; x_wconf 93' lang='lat' dir='ltr'>in</span> <span class='ocrx_word' id='word_1_114' title='bbox 503 795 623 822; x_wconf 89' lang='lat' dir='ltr'>modum</span> <span class='ocrx_word' id='word_1_115' title='bbox 633 804 745 830; x_wconf 61' lang='lat' dir='ltr'>spuma:</span> <span class='ocrx_word' id='word_1_116' title='bbox 755 795 1028 832; x_wconf 83' lang='lat' dir='ltr'>exagitante,virnm</span> 
     </span>
    </p>
   </div>
   <div class='ocr_carea' id='block_1_18' title="bbox 199 838 1027 879">
    <p class='ocr_par' dir='ltr' id='par_1_18' title="bbox 199 838 1027 879">
     <span class='ocr_line' id='line_1_18' title="bbox 199 838 1027 879; baseline 0 -12"><span class='ocrx_word' id='word_1_117' title='bbox 199 840 235 868; x_wconf 86' lang='lat' dir='ltr'>ad</span> <span class='ocrx_word' id='word_1_118' title='bbox 249 839 422 874; x_wconf 76' lang='lat' dir='ltr'>ejiciendum</span> <span class='ocrx_word' id='word_1_119' title='bbox 433 838 599 875; x_wconf 83' lang='lat' dir='ltr'>genituram</span> <span class='ocrx_word' id='word_1_120' title='bbox 611 840 740 874; x_wconf 82' lang='lat' dir='ltr'>incitari,</span> <span class='ocrx_word' id='word_1_121' title='bbox 751 841 1027 879; x_wconf 80' lang='lat' dir='ltr'>eumdemque,cum</span> 
     </span>
    </p>
   </div>
   <div class='ocr_carea' id='block_1_19' title="bbox 199 882 1026 919">
    <p class='ocr_par' dir='ltr' id='par_1_19' title="bbox 199 882 1026 919">
     <span class='ocr_line' id='line_1_19' title="bbox 199 882 1026 919; baseline -0.001 -8"><span class='ocrx_word' id='word_1_122' title='bbox 199 891 298 911; x_wconf 87' lang='lat' dir='ltr'>semen</span> <span class='ocrx_word' id='word_1_123' title='bbox 323 882 468 911; x_wconf 87' lang='lat' dir='ltr'>ebulliens</span> <span class='ocrx_word' id='word_1_124' title='bbox 483 883 633 910; x_wconf 70' lang='lat' dir='ltr'>effundere</span> <span class='ocrx_word' id='word_1_125' title='bbox 661 891 717 911; x_wconf 93' lang='lat' dir='ltr'>non</span> <span class='ocrx_word' id='word_1_126' title='bbox 734 886 833 919; x_wconf 83' lang='lat' dir='ltr'>queat,</span> <span class='ocrx_word' id='word_1_127' title='bbox 844 891 877 911; x_wconf 91' lang='lat' dir='ltr'>eo</span> <span class='ocrx_word' id='word_1_128' title='bbox 893 883 969 918; x_wconf 90' lang='lat' dir='ltr'>quod</span> <span class='ocrx_word' id='word_1_129' title='bbox 992 883 1026 910; x_wconf 90' lang='lat' dir='ltr'>ad</span> 
     </span>
    </p>
   </div>
   <div class='ocr_carea' id='block_1_20' title="bbox 198 927 1029 961">
    <p class='ocr_par' dir='ltr' id='par_1_20' title="bbox 198 927 1029 961">
     <span class='ocr_line' id='line_1_20' title="bbox 198 927 1029 961; baseline -0.001 -6"><span class='ocrx_word' id='word_1_130' title='bbox 198 927 293 956; x_wconf 79' lang='lat' dir='ltr'>coitus</span> <span class='ocrx_word' id='word_1_131' title='bbox 305 930 401 954; x_wconf 88' lang='lat' dir='ltr'>actum</span> <span class='ocrx_word' id='word_1_132' title='bbox 416 927 472 954; x_wconf 83' lang='lat' dir='ltr'>sibi</span> <span class='ocrx_word' id='word_1_133' title='bbox 486 927 622 961; x_wconf 79' lang='lat' dir='ltr'>servavit,</span> <span class='ocrx_word' id='word_1_134' title='bbox 632 928 752 955; x_wconf 86' lang='lat' dir='ltr'>armari.</span> <span class='ocrx_word' id='word_1_135' title='bbox 764 927 817 955; x_wconf 91' lang='lat' dir='ltr'>Ubi</span> <span class='ocrx_word' id='word_1_136' title='bbox 829 930 926 955; x_wconf 88' lang='lat' dir='ltr'>autem</span> <span class='ocrx_word' id='word_1_137' title='bbox 939 927 1029 956; x_wconf 84' lang='lat' dir='ltr'>semel</span> 
     </span>
    </p>
   </div>
   <div class='ocr_carea' id='block_1_21' title="bbox 197 971 1027 1000">
    <p class='ocr_par' dir='ltr' id='par_1_21' title="bbox 197 971 1027 1000">
     <span class='ocr_line' id='line_1_21' title="bbox 197 971 1027 1000; baseline -0.001 0"><span class='ocrx_word' id='word_1_138' title='bbox 197 972 317 1000; x_wconf 81' lang='lat' dir='ltr'>testium</span> <span class='ocrx_word' id='word_1_139' title='bbox 331 972 538 999; x_wconf 76' lang='lat' dir='ltr'>castrationem</span> <span class='ocrx_word' id='word_1_140' title='bbox 550 971 717 999; x_wconf 84' lang='lat' dir='ltr'>illecebram</span> <span class='ocrx_word' id='word_1_141' title='bbox 733 972 768 999; x_wconf 88' lang='lat' dir='ltr'>ad</span> <span class='ocrx_word' id='word_1_142' title='bbox 785 971 943 1000; x_wconf 75' lang='lat' dir='ltr'>fallendum</span> <span class='ocrx_word' id='word_1_143' title='bbox 959 980 1027 999; x_wconf 88' lang='lat' dir='ltr'>mu-</span> 
     </span>
    </p>
   </div>
   <div class='ocr_carea' id='block_1_22' title="bbox 198 1015 1025 1052">
    <p class='ocr_par' dir='ltr' id='par_1_22' title="bbox 198 1015 1025 1052">
     <span class='ocr_line' id='line_1_22' title="bbox 198 1015 1025 1052; baseline -0.001 -8"><span class='ocrx_word' id='word_1_144' title='bbox 198 1016 298 1044; x_wconf 90' lang='lat' dir='ltr'>lierem</span> <span class='ocrx_word' id='word_1_145' title='bbox 305 1019 401 1044; x_wconf 88' lang='lat' dir='ltr'>astute</span> <span class='ocrx_word' id='word_1_146' title='bbox 410 1016 514 1051; x_wconf 74' lang='lat' dir='ltr'>effecit,</span> <span class='ocrx_word' id='word_1_147' title='bbox 522 1015 769 1052; x_wconf 83' lang='lat' dir='ltr'>intemperantius</span> <span class='ocrx_word' id='word_1_148' title='bbox 776 1016 801 1044; x_wconf 85' lang='lat' dir='ltr'>ei</span> <span class='ocrx_word' id='word_1_149' title='bbox 808 1017 1025 1045; x_wconf 87' lang='lat' dir='ltr'>commiscetur.</span> 
     </span>
    </p>
   </div>
   <div class='ocr_carea' id='block_1_23' title="bbox 199 1060 1027 1096">
    <p class='ocr_par' dir='ltr' id='par_1_23' title="bbox 199 1060 1027 1096">
     <span class='ocr_line' id='line_1_23' title="bbox 199 1060 1027 1096; baseline 0.001 -8"><span class='ocrx_word' id='word_1_150' title='bbox 199 1060 247 1089; x_wconf 87' lang='lat' dir='ltr'>Vir</span> <span class='ocrx_word' id='word_1_151' title='bbox 262 1061 381 1096; x_wconf 89' lang='lat' dir='ltr'>quidem</span> <span class='ocrx_word' id='word_1_152' title='bbox 397 1061 447 1096; x_wconf 91' lang='lat' dir='ltr'>qui</span> <span class='ocrx_word' id='word_1_153' title='bbox 464 1063 576 1088; x_wconf 79' lang='lat' dir='ltr'>naturas</span> <span class='ocrx_word' id='word_1_154' title='bbox 591 1063 635 1088; x_wconf 89' lang='lat' dir='ltr'>est</span> <span class='ocrx_word' id='word_1_155' title='bbox 650 1061 771 1096; x_wconf 85' lang='lat' dir='ltr'>integer,</span> <span class='ocrx_word' id='word_1_156' title='bbox 784 1060 928 1089; x_wconf 81' lang='lat' dir='ltr'>testiculis</span> <span class='ocrx_word' id='word_1_157' title='bbox 943 1070 960 1089; x_wconf 86' lang='lat' dir='ltr'>a</span> <span class='ocrx_word' id='word_1_158' title='bbox 975 1070 1027 1089; x_wconf 86' lang='lat' dir='ltr'>su-</span> 
     </span>
    </p>
   </div>
   <div class='ocr_carea' id='block_1_24' title="bbox 200 1105 1026 1142">
    <p class='ocr_par' dir='ltr' id='par_1_24' title="bbox 200 1105 1026 1142">
     <span class='ocr_line' id='line_1_24' title="bbox 200 1105 1026 1142; baseline 0.001 -10"><span class='ocrx_word' id='word_1_159' title='bbox 200 1113 289 1142; x_wconf 85' lang='lat' dir='ltr'>perna</span> <span class='ocrx_word' id='word_1_160' title='bbox 305 1107 386 1140; x_wconf 84' lang='lat' dir='ltr'>parte</span> <span class='ocrx_word' id='word_1_161' title='bbox 401 1106 565 1140; x_wconf 79' lang='lat' dir='ltr'>genituram</span> <span class='ocrx_word' id='word_1_162' title='bbox 581 1105 805 1141; x_wconf 81' lang='lat' dir='ltr'>cxcipientibus,</span> <span class='ocrx_word' id='word_1_163' title='bbox 821 1105 947 1141; x_wconf 82' lang='lat' dir='ltr'>indeque</span> <span class='ocrx_word' id='word_1_164' title='bbox 961 1114 1026 1133; x_wconf 87' lang='lat' dir='ltr'>eam</span> 
     </span>
    </p>
   </div>
   <div class='ocr_carea' id='block_1_25' title="bbox 199 1149 1027 1186">
    <p class='ocr_par' dir='ltr' id='par_1_25' title="bbox 199 1149 1027 1186">
     <span class='ocr_line' id='line_1_25' title="bbox 199 1149 1027 1186; baseline 0 -8"><span class='ocrx_word' id='word_1_165' title='bbox 199 1150 417 1186; x_wconf 83' lang='lat' dir='ltr'>spargentibus,</span> <span class='ocrx_word' id='word_1_166' title='bbox 430 1158 497 1177; x_wconf 87' lang='lat' dir='ltr'>mox</span> <span class='ocrx_word' id='word_1_167' title='bbox 512 1150 624 1178; x_wconf 88' lang='lat' dir='ltr'>semine</span> <span class='ocrx_word' id='word_1_168' title='bbox 640 1149 750 1185; x_wconf 82' lang='lat' dir='ltr'>elapso,</span> <span class='ocrx_word' id='word_1_169' title='bbox 760 1150 946 1186; x_wconf 80' lang='lat' dir='ltr'>resolutaque</span> <span class='ocrx_word' id='word_1_170' title='bbox 957 1159 1027 1178; x_wconf 89' lang='lat' dir='ltr'>con-</span> 
     </span>
    </p>
   </div>
   <div class='ocr_carea' id='block_1_26' title="bbox 198 1194 1028 1230">
    <p class='ocr_par' dir='ltr' id='par_1_26' title="bbox 198 1194 1028 1230">
     <span class='ocr_line' id='line_1_26' title="bbox 198 1194 1028 1230; baseline 0.001 -9"><span class='ocrx_word' id='word_1_171' title='bbox 198 1194 392 1230; x_wconf 86' lang='lat' dir='ltr'>cupiscentia,</span> <span class='ocrx_word' id='word_1_172' title='bbox 405 1194 625 1230; x_wconf 82' lang='lat' dir='ltr'>interquiescit:</span> <span class='ocrx_word' id='word_1_173' title='bbox 639 1195 690 1222; x_wconf 88' lang='lat' dir='ltr'>sed</span> <span class='ocrx_word' id='word_1_174' title='bbox 706 1194 756 1230; x_wconf 91' lang='lat' dir='ltr'>qui</span> <span class='ocrx_word' id='word_1_175' title='bbox 774 1203 831 1222; x_wconf 89' lang='lat' dir='ltr'>non</span> <span class='ocrx_word' id='word_1_176' title='bbox 847 1195 935 1222; x_wconf 86' lang='lat' dir='ltr'>habet</span> <span class='ocrx_word' id='word_1_177' title='bbox 950 1195 1028 1222; x_wconf 89' lang='lat' dir='ltr'>unde</span> 
     </span>
    </p>
   </div>
   <div class='ocr_carea' id='block_1_27' title="bbox 198 1238 1027 1274">
    <p class='ocr_par' dir='ltr' id='par_1_27' title="bbox 198 1238 1027 1274">
     <span class='ocr_line' id='line_1_27' title="bbox 198 1238 1027 1274; baseline 0 -8"><span class='ocrx_word' id='word_1_178' title='bbox 198 1239 228 1266; x_wconf 89' lang='lat' dir='ltr'>id</span> <span class='ocrx_word' id='word_1_179' title='bbox 258 1239 335 1274; x_wconf 89' lang='lat' dir='ltr'>quod</span> <span class='ocrx_word' id='word_1_180' title='bbox 363 1238 473 1273; x_wconf 83' lang='lat' dir='ltr'>titillat,</span> <span class='ocrx_word' id='word_1_181' title='bbox 499 1241 629 1272; x_wconf 87' lang='lat' dir='ltr'>evacuet,</span> <span class='ocrx_word' id='word_1_182' title='bbox 645 1239 692 1266; x_wconf 87' lang='lat' dir='ltr'>vix</span> <span class='ocrx_word' id='word_1_183' title='bbox 720 1239 864 1274; x_wconf 88' lang='lat' dir='ltr'>impetum</span> <span class='ocrx_word' id='word_1_184' title='bbox 893 1239 1027 1272; x_wconf 86' lang='lat' dir='ltr'>remittit,</span> 
     </span>
    </p>
   </div>
   <div class='ocr_carea' id='block_1_28' title="bbox 199 1282 1027 1318">
    <p class='ocr_par' dir='ltr' id='par_1_28' title="bbox 199 1282 1027 1318">
     <span class='ocr_line' id='line_1_28' title="bbox 199 1282 1027 1318; baseline 0.001 -8"><span class='ocrx_word' id='word_1_185' title='bbox 199 1283 309 1318; x_wconf 80' lang='lat' dir='ltr'>quoad,</span> <span class='ocrx_word' id='word_1_186' title='bbox 325 1286 358 1310; x_wconf 87' lang='lat' dir='ltr'>ut</span> <span class='ocrx_word' id='word_1_187' title='bbox 374 1283 480 1316; x_wconf 84' lang='lat' dir='ltr'>ferunt,</span> <span class='ocrx_word' id='word_1_188' title='bbox 497 1282 621 1317; x_wconf 85' lang='lat' dir='ltr'>hujusce</span> <span class='ocrx_word' id='word_1_189' title='bbox 641 1283 752 1311; x_wconf 90' lang='lat' dir='ltr'>rabiem</span> <span class='ocrx_word' id='word_1_190' title='bbox 775 1284 908 1318; x_wconf 75' lang='lat' dir='ltr'>fatigatio</span> <span class='ocrx_word' id='word_1_191' title='bbox 924 1283 1027 1311; x_wconf 85' lang='lat' dir='ltr'>solvat.</span> 
     </span>
    </p>
   </div>
   <div class='ocr_carea' id='block_1_29' title="bbox 200 1327 1030 1364">
    <p class='ocr_par' dir='ltr' id='par_1_29' title="bbox 200 1327 1030 1364">
     <span class='ocr_line' id='line_1_29' title="bbox 200 1327 1030 1364; baseline 0 -8"><span class='ocrx_word' id='word_1_192' title='bbox 200 1328 299 1363; x_wconf 86' lang='lat' dir='ltr'>Neque</span> <span class='ocrx_word' id='word_1_193' title='bbox 314 1327 342 1355; x_wconf 91' lang='lat' dir='ltr'>id</span> <span class='ocrx_word' id='word_1_194' title='bbox 355 1327 452 1355; x_wconf 89' lang='lat' dir='ltr'>solum</span> <span class='ocrx_word' id='word_1_195' title='bbox 465 1329 576 1355; x_wconf 74' lang='lat' dir='ltr'>naturas</span> <span class='ocrx_word' id='word_1_196' title='bbox 592 1327 675 1363; x_wconf 83' lang='lat' dir='ltr'>ratio,</span> <span class='ocrx_word' id='word_1_197' title='bbox 688 1328 739 1356; x_wconf 90' lang='lat' dir='ltr'>sed</span> <span class='ocrx_word' id='word_1_198' title='bbox 750 1328 839 1356; x_wconf 87' lang='lat' dir='ltr'>etiam</span> <span class='ocrx_word' id='word_1_199' title='bbox 851 1328 1030 1364; x_wconf 83' lang='lat' dir='ltr'>experientia</span> 
     </span>
    </p>
   </div>
   <div class='ocr_carea' id='block_1_30' title="bbox 202 1373 1030 1409">
    <p class='ocr_par' dir='ltr' id='par_1_30' title="bbox 202 1373 1030 1409">
     <span class='ocr_line' id='line_1_30' title="bbox 202 1373 1030 1409; baseline 0.001 -9"><span class='ocrx_word' id='word_1_200' title='bbox 202 1373 308 1401; x_wconf 77' lang='lat' dir='ltr'>saeculo</span> <span class='ocrx_word' id='word_1_201' title='bbox 324 1374 424 1400; x_wconf 87' lang='lat' dir='ltr'>nostro</span> <span class='ocrx_word' id='word_1_202' title='bbox 439 1375 545 1401; x_wconf 82' lang='lat' dir='ltr'>testata</span> <span class='ocrx_word' id='word_1_203' title='bbox 559 1376 604 1401; x_wconf 85' lang='lat' dir='ltr'>est</span> <span class='ocrx_word' id='word_1_204' title='bbox 617 1381 624 1401; x_wconf 89' lang='lat'><strong><em>:</em></strong></span> <span class='ocrx_word' id='word_1_205' title='bbox 637 1374 886 1409; x_wconf 84' lang='lat' dir='ltr'>quemadmodum</span> <span class='ocrx_word' id='word_1_206' title='bbox 903 1373 976 1401; x_wconf 87' lang='lat' dir='ltr'>mihi</span> <span class='ocrx_word' id='word_1_207' title='bbox 987 1373 1030 1401; x_wconf 86' lang='lat' dir='ltr'>vir</span> 
     </span>
    </p>
   </div>
   <div class='ocr_carea' id='block_1_31' title="bbox 203 1416 1030 1453">
    <p class='ocr_par' dir='ltr' id='par_1_31' title="bbox 203 1416 1030 1453">
     <span class='ocr_line' id='line_1_31' title="bbox 203 1416 1030 1453; baseline 0.001 -8"><span class='ocrx_word' id='word_1_208' title='bbox 203 1417 325 1453; x_wconf 90' lang='lat' dir='ltr'>quidam</span> <span class='ocrx_word' id='word_1_209' title='bbox 341 1416 527 1452; x_wconf 85' lang='lat' dir='ltr'>venerabilis,</span> <span class='ocrx_word' id='word_1_210' title='bbox 544 1419 572 1445; x_wconf 86' lang='lat' dir='ltr'>et</span> <span class='ocrx_word' id='word_1_211' title='bbox 596 1417 710 1445; x_wconf 73' lang='lat' dir='ltr'>canitiaa</span> <span class='ocrx_word' id='word_1_212' title='bbox 735 1426 768 1446; x_wconf 90' lang='lat' dir='ltr'>ac</span> <span class='ocrx_word' id='word_1_213' title='bbox 793 1418 922 1446; x_wconf 91' lang='lat' dir='ltr'>moribus</span> <span class='ocrx_word' id='word_1_214' title='bbox 941 1427 1030 1446; x_wconf 79' lang='lat' dir='ltr'>senex</span> 
     </span>
    </p>
   </div>
   <div class='ocr_carea' id='block_1_32' title="bbox 198 1461 1028 1499">
    <p class='ocr_par' dir='ltr' id='par_1_32' title="bbox 198 1461 1028 1499">
     <span class='ocr_line' id='line_1_32' title="bbox 198 1461 1028 1499; baseline 0.001 -10"><span class='ocrx_word' id='word_1_215' title='bbox 198 1463 233 1489; x_wconf 87' lang='lat' dir='ltr'>de</span> <span class='ocrx_word' id='word_1_216' title='bbox 250 1462 454 1498; x_wconf 69' lang='lat' dir='ltr'>muliere,quaa</span> <span class='ocrx_word' id='word_1_217' title='bbox 469 1461 696 1498; x_wconf 79' lang='lat' dir='ltr'>exomologesim</span> <span class='ocrx_word' id='word_1_218' title='bbox 715 1463 793 1499; x_wconf 88' lang='lat' dir='ltr'>apud</span> <span class='ocrx_word' id='word_1_219' title='bbox 818 1470 885 1490; x_wconf 91' lang='lat' dir='ltr'>eum</span> <span class='ocrx_word' id='word_1_220' title='bbox 911 1463 1028 1499; x_wconf 80' lang='lat' dir='ltr'>fecerat,</span> 
     </span>
    </p>
   </div>
   <div class='ocr_carea' id='block_1_33' title="bbox 201 1506 1029 1541">
    <p class='ocr_par' dir='ltr' id='par_1_33' title="bbox 201 1506 1029 1541">
     <span class='ocr_line' id='line_1_33' title="bbox 201 1506 1029 1541; baseline 0.002 -8"><span class='ocrx_word' id='word_1_221' title='bbox 201 1506 356 1534; x_wconf 85' lang='lat' dir='ltr'>enarravit.</span> <span class='ocrx_word' id='word_1_222' title='bbox 365 1507 468 1534; x_wconf 86' lang='lat' dir='ltr'>Aiebat</span> <span class='ocrx_word' id='word_1_223' title='bbox 478 1507 556 1534; x_wconf 90' lang='lat' dir='ltr'>enim</span> <span class='ocrx_word' id='word_1_224' title='bbox 567 1507 720 1535; x_wconf 87' lang='lat' dir='ltr'>mulierem</span> <span class='ocrx_word' id='word_1_225' title='bbox 735 1507 790 1535; x_wconf 87' lang='lat' dir='ltr'>sibi</span> <span class='ocrx_word' id='word_1_226' title='bbox 802 1507 922 1541; x_wconf 84' lang='lat' dir='ltr'>dixisse,</span> <span class='ocrx_word' id='word_1_227' title='bbox 933 1515 1029 1536; x_wconf 84' lang='lat' dir='ltr'>eunu-</span> 
     </span>
    </p>
   </div>
   <div class='ocr_carea' id='block_1_34' title="bbox 204 1550 1021 1583">
    <p class='ocr_par' dir='ltr' id='par_1_34' title="bbox 204 1550 1021 1583">
     <span class='ocr_line' id='line_1_34' title="bbox 204 1550 1021 1583; baseline 0.002 -5"><span class='ocrx_word' id='word_1_228' title='bbox 204 1551 303 1583; x_wconf 88' lang='lat' dir='ltr'>chum,</span> <span class='ocrx_word' id='word_1_229' title='bbox 320 1550 367 1578; x_wconf 87' lang='lat' dir='ltr'>cui</span> <span class='ocrx_word' id='word_1_230' title='bbox 383 1559 400 1578; x_wconf 92' lang='lat' dir='ltr'>a</span> <span class='ocrx_word' id='word_1_231' title='bbox 413 1551 475 1579; x_wconf 91' lang='lat' dir='ltr'>viro</span> <span class='ocrx_word' id='word_1_232' title='bbox 498 1551 557 1579; x_wconf 88' lang='lat' dir='ltr'>sive</span> <span class='ocrx_word' id='word_1_233' title='bbox 573 1561 589 1579; x_wconf 83' lang='lat' dir='ltr'>a</span> <span class='ocrx_word' id='word_1_234' title='bbox 605 1551 724 1580; x_wconf 88' lang='lat' dir='ltr'>domino</span> <span class='ocrx_word' id='word_1_235' title='bbox 743 1552 910 1580; x_wconf 84' lang='lat' dir='ltr'>concredita</span> <span class='ocrx_word' id='word_1_236' title='bbox 925 1552 1021 1580; x_wconf 80' lang='lat' dir='ltr'>fuerat</span> 
     </span>
    </p>
   </div>
   <div class='ocr_carea' id='block_1_35' title="bbox 1080 256 1882 297">
    <p class='ocr_par' dir='ltr' id='par_1_35' title="bbox 1080 256 1882 297">
     <span class='ocr_line' id='line_1_35' title="bbox 1080 256 1882 297; baseline -0.005 -10"><span class='ocrx_word' id='word_1_237' title='bbox 1080 259 1182 295; x_wconf 76' lang='grc' dir='ltr'>ἡδονὴν</span> <span class='ocrx_word' id='word_1_238' title='bbox 1208 259 1305 297; x_wconf 69' lang='grc' dir='ltr'>ῥέουσα</span> <span class='ocrx_word' id='word_1_239' title='bbox 1328 261 1386 290; x_wconf 84' lang='grc' dir='ltr'>τοῖς</span> <span class='ocrx_word' id='word_1_240' title='bbox 1408 261 1488 286; x_wconf 81' lang='grc' dir='ltr'>πᾶσιν</span> <span class='ocrx_word' id='word_1_241' title='bbox 1513 259 1531 293; x_wconf 81' lang='grc' dir='ltr'><strong>ἡ</strong></span> <span class='ocrx_word' id='word_1_242' title='bbox 1551 257 1660 294; x_wconf 79' lang='grc' dir='ltr'>ὁμιλία,</span> <span class='ocrx_word' id='word_1_243' title='bbox 1675 256 1773 293; x_wconf 72' lang='grc' dir='ltr'>ἄδηλος</span> <span class='ocrx_word' id='word_1_244' title='bbox 1801 258 1842 294; x_wconf 66' lang='grc' dir='ltr'>μὲν</span> <span class='ocrx_word' id='word_1_245' title='bbox 1867 260 1882 293; x_wconf 78' lang='grc' dir='ltr'>ἠ</span> 
     </span>
    </p>
   </div>
   <div class='ocr_carea' id='block_1_36' title="bbox 1080 301 1884 343">
    <p class='ocr_par' dir='ltr' id='par_1_36' title="bbox 1080 301 1884 343">
     <span class='ocr_line' id='line_1_36' title="bbox 1080 301 1884 343; baseline -0.002 -11"><span class='ocrx_word' id='word_1_246' title='bbox 1080 304 1258 343; x_wconf 67' lang='grc' dir='ltr'>σωφροσύνη,</span> <span class='ocrx_word' id='word_1_247' title='bbox 1288 303 1419 334; x_wconf 80' lang='grc' dir='ltr'>πλείστας</span> <span class='ocrx_word' id='word_1_248' title='bbox 1448 302 1476 330; x_wconf 68' lang='grc' dir='ltr'>δὲ</span> <span class='ocrx_word' id='word_1_249' title='bbox 1503 303 1549 334; x_wconf 76' lang='grc' dir='ltr'>τὰς</span> <span class='ocrx_word' id='word_1_250' title='bbox 1589 303 1696 341; x_wconf 74' lang='grc' dir='ltr'>ψήφους</span> <span class='ocrx_word' id='word_1_251' title='bbox 1724 303 1741 337; x_wconf 80' lang='grc' dir='ltr'><strong>ἡ</strong></span> <span class='ocrx_word' id='word_1_252' title='bbox 1770 301 1884 330; x_wconf 72' lang='grc' dir='ltr'>ἀκολασία</span> 
     </span>
    </p>
   </div>
   <div class='ocr_carea' id='block_1_37' title="bbox 1080 346 1884 387">
    <p class='ocr_par' dir='ltr' id='par_1_37' title="bbox 1080 346 1884 387">
     <span class='ocr_line' id='line_1_37' title="bbox 1080 346 1884 387; baseline -0.004 -10"><span class='ocrx_word' id='word_1_253' title='bbox 1080 349 1153 387; x_wconf 81' lang='grc' dir='ltr'>παρᾶ</span> <span class='ocrx_word' id='word_1_254' title='bbox 1167 349 1273 376; x_wconf 81' lang='grc' dir='ltr'>πάντων</span> <span class='ocrx_word' id='word_1_255' title='bbox 1290 349 1347 376; x_wconf 83' lang='grc' dir='ltr'>κατ’</span> <span class='ocrx_word' id='word_1_256' title='bbox 1362 349 1446 382; x_wconf 77' lang='grc' dir='ltr'>αὐτῆς</span> <span class='ocrx_word' id='word_1_257' title='bbox 1463 348 1635 386; x_wconf 66' lang='grc' dir='ltr'>ἀποφέρεται.</span> <span class='ocrx_word' id='word_1_258' title='bbox 1651 346 1739 375; x_wconf 75' lang='grc' dir='ltr'>Ἀλλὰ</span> <span class='ocrx_word' id='word_1_259' title='bbox 1753 349 1829 374; x_wconf 72' lang='grc' dir='ltr'>ταῦτα</span> <span class='ocrx_word' id='word_1_260' title='bbox 1845 347 1884 384; x_wconf 68' lang='grc' dir='ltr'>μὲν</span> 
     </span>
    </p>
   </div>
   <div class='ocr_carea' id='block_1_38' title="bbox 1080 391 1884 430">
    <p class='ocr_par' dir='ltr' id='par_1_38' title="bbox 1080 391 1884 430">
     <span class='ocr_line' id='line_1_38' title="bbox 1080 391 1884 430; baseline -0.005 -8"><span class='ocrx_word' id='word_1_261' title='bbox 1080 394 1124 422; x_wconf 80' lang='grc' dir='ltr'>ἐπὶ</span> <span class='ocrx_word' id='word_1_262' title='bbox 1140 397 1192 422; x_wconf 80' lang='grc' dir='ltr'>τῶν</span> <span class='ocrx_word' id='word_1_263' title='bbox 1210 393 1261 421; x_wconf 82' lang='grc' dir='ltr'>ὅλα</span> <span class='ocrx_word' id='word_1_264' title='bbox 1277 395 1346 430; x_wconf 83' lang='grc' dir='ltr'>ὁμοῦ</span> <span class='ocrx_word' id='word_1_265' title='bbox 1373 393 1440 429; x_wconf 78' lang='grc' dir='ltr'>μετᾶ</span> <span class='ocrx_word' id='word_1_266' title='bbox 1453 395 1507 420; x_wconf 80' lang='grc' dir='ltr'>τῶν</span> <span class='ocrx_word' id='word_1_267' title='bbox 1538 391 1658 428; x_wconf 72' lang='grc' dir='ltr'>διδύμων</span> <span class='ocrx_word' id='word_1_268' title='bbox 1688 391 1884 428; x_wconf 73' lang='grc' dir='ltr'>ἀποκοῲαμένων</span> 
     </span>
    </p>
   </div>
   <div class='ocr_carea' id='block_1_39' title="bbox 1079 436 1886 476">
    <p class='ocr_par' dir='ltr' id='par_1_39' title="bbox 1079 436 1886 476">
     <span class='ocr_line' id='line_1_39' title="bbox 1079 436 1886 476; baseline -0.004 -10"><span class='ocrx_word' id='word_1_269' title='bbox 1079 440 1113 466; x_wconf 77' lang='grc' dir='ltr'>τὰ</span> <span class='ocrx_word' id='word_1_270' title='bbox 1131 439 1223 476; x_wconf 78' lang='grc' dir='ltr'>μόρια,</span> <span class='ocrx_word' id='word_1_271' title='bbox 1239 438 1306 469; x_wconf 81' lang='grc' dir='ltr'>Τοὺς</span> <span class='ocrx_word' id='word_1_272' title='bbox 1321 438 1372 476; x_wconf 80' lang='grc' dir='ltr'>γὰρ</span> <span class='ocrx_word' id='word_1_273' title='bbox 1401 438 1468 474; x_wconf 76' lang='grc' dir='ltr'>μετὰ</span> <span class='ocrx_word' id='word_1_274' title='bbox 1491 437 1522 464; x_wconf 87' lang='grc' dir='ltr'>τὸ</span> <span class='ocrx_word' id='word_1_275' title='bbox 1539 436 1719 474; x_wconf 63' lang='grc' dir='ltr'>’ἀνδρωθῆναι</span> <span class='ocrx_word' id='word_1_276' title='bbox 1744 437 1809 474; x_wconf 86' lang='grc' dir='ltr'>πρὸς</span> <span class='ocrx_word' id='word_1_277' title='bbox 1834 447 1886 464; x_wconf 84' lang='grc' dir='ltr'>συν-</span> 
     </span>
    </p>
   </div>
   <div class='ocr_carea' id='block_1_40' title="bbox 1081 479 1886 520">
    <p class='ocr_par' dir='ltr' id='par_1_40' title="bbox 1081 479 1886 520">
     <span class='ocr_line' id='line_1_40' title="bbox 1081 479 1886 520; baseline -0.005 -9"><span class='ocrx_word' id='word_1_278' title='bbox 1081 484 1171 511; x_wconf 81' lang='grc' dir='ltr'>ουσίαν</span> <span class='ocrx_word' id='word_1_279' title='bbox 1194 483 1227 510; x_wconf 81' lang='grc' dir='ltr'>τὰ</span> <span class='ocrx_word' id='word_1_280' title='bbox 1254 481 1404 520; x_wconf 76' lang='grc' dir='ltr'>παιδογόνα</span> <span class='ocrx_word' id='word_1_281' title='bbox 1434 482 1516 520; x_wconf 86' lang='grc' dir='ltr'>μόρια</span> <span class='ocrx_word' id='word_1_282' title='bbox 1553 482 1653 518; x_wconf 83' lang='grc' dir='ltr'>μόνους</span> <span class='ocrx_word' id='word_1_283' title='bbox 1679 481 1742 512; x_wconf 81' lang='grc' dir='ltr'>τοὺς</span> <span class='ocrx_word' id='word_1_284' title='bbox 1769 479 1886 517; x_wconf 78' lang='grc' dir='ltr'>διδύμους</span> 
     </span>
    </p>
   </div>
   <div class='ocr_carea' id='block_1_41' title="bbox 1082 525 1890 566">
    <p class='ocr_par' dir='ltr' id='par_1_41' title="bbox 1082 525 1890 566">
     <span class='ocr_line' id='line_1_41' title="bbox 1082 525 1890 566; baseline -0.005 -10"><span class='ocrx_word' id='word_1_285' title='bbox 1082 528 1266 565; x_wconf 79' lang='grc' dir='ltr'>ἀποτεμόντας</span> <span class='ocrx_word' id='word_1_286' title='bbox 1290 527 1353 566; x_wconf 81' lang='grc' dir='ltr'>φασὶ</span> <span class='ocrx_word' id='word_1_287' title='bbox 1379 525 1538 564; x_wconf 80' lang='grc' dir='ltr'>δριμύτερόν</span> <span class='ocrx_word' id='word_1_288' title='bbox 1563 536 1592 554; x_wconf 87' lang='grc' dir='ltr'>τε</span> <span class='ocrx_word' id='word_1_289' title='bbox 1619 526 1664 553; x_wconf 75' lang='grc' dir='ltr'>καὶ</span> <span class='ocrx_word' id='word_1_290' title='bbox 1694 525 1804 564; x_wconf 75' lang='grc' dir='ltr'>ἄσχετον</span> <span class='ocrx_word' id='word_1_291' title='bbox 1830 526 1890 563; x_wconf 81' lang='grc' dir='ltr'>πρὸς</span> 
     </span>
    </p>
   </div>
   <div class='ocr_carea' id='block_1_42' title="bbox 1080 570 1889 609">
    <p class='ocr_par' dir='ltr' id='par_1_42' title="bbox 1080 570 1889 609">
     <span class='ocr_line' id='line_1_42' title="bbox 1080 570 1889 609; baseline -0.005 -8"><span class='ocrx_word' id='word_1_292' title='bbox 1080 575 1130 604; x_wconf 73' lang='grc' dir='ltr'>τὰς</span> <span class='ocrx_word' id='word_1_293' title='bbox 1154 572 1294 603; x_wconf 78' lang='grc' dir='ltr'>συνουσίας</span> <span class='ocrx_word' id='word_1_294' title='bbox 1322 571 1484 609; x_wconf 73' lang='grc' dir='ltr'>οίστρεῖσϐαι</span> <span class='ocrx_word' id='word_1_295' title='bbox 1511 572 1578 606; x_wconf 75' lang='grc'>(45),</span> <span class='ocrx_word' id='word_1_296' title='bbox 1594 570 1638 598; x_wconf 85' lang='grc' dir='ltr'>καὶ</span> <span class='ocrx_word' id='word_1_297' title='bbox 1664 571 1715 598; x_wconf 82' lang='grc' dir='ltr'>οὐκ</span> <span class='ocrx_word' id='word_1_298' title='bbox 1740 570 1889 608; x_wconf 66' lang='grc' dir='ltr'>οἶπρεῖσθαι</span> 
     </span>
    </p>
   </div>
   <div class='ocr_carea' id='block_1_43' title="bbox 1083 613 1890 655">
    <p class='ocr_par' dir='ltr' id='par_1_43' title="bbox 1083 613 1890 655">
     <span class='ocr_line' id='line_1_43' title="bbox 1083 613 1890 655; baseline -0.005 -9"><span class='ocrx_word' id='word_1_299' title='bbox 1083 617 1178 655; x_wconf 71' lang='grc' dir='ltr'>μόνον,</span> <span class='ocrx_word' id='word_1_300' title='bbox 1194 616 1267 645; x_wconf 81' lang='grc' dir='ltr'>ἀλλὰ</span> <span class='ocrx_word' id='word_1_301' title='bbox 1294 617 1350 652; x_wconf 80' lang='grc' dir='ltr'>καὶ,</span> <span class='ocrx_word' id='word_1_302' title='bbox 1367 617 1404 647; x_wconf 82' lang='grc' dir='ltr'>ὡς</span> <span class='ocrx_word' id='word_1_303' title='bbox 1434 616 1526 647; x_wconf 83' lang='grc' dir='ltr'>αὐτοῖς</span> <span class='ocrx_word' id='word_1_304' title='bbox 1547 614 1634 649; x_wconf 82' lang='grc' dir='ltr'>δοκεῖ,</span> <span class='ocrx_word' id='word_1_305' title='bbox 1657 613 1803 646; x_wconf 79' lang='grc' dir='ltr'>ἀκινδύνως</span> <span class='ocrx_word' id='word_1_306' title='bbox 1827 615 1890 654; x_wconf 74' lang='grc' dir='ltr'>φθεί-</span> 
     </span>
    </p>
   </div>
   <div class='ocr_carea' id='block_1_44' title="bbox 1083 659 1890 700">
    <p class='ocr_par' dir='ltr' id='par_1_44' title="bbox 1083 659 1890 700">
     <span class='ocr_line' id='line_1_44' title="bbox 1083 659 1890 700; baseline -0.004 -11"><span class='ocrx_word' id='word_1_307' title='bbox 1083 673 1137 700; x_wconf 83' lang='grc' dir='ltr'>ρειν</span> <span class='ocrx_word' id='word_1_308' title='bbox 1164 663 1212 694; x_wconf 79' lang='grc' dir='ltr'>τὰς</span> <span class='ocrx_word' id='word_1_309' title='bbox 1237 661 1455 699; x_wconf 77' lang='grc' dir='ltr'>προσ-τυχούσας.</span> <span class='ocrx_word' id='word_1_310' title='bbox 1470 660 1539 688; x_wconf 78' lang='grc' dir='ltr'>Φασὶ</span> <span class='ocrx_word' id='word_1_311' title='bbox 1560 661 1611 698; x_wconf 72' lang='grc' dir='ltr'>γὰρ</span> <span class='ocrx_word' id='word_1_312' title='bbox 1636 660 1688 694; x_wconf 78' lang='grc' dir='ltr'>δτι,</span> <span class='ocrx_word' id='word_1_313' title='bbox 1713 659 1890 687; x_wconf 78' lang='grc' dir='ltr'>ἄποκοπίντων</span> 
     </span>
    </p>
   </div>
   <div class='ocr_carea' id='block_1_45' title="bbox 1082 704 1889 743">
    <p class='ocr_par' dir='ltr' id='par_1_45' title="bbox 1082 704 1889 743">
     <span class='ocr_line' id='line_1_45' title="bbox 1082 704 1889 743; baseline -0.006 -8"><span class='ocrx_word' id='word_1_314' title='bbox 1082 708 1201 739; x_wconf 75' lang='grc' dir='ltr'>κάτωθεν</span> <span class='ocrx_word' id='word_1_315' title='bbox 1217 709 1270 734; x_wconf 82' lang='grc' dir='ltr'>τῶν</span> <span class='ocrx_word' id='word_1_316' title='bbox 1288 704 1421 742; x_wconf 81' lang='grc' dir='ltr'>διδύμων,</span> <span class='ocrx_word' id='word_1_317' title='bbox 1437 706 1462 732; x_wconf 83' lang='grc' dir='ltr'>οἳ</span> <span class='ocrx_word' id='word_1_318' title='bbox 1478 709 1528 740; x_wconf 79' lang='grc' dir='ltr'>τῆς</span> <span class='ocrx_word' id='word_1_319' title='bbox 1551 708 1636 743; x_wconf 83' lang='grc' dir='ltr'>γονῆς</span> <span class='ocrx_word' id='word_1_320' title='bbox 1661 705 1714 732; x_wconf 77' lang='grc' dir='ltr'>ἀπὸ</span> <span class='ocrx_word' id='word_1_321' title='bbox 1741 704 1836 743; x_wconf 74' lang='grc' dir='ltr'>ὀσφύος</span> <span class='ocrx_word' id='word_1_322' title='bbox 1853 704 1889 731; x_wconf 78' lang='grc' dir='ltr'>καὶ</span> 
     </span>
    </p>
   </div>
   <div class='ocr_carea' id='block_1_46' title="bbox 1082 748 1890 791">
    <p class='ocr_par' dir='ltr' id='par_1_46' title="bbox 1082 748 1890 791">
     <span class='ocr_line' id='line_1_46' title="bbox 1082 748 1890 791; baseline -0.005 -12"><span class='ocrx_word' id='word_1_323' title='bbox 1082 754 1185 791; x_wconf 78' lang='grc' dir='ltr'>νεφρῶν</span> <span class='ocrx_word' id='word_1_324' title='bbox 1215 751 1258 778; x_wconf 79' lang='grc' dir='ltr'>ἐπὶ</span> <span class='ocrx_word' id='word_1_325' title='bbox 1287 750 1318 778; x_wconf 84' lang='grc' dir='ltr'>τὸ</span> <span class='ocrx_word' id='word_1_326' title='bbox 1348 750 1445 778; x_wconf 82' lang='grc' dir='ltr'>λοιπὸν</span> <span class='ocrx_word' id='word_1_327' title='bbox 1485 749 1580 788; x_wconf 82' lang='grc' dir='ltr'>μόριον</span> <span class='ocrx_word' id='word_1_328' title='bbox 1619 748 1740 776; x_wconf 76' lang='grc' dir='ltr'>διάκονοι</span> <span class='ocrx_word' id='word_1_329' title='bbox 1774 748 1890 786; x_wconf 81' lang='grc' dir='ltr'>γίνονται,</span> 
     </span>
    </p>
   </div>
   <div class='ocr_carea' id='block_1_47' title="bbox 1085 792 1892 833">
    <p class='ocr_par' dir='ltr' id='par_1_47' title="bbox 1085 792 1892 833">
     <span class='ocr_line' id='line_1_47' title="bbox 1085 792 1892 833; baseline -0.006 -9"><span class='ocrx_word' id='word_1_330' title='bbox 1085 797 1182 833; x_wconf 79' lang='grc' dir='ltr'>μύουσι</span> <span class='ocrx_word' id='word_1_331' title='bbox 1213 796 1260 832; x_wconf 72' lang='grc' dir='ltr'>μὲν</span> <span class='ocrx_word' id='word_1_332' title='bbox 1287 795 1354 832; x_wconf 71' lang='grc' dir='ltr'>μετὰ</span> <span class='ocrx_word' id='word_1_333' title='bbox 1375 795 1423 829; x_wconf 85' lang='grc' dir='ltr'>τήν</span> <span class='ocrx_word' id='word_1_334' title='bbox 1447 795 1535 831; x_wconf 71' lang='grc' dir='ltr'>τομὴν</span> <span class='ocrx_word' id='word_1_335' title='bbox 1562 793 1616 821; x_wconf 79' lang='grc' dir='ltr'>ἄνω</span> <span class='ocrx_word' id='word_1_336' title='bbox 1641 794 1667 820; x_wconf 79' lang='grc' dir='ltr'>οἱ</span> <span class='ocrx_word' id='word_1_337' title='bbox 1681 793 1774 831; x_wconf 78' lang='grc' dir='ltr'>πόροι,</span> <span class='ocrx_word' id='word_1_338' title='bbox 1794 792 1892 827; x_wconf 83' lang='grc' dir='ltr'>ζιούσης</span> 
     </span>
    </p>
   </div>
   <div class='ocr_carea' id='block_1_48' title="bbox 1083 835 1892 878">
    <p class='ocr_par' dir='ltr' id='par_1_48' title="bbox 1083 835 1892 878">
     <span class='ocr_line' id='line_1_48' title="bbox 1083 835 1892 878; baseline -0.006 -10"><span class='ocrx_word' id='word_1_339' title='bbox 1083 840 1111 868; x_wconf 76' lang='grc' dir='ltr'>δὲ</span> <span class='ocrx_word' id='word_1_340' title='bbox 1134 841 1159 868; x_wconf 87' lang='grc' dir='ltr'>ἐν</span> <span class='ocrx_word' id='word_1_341' title='bbox 1183 843 1241 871; x_wconf 86' lang='grc' dir='ltr'>τοῖς</span> <span class='ocrx_word' id='word_1_342' title='bbox 1263 843 1370 878; x_wconf 79' lang='grc' dir='ltr'>νεφροῖς</span> <span class='ocrx_word' id='word_1_343' title='bbox 1394 841 1444 873; x_wconf 79' lang='grc' dir='ltr'>τῆς</span> <span class='ocrx_word' id='word_1_344' title='bbox 1469 839 1614 876; x_wconf 72' lang='grc' dir='ltr'>ἰπιθυμίας</span> <span class='ocrx_word' id='word_1_345' title='bbox 1633 838 1678 865; x_wconf 79' lang='grc' dir='ltr'>καὶ</span> <span class='ocrx_word' id='word_1_346' title='bbox 1692 838 1741 872; x_wconf 81' lang='grc' dir='ltr'>τήν</span> <span class='ocrx_word' id='word_1_347' title='bbox 1757 837 1836 875; x_wconf 76' lang='grc' dir='ltr'>γονὴν</span> <span class='ocrx_word' id='word_1_348' title='bbox 1853 835 1892 863; x_wconf 77' lang='grc' dir='ltr'>οὔ-</span> 
     </span>
    </p>
   </div>
   <div class='ocr_carea' id='block_1_49' title="bbox 1083 882 1890 922">
    <p class='ocr_par' dir='ltr' id='par_1_49' title="bbox 1083 882 1890 922">
     <span class='ocr_line' id='line_1_49' title="bbox 1083 882 1890 922; baseline -0.006 -9"><span class='ocrx_word' id='word_1_349' title='bbox 1083 896 1135 916; x_wconf 89' lang='grc' dir='ltr'>τως</span> <span class='ocrx_word' id='word_1_350' title='bbox 1166 884 1360 922; x_wconf 74' lang='grc' dir='ltr'>ἐξαφριζοὺσης</span> <span class='ocrx_word' id='word_1_351' title='bbox 1389 885 1458 920; x_wconf 82' lang='grc'>(46),</span> <span class='ocrx_word' id='word_1_352' title='bbox 1483 883 1629 920; x_wconf 81' lang='grc' dir='ltr'>οἶστρεῖται</span> <span class='ocrx_word' id='word_1_353' title='bbox 1656 883 1704 919; x_wconf 78' lang='grc' dir='ltr'>μὶν</span> <span class='ocrx_word' id='word_1_354' title='bbox 1732 882 1799 918; x_wconf 87' lang='grc' dir='ltr'>πρὸς</span> <span class='ocrx_word' id='word_1_355' title='bbox 1820 891 1890 908; x_wconf 74' lang='grc' dir='ltr'>κατα-</span> 
     </span>
    </p>
   </div>
   <div class='ocr_carea' id='block_1_50' title="bbox 1083 925 1892 966">
    <p class='ocr_par' dir='ltr' id='par_1_50' title="bbox 1083 925 1892 966">
     <span class='ocr_line' id='line_1_50' title="bbox 1083 925 1892 966; baseline -0.006 -9"><span class='ocrx_word' id='word_1_356' title='bbox 1083 928 1169 964; x_wconf 75' lang='grc' dir='ltr'>ϐολὴν</span> <span class='ocrx_word' id='word_1_357' title='bbox 1195 932 1244 960; x_wconf 61' lang='grc' dir='ltr'>τθὶῖς</span> <span class='ocrx_word' id='word_1_358' title='bbox 1268 932 1352 966; x_wconf 84' lang='grc' dir='ltr'>γονῆς</span> <span class='ocrx_word' id='word_1_359' title='bbox 1376 929 1390 955; x_wconf 89' lang='grc' dir='ltr'><strong>ὁ</strong></span> <span class='ocrx_word' id='word_1_360' title='bbox 1415 928 1495 964; x_wconf 73' lang='grc' dir='ltr'>ἀνὴρ,</span> <span class='ocrx_word' id='word_1_361' title='bbox 1515 927 1559 955; x_wconf 81' lang='grc' dir='ltr'>καὶ</span> <span class='ocrx_word' id='word_1_362' title='bbox 1584 928 1615 954; x_wconf 84' lang='grc' dir='ltr'>τὸ</span> <span class='ocrx_word' id='word_1_363' title='bbox 1646 925 1824 965; x_wconf 77' lang='grc' dir='ltr'>βρασσὸμενον</span> <span class='ocrx_word' id='word_1_364' title='bbox 1851 926 1892 952; x_wconf 86' lang='grc' dir='ltr'>ἁπ-</span> 
     </span>
    </p>
   </div>
   <div class='ocr_carea' id='block_1_51' title="bbox 1082 969 1890 1011">
    <p class='ocr_par' dir='ltr' id='par_1_51' title="bbox 1082 969 1890 1011">
     <span class='ocr_line' id='line_1_51' title="bbox 1082 969 1890 1011; baseline -0.005 -10"><span class='ocrx_word' id='word_1_365' title='bbox 1082 975 1221 1011; x_wconf 75' lang='grc' dir='ltr'>οχιτεῧσαι</span> <span class='ocrx_word' id='word_1_366' title='bbox 1238 977 1345 1009; x_wconf 70' lang='grc' dir='ltr'>σπέρμα</span> <span class='ocrx_word' id='word_1_367' title='bbox 1361 972 1409 999; x_wconf 82' lang='grc' dir='ltr'>οὐκ</span> <span class='ocrx_word' id='word_1_368' title='bbox 1437 969 1520 1009; x_wconf 69' lang='grc' dir='ltr'>ἔχων⁷</span> <span class='ocrx_word' id='word_1_369' title='bbox 1537 971 1677 1006; x_wconf 84' lang='grc' dir='ltr'>ὁπλίζεται</span> <span class='ocrx_word' id='word_1_370' title='bbox 1703 971 1751 1007; x_wconf 81' lang='grc' dir='ltr'>μὲν</span> <span class='ocrx_word' id='word_1_371' title='bbox 1775 970 1857 1005; x_wconf 86' lang='grc' dir='ltr'>τούτῳ</span> <span class='ocrx_word' id='word_1_372' title='bbox 1877 969 1890 996; x_wconf 80' lang='grc' dir='ltr'>’ὁ</span> 
     </span>
    </p>
   </div>
   <div class='ocr_carea' id='block_1_52' title="bbox 1082 1015 1891 1056">
    <p class='ocr_par' dir='ltr' id='par_1_52' title="bbox 1082 1015 1891 1056">
     <span class='ocr_line' id='line_1_52' title="bbox 1082 1015 1891 1056; baseline -0.007 -10"><span class='ocrx_word' id='word_1_373' title='bbox 1082 1019 1168 1054; x_wconf 76' lang='grc' dir='ltr'>ἱαυτῷ</span> <span class='ocrx_word' id='word_1_374' title='bbox 1183 1019 1251 1056; x_wconf 82' lang='grc' dir='ltr'>πρὸς</span> <span class='ocrx_word' id='word_1_375' title='bbox 1275 1017 1322 1048; x_wconf 83' lang='grc' dir='ltr'>τὰς</span> <span class='ocrx_word' id='word_1_376' title='bbox 1347 1016 1489 1047; x_wconf 76' lang='grc' dir='ltr'>συνουσίας</span> <span class='ocrx_word' id='word_1_377' title='bbox 1517 1015 1632 1054; x_wconf 71' lang='grc' dir='ltr'>ὲφύλαξε</span> <span class='ocrx_word' id='word_1_378' title='bbox 1659 1016 1729 1052; x_wconf 86' lang='grc' dir='ltr'>πρὸς</span> <span class='ocrx_word' id='word_1_379' title='bbox 1756 1015 1805 1048; x_wconf 88' lang='grc' dir='ltr'>τήν</span> <span class='ocrx_word' id='word_1_380' title='bbox 1831 1015 1891 1051; x_wconf 80' lang='grc' dir='ltr'>πρᾶ-</span> 
     </span>
    </p>
   </div>
   <div class='ocr_carea' id='block_1_53' title="bbox 1082 1057 1890 1100">
    <p class='ocr_par' dir='ltr' id='par_1_53' title="bbox 1082 1057 1890 1100">
     <span class='ocr_line' id='line_1_53' title="bbox 1082 1057 1890 1100; baseline -0.007 -10"><span class='ocrx_word' id='word_1_381' title='bbox 1082 1063 1132 1098; x_wconf 85' lang='grc' dir='ltr'>ξιν.</span> <span class='ocrx_word' id='word_1_382' title='bbox 1149 1062 1249 1100; x_wconf 73' lang='grc' dir='ltr'>Δὲλεαρ</span> <span class='ocrx_word' id='word_1_383' title='bbox 1266 1061 1295 1089; x_wconf 74' lang='grc' dir='ltr'>δὲ</span> <span class='ocrx_word' id='word_1_384' title='bbox 1310 1062 1358 1096; x_wconf 79' lang='grc' dir='ltr'>τήν</span> <span class='ocrx_word' id='word_1_385' title='bbox 1372 1063 1426 1089; x_wconf 80' lang='grc' dir='ltr'>τῶν</span> <span class='ocrx_word' id='word_1_386' title='bbox 1441 1059 1562 1098; x_wconf 78' lang='grc' dir='ltr'>διδύμων</span> <span class='ocrx_word' id='word_1_387' title='bbox 1579 1059 1721 1098; x_wconf 82' lang='grc' dir='ltr'>εὐνουχίαν</span> <span class='ocrx_word' id='word_1_388' title='bbox 1745 1058 1779 1096; x_wconf 74' lang='grc' dir='ltr'>τῇ</span> <span class='ocrx_word' id='word_1_389' title='bbox 1799 1057 1890 1096; x_wconf 79' lang='grc' dir='ltr'>γυναικὶ</span> 
     </span>
    </p>
   </div>
   <div class='ocr_carea' id='block_1_54' title="bbox 1082 1101 1893 1142">
    <p class='ocr_par' dir='ltr' id='par_1_54' title="bbox 1082 1101 1893 1142">
     <span class='ocr_line' id='line_1_54' title="bbox 1082 1101 1893 1142; baseline -0.007 -7"><span class='ocrx_word' id='word_1_390' title='bbox 1082 1107 1120 1138; x_wconf 82' lang='grc' dir='ltr'>εἰς</span> <span class='ocrx_word' id='word_1_391' title='bbox 1149 1107 1253 1142; x_wconf 80' lang='grc' dir='ltr'>ἀπάτην</span> <span class='ocrx_word' id='word_1_392' title='bbox 1284 1105 1378 1138; x_wconf 79' lang='grc' dir='ltr'>δεινῶς</span> <span class='ocrx_word' id='word_1_393' title='bbox 1399 1106 1595 1142; x_wconf 75' lang='grc' dir='ltr'>ποιησάμενος,</span> <span class='ocrx_word' id='word_1_394' title='bbox 1623 1103 1833 1141; x_wconf 72' lang='grc' dir='ltr'>ἀκολαστότερον</span> <span class='ocrx_word' id='word_1_395' title='bbox 1855 1101 1893 1138; x_wconf 78' lang='grc' dir='ltr'>μί-</span> 
     </span>
    </p>
   </div>
   <div class='ocr_carea' id='block_1_55' title="bbox 1081 1146 1892 1191">
    <p class='ocr_par' dir='ltr' id='par_1_55' title="bbox 1081 1146 1892 1191">
     <span class='ocr_line' id='line_1_55' title="bbox 1081 1146 1892 1191; baseline -0.007 -11"><span class='ocrx_word' id='word_1_396' title='bbox 1081 1163 1184 1191; x_wconf 83' lang='grc' dir='ltr'>γνυται.</span> <span class='ocrx_word' id='word_1_397' title='bbox 1200 1152 1230 1180; x_wconf 92' lang='grc' dir='ltr'>Ὁ</span> <span class='ocrx_word' id='word_1_398' title='bbox 1261 1151 1307 1188; x_wconf 65' lang='grc' dir='ltr'>μὲι</span> <span class='ocrx_word' id='word_1_399' title='bbox 1337 1151 1388 1189; x_wconf 77' lang='grc' dir='ltr'>γὰρ</span> <span class='ocrx_word' id='word_1_400' title='bbox 1412 1151 1481 1178; x_wconf 85' lang='grc' dir='ltr'>κατὰ</span> <span class='ocrx_word' id='word_1_401' title='bbox 1505 1150 1582 1189; x_wconf 72' lang='grc' dir='ltr'>φύσιν</span> <span class='ocrx_word' id='word_1_402' title='bbox 1597 1149 1669 1187; x_wconf 83' lang='grc' dir='ltr'>ἔχων</span> <span class='ocrx_word' id='word_1_403' title='bbox 1686 1149 1767 1186; x_wconf 78' lang='grc' dir='ltr'>ἀνὴρ,</span> <span class='ocrx_word' id='word_1_404' title='bbox 1783 1146 1892 1182; x_wconf 73' lang='grc' dir='ltr'>διαδεξα-</span> 
     </span>
    </p>
   </div>
   <div class='ocr_carea' id='block_1_56' title="bbox 1084 1191 1892 1233">
    <p class='ocr_par' dir='ltr' id='par_1_56' title="bbox 1084 1191 1892 1233">
     <span class='ocr_line' id='line_1_56' title="bbox 1084 1191 1892 1233; baseline -0.007 -9"><span class='ocrx_word' id='word_1_405' title='bbox 1084 1197 1171 1233; x_wconf 69' lang='grc' dir='ltr'>μένων</span> <span class='ocrx_word' id='word_1_406' title='bbox 1197 1199 1252 1223; x_wconf 81' lang='grc' dir='ltr'>τῶν</span> <span class='ocrx_word' id='word_1_407' title='bbox 1283 1194 1404 1232; x_wconf 82' lang='grc' dir='ltr'>διδύμων</span> <span class='ocrx_word' id='word_1_408' title='bbox 1435 1193 1536 1226; x_wconf 78' lang='grc' dir='ltr'>ἄνωθεν</span> <span class='ocrx_word' id='word_1_409' title='bbox 1563 1195 1612 1228; x_wconf 82' lang='grc' dir='ltr'>τήν</span> <span class='ocrx_word' id='word_1_410' title='bbox 1641 1193 1736 1231; x_wconf 69' lang='grc' dir='ltr'>γονήν,</span> <span class='ocrx_word' id='word_1_411' title='bbox 1765 1192 1808 1220; x_wconf 75' lang='grc' dir='ltr'>καὶ</span> <span class='ocrx_word' id='word_1_412' title='bbox 1834 1191 1892 1229; x_wconf 69' lang='grc' dir='ltr'>πρὸς</span> 
     </span>
    </p>
   </div>
   <div class='ocr_carea' id='block_1_57' title="bbox 1083 1237 1896 1279">
    <p class='ocr_par' dir='ltr' id='par_1_57' title="bbox 1083 1237 1896 1279">
     <span class='ocr_line' id='line_1_57' title="bbox 1083 1237 1896 1279; baseline -0.007 -10"><span class='ocrx_word' id='word_1_413' title='bbox 1083 1242 1185 1279; x_wconf 71' lang='grc' dir='ltr'>σπορὰν</span> <span class='ocrx_word' id='word_1_414' title='bbox 1215 1241 1334 1272; x_wconf 71' lang='grc' dir='ltr'>ἐντεῦθεν</span> <span class='ocrx_word' id='word_1_415' title='bbox 1374 1239 1624 1276; x_wconf 78' lang='grc' dir='ltr'>παραπεμψάντων,</span> <span class='ocrx_word' id='word_1_416' title='bbox 1649 1238 1712 1274; x_wconf 74' lang='grc' dir='ltr'>ἑξῆς</span> <span class='ocrx_word' id='word_1_417' title='bbox 1751 1237 1896 1265; x_wconf 73' lang='grc' dir='ltr'>ἐκπεσόντος</span> 
     </span>
    </p>
   </div>
   <div class='ocr_carea' id='block_1_58' title="bbox 1082 1279 1894 1323">
    <p class='ocr_par' dir='ltr' id='par_1_58' title="bbox 1082 1279 1894 1323">
     <span class='ocr_line' id='line_1_58' title="bbox 1082 1279 1894 1323; baseline -0.007 -10"><span class='ocrx_word' id='word_1_418' title='bbox 1082 1288 1130 1313; x_wconf 81' lang='grc' dir='ltr'>τοῦ</span> <span class='ocrx_word' id='word_1_419' title='bbox 1160 1285 1262 1323; x_wconf 80' lang='grc' dir='ltr'>σπόρου</span> <span class='ocrx_word' id='word_1_420' title='bbox 1283 1284 1470 1322; x_wconf 69' lang='grc' dir='ltr'>διαφορηθείς,</span> <span class='ocrx_word' id='word_1_421' title='bbox 1484 1284 1533 1318; x_wconf 84' lang='grc' dir='ltr'>τήν</span> <span class='ocrx_word' id='word_1_422' title='bbox 1564 1282 1709 1320; x_wconf 81' lang='grc' dir='ltr'>ἐπιθυμίαν</span> <span class='ocrx_word' id='word_1_423' title='bbox 1738 1279 1894 1318; x_wconf 71' lang='grc' dir='ltr'>καταμαραί-</span> 
     </span>
    </p>
   </div>
   <div class='ocr_carea' id='block_1_59' title="bbox 1082 1326 1892 1366">
    <p class='ocr_par' dir='ltr' id='par_1_59' title="bbox 1082 1326 1892 1366">
     <span class='ocr_line' id='line_1_59' title="bbox 1082 1326 1892 1366; baseline -0.007 -8"><span class='ocrx_word' id='word_1_424' title='bbox 1082 1340 1165 1358; x_wconf 82' lang='grc' dir='ltr'>νεται·</span> <span class='ocrx_word' id='word_1_425' title='bbox 1184 1331 1198 1357; x_wconf 81' lang='grc' dir='ltr'>ὁ</span> <span class='ocrx_word' id='word_1_426' title='bbox 1228 1329 1257 1357; x_wconf 74' lang='grc' dir='ltr'>δὲ</span> <span class='ocrx_word' id='word_1_427' title='bbox 1281 1329 1330 1356; x_wconf 86' lang='grc' dir='ltr'>οὐκ</span> <span class='ocrx_word' id='word_1_428' title='bbox 1357 1328 1430 1366; x_wconf 76' lang='grc' dir='ltr'>ἔχων</span> <span class='ocrx_word' id='word_1_429' title='bbox 1460 1328 1519 1360; x_wconf 76' lang='grc' dir='ltr'>ὅθεν</span> <span class='ocrx_word' id='word_1_430' title='bbox 1547 1329 1579 1355; x_wconf 80' lang='grc' dir='ltr'>τὸ</span> <span class='ocrx_word' id='word_1_431' title='bbox 1593 1326 1761 1366; x_wconf 81' lang='grc' dir='ltr'>γαργαλίζον</span> <span class='ocrx_word' id='word_1_432' title='bbox 1789 1326 1892 1361; x_wconf 78' lang='grc' dir='ltr'>κενώσῃ,</span> 
     </span>
    </p>
   </div>
   <div class='ocr_carea' id='block_1_60' title="bbox 1086 1372 1892 1412">
    <p class='ocr_par' dir='ltr' id='par_1_60' title="bbox 1086 1372 1892 1412">
     <span class='ocr_line' id='line_1_60' title="bbox 1086 1372 1892 1412; baseline -0.007 -10"><span class='ocrx_word' id='word_1_433' title='bbox 1086 1375 1165 1412; x_wconf 85' lang='grc' dir='ltr'>μόγις</span> <span class='ocrx_word' id='word_1_434' title='bbox 1177 1377 1226 1402; x_wconf 82' lang='grc' dir='ltr'>τοῦ</span> <span class='ocrx_word' id='word_1_435' title='bbox 1248 1374 1333 1401; x_wconf 88' lang='grc' dir='ltr'>πόνου</span> <span class='ocrx_word' id='word_1_436' title='bbox 1359 1373 1480 1412; x_wconf 81' lang='grc' dir='ltr'>ὗφίησιν,</span> <span class='ocrx_word' id='word_1_437' title='bbox 1497 1372 1578 1410; x_wconf 80' lang='grc' dir='ltr'>ἄχρις</span> <span class='ocrx_word' id='word_1_438' title='bbox 1602 1372 1632 1399; x_wconf 81' lang='grc' dir='ltr'>ἂν</span> <span class='ocrx_word' id='word_1_439' title='bbox 1653 1373 1777 1409; x_wconf 82' lang='grc' dir='ltr'>κάματος</span> <span class='ocrx_word' id='word_1_440' title='bbox 1799 1372 1892 1404; x_wconf 77' lang='grc' dir='ltr'>τοῦτον,</span> 
     </span>
    </p>
   </div>
   <div class='ocr_carea' id='block_1_61' title="bbox 1084 1414 1896 1459">
    <p class='ocr_par' dir='ltr' id='par_1_61' title="bbox 1084 1414 1896 1459">
     <span class='ocr_line' id='line_1_61' title="bbox 1084 1414 1896 1459; baseline -0.009 -12"><span class='ocrx_word' id='word_1_441' title='bbox 1084 1420 1158 1459; x_wconf 80' lang='grc' dir='ltr'>φασὶ,</span> <span class='ocrx_word' id='word_1_442' title='bbox 1174 1418 1315 1447; x_wconf 79' lang='grc' dir='ltr'>λυσσῶντα</span> <span class='ocrx_word' id='word_1_443' title='bbox 1344 1417 1456 1456; x_wconf 73' lang='grc' dir='ltr'>ἰκλύσῃ.</span> <span class='ocrx_word' id='word_1_444' title='bbox 1487 1419 1576 1445; x_wconf 79' lang='grc' dir='ltr'>Ταῦτα</span> <span class='ocrx_word' id='word_1_445' title='bbox 1604 1417 1658 1455; x_wconf 79' lang='grc' dir='ltr'>οὐχ</span> <span class='ocrx_word' id='word_1_446' title='bbox 1687 1417 1701 1444; x_wconf 84' lang='grc' dir='ltr'>ὁ</span> <span class='ocrx_word' id='word_1_447' title='bbox 1725 1420 1776 1451; x_wconf 85' lang='grc' dir='ltr'>τῆς</span> <span class='ocrx_word' id='word_1_448' title='bbox 1804 1414 1896 1454; x_wconf 75' lang='grc' dir='ltr'>φύσεως</span> 
     </span>
    </p>
   </div>
   <div class='ocr_carea' id='block_1_62' title="bbox 1084 1458 1893 1503">
    <p class='ocr_par' dir='ltr' id='par_1_62' title="bbox 1084 1458 1893 1503">
     <span class='ocr_line' id='line_1_62' title="bbox 1084 1458 1893 1503; baseline -0.009 -11"><span class='ocrx_word' id='word_1_449' title='bbox 1084 1458 1165 1503; x_wconf 80' lang='grc' dir='ltr'>λόγος</span> <span class='ocrx_word' id='word_1_450' title='bbox 1196 1464 1290 1501; x_wconf 80' lang='grc' dir='ltr'>μόνον,</span> <span class='ocrx_word' id='word_1_451' title='bbox 1306 1463 1380 1491; x_wconf 80' lang='grc' dir='ltr'>ἀλλά</span> <span class='ocrx_word' id='word_1_452' title='bbox 1408 1462 1452 1490; x_wconf 82' lang='grc' dir='ltr'>καὶ</span> <span class='ocrx_word' id='word_1_453' title='bbox 1472 1463 1489 1497; x_wconf 82' lang='grc' dir='ltr'>ἡ</span> <span class='ocrx_word' id='word_1_454' title='bbox 1510 1464 1592 1499; x_wconf 79' lang='grc' dir='ltr'>πεῖρα</span> <span class='ocrx_word' id='word_1_455' title='bbox 1621 1460 1650 1488; x_wconf 71' lang='grc' dir='ltr'>δὲ</span> <span class='ocrx_word' id='word_1_456' title='bbox 1677 1461 1748 1497; x_wconf 81' lang='grc' dir='ltr'>πρὸς</span> <span class='ocrx_word' id='word_1_457' title='bbox 1772 1461 1816 1488; x_wconf 79' lang='grc' dir='ltr'>τὸν</span> <span class='ocrx_word' id='word_1_458' title='bbox 1842 1458 1893 1496; x_wconf 82' lang='grc' dir='ltr'>βίον</span> 
     </span>
    </p>
   </div>
   <div class='ocr_carea' id='block_1_63' title="bbox 1084 1503 1895 1545">
    <p class='ocr_par' dir='ltr' id='par_1_63' title="bbox 1084 1503 1895 1545">
     <span class='ocr_line' id='line_1_63' title="bbox 1084 1503 1895 1545; baseline -0.009 -9"><span class='ocrx_word' id='word_1_459' title='bbox 1084 1511 1163 1545; x_wconf 79' lang='grc' dir='ltr'>ἡμῶν</span> <span class='ocrx_word' id='word_1_460' title='bbox 1181 1508 1360 1545; x_wconf 80' lang='grc' dir='ltr'>ἐμαρτύρατο.</span> <span class='ocrx_word' id='word_1_461' title='bbox 1377 1507 1415 1538; x_wconf 87' lang='grc' dir='ltr'>ὡς</span> <span class='ocrx_word' id='word_1_462' title='bbox 1438 1507 1506 1544; x_wconf 85' lang='grc' dir='ltr'>πρὸς</span> <span class='ocrx_word' id='word_1_463' title='bbox 1537 1506 1586 1544; x_wconf 68' lang='grc' dir='ltr'><strong>ἒμὲ</strong></span> <span class='ocrx_word' id='word_1_464' title='bbox 1613 1516 1655 1537; x_wconf 88' lang='grc' dir='ltr'>τις</span> <span class='ocrx_word' id='word_1_465' title='bbox 1677 1507 1734 1533; x_wconf 80' lang='grc' dir='ltr'>τῶν</span> <span class='ocrx_word' id='word_1_466' title='bbox 1762 1503 1895 1539; x_wconf 77' lang='grc' dir='ltr'>αἱδεσίμων</span> 
     </span>
    </p>
   </div>
   <div class='ocr_carea' id='block_1_64' title="bbox 1086 1548 1896 1588">
    <p class='ocr_par' dir='ltr' id='par_1_64' title="bbox 1086 1548 1896 1588">
     <span class='ocr_line' id='line_1_64' title="bbox 1086 1548 1896 1588; baseline -0.005 -7"><span class='ocrx_word' id='word_1_467' title='bbox 1086 1553 1130 1581; x_wconf 82' lang='grc' dir='ltr'>καὶ</span> <span class='ocrx_word' id='word_1_468' title='bbox 1146 1553 1231 1588; x_wconf 86' lang='grc' dir='ltr'>πολίᾷ</span> <span class='ocrx_word' id='word_1_469' title='bbox 1244 1553 1289 1580; x_wconf 83' lang='grc' dir='ltr'>καὶ</span> <span class='ocrx_word' id='word_1_470' title='bbox 1315 1553 1367 1588; x_wconf 78' lang='grc' dir='ltr'>βίῳ</span> <span class='ocrx_word' id='word_1_471' title='bbox 1391 1551 1509 1582; x_wconf 87' lang='grc' dir='ltr'>παλαιὸς</span> <span class='ocrx_word' id='word_1_472' title='bbox 1536 1551 1613 1586; x_wconf 79' lang='grc' dir='ltr'>ἀνὴρ,</span> <span class='ocrx_word' id='word_1_473' title='bbox 1630 1548 1896 1587; x_wconf 74' lang='grc' dir='ltr'>ἐξομολογησαμὲνης</span> 
     </span>
    </p>
   </div>
   <div class='ocr_carea' id='block_1_65' title="bbox 202 1590 1027 1636">
    <p class='ocr_par' dir='ltr' id='par_1_65' title="bbox 202 1595 1024 1632">
     <span class='ocr_line' id='line_1_65' title="bbox 202 1595 1024 1632; baseline 0.002 -10"><span class='ocrx_word' id='word_1_474' title='bbox 202 1595 349 1631; x_wconf 90' lang='lat' dir='ltr'>impudice</span> <span class='ocrx_word' id='word_1_475' title='bbox 365 1602 464 1623; x_wconf 86' lang='lat' dir='ltr'>secum</span> <span class='ocrx_word' id='word_1_476' title='bbox 480 1596 664 1624; x_wconf 84' lang='lat' dir='ltr'>commisceri</span> <span class='ocrx_word' id='word_1_477' title='bbox 680 1596 809 1624; x_wconf 87' lang='lat' dir='ltr'>solitum.</span> <span class='ocrx_word' id='word_1_478' title='bbox 822 1599 862 1624; x_wconf 79' lang='lat' dir='ltr'>Ac</span> <span class='ocrx_word' id='word_1_479' title='bbox 877 1597 1024 1632; x_wconf 83' lang='lat' dir='ltr'>audacior,</span> 
     </span>
    </p>
   </div>
   <div class='ocr_carea' id='block_1_66' title="bbox 1084 1590 1897 1636">
    <p class='ocr_par' dir='ltr' id='par_1_66' title="bbox 1084 1592 1897 1636">
     <span class='ocr_line' id='line_1_66' title="bbox 1084 1592 1897 1636; baseline -0.009 -10"><span class='ocrx_word' id='word_1_480' title='bbox 1084 1598 1149 1636; x_wconf 86' lang='grc' dir='ltr'>πρὸς</span> <span class='ocrx_word' id='word_1_481' title='bbox 1183 1597 1262 1625; x_wconf 80' lang='grc' dir='ltr'>αὐτὸν</span> <span class='ocrx_word' id='word_1_482' title='bbox 1301 1597 1438 1635; x_wconf 85' lang='grc' dir='ltr'>γυναικὸς,</span> <span class='ocrx_word' id='word_1_483' title='bbox 1479 1595 1670 1634; x_wconf 68' lang='grc' dir='ltr'>ἀπεφθέγξατο.</span> <span class='ocrx_word' id='word_1_484' title='bbox 1701 1596 1821 1634; x_wconf 73' lang='grc' dir='ltr'>Ἔφασκε</span> <span class='ocrx_word' id='word_1_485' title='bbox 1853 1592 1897 1629; x_wconf 68' lang='grc' dir='ltr'>γᾶρ</span> 
     </span>
    </p>
   </div>
   <div class='ocr_carea' id='block_1_67' title="bbox 200 1639 1026 1677">
    <p class='ocr_par' dir='ltr' id='par_1_67' title="bbox 200 1639 1026 1677">
     <span class='ocr_line' id='line_1_67' title="bbox 200 1639 1026 1677; baseline 0.004 -11"><span class='ocrx_word' id='word_1_486' title='bbox 200 1639 306 1674; x_wconf 85' lang='lat' dir='ltr'>aiebat,</span> <span class='ocrx_word' id='word_1_487' title='bbox 319 1640 355 1667; x_wconf 89' lang='lat' dir='ltr'>ad</span> <span class='ocrx_word' id='word_1_488' title='bbox 371 1639 514 1675; x_wconf 81' lang='lat' dir='ltr'>ﬂagitium</span> <span class='ocrx_word' id='word_1_489' title='bbox 537 1641 694 1675; x_wconf 84' lang='lat' dir='ltr'>erat,quod</span> <span class='ocrx_word' id='word_1_490' title='bbox 720 1643 848 1676; x_wconf 87' lang='lat' dir='ltr'>partum,</span> <span class='ocrx_word' id='word_1_491' title='bbox 860 1644 960 1677; x_wconf 89' lang='lat' dir='ltr'>utpote</span> <span class='ocrx_word' id='word_1_492' title='bbox 975 1650 1026 1669; x_wconf 88' lang='lat' dir='ltr'>eu-</span> 
     </span>
    </p>
   </div>
   <div class='ocr_carea' id='block_1_68' title="bbox 200 1684 1026 1720">
    <p class='ocr_par' dir='ltr' id='par_1_68' title="bbox 200 1684 1026 1720">
     <span class='ocr_line' id='line_1_68' title="bbox 200 1684 1026 1720; baseline 0.002 -9"><span class='ocrx_word' id='word_1_493' title='bbox 200 1684 328 1717; x_wconf 87' lang='lat' dir='ltr'>nuchus,</span> <span class='ocrx_word' id='word_1_494' title='bbox 344 1692 402 1711; x_wconf 93' lang='lat' dir='ltr'>non</span> <span class='ocrx_word' id='word_1_495' title='bbox 424 1684 550 1712; x_wconf 88' lang='lat' dir='ltr'>timeret.</span> <span class='ocrx_word' id='word_1_496' title='bbox 567 1685 666 1720; x_wconf 87' lang='lat' dir='ltr'>Neque</span> <span class='ocrx_word' id='word_1_497' title='bbox 681 1685 706 1713; x_wconf 88' lang='lat' dir='ltr'>is</span> <span class='ocrx_word' id='word_1_498' title='bbox 721 1685 828 1719; x_wconf 88' lang='lat' dir='ltr'>solum,</span> <span class='ocrx_word' id='word_1_499' title='bbox 840 1686 890 1713; x_wconf 87' lang='lat' dir='ltr'>sed</span> <span class='ocrx_word' id='word_1_500' title='bbox 907 1688 936 1713; x_wconf 91' lang='lat' dir='ltr'>et</span> <span class='ocrx_word' id='word_1_501' title='bbox 950 1685 1026 1714; x_wconf 83' lang='lat' dir='ltr'>alius</span> 
     </span>
    </p>
   </div>
   <div class='ocr_carea' id='block_1_69' title="bbox 201 1728 1027 1764">
    <p class='ocr_par' dir='ltr' id='par_1_69' title="bbox 201 1728 1027 1764">
     <span class='ocr_line' id='line_1_69' title="bbox 201 1728 1027 1764; baseline 0.004 -9"><span class='ocrx_word' id='word_1_502' title='bbox 201 1728 322 1764; x_wconf 90' lang='lat' dir='ltr'>quidam</span> <span class='ocrx_word' id='word_1_503' title='bbox 338 1735 373 1756; x_wconf 83' lang='lat' dir='ltr'>ex</span> <span class='ocrx_word' id='word_1_504' title='bbox 388 1728 435 1762; x_wconf 84' lang='lat' dir='ltr'>iis,</span> <span class='ocrx_word' id='word_1_505' title='bbox 443 1728 492 1763; x_wconf 89' lang='lat' dir='ltr'>qui</span> <span class='ocrx_word' id='word_1_506' title='bbox 509 1729 610 1756; x_wconf 83' lang='lat' dir='ltr'>eadem</span> <span class='ocrx_word' id='word_1_507' title='bbox 627 1737 660 1756; x_wconf 87' lang='lat' dir='ltr'>ac</span> <span class='ocrx_word' id='word_1_508' title='bbox 680 1737 733 1756; x_wconf 90' lang='lat' dir='ltr'>nos</span> <span class='ocrx_word' id='word_1_509' title='bbox 747 1729 942 1764; x_wconf 89' lang='lat' dir='ltr'>sentiunt,vir</span> <span class='ocrx_word' id='word_1_510' title='bbox 956 1738 1027 1758; x_wconf 86' lang='lat' dir='ltr'>sane</span> 
     </span>
    </p>
   </div>
   <div class='ocr_carea' id='block_1_70' title="bbox 198 1773 1028 1810">
    <p class='ocr_par' dir='ltr' id='par_1_70' title="bbox 198 1773 1028 1810">
     <span class='ocr_line' id='line_1_70' title="bbox 198 1773 1028 1810; baseline 0.002 -10"><span class='ocrx_word' id='word_1_511' title='bbox 198 1773 249 1809; x_wconf 89' lang='lat' dir='ltr'>qui</span> <span class='ocrx_word' id='word_1_512' title='bbox 265 1781 322 1800; x_wconf 91' lang='lat' dir='ltr'>non</span> <span class='ocrx_word' id='word_1_513' title='bbox 338 1773 395 1800; x_wconf 88' lang='lat' dir='ltr'>cito</span> <span class='ocrx_word' id='word_1_514' title='bbox 412 1773 594 1806; x_wconf 84' lang='lat' dir='ltr'>mentiretur,</span> <span class='ocrx_word' id='word_1_515' title='bbox 611 1773 740 1801; x_wconf 85' lang='lat' dir='ltr'>narravit</span> <span class='ocrx_word' id='word_1_516' title='bbox 755 1774 897 1809; x_wconf 80' lang='lat' dir='ltr'>virginem</span> <span class='ocrx_word' id='word_1_517' title='bbox 922 1783 1028 1810; x_wconf 88' lang='lat' dir='ltr'>quam-</span> 
     </span>
    </p>
   </div>
   <div class='ocr_carea' id='block_1_71' title="bbox 199 1816 1027 1854">
    <p class='ocr_par' dir='ltr' id='par_1_71' title="bbox 199 1816 1027 1854">
     <span class='ocr_line' id='line_1_71' title="bbox 199 1816 1027 1854; baseline 0.002 -9"><span class='ocrx_word' id='word_1_518' title='bbox 199 1818 267 1845; x_wconf 87' lang='lat' dir='ltr'>dam</span> <span class='ocrx_word' id='word_1_519' title='bbox 283 1816 418 1845; x_wconf 75' lang='lat' dir='ltr'>Ecclesiaz</span> <span class='ocrx_word' id='word_1_520' title='bbox 431 1818 603 1846; x_wconf 88' lang='lat' dir='ltr'>canonicam</span> <span class='ocrx_word' id='word_1_521' title='bbox 617 1818 693 1853; x_wconf 85' lang='lat' dir='ltr'>apud</span> <span class='ocrx_word' id='word_1_522' title='bbox 705 1825 736 1846; x_wconf 85' lang='lat' dir='ltr'>se</span> <span class='ocrx_word' id='word_1_523' title='bbox 751 1817 940 1846; x_wconf 81' lang='lat' dir='ltr'>lamentatam</span> <span class='ocrx_word' id='word_1_524' title='bbox 952 1827 1027 1854; x_wconf 85' lang='lat' dir='ltr'>esse,</span> 
     </span>
    </p>
   </div>
   <div class='ocr_carea' id='block_1_72' title="bbox 199 1862 1029 1899">
    <p class='ocr_par' dir='ltr' id='par_1_72' title="bbox 199 1862 1029 1899">
     <span class='ocr_line' id='line_1_72' title="bbox 199 1862 1029 1899; baseline 0.002 -10"><span class='ocrx_word' id='word_1_525' title='bbox 199 1862 277 1898; x_wconf 89' lang='lat' dir='ltr'>quod</span> <span class='ocrx_word' id='word_1_526' title='bbox 297 1862 453 1890; x_wconf 87' lang='lat' dir='ltr'>eunuchus</span> <span class='ocrx_word' id='word_1_527' title='bbox 469 1862 588 1898; x_wconf 85' lang='lat' dir='ltr'>quidam</span> <span class='ocrx_word' id='word_1_528' title='bbox 605 1863 669 1898; x_wconf 88' lang='lat' dir='ltr'>ejus</span> <span class='ocrx_word' id='word_1_529' title='bbox 685 1862 781 1890; x_wconf 84' lang='lat' dir='ltr'>cubile</span> <span class='ocrx_word' id='word_1_530' title='bbox 802 1864 974 1899; x_wconf 82' lang='lat' dir='ltr'>ascendens,</span> <span class='ocrx_word' id='word_1_531' title='bbox 991 1863 1029 1891; x_wconf 93' lang='lat' dir='ltr'>li-</span> 
     </span>
    </p>
   </div>
   <div class='ocr_carea' id='block_1_73' title="bbox 199 1906 1028 1942">
    <p class='ocr_par' dir='ltr' id='par_1_73' title="bbox 199 1906 1028 1942">
     <span class='ocr_line' id='line_1_73' title="bbox 199 1906 1028 1942; baseline 0.002 -9"><span class='ocrx_word' id='word_1_532' title='bbox 199 1906 334 1934; x_wconf 89' lang='lat' dir='ltr'>bidinose</span> <span class='ocrx_word' id='word_1_533' title='bbox 349 1915 414 1934; x_wconf 85' lang='lat' dir='ltr'>eam</span> <span class='ocrx_word' id='word_1_534' title='bbox 431 1906 583 1942; x_wconf 83' lang='lat' dir='ltr'>amplexus</span> <span class='ocrx_word' id='word_1_535' title='bbox 598 1909 686 1939; x_wconf 86' lang='lat' dir='ltr'>esset,</span> <span class='ocrx_word' id='word_1_536' title='bbox 702 1909 842 1942; x_wconf 88' lang='lat' dir='ltr'>totusque</span> <span class='ocrx_word' id='word_1_537' title='bbox 863 1907 917 1935; x_wconf 90' lang='lat' dir='ltr'>toti</span> <span class='ocrx_word' id='word_1_538' title='bbox 936 1907 1028 1935; x_wconf 67' lang='lat' dir='ltr'>inhae-</span> 
     </span>
    </p>
   </div>
   <div class='ocr_carea' id='block_1_74' title="bbox 200 1951 1030 1987">
    <p class='ocr_par' dir='ltr' id='par_1_74' title="bbox 200 1951 1030 1987">
     <span class='ocr_line' id='line_1_74' title="bbox 200 1951 1030 1987; baseline 0.002 -9"><span class='ocrx_word' id='word_1_539' title='bbox 200 1959 279 1985; x_wconf 89' lang='lat' dir='ltr'>rens,</span> <span class='ocrx_word' id='word_1_540' title='bbox 297 1959 366 1978; x_wconf 86' lang='lat' dir='ltr'>cum</span> <span class='ocrx_word' id='word_1_541' title='bbox 381 1959 438 1978; x_wconf 90' lang='lat' dir='ltr'>non</span> <span class='ocrx_word' id='word_1_542' title='bbox 455 1953 554 1986; x_wconf 89' lang='lat' dir='ltr'>posset</span> <span class='ocrx_word' id='word_1_543' title='bbox 574 1951 727 1987; x_wconf 85' lang='lat' dir='ltr'>cupiditati</span> <span class='ocrx_word' id='word_1_544' title='bbox 743 1951 921 1987; x_wconf 82' lang='lat' dir='ltr'>satisfacere,</span> <span class='ocrx_word' id='word_1_545' title='bbox 932 1953 1030 1980; x_wconf 89' lang='lat' dir='ltr'>denti-</span> 
     </span>
    </p>
   </div>
   <div class='ocr_carea' id='block_1_75' title="bbox 199 1995 1029 2029">
    <p class='ocr_par' dir='ltr' id='par_1_75' title="bbox 199 1995 1029 2029">
     <span class='ocr_line' id='line_1_75' title="bbox 199 1995 1029 2029; baseline 0.004 -7"><span class='ocrx_word' id='word_1_546' title='bbox 199 1995 256 2022; x_wconf 89' lang='lat' dir='ltr'>bus</span> <span class='ocrx_word' id='word_1_547' title='bbox 272 2003 345 2022; x_wconf 85' lang='lat' dir='ltr'>usus</span> <span class='ocrx_word' id='word_1_548' title='bbox 360 1997 446 2029; x_wconf 86' lang='lat' dir='ltr'>esset,</span> <span class='ocrx_word' id='word_1_549' title='bbox 463 1995 620 2023; x_wconf 83' lang='lat' dir='ltr'>ferventem</span> <span class='ocrx_word' id='word_1_550' title='bbox 643 1996 673 2023; x_wconf 93' lang='lat' dir='ltr'>in</span> <span class='ocrx_word' id='word_1_551' title='bbox 692 2004 780 2024; x_wconf 88' lang='lat' dir='ltr'>carne</span> <span class='ocrx_word' id='word_1_552' title='bbox 793 1997 967 2025; x_wconf 88' lang='lat' dir='ltr'>concubitus</span> <span class='ocrx_word' id='word_1_553' title='bbox 982 2006 1029 2025; x_wconf 84' lang='lat' dir='ltr'>ra-</span> 
     </span>
    </p>
   </div>
   <div class='ocr_carea' id='block_1_76' title="bbox 200 2039 1030 2070">
    <p class='ocr_par' dir='ltr' id='par_1_76' title="bbox 200 2039 1030 2070">
     <span class='ocr_line' id='line_1_76' title="bbox 200 2039 1030 2070; baseline 0.004 -4"><span class='ocrx_word' id='word_1_554' title='bbox 200 2039 279 2067; x_wconf 89' lang='lat' dir='ltr'>biem</span> <span class='ocrx_word' id='word_1_555' title='bbox 295 2039 425 2067; x_wconf 87' lang='lat' dir='ltr'>furenter</span> <span class='ocrx_word' id='word_1_556' title='bbox 441 2039 589 2068; x_wconf 89' lang='lat' dir='ltr'>morsibus</span> <span class='ocrx_word' id='word_1_557' title='bbox 609 2040 754 2068; x_wconf 84' lang='lat' dir='ltr'>indicans.</span> <span class='ocrx_word' id='word_1_558' title='bbox 771 2041 903 2069; x_wconf 82' lang='lat' dir='ltr'>Addebat</span> <span class='ocrx_word' id='word_1_559' title='bbox 918 2045 1030 2070; x_wconf 85' lang='lat' dir='ltr'>castra-</span> 
     </span>
    </p>
   </div>
   <div class='ocr_carea' id='block_1_77' title="bbox 199 2083 1031 2121">
    <p class='ocr_par' dir='ltr' id='par_1_77' title="bbox 199 2083 1031 2121">
     <span class='ocr_line' id='line_1_77' title="bbox 199 2083 1031 2121; baseline 0.004 -9"><span class='ocrx_word' id='word_1_560' title='bbox 199 2083 289 2112; x_wconf 84' lang='lat' dir='ltr'>tionis</span> <span class='ocrx_word' id='word_1_561' title='bbox 310 2084 448 2112; x_wconf 84' lang='lat' dir='ltr'>illecebra</span> <span class='ocrx_word' id='word_1_562' title='bbox 463 2084 618 2121; x_wconf 80' lang='lat' dir='ltr'>virginem,</span> <span class='ocrx_word' id='word_1_563' title='bbox 631 2085 666 2114; x_wconf 92' lang='lat' dir='ltr'>ob</span> <span class='ocrx_word' id='word_1_564' title='bbox 687 2085 918 2121; x_wconf 86' lang='lat' dir='ltr'>simplicitatem,</span> <span class='ocrx_word' id='word_1_565' title='bbox 935 2090 1031 2115; x_wconf 88' lang='lat' dir='ltr'>tenta-</span> 
     </span>
    </p>
   </div>
   <div class='ocr_carea' id='block_1_78' title="bbox 202 2128 1030 2167">
    <p class='ocr_par' dir='ltr' id='par_1_78' title="bbox 202 2128 1030 2167">
     <span class='ocr_line' id='line_1_78' title="bbox 202 2128 1030 2167; baseline 0.004 -11"><span class='ocrx_word' id='word_1_566' title='bbox 202 2129 280 2157; x_wconf 88' lang='lat' dir='ltr'>tione</span> <span class='ocrx_word' id='word_1_567' title='bbox 303 2128 483 2165; x_wconf 85' lang='lat' dir='ltr'>implicatam</span> <span class='ocrx_word' id='word_1_568' title='bbox 509 2129 615 2164; x_wconf 82' lang='lat' dir='ltr'>fuisse;</span> <span class='ocrx_word' id='word_1_569' title='bbox 646 2130 696 2158; x_wconf 88' lang='lat' dir='ltr'>sed</span> <span class='ocrx_word' id='word_1_570' title='bbox 725 2132 792 2166; x_wconf 86' lang='lat' dir='ltr'>post</span> <span class='ocrx_word' id='word_1_571' title='bbox 821 2131 1030 2167; x_wconf 78' lang='lat' dir='ltr'>experientiam</span> 
     </span>
    </p>
   </div>
   <div class='ocr_carea' id='block_1_79' title="bbox 203 2174 1031 2211">
    <p class='ocr_par' dir='ltr' id='par_1_79' title="bbox 203 2174 1031 2211">
     <span class='ocr_line' id='line_1_79' title="bbox 203 2174 1031 2211; baseline 0.006 -11"><span class='ocrx_word' id='word_1_572' title='bbox 203 2174 367 2201; x_wconf 86' lang='lat' dir='ltr'>aversatam</span> <span class='ocrx_word' id='word_1_573' title='bbox 389 2182 464 2207; x_wconf 89' lang='lat' dir='ltr'>esse,</span> <span class='ocrx_word' id='word_1_574' title='bbox 481 2181 534 2202; x_wconf 86' lang='lat' dir='ltr'>nec</span> <span class='ocrx_word' id='word_1_575' title='bbox 559 2182 657 2202; x_wconf 90' lang='lat' dir='ltr'>coram</span> <span class='ocrx_word' id='word_1_576' title='bbox 681 2182 713 2202; x_wconf 83' lang='lat' dir='ltr'>se</span> <span class='ocrx_word' id='word_1_577' title='bbox 738 2174 846 2211; x_wconf 85' lang='lat' dir='ltr'>solum,</span> <span class='ocrx_word' id='word_1_578' title='bbox 862 2176 912 2204; x_wconf 92' lang='lat' dir='ltr'>sed</span> <span class='ocrx_word' id='word_1_579' title='bbox 941 2178 1031 2205; x_wconf 85' lang='lat' dir='ltr'>etiam</span> 
     </span>
    </p>
   </div>
   <div class='ocr_carea' id='block_1_80' title="bbox 202 2216 1030 2257">
    <p class='ocr_par' dir='ltr' id='par_1_80' title="bbox 202 2216 1030 2257">
     <span class='ocr_line' id='line_1_80' title="bbox 202 2216 1030 2257; baseline 0.007 -14"><span class='ocrx_word' id='word_1_580' title='bbox 202 2224 300 2244; x_wconf 86' lang='lat' dir='ltr'>coram</span> <span class='ocrx_word' id='word_1_581' title='bbox 318 2216 454 2252; x_wconf 90' lang='lat' dir='ltr'>pluribus</span> <span class='ocrx_word' id='word_1_582' title='bbox 471 2216 554 2245; x_wconf 88' lang='lat' dir='ltr'>illata</span> <span class='ocrx_word' id='word_1_583' title='bbox 573 2218 630 2245; x_wconf 87' lang='lat' dir='ltr'>sibi</span> <span class='ocrx_word' id='word_1_584' title='bbox 654 2218 734 2247; x_wconf 87' lang='lat' dir='ltr'>illius</span> <span class='ocrx_word' id='word_1_585' title='bbox 759 2220 918 2256; x_wconf 89' lang='lat' dir='ltr'>cupiditate</span> <span class='ocrx_word' id='word_1_586' title='bbox 934 2221 1030 2257; x_wconf 92' lang='lat' dir='ltr'>inqui-</span> 
     </span>
    </p>
   </div>
   <div class='ocr_carea' id='block_1_81' title="bbox 204 2260 1028 2294">
    <p class='ocr_par' dir='ltr' id='par_1_81' title="bbox 204 2260 1028 2294">
     <span class='ocr_line' id='line_1_81' title="bbox 204 2260 1028 2294; baseline 0.007 -6"><span class='ocrx_word' id='word_1_587' title='bbox 204 2263 343 2288; x_wconf 86' lang='lat' dir='ltr'>namenta</span> <span class='ocrx_word' id='word_1_588' title='bbox 358 2260 520 2289; x_wconf 89' lang='lat' dir='ltr'>deﬂevisse.</span> <span class='ocrx_word' id='word_1_589' title='bbox 538 2262 642 2291; x_wconf 90' lang='lat' dir='ltr'>Verum</span> <span class='ocrx_word' id='word_1_590' title='bbox 658 2265 703 2290; x_wconf 87' lang='lat' dir='ltr'>est</span> <span class='ocrx_word' id='word_1_591' title='bbox 721 2266 820 2292; x_wconf 85' lang='lat' dir='ltr'>autem</span> <span class='ocrx_word' id='word_1_592' title='bbox 836 2265 962 2294; x_wconf 91' lang='lat' dir='ltr'>duorum</span> <span class='ocrx_word' id='word_1_593' title='bbox 978 2266 1028 2294; x_wconf 87' lang='lat' dir='ltr'>bo-</span> 
     </span>
    </p>
   </div>
   <div class='ocr_carea' id='block_1_82' title="bbox 201 2304 1028 2344">
    <p class='ocr_par' dir='ltr' id='par_1_82' title="bbox 201 2304 1028 2344">
     <span class='ocr_line' id='line_1_82' title="bbox 201 2304 1028 2344; baseline 0.008 -12"><span class='ocrx_word' id='word_1_594' title='bbox 201 2305 317 2333; x_wconf 89' lang='lat' dir='ltr'>minum</span> <span class='ocrx_word' id='word_1_595' title='bbox 340 2304 543 2334; x_wconf 87' lang='lat' dir='ltr'>testimonium</span> <span class='ocrx_word' id='word_1_596' title='bbox 553 2306 590 2342; x_wconf 64' lang='lat'>‘0;</span> <span class='ocrx_word' id='word_1_597' title='bbox 607 2309 639 2334; x_wconf 88' lang='lat' dir='ltr'>ut</span> <span class='ocrx_word' id='word_1_598' title='bbox 654 2315 690 2335; x_wconf 89' lang='lat' dir='ltr'>ne</span> <span class='ocrx_word' id='word_1_599' title='bbox 705 2308 805 2344; x_wconf 89' lang='lat' dir='ltr'>plures</span> <span class='ocrx_word' id='word_1_600' title='bbox 830 2310 903 2338; x_wconf 84' lang='lat' dir='ltr'>alios</span> <span class='ocrx_word' id='word_1_601' title='bbox 927 2319 1028 2339; x_wconf 85' lang='lat' dir='ltr'>recen-</span> 
     </span>
    </p>
   </div>
   <div class='ocr_carea' id='block_1_83' title="bbox 200 2349 1030 2391">
    <p class='ocr_par' dir='ltr' id='par_1_83' title="bbox 200 2349 1030 2391">
     <span class='ocr_line' id='line_1_83' title="bbox 200 2349 1030 2391; baseline 0.01 -15"><span class='ocrx_word' id='word_1_602' title='bbox 200 2352 310 2385; x_wconf 86' lang='lat' dir='ltr'>sentes,</span> <span class='ocrx_word' id='word_1_603' title='bbox 327 2352 433 2385; x_wconf 73' lang='lat' dir='ltr'>praater</span> <span class='ocrx_word' id='word_1_604' title='bbox 450 2349 541 2378; x_wconf 84' lang='lat' dir='ltr'>animi</span> <span class='ocrx_word' id='word_1_605' title='bbox 561 2351 653 2380; x_wconf 81' lang='lat' dir='ltr'>nostri</span> <span class='ocrx_word' id='word_1_606' title='bbox 669 2354 841 2382; x_wconf 88' lang='lat' dir='ltr'>sententiam</span> <span class='ocrx_word' id='word_1_607' title='bbox 859 2354 1030 2391; x_wconf 85' lang='lat' dir='ltr'>prolixiores</span> 
     </span>
    </p>
   </div>
   <div class='ocr_carea' id='block_1_84' title="bbox 201 2402 308 2422">
    <p class='ocr_par' dir='ltr' id='par_1_84' title="bbox 201 2402 308 2422">
     <span class='ocr_line' id='line_1_84' title="bbox 201 2402 308 2422; baseline 0.009 -1"><span class='ocrx_word' id='word_1_608' title='bbox 201 2402 308 2422; x_wconf 76' lang='lat' dir='ltr'>SlmUS.</span> 
     </span>
    </p>
   </div>
   <div class='ocr_carea' id='block_1_85' title="bbox 1082 1638 1896 1680">
    <p class='ocr_par' dir='ltr' id='par_1_85' title="bbox 1082 1638 1896 1680">
     <span class='ocr_line' id='line_1_85' title="bbox 1082 1638 1896 1680; baseline -0.007 -11"><span class='ocrx_word' id='word_1_609' title='bbox 1082 1643 1131 1678; x_wconf 78' lang='grc' dir='ltr'>τὴν</span> <span class='ocrx_word' id='word_1_610' title='bbox 1160 1644 1275 1680; x_wconf 81' lang='grc' dir='ltr'>γυναῖκα</span> <span class='ocrx_word' id='word_1_611' title='bbox 1302 1641 1370 1679; x_wconf 85' lang='grc' dir='ltr'>πρὸς</span> <span class='ocrx_word' id='word_1_612' title='bbox 1401 1640 1480 1668; x_wconf 77' lang='grc' dir='ltr'>αὐτὸν</span> <span class='ocrx_word' id='word_1_613' title='bbox 1503 1640 1651 1678; x_wconf 72' lang='grc' dir='ltr'>εἰρηκέναι,</span> <span class='ocrx_word' id='word_1_614' title='bbox 1667 1638 1710 1667; x_wconf 86' lang='grc' dir='ltr'>ὅτι</span> <span class='ocrx_word' id='word_1_615' title='bbox 1736 1639 1751 1666; x_wconf 86' lang='grc' dir='ltr'><strong>ὁ</strong></span> <span class='ocrx_word' id='word_1_616' title='bbox 1766 1647 1896 1666; x_wconf 77' lang='grc' dir='ltr'>πεπιστευ-</span> 
     </span>
    </p>
   </div>
   <div class='ocr_carea' id='block_1_86' title="bbox 1085 1682 1896 1724">
    <p class='ocr_par' dir='ltr' id='par_1_86' title="bbox 1085 1682 1896 1724">
     <span class='ocr_line' id='line_1_86' title="bbox 1085 1682 1896 1724; baseline -0.005 -10"><span class='ocrx_word' id='word_1_617' title='bbox 1085 1688 1163 1724; x_wconf 74' lang='grc' dir='ltr'>μένος</span> <span class='ocrx_word' id='word_1_618' title='bbox 1176 1686 1259 1720; x_wconf 81' lang='grc' dir='ltr'>αὐτὴν</span> <span class='ocrx_word' id='word_1_619' title='bbox 1275 1685 1348 1722; x_wconf 76' lang='grc' dir='ltr'>παρὰ</span> <span class='ocrx_word' id='word_1_620' title='bbox 1361 1687 1409 1713; x_wconf 83' lang='grc' dir='ltr'>τοῦ</span> <span class='ocrx_word' id='word_1_621' title='bbox 1425 1683 1521 1723; x_wconf 81' lang='grc' dir='ltr'>ἀνδρὸς</span> <span class='ocrx_word' id='word_1_622' title='bbox 1540 1683 1594 1712; x_wconf 72' lang='grc' dir='ltr'>εἶτε</span> <span class='ocrx_word' id='word_1_623' title='bbox 1617 1682 1753 1711; x_wconf 81' lang='grc' dir='ltr'>δισπότου</span> <span class='ocrx_word' id='word_1_624' title='bbox 1776 1682 1896 1718; x_wconf 78' lang='grc' dir='ltr'>εὐνοῦχος</span> 
     </span>
    </p>
   </div>
   <div class='ocr_carea' id='block_1_87' title="bbox 1083 1725 1896 1769">
    <p class='ocr_par' dir='ltr' id='par_1_87' title="bbox 1083 1725 1896 1769">
     <span class='ocr_line' id='line_1_87' title="bbox 1083 1725 1896 1769; baseline -0.006 -11"><span class='ocrx_word' id='word_1_625' title='bbox 1083 1732 1121 1763; x_wconf 84' lang='grc' dir='ltr'>ὡς</span> <span class='ocrx_word' id='word_1_626' title='bbox 1136 1731 1205 1769; x_wconf 76' lang='grc' dir='ltr'>ἀνὴρ</span> <span class='ocrx_word' id='word_1_627' title='bbox 1221 1730 1289 1763; x_wconf 83' lang='grc' dir='ltr'>αὖτῇ</span> <span class='ocrx_word' id='word_1_628' title='bbox 1318 1729 1477 1760; x_wconf 71' lang='grc' dir='ltr'>ἀκολάστως</span> <span class='ocrx_word' id='word_1_629' title='bbox 1507 1729 1643 1766; x_wconf 71' lang='grc' dir='ltr'>ἐμίγνυτο.</span> <span class='ocrx_word' id='word_1_630' title='bbox 1660 1729 1715 1766; x_wconf 70' lang='grc' dir='ltr'>Καὶ</span> <span class='ocrx_word' id='word_1_631' title='bbox 1743 1725 1896 1762; x_wconf 80' lang='grc' dir='ltr'>κατετόλμα,</span> 
     </span>
    </p>
   </div>
   <div class='ocr_carea' id='block_1_88' title="bbox 1084 1768 1898 1815">
    <p class='ocr_par' dir='ltr' id='par_1_88' title="bbox 1084 1768 1898 1815">
     <span class='ocr_line' id='line_1_88' title="bbox 1084 1768 1898 1815; baseline -0.005 -12"><span class='ocrx_word' id='word_1_632' title='bbox 1084 1776 1161 1815; x_wconf 75' lang='grc' dir='ltr'>φησὶ,</span> <span class='ocrx_word' id='word_1_633' title='bbox 1177 1775 1261 1803; x_wconf 72' lang='grc' dir='ltr'>πλέον</span> <span class='ocrx_word' id='word_1_634' title='bbox 1290 1778 1340 1810; x_wconf 83' lang='grc' dir='ltr'>τῆς</span> <span class='ocrx_word' id='word_1_635' title='bbox 1369 1774 1502 1812; x_wconf 68' lang='grc' dir='ltr'>πράξεως,</span> <span class='ocrx_word' id='word_1_636' title='bbox 1518 1773 1563 1801; x_wconf 77' lang='grc' dir='ltr'>διὰ</span> <span class='ocrx_word' id='word_1_637' title='bbox 1589 1774 1620 1801; x_wconf 86' lang='grc' dir='ltr'>τὸ</span> <span class='ocrx_word' id='word_1_638' title='bbox 1647 1774 1747 1811; x_wconf 77' lang='grc' dir='ltr'>ἄγονον</span> <span class='ocrx_word' id='word_1_639' title='bbox 1765 1772 1842 1800; x_wconf 76' lang='grc' dir='ltr'>αὐτοῦ</span> <span class='ocrx_word' id='word_1_640' title='bbox 1865 1768 1898 1815; x_wconf 60' lang='grc' dir='ltr'>τῷ</span> 
     </span>
    </p>
   </div>
   <div class='ocr_carea' id='block_1_89' title="bbox 1083 1813 1898 1858">
    <p class='ocr_par' dir='ltr' id='par_1_89' title="bbox 1083 1813 1898 1858">
     <span class='ocr_line' id='line_1_89' title="bbox 1083 1813 1898 1858; baseline -0.007 -9"><span class='ocrx_word' id='word_1_641' title='bbox 1083 1813 1185 1857; x_wconf 72' lang='grc' dir='ltr'>ἆτοκίῳ</span> <span class='ocrx_word' id='word_1_642' title='bbox 1208 1822 1313 1858; x_wconf 80' lang='grc' dir='ltr'>θαρσῶν</span> <span class='ocrx_word' id='word_1_643' title='bbox 1330 1821 1396 1857; x_wconf 82' lang='grc'>(47).</span> <span class='ocrx_word' id='word_1_644' title='bbox 1413 1820 1476 1857; x_wconf 85' lang='grc' dir='ltr'>Οὐχ</span> <span class='ocrx_word' id='word_1_645' title='bbox 1501 1819 1580 1850; x_wconf 82' lang='grc' dir='ltr'>οὗτος</span> <span class='ocrx_word' id='word_1_646' title='bbox 1604 1818 1633 1847; x_wconf 70' lang='grc' dir='ltr'>δὲ</span> <span class='ocrx_word' id='word_1_647' title='bbox 1654 1818 1750 1856; x_wconf 87' lang='grc' dir='ltr'>μόνον,</span> <span class='ocrx_word' id='word_1_648' title='bbox 1767 1817 1836 1846; x_wconf 78' lang='grc' dir='ltr'>ἀλλὰ</span> <span class='ocrx_word' id='word_1_649' title='bbox 1860 1813 1898 1843; x_wconf 67' lang='grc' dir='ltr'>καὶ</span> 
     </span>
    </p>
   </div>
   <div class='ocr_carea' id='block_1_90' title="bbox 1083 1863 1898 1903">
    <p class='ocr_par' dir='ltr' id='par_1_90' title="bbox 1083 1863 1898 1903">
     <span class='ocr_line' id='line_1_90' title="bbox 1083 1863 1898 1903; baseline -0.004 -10"><span class='ocrx_word' id='word_1_650' title='bbox 1083 1865 1174 1903; x_wconf 66' lang='grc' dir='ltr'>ἕτερός</span> <span class='ocrx_word' id='word_1_651' title='bbox 1191 1876 1232 1896; x_wconf 87' lang='grc' dir='ltr'>τις</span> <span class='ocrx_word' id='word_1_652' title='bbox 1246 1867 1301 1892; x_wconf 83' lang='grc' dir='ltr'>τῶν</span> <span class='ocrx_word' id='word_1_653' title='bbox 1325 1864 1479 1901; x_wconf 74' lang='grc' dir='ltr'>ὁμοψύχων</span> <span class='ocrx_word' id='word_1_654' title='bbox 1495 1865 1573 1901; x_wconf 73' lang='grc' dir='ltr'>ἡμῖν,</span> <span class='ocrx_word' id='word_1_655' title='bbox 1589 1864 1639 1891; x_wconf 81' lang='grc' dir='ltr'>οὐκ</span> <span class='ocrx_word' id='word_1_656' title='bbox 1663 1864 1694 1891; x_wconf 80' lang='grc' dir='ltr'>ἃν</span> <span class='ocrx_word' id='word_1_657' title='bbox 1719 1864 1824 1901; x_wconf 68' lang='grc' dir='ltr'>τιχὲως</span> <span class='ocrx_word' id='word_1_658' title='bbox 1843 1863 1898 1897; x_wconf 73' lang='grc' dir='ltr'>ψευ-</span> 
     </span>
    </p>
   </div>
   <div class='ocr_carea' id='block_1_91' title="bbox 1085 1906 1897 1947">
    <p class='ocr_par' dir='ltr' id='par_1_91' title="bbox 1085 1906 1897 1947">
     <span class='ocr_line' id='line_1_91' title="bbox 1085 1906 1897 1947; baseline -0.007 -9"><span class='ocrx_word' id='word_1_659' title='bbox 1085 1914 1211 1947; x_wconf 77' lang='grc' dir='ltr'>σάμινος,</span> <span class='ocrx_word' id='word_1_660' title='bbox 1239 1909 1356 1946; x_wconf 66' lang='grc' dir='ltr'>ε’ίρηκενθ</span> <span class='ocrx_word' id='word_1_661' title='bbox 1373 1908 1414 1936; x_wconf 76' lang='grc' dir='ltr'>ὅτι</span> <span class='ocrx_word' id='word_1_662' title='bbox 1444 1909 1577 1946; x_wconf 68' lang='grc' dir='ltr'>παρθὶνος</span> <span class='ocrx_word' id='word_1_663' title='bbox 1604 1919 1647 1940; x_wconf 83' lang='grc' dir='ltr'>τις</span> <span class='ocrx_word' id='word_1_664' title='bbox 1674 1911 1728 1943; x_wconf 83' lang='grc' dir='ltr'>τῆς</span> <span class='ocrx_word' id='word_1_665' title='bbox 1744 1906 1897 1941; x_wconf 68' lang='grc' dir='ltr'>Ἐκκλησία(</span> 
     </span>
    </p>
   </div>
   <div class='ocr_carea' id='block_1_92' title="bbox 1083 1950 1898 1991">
    <p class='ocr_par' dir='ltr' id='par_1_92' title="bbox 1083 1950 1898 1991">
     <span class='ocr_line' id='line_1_92' title="bbox 1083 1950 1898 1991; baseline -0.004 -9"><span class='ocrx_word' id='word_1_666' title='bbox 1083 1956 1209 1989; x_wconf 85' lang='grc' dir='ltr'>κανονική</span> <span class='ocrx_word' id='word_1_667' title='bbox 1225 1955 1294 1991; x_wconf 81' lang='grc' dir='ltr'>πρὸς</span> <span class='ocrx_word' id='word_1_668' title='bbox 1320 1953 1401 1981; x_wconf 78' lang='grc' dir='ltr'>αὐτὸν</span> <span class='ocrx_word' id='word_1_669' title='bbox 1429 1951 1600 1990; x_wconf 81' lang='grc' dir='ltr'>ἀπωδύρετο,</span> <span class='ocrx_word' id='word_1_670' title='bbox 1629 1952 1671 1980; x_wconf 81' lang='grc' dir='ltr'>ὅτι</span> <span class='ocrx_word' id='word_1_671' title='bbox 1701 1954 1758 1989; x_wconf 77' lang='grc'>(48)</span> <span class='ocrx_word' id='word_1_672' title='bbox 1789 1950 1831 1979; x_wconf 76' lang='grc' dir='ltr'>ἐπὶ</span> <span class='ocrx_word' id='word_1_673' title='bbox 1855 1952 1898 1983; x_wconf 77' lang='grc' dir='ltr'>τῆς</span> 
     </span>
    </p>
   </div>
   <div class='ocr_carea' id='block_1_93' title="bbox 1083 1993 1899 2036">
    <p class='ocr_par' dir='ltr' id='par_1_93' title="bbox 1083 1993 1899 2036">
     <span class='ocr_line' id='line_1_93' title="bbox 1083 1993 1899 2036; baseline -0.006 -9"><span class='ocrx_word' id='word_1_674' title='bbox 1083 2000 1178 2035; x_wconf 83' lang='grc' dir='ltr'>κοίτης</span> <span class='ocrx_word' id='word_1_675' title='bbox 1207 1999 1291 2034; x_wconf 76' lang='grc' dir='ltr'>αὺτῆς</span> <span class='ocrx_word' id='word_1_676' title='bbox 1320 1996 1465 2036; x_wconf 73' lang='grc' dir='ltr'>γενόμενός</span> <span class='ocrx_word' id='word_1_677' title='bbox 1498 2008 1539 2029; x_wconf 86' lang='grc' dir='ltr'>τις</span> <span class='ocrx_word' id='word_1_678' title='bbox 1576 1997 1721 2036; x_wconf 74' lang='grc' dir='ltr'>εὐνοῦχος,</span> <span class='ocrx_word' id='word_1_679' title='bbox 1751 1993 1899 2034; x_wconf 74' lang='grc' dir='ltr'>περιεπτύσ-</span> 
     </span>
    </p>
   </div>
   <div class='ocr_carea' id='block_1_94' title="bbox 1085 2037 1899 2081">
    <p class='ocr_par' dir='ltr' id='par_1_94' title="bbox 1085 2037 1899 2081">
     <span class='ocr_line' id='line_1_94' title="bbox 1085 2037 1899 2081; baseline -0.007 -9"><span class='ocrx_word' id='word_1_680' title='bbox 1085 2055 1145 2072; x_wconf 80' lang='grc' dir='ltr'>σετο</span> <span class='ocrx_word' id='word_1_681' title='bbox 1171 2044 1218 2080; x_wconf 74' lang='grc' dir='ltr'>μὲν</span> <span class='ocrx_word' id='word_1_682' title='bbox 1240 2044 1325 2078; x_wconf 77' lang='grc' dir='ltr'>αὐτὴν</span> <span class='ocrx_word' id='word_1_683' title='bbox 1348 2042 1488 2080; x_wconf 62' lang='grc' dir='ltr'>ἐμπαθῶς,</span> <span class='ocrx_word' id='word_1_684' title='bbox 1502 2043 1546 2070; x_wconf 82' lang='grc' dir='ltr'>καὶ</span> <span class='ocrx_word' id='word_1_685' title='bbox 1572 2042 1659 2081; x_wconf 74' lang='grc' dir='ltr'>ἰμφὺς</span> <span class='ocrx_word' id='word_1_686' title='bbox 1684 2041 1752 2073; x_wconf 80' lang='grc' dir='ltr'>δλος</span> <span class='ocrx_word' id='word_1_687' title='bbox 1777 2037 1899 2078; x_wconf 49' lang='lat' dir='ltr'>ambul</span> 
     </span>
    </p>
   </div>
   <div class='ocr_carea' id='block_1_95' title="bbox 1087 2083 1900 2126">
    <p class='ocr_par' dir='ltr' id='par_1_95' title="bbox 1087 2083 1900 2126">
     <span class='ocr_line' id='line_1_95' title="bbox 1087 2083 1900 2126; baseline -0.009 -10"><span class='ocrx_word' id='word_1_688' title='bbox 1087 2090 1124 2126; x_wconf 81' lang='grc' dir='ltr'>μὴ</span> <span class='ocrx_word' id='word_1_689' title='bbox 1153 2089 1224 2126; x_wconf 78' lang='grc' dir='ltr'>εἴχιν</span> <span class='ocrx_word' id='word_1_690' title='bbox 1252 2087 1327 2119; x_wconf 79' lang='grc' dir='ltr'>ὅπως</span> <span class='ocrx_word' id='word_1_691' title='bbox 1356 2088 1389 2115; x_wconf 73' lang='grc' dir='ltr'>τὰ</span> <span class='ocrx_word' id='word_1_692' title='bbox 1415 2091 1466 2122; x_wconf 86' lang='grc' dir='ltr'>τῆς</span> <span class='ocrx_word' id='word_1_693' title='bbox 1495 2086 1640 2124; x_wconf 80' lang='grc' dir='ltr'>ἐπιθυμίας</span> <span class='ocrx_word' id='word_1_694' title='bbox 1668 2086 1825 2124; x_wconf 75' lang='grc' dir='ltr'>ἐργάσηται,</span> <span class='ocrx_word' id='word_1_695' title='bbox 1850 2083 1900 2110; x_wconf 78' lang='grc' dir='ltr'>τοῖς</span> 
     </span>
    </p>
   </div>
   <div class='ocr_carea' id='block_1_96' title="bbox 1085 2128 1899 2170">
    <p class='ocr_par' dir='ltr' id='par_1_96' title="bbox 1085 2128 1899 2170">
     <span class='ocr_line' id='line_1_96' title="bbox 1085 2128 1899 2170; baseline -0.007 -9"><span class='ocrx_word' id='word_1_696' title='bbox 1085 2133 1192 2161; x_wconf 77' lang='grc' dir='ltr'>ὀδοῦσιν</span> <span class='ocrx_word' id='word_1_697' title='bbox 1215 2132 1360 2170; x_wconf 64' lang='grc' dir='ltr'>ἐκέχρητο,</span> <span class='ocrx_word' id='word_1_698' title='bbox 1379 2133 1488 2167; x_wconf 70' lang='grc' dir='ltr'>ζέουσαν</span> <span class='ocrx_word' id='word_1_699' title='bbox 1515 2131 1541 2159; x_wconf 81' lang='grc' dir='ltr'>ἐν</span> <span class='ocrx_word' id='word_1_700' title='bbox 1567 2133 1601 2168; x_wconf 78' lang='grc' dir='ltr'>τῇ</span> <span class='ocrx_word' id='word_1_701' title='bbox 1630 2131 1710 2169; x_wconf 87' lang='grc' dir='ltr'>σαρκὶ</span> <span class='ocrx_word' id='word_1_702' title='bbox 1739 2133 1790 2165; x_wconf 85' lang='grc' dir='ltr'>τῆς</span> <span class='ocrx_word' id='word_1_703' title='bbox 1814 2128 1899 2166; x_wconf 79' lang='grc' dir='ltr'>μίξεως</span> 
     </span>
    </p>
   </div>
   <div class='ocr_carea' id='block_1_97' title="bbox 1084 2170 1900 2215">
    <p class='ocr_par' dir='ltr' id='par_1_97' title="bbox 1084 2170 1900 2215">
     <span class='ocr_line' id='line_1_97' title="bbox 1084 2170 1900 2215; baseline -0.007 -9"><span class='ocrx_word' id='word_1_704' title='bbox 1084 2179 1133 2212; x_wconf 85' lang='grc' dir='ltr'>τὴν</span> <span class='ocrx_word' id='word_1_705' title='bbox 1158 2177 1258 2206; x_wconf 82' lang='grc' dir='ltr'>λύσσαν</span> <span class='ocrx_word' id='word_1_706' title='bbox 1280 2180 1340 2209; x_wconf 84' lang='grc' dir='ltr'>τοῖς</span> <span class='ocrx_word' id='word_1_707' title='bbox 1363 2175 1500 2214; x_wconf 79' lang='grc' dir='ltr'>δήγμασιν</span> <span class='ocrx_word' id='word_1_708' title='bbox 1525 2176 1624 2215; x_wconf 79' lang='grc' dir='ltr'>ἀγρίως</span> <span class='ocrx_word' id='word_1_709' title='bbox 1642 2175 1790 2214; x_wconf 60' lang='grc' dir='ltr'>ἐμφαίνων</span> <span class='ocrx_word' id='word_1_710' title='bbox 1807 2173 1841 2204; x_wconf 85' lang='grc' dir='ltr'>ὡς</span> <span class='ocrx_word' id='word_1_711' title='bbox 1861 2170 1900 2198; x_wconf 79' lang='grc' dir='ltr'>δε-</span> 
     </span>
    </p>
   </div>
   <div class='ocr_carea' id='block_1_98' title="bbox 1087 2215 1899 2259">
    <p class='ocr_par' dir='ltr' id='par_1_98' title="bbox 1087 2215 1899 2259">
     <span class='ocr_line' id='line_1_98' title="bbox 1087 2215 1899 2259; baseline -0.009 -8"><span class='ocrx_word' id='word_1_712' title='bbox 1087 2222 1162 2251; x_wconf 73' lang='grc' dir='ltr'>λέατι</span> <span class='ocrx_word' id='word_1_713' title='bbox 1190 2224 1246 2259; x_wconf 72' lang='grc'>(49)</span> <span class='ocrx_word' id='word_1_714' title='bbox 1271 2223 1320 2256; x_wconf 80' lang='grc' dir='ltr'>τῆς</span> <span class='ocrx_word' id='word_1_715' title='bbox 1350 2220 1506 2259; x_wconf 78' lang='grc' dir='ltr'>εὐνουχίας,</span> <span class='ocrx_word' id='word_1_716' title='bbox 1525 2219 1569 2248; x_wconf 79' lang='grc' dir='ltr'>διὰ</span> <span class='ocrx_word' id='word_1_717' title='bbox 1588 2221 1620 2248; x_wconf 87' lang='grc' dir='ltr'>τὸ</span> <span class='ocrx_word' id='word_1_718' title='bbox 1645 2219 1834 2257; x_wconf 75' lang='grc' dir='ltr'>ἁπιιρόκακον,</span> <span class='ocrx_word' id='word_1_719' title='bbox 1856 2215 1899 2251; x_wconf 84' lang='grc' dir='ltr'>ἐμ-</span> 
     </span>
    </p>
   </div>
   <div class='ocr_carea' id='block_1_99' title="bbox 1085 2261 1900 2303">
    <p class='ocr_par' dir='ltr' id='par_1_99' title="bbox 1085 2261 1900 2303">
     <span class='ocr_line' id='line_1_99' title="bbox 1085 2261 1900 2303; baseline -0.009 -8"><span class='ocrx_word' id='word_1_720' title='bbox 1085 2266 1233 2295; x_wconf 84' lang='grc' dir='ltr'>πλακεῖσαν</span> <span class='ocrx_word' id='word_1_721' title='bbox 1264 2267 1314 2301; x_wconf 78' lang='grc' dir='ltr'>τήν</span> <span class='ocrx_word' id='word_1_722' title='bbox 1342 2265 1473 2303; x_wconf 69' lang='grc' dir='ltr'>παρθένον</span> <span class='ocrx_word' id='word_1_723' title='bbox 1504 2267 1544 2301; x_wconf 78' lang='grc' dir='ltr'>τῷ</span> <span class='ocrx_word' id='word_1_724' title='bbox 1582 2266 1738 2302; x_wconf 73' lang='grc' dir='ltr'>πειρασμῷ,</span> <span class='ocrx_word' id='word_1_725' title='bbox 1764 2263 1829 2300; x_wconf 61' lang='grc' dir='ltr'>μδτὰ</span> <span class='ocrx_word' id='word_1_726' title='bbox 1858 2261 1900 2293; x_wconf 76' lang='grc' dir='ltr'>τήν</span> 
     </span>
    </p>
   </div>
   <div class='ocr_carea' id='block_1_100' title="bbox 1084 2305 1900 2350">
    <p class='ocr_par' dir='ltr' id='par_1_100' title="bbox 1084 2305 1900 2350">
     <span class='ocr_line' id='line_1_100' title="bbox 1084 2305 1900 2350; baseline -0.007 -10"><span class='ocrx_word' id='word_1_727' title='bbox 1084 2314 1180 2350; x_wconf 75' lang='grc' dir='ltr'>πεῖραν</span> <span class='ocrx_word' id='word_1_728' title='bbox 1205 2310 1411 2348; x_wconf 78' lang='grc' dir='ltr'>ἀποστραφῆναι</span> <span class='ocrx_word' id='word_1_729' title='bbox 1435 2319 1463 2337; x_wconf 83' lang='grc' dir='ltr'>τε</span> <span class='ocrx_word' id='word_1_730' title='bbox 1486 2310 1532 2337; x_wconf 87' lang='grc' dir='ltr'>τὸν</span> <span class='ocrx_word' id='word_1_731' title='bbox 1551 2308 1704 2348; x_wconf 80' lang='grc' dir='ltr'>ἄνθρωπον,</span> <span class='ocrx_word' id='word_1_732' title='bbox 1719 2308 1766 2336; x_wconf 86' lang='grc' dir='ltr'>καὶ</span> <span class='ocrx_word' id='word_1_733' title='bbox 1790 2307 1820 2335; x_wconf 81' lang='grc' dir='ltr'>ού</span> <span class='ocrx_word' id='word_1_734' title='bbox 1842 2305 1900 2343; x_wconf 78' lang='grc' dir='ltr'>πρὸς</span> 
     </span>
    </p>
   </div>
   <div class='ocr_carea' id='block_1_101' title="bbox 1084 2351 1900 2393">
    <p class='ocr_par' dir='ltr' id='par_1_101' title="bbox 1084 2351 1900 2393">
     <span class='ocr_line' id='line_1_101' title="bbox 1084 2351 1900 2393; baseline -0.007 -9"><span class='ocrx_word' id='word_1_735' title='bbox 1084 2358 1179 2384; x_wconf 82' lang='grc' dir='ltr'>τοῦτον</span> <span class='ocrx_word' id='word_1_736' title='bbox 1198 2356 1290 2393; x_wconf 86' lang='grc' dir='ltr'>μόνον,</span> <span class='ocrx_word' id='word_1_737' title='bbox 1306 2354 1379 2383; x_wconf 83' lang='grc' dir='ltr'>ἀλλᾶ</span> <span class='ocrx_word' id='word_1_738' title='bbox 1391 2354 1436 2382; x_wconf 82' lang='grc' dir='ltr'>καὶ</span> <span class='ocrx_word' id='word_1_739' title='bbox 1451 2355 1520 2392; x_wconf 82' lang='grc' dir='ltr'>πρὸς</span> <span class='ocrx_word' id='word_1_740' title='bbox 1539 2353 1667 2385; x_wconf 78' lang='grc' dir='ltr'>πλείονας</span> <span class='ocrx_word' id='word_1_741' title='bbox 1689 2354 1725 2381; x_wconf 77' lang='grc' dir='ltr'>τὰ</span> <span class='ocrx_word' id='word_1_742' title='bbox 1750 2351 1900 2390; x_wconf 77' lang='grc' dir='ltr'>μολύσμιτα</span> 
     </span>
    </p>
   </div>
   <div class='ocr_carea' id='block_1_102' title="bbox 1083 2393 1899 2437">
    <p class='ocr_par' dir='ltr' id='par_1_102' title="bbox 1083 2393 1899 2437">
     <span class='ocr_line' id='line_1_102' title="bbox 1083 2393 1899 2437; baseline -0.007 -8"><span class='ocrx_word' id='word_1_743' title='bbox 1083 2405 1133 2436; x_wconf 87' lang='grc' dir='ltr'>τῆς</span> <span class='ocrx_word' id='word_1_744' title='bbox 1150 2400 1253 2428; x_wconf 67' lang='grc' dir='ltr'>ἐκείνου</span> <span class='ocrx_word' id='word_1_745' title='bbox 1267 2400 1326 2428; x_wconf 85' lang='grc' dir='ltr'>κατ’</span> <span class='ocrx_word' id='word_1_746' title='bbox 1341 2399 1424 2434; x_wconf 79' lang='grc' dir='ltr'>αὐτῆς</span> <span class='ocrx_word' id='word_1_747' title='bbox 1450 2399 1594 2437; x_wconf 78' lang='grc' dir='ltr'>ἐπιθυμίας</span> <span class='ocrx_word' id='word_1_748' title='bbox 1615 2397 1770 2437; x_wconf 75' lang='grc' dir='ltr'>ὀδύρεσθαι.</span> <span class='ocrx_word' id='word_1_749' title='bbox 1789 2396 1839 2426; x_wconf 82' lang='grc' dir='ltr'>Καὶ</span> <span class='ocrx_word' id='word_1_750' title='bbox 1858 2393 1899 2422; x_wconf 68' lang='grc' dir='ltr'>δύο</span> 
     </span>
    </p>
   </div>
   <div class='ocr_carea' id='block_1_103' title="bbox 202 2437 1899 2484">
    <p class='ocr_par' dir='ltr' id='par_1_103' title="bbox 202 2437 1899 2484">
     <span class='ocr_line' id='line_1_103' title="bbox 202 2437 1899 2484; baseline -0.005 -7"><span class='ocrx_word' id='word_1_751' title='bbox 202 2437 231 2466; x_wconf 59' lang='grc' dir='ltr'>δὲ</span> <span class='ocrx_word' id='word_1_752' title='bbox 246 2438 395 2484; x_wconf 45' lang='grc' dir='ltr'>ἀνθρώπων</span> <span class='ocrx_word' id='word_1_753' title='bbox 409 2439 426 2474; x_wconf 71' lang='grc' dir='ltr'>ἦ</span> <span class='ocrx_word' id='word_1_754' title='bbox 454 2438 588 2477; x_wconf 73' lang='grc' dir='ltr'>μαρτυρία</span> <span class='ocrx_word' id='word_1_755' title='bbox 609 2440 718 2477; x_wconf 78' lang='grc' dir='ltr'>ἀληθής</span> <span class='ocrx_word' id='word_1_756' title='bbox 741 2441 823 2478; x_wconf 70' lang='grc' dir='ltr'>ἔστιν,</span> <span class='ocrx_word' id='word_1_757' title='bbox 836 2442 882 2472; x_wconf 73' lang='grc' dir='ltr'>ἵνα</span> <span class='ocrx_word' id='word_1_758' title='bbox 908 2446 946 2483; x_wconf 84' lang='grc' dir='ltr'>μὴ</span> <span class='ocrx_word' id='word_1_759' title='bbox 969 2447 1014 2475; x_wconf 72' lang='grc' dir='ltr'>καὶ</span> <span class='ocrx_word' id='word_1_760' title='bbox 1038 2447 1164 2484; x_wconf 72' lang='grc' dir='ltr'>ἒττίρους</span> <span class='ocrx_word' id='word_1_761' title='bbox 1185 2445 1313 2476; x_wconf 83' lang='grc' dir='ltr'>πλείονας</span> <span class='ocrx_word' id='word_1_762' title='bbox 1333 2444 1540 2483; x_wconf 71' lang='grc' dir='ltr'>καταλέγοντες,</span> <span class='ocrx_word' id='word_1_763' title='bbox 1557 2443 1630 2482; x_wconf 84' lang='grc' dir='ltr'>παρᾶ</span> <span class='ocrx_word' id='word_1_764' title='bbox 1648 2444 1680 2471; x_wconf 82' lang='grc' dir='ltr'>τὸ</span> <span class='ocrx_word' id='word_1_765' title='bbox 1705 2442 1818 2482; x_wconf 70' lang='grc' dir='ltr'>ἀρέσκον</span> <span class='ocrx_word' id='word_1_766' title='bbox 1840 2441 1899 2476; x_wconf 83' lang='grc' dir='ltr'>ἡμῖν</span> 
     </span>
    </p>
   </div>
   <div class='ocr_carea' id='block_1_104' title="bbox 205 2482 383 2521">
    <p class='ocr_par' dir='ltr' id='par_1_104' title="bbox 205 2482 383 2521">
     <span class='ocr_line' id='line_1_104' title="bbox 205 2482 383 2521; baseline 0.006 -11"><span class='ocrx_word' id='word_1_767' title='bbox 205 2482 320 2521; x_wconf 86' lang='grc' dir='ltr'>μηκύνω</span> <span class='ocrx_word' id='word_1_768' title='bbox 324 2493 383 2520; x_wconf 83' lang='grc' dir='ltr'>μεν.</span> 
     </span>
    </p>
   </div>
   <div class='ocr_carea' id='block_1_105' title="bbox 239 2554 537 2593">
    <p class='ocr_par' dir='ltr' id='par_1_105' title="bbox 239 2554 537 2593">
     <span class='ocr_line' id='line_1_105' title="bbox 239 2554 537 2593; baseline 0.013 -11"><span class='ocrx_word' id='word_1_769' title='bbox 239 2554 263 2572; x_wconf 79' lang='grc'>⁸⁰</span> <span class='ocrx_word' id='word_1_770' title='bbox 276 2554 382 2583; x_wconf 87' lang='lat' dir='ltr'>Matth.</span> <span class='ocrx_word' id='word_1_771' title='bbox 397 2563 477 2593; x_wconf 86' lang='lat' dir='ltr'>xvm,</span> <span class='ocrx_word' id='word_1_772' title='bbox 494 2558 537 2586; x_wconf 83' lang='grc'>16.</span> 
     </span>
    </p>
   </div>
   <div class='ocr_carea' id='block_1_106' title="bbox 237 2626 1032 2670">
    <p class='ocr_par' dir='ltr' id='par_1_106' title="bbox 237 2626 1032 2670">
     <span class='ocr_line' id='line_1_106' title="bbox 237 2626 1032 2670; baseline 0.01 -16"><span class='ocrx_word' id='word_1_773' title='bbox 237 2626 295 2662; x_wconf 73' lang='grc'>(45)</span> <span class='ocrx_word' id='word_1_774' title='bbox 323 2626 516 2670; x_wconf 66' lang='grc' dir='ltr'>Ὀξστρεῖσβαι.</span> <span class='ocrx_word' id='word_1_775' title='bbox 545 2631 812 2670; x_wconf 33' lang='grc' dir='ltr'>8ἰομῳβε.δΕὰἰίί,</span> <span class='ocrx_word' id='word_1_776' title='bbox 847 2632 1032 2670; x_wconf 80' lang='grc' dir='ltr'>οἷστροῦσθαι.</span> 
     </span>
    </p>
   </div>
   <div class='ocr_carea' id='block_1_107' title="bbox 202 2662 1031 2700">
    <p class='ocr_par' dir='ltr' id='par_1_107' title="bbox 202 2662 1031 2700">
     <span class='ocr_line' id='line_1_107' title="bbox 202 2662 1031 2700; baseline 0.011 -9"><span class='ocrx_word' id='word_1_777' title='bbox 202 2662 283 2700; x_wconf 77' lang='lat' dir='ltr'>Idem</span> <span class='ocrx_word' id='word_1_778' title='bbox 299 2663 386 2699; x_wconf 88' lang='lat' dir='ltr'>paulo</span> <span class='ocrx_word' id='word_1_779' title='bbox 402 2662 470 2700; x_wconf 84' lang='lat' dir='ltr'>post</span> <span class='ocrx_word' id='word_1_780' title='bbox 484 2667 613 2695; x_wconf 86' lang='lat' dir='ltr'>occurrit</span> <span class='ocrx_word' id='word_1_781' title='bbox 632 2667 678 2695; x_wconf 92' lang='lat' dir='ltr'>bis</span> <span class='ocrx_word' id='word_1_782' title='bbox 693 2662 853 2697; x_wconf 81' lang='lat' dir='ltr'>discrimen</span> <span class='ocrx_word' id='word_1_783' title='bbox 870 2662 946 2699; x_wconf 75' lang='lat' dir='ltr'>inter</span> <span class='ocrx_word' id='word_1_784' title='bbox 960 2662 1031 2700; x_wconf 65' lang='lat' dir='ltr'>nias.</span> 
     </span>
    </p>
   </div>
   <div class='ocr_carea' id='block_1_108' title="bbox 201 2698 482 2730">
    <p class='ocr_par' dir='ltr' id='par_1_108' title="bbox 201 2698 482 2730">
     <span class='ocr_line' id='line_1_108' title="bbox 201 2698 482 2730; baseline 0.014 -4"><span class='ocrx_word' id='word_1_785' title='bbox 201 2698 319 2727; x_wconf 81' lang='lat' dir='ltr'>codices</span> <span class='ocrx_word' id='word_1_786' title='bbox 334 2702 363 2727; x_wconf 82' lang='lat' dir='ltr'>et</span> <span class='ocrx_word' id='word_1_787' title='bbox 377 2698 482 2730; x_wconf 90' lang='lat' dir='ltr'>editos.</span> 
     </span>
    </p>
   </div>
   <div class='ocr_carea' id='block_1_109' title="bbox 204 2734 1032 2795">
    <p class='ocr_par' dir='ltr' id='par_1_109' title="bbox 204 2734 1032 2795">
     <span class='ocr_line' id='line_1_109' title="bbox 204 2734 1032 2795; baseline 0.012 -35"><span class='ocrx_word' id='word_1_788' title='bbox 204 2734 298 2795; x_wconf 67' lang='grc' dir='ltr'>ἐξ(46)</span> <span class='ocrx_word' id='word_1_789' title='bbox 326 2735 550 2781; x_wconf 68' lang='grc' dir='ltr'>Ἐξαφριζούσης.</span> <span class='ocrx_word' id='word_1_790' title='bbox 579 2738 626 2767; x_wconf 87' lang='lat' dir='ltr'>Sic</span> <span class='ocrx_word' id='word_1_791' title='bbox 661 2747 734 2768; x_wconf 86' lang='lat' dir='ltr'>mss.</span> <span class='ocrx_word' id='word_1_792' title='bbox 765 2742 904 2776; x_wconf 84' lang='lat' dir='ltr'>quatuor.</span> <span class='ocrx_word' id='word_1_793' title='bbox 943 2742 1032 2777; x_wconf 89' lang='lat' dir='ltr'>Editi,</span> 
     </span>
     <span class='ocr_line' id='line_1_110' title="bbox 233 2772 428 2795; baseline 0 0"><span class='ocrx_word' id='word_1_794' title='bbox 233 2772 428 2795; x_wconf 62' lang='lat' dir='ltr'>amavrtnuame,</span> 
     </span>
    </p>
   </div>
   <div class='ocr_carea' id='block_1_110' title="bbox 218 2769 430 2807">
    <p class='ocr_par' dir='ltr' id='par_1_110' title="bbox 218 2769 430 2807">
     <span class='ocr_line' id='line_1_111' title="bbox 218 2769 430 2807; baseline -0.014 -3"><span class='ocrx_word' id='word_1_795' title='bbox 218 2769 430 2807; x_wconf 57' lang='grc' dir='ltr'>ξοιφιινιξούσὴὲ.</span> 
     </span>
    </p>
   </div>
   <div class='ocr_carea' id='block_1_111' title="bbox 240 2779 1033 2844">
    <p class='ocr_par' dir='ltr' id='par_1_111' title="bbox 240 2779 1033 2844">
     <span class='ocr_line' id='line_1_112' title="bbox 240 2779 430 2807; baseline 0.021 -13"><span class='ocrx_word' id='word_1_796' title='bbox 240 2779 249 2794; x_wconf 82' lang='grc' dir='ltr'>ι</span> <span class='ocrx_word' id='word_1_797' title='bbox 272 2779 430 2807; x_wconf 65' lang='grc' dir='ltr'>ανιςουσης,</span> 
     </span>
     <span class='ocr_line' id='line_1_113' title="bbox 240 2779 1033 2844; baseline 0.013 -12"><span class='ocrx_word' id='word_1_798' title='bbox 240 2779 299 2842; x_wconf 55' lang='lat'>(27)</span> <span class='ocrx_word' id='word_1_799' title='bbox 316 2808 436 2844; x_wconf 87' lang='grc' dir='ltr'>Θαρσων.</span> <span class='ocrx_word' id='word_1_800' title='bbox 462 2810 510 2838; x_wconf 85' lang='lat' dir='ltr'>Sic</span> <span class='ocrx_word' id='word_1_801' title='bbox 533 2818 604 2839; x_wconf 81' lang='lat' dir='ltr'>mss.</span> <span class='ocrx_word' id='word_1_802' title='bbox 631 2812 661 2840; x_wconf 86' lang='lat' dir='ltr'>et</span> <span class='ocrx_word' id='word_1_803' title='bbox 688 2811 779 2840; x_wconf 85' lang='lat' dir='ltr'>editio</span> <span class='ocrx_word' id='word_1_804' title='bbox 801 2812 922 2842; x_wconf 85' lang='lat' dir='ltr'>Veneta.</span> <span class='ocrx_word' id='word_1_805' title='bbox 952 2814 1033 2842; x_wconf 76' lang='lat' dir='ltr'>Pari-</span> 
     </span>
    </p>
   </div>
   <div class='ocr_carea' id='block_1_112' title="bbox 1089 2635 1885 2673">
    <p class='ocr_par' dir='ltr' id='par_1_112' title="bbox 1089 2635 1885 2673">
     <span class='ocr_line' id='line_1_114' title="bbox 1089 2635 1885 2673; baseline 0 0"><span class='ocrx_word' id='word_1_806' title='bbox 1089 2635 1436 2673; x_wconf 56' lang='lat' dir='ltr'>sieneis_._oapvgﬁsa:_.</span> <span class='ocrx_word' id='word_1_807' title='bbox 1491 2671 1495 2673; x_wconf 65' lang='lat'><strong><em>,</em></strong></span> <span class='ocrx_word' id='word_1_808' title='bbox 1570 2665 1617 2673; x_wconf 85' lang='lat'>..</span> <span class='ocrx_word' id='word_1_809' title='bbox 1711 2668 1720 2673; x_wconf 87' lang='lat'>-</span> <span class='ocrx_word' id='word_1_810' title='bbox 1805 2667 1811 2673; x_wconf 91' lang='lat'>.</span> <span class='ocrx_word' id='word_1_811' title='bbox 1869 2664 1885 2673; x_wconf 96' lang='lat'>..</span> 
     </span>
    </p>
   </div>
   <div class='ocr_carea' id='block_1_113' title="bbox 1123 2665 1901 2707">
    <p class='ocr_par' dir='ltr' id='par_1_113' title="bbox 1123 2665 1901 2707">
     <span class='ocr_line' id='line_1_115' title="bbox 1123 2665 1901 2707; baseline -0.01 -8"><span class='ocrx_word' id='word_1_812' title='bbox 1123 2672 1181 2707; x_wconf 83' lang='grc'>(48)</span> <span class='ocrx_word' id='word_1_813' title='bbox 1196 2665 1267 2700; x_wconf 61' lang='grc' dir='ltr'>’Ὁτιζ</span> <span class='ocrx_word' id='word_1_814' title='bbox 1291 2671 1367 2700; x_wconf 88' lang='lat' dir='ltr'>Editi</span> <span class='ocrx_word' id='word_1_815' title='bbox 1390 2670 1509 2707; x_wconf 75' lang='lat' dir='ltr'>habent,</span> <span class='ocrx_word' id='word_1_816' title='bbox 1527 2665 1656 2707; x_wconf 49' lang='lat' dir='ltr'>genitu,</span> <span class='ocrx_word' id='word_1_817' title='bbox 1670 2668 1721 2697; x_wconf 88' lang='lat' dir='ltr'>sed</span> <span class='ocrx_word' id='word_1_818' title='bbox 1746 2665 1901 2703; x_wconf 77' lang='lat' dir='ltr'>conjunctis</span> 
     </span>
    </p>
   </div>
   <div class='ocr_carea' id='block_1_114' title="bbox 1089 2704 1873 2743">
    <p class='ocr_par' dir='ltr' id='par_1_114' title="bbox 1089 2704 1873 2743">
     <span class='ocr_line' id='line_1_116' title="bbox 1089 2704 1873 2743; baseline -0.004 -8"><span class='ocrx_word' id='word_1_819' title='bbox 1089 2704 1147 2735; x_wconf 85' lang='lat' dir='ltr'>non</span> <span class='ocrx_word' id='word_1_820' title='bbox 1163 2704 1308 2743; x_wconf 76' lang='lat' dir='ltr'>reperitur</span> <span class='ocrx_word' id='word_1_821' title='bbox 1320 2708 1351 2735; x_wconf 89' lang='lat' dir='ltr'>in</span> <span class='ocrx_word' id='word_1_822' title='bbox 1366 2706 1513 2743; x_wconf 83' lang='lat' dir='ltr'>veteribus</span> <span class='ocrx_word' id='word_1_823' title='bbox 1527 2704 1640 2743; x_wconf 88' lang='lat' dir='ltr'>libris._</span> <span class='ocrx_word' id='word_1_824' title='bbox 1679 2739 1713 2743; x_wconf 31' lang='grc' dir='ltr'>Δ.</span> <span class='ocrx_word' id='word_1_825' title='bbox 1774 2739 1780 2743; x_wconf 90' lang='lat'>_</span> 
     </span>
    </p>
   </div>
   <div class='ocr_carea' id='block_1_115' title="bbox 1123 2737 1900 2779">
    <p class='ocr_par' dir='ltr' id='par_1_115' title="bbox 1123 2737 1900 2779">
     <span class='ocr_line' id='line_1_117' title="bbox 1123 2737 1900 2779; baseline -0.006 -9"><span class='ocrx_word' id='word_1_826' title='bbox 1123 2743 1179 2779; x_wconf 67' lang='lat' dir='ltr'>(t9)</span> <span class='ocrx_word' id='word_1_827' title='bbox 1195 2737 1318 2779; x_wconf 67' lang='grc' dir='ltr'>λελᾴατι.</span> <span class='ocrx_word' id='word_1_828' title='bbox 1333 2743 1381 2772; x_wconf 85' lang='lat' dir='ltr'>Sic</span> <span class='ocrx_word' id='word_1_829' title='bbox 1399 2742 1515 2771; x_wconf 89' lang='lat' dir='ltr'>codices</span> <span class='ocrx_word' id='word_1_830' title='bbox 1535 2749 1608 2770; x_wconf 87' lang='lat' dir='ltr'>mss.</span> <span class='ocrx_word' id='word_1_831' title='bbox 1625 2739 1797 2769; x_wconf 79' lang='lat' dir='ltr'>Parisiensis</span> <span class='ocrx_word' id='word_1_832' title='bbox 1811 2737 1900 2769; x_wconf 87' lang='lat' dir='ltr'>editio,</span> 
     </span>
    </p>
   </div>
   <div class='ocr_carea' id='block_1_116' title="bbox 1089 2776 1290 2816">
    <p class='ocr_par' dir='ltr' id='par_1_116' title="bbox 1089 2776 1290 2816">
     <span class='ocr_line' id='line_1_118' title="bbox 1089 2776 1290 2816; baseline 0.005 -10"><span class='ocrx_word' id='word_1_833' title='bbox 1089 2776 1235 2816; x_wconf 75' lang='grc' dir='ltr'>δελιάματι</span> <span class='ocrx_word' id='word_1_834' title='bbox 1251 2777 1290 2808; x_wconf 67' lang='grc' dir='ltr'>δίς</span> 
     </span>
    </p>
   </div>
  </div>
