2010 3145
112 138 171 168 797

727 141 844 172 LIBER
866 140 916 171 DE
936 139 1203 171 VIRGINlTATE.

1760 135 1818 166 798

149 205 195 233 62.
221 205 394 242 Συγγνώμης
424 203 468 232 οὗν
495 204 575 242 ἄξιοι,
603 206 639 237 ὣς
667 207 754 243 οἶμαι,
774 207 875 243 ἡμεῖς·
891 205 939 233 οὐκ

1031 207 1076 233 6?.
1092 205 1150 234 Nos
1173 205 1262 242 igitur
1288 206 1321 233 ut
1345 213 1419 238 reor,
1436 212 1540 232 sumus
1554 203 1637 232 venia
1660 202 1752 239 digni,
1768 203 1818 238 qui

114 248 153 279 εἷς
181 249 213 276 τὸ
242 247 375 287 ἄχραντον
403 251 453 282 τῆς
482 250 616 287 παρθένου
646 251 727 288 μόνον
758 251 940 289 προφυλακῆς

114 293 194 331 χάριν
223 293 359 330 ἐκθέμενοι
388 296 482 331 ταῦτα,
499 294 571 322 ἀλλὰ
599 296 644 323 καὶ
672 296 710 328 εἷς
735 296 765 323 τὸ
786 295 939 323 ἀναστεῖλαι

115 337 238 370 πολλοὺς
250 338 305 374 ἤδη
327 338 468 371 τοιούτους
493 339 710 371 ἐπιπολάσαντας
734 342 768 377 τῇ
793 339 941 375 Ἐκκλησία

115 382 263 421 εὐνούχους
288 382 494 415 σπουδάσαντες,
511 385 631 422 Φανερὸν
655 385 717 423 γὰρ,
741 386 783 412 ὅσι
810 383 941 420 δαίμονος

117 426 242 464 μεθοδεία
261 428 293 455 τὸ
317 427 405 467 ἔργον·
426 427 527 456 διότιὸ
553 430 600 466 μὲν
627 429 709 457 πάλιν
800 429 856 467 βίος
878 429 941 466 παρ’

114 472 234 508 Ἕλλησι
259 473 384 508 τούτους,
413 473 468 501 νυνὶ
495 472 524 501 Si
551 475 615 511 παρ’
645 475 712 510 ἡμῖν
748 474 855 505 ἀτόπως
891 474 940 501 ὑπ-

114 516 195 552 ἑδειξε
221 517 290 554 (51),
314 517 360 545 καὶ
390 518 568 557 σωφροσύνης
603 519 650 555 μὶν
678 517 766 556 ὄνομα
790 519 868 546 κάκεῖ
888 519 939 553 τήν

111 557 363 598 τομὴν,κάνταῦοα
390 562 422 590 τὸ
452 563 517 591 αὐτὸ
547 563 614 591 κατᾶ
642 567 692 598 τῆς
709 563 813 601 φύσεως
829 563 940 591 ἐνεωτὲ-

112 617 178 644 ρισε.
194 607 289 638 Δεινὸς
304 607 355 645 γάρ
372 607 444 636 ἐστιν
461 609 475 635 ὁ
493 607 646 645 μεθοδεύων
661 610 741 645 ἡμῶν
756 610 806 643 τὴν
832 607 871 639 εἰς
892 608 938 636 τὸν

113 651 211 688 Κύριον
240 651 331 679 πίστιν
357 651 402 679 διὰ
427 655 475 680 τοῦ
504 653 691 686 πιστευθέντος
731 653 817 681 καλοῦ
844 653 939 680 κακίαν

113 695 286 733 ἂργᾶσασθαιυ
302 696 333 724 τὸ
363 696 429 724 αὐτὸ
454 695 482 724 δὲ
507 695 564 724 ἔστι
593 700 688 734 μαθεῖν
713 697 742 725 ἑκ
764 700 818 725 τῶν
837 696 939 736 παρελ-

113 741 227 768 θόντων.
245 741 289 771 Ὧς
316 740 367 779 γὰρ
393 739 427 768 δι’
446 740 482 768 ὧν
512 739 567 769 ἔδει
595 743 652 779 (52)
681 742 744 770 Θεὸν
767 745 878 780 γνῶναι,
896 741 941 769 διὰ

113 785 218 812 τούτων
250 785 379 823 ἀγνοῆσαι
408 785 474 816 τοὺς
503 787 566 823 παρ’
593 785 713 822 ’Έλλησι
744 786 938 824 παρεσκεύασεν

113 830 138 865 (ὁ
166 829 215 866 μὲν
239 829 290 867 γὰρ
315 829 419 866 κόσμος
434 832 483 857 τοῦ
498 832 688 868 κοσμήσαντος
717 831 856 869 πρόκειται
886 832 940 868 μή·

113 881 194 909 νυμα“
213 873 240 900 ο¹ι
269 872 297 900 δὲ
327 874 380 901 ἀπὸ
408 876 456 901 τοῦ
481 873 603 905 κάλλους
625 877 679 902 τῶν
704 875 850 913 ὁρωμένων
874 875 938 912 οὐχὶ

114 917 257 954 ἀναλόγως
280 918 312 945 τὸ
333 917 440 949 κάλλος
462 921 512 946 τοῦ
527 922 644 954 ποιητοῦ
658 919 761 947 τούτων
777 921 834 957 (53)
846 918 938 955 ἐδόξα-

112 972 169 998 σαν,
197 961 262 989 ἀλλ’
290 960 470 998 ἐσεϐάσθησαν
509 964 554 991 καὶ
596 962 757 1001 ἐλάτρευσαν
792 966 827 1001 τῇ
855 964 938 992 κτίσει

111 1006 184 1044 παρὰ
211 1006 258 1033 τὸν
285 1006 434 1041 κτίσαντα)·
449 1006 495 1034 καὶ
520 1008 557 1039 ὡς
581 1006 615 1035 δι’
628 1007 664 1035 ὧν
681 1007 735 1035 ἔδει
763 1011 859 1046 γνῶναι
873 1010 938 1046 Χρι-

113 1051 184 1084 στὸν,
216 1049 251 1077 δι’
275 1049 384 1078 ἐκείνων
416 1051 547 1089 ἀγνοῆσαι
577 1052 782 1090 παρασκευάζει,
812 1052 858 1080 διὰ
884 1055 937 1081 τῶν

112 1098 321 1133 κηρυσσουσῶν,
338 1095 421 1134 φημὶ,
441 1099 554 1135 Γραφῶν
578 1097 624 1125 τὸν
650 1098 764 1135 Χριστὸν
790 1099 938 1136 αἱρετικαῖς

113 1139 229 1171 ἐννοίαις
255 1140 306 1174 τὴν
337 1138 446 1177 ἄγνοιαν
473 1140 571 1169 τούτου
600 1140 694 1173 δεινῶς
726 1143 937 1180 μηχανώμενος’

113 1183 157 1210 καὶ
192 1183 229 1214 ὡς
266 1186 306 1220 τῷ
342 1186 547 1222 πεπιστευμένῳ
585 1185 698 1222 ὀνόματι
738 1189 787 1214 τοῦ
822 1189 939 1224 Χριστοῦ

114 1228 238 1255 ἀπιστίαν
255 1239 285 1256 τε
299 1229 342 1256 καὶ
364 1228 475 1266 ἄρνησιν
498 1229 546 1257 τοῦ
570 1231 687 1268 Χριστοῦ
710 1231 871 1269 πανούργως
897 1232 938 1259 ἐν-

115 1273 230 1310 σπείρει,
245 1272 317 1301 οὕτω
330 1273 374 1300 καὶ
390 1272 435 1301 διὰ
448 1276 497 1301 τοῦ
514 1274 646 1311 ὀνόματος
666 1276 718 1310 τῆς
741 1279 873 1312 μυστικῆς
896 1276 938 1304 εὖ-

114 1317 238 1355 νουχίας,
263 1316 378 1354 ὂνόματι
410 1319 588 1357 σωφροσύνης
618 1319 775 1352 ἆποκόπους
799 1321 844 1348 καὶ
873 1322 939 1348 ἁκο-

115 1361 230 1394 λάστους
254 1362 404 1400 ἐργάζεται.
430 1363 535 1392 Οὐκοῦν
565 1363 628 1392 οὐδὲ
650 1364 757 1396 τούτοις
785 1364 940 1404 ἀδιαφόρως

113 1406 338 1444 συναγελάζεσθαι
366 1408 416 1442 τὴν
443 1408 573 1446 παρθᾶνον
599 1410 744 1446 προσήκει.
762 1409 795 1437 Εἰ
813 1410 864 1447 γὰρ
890 1411 939 1445 θή-

114 1455 186 1479 λειαι
203 1451 330 1487 θηλείαις
352 1452 395 1480 ὖ.πῖ
420 1454 470 1487 τῆς
495 1453 579 1488 αὐτῆς
608 1454 703 1489 κοίτης
720 1453 877 1485 ἕνδιαθέτως
892 1465 938 1482 πε-

115 1495 323 1534 ριπλεκόμεναι,
351 1497 464 1533 ζεούσης
491 1497 579 1525 αὐτῶν
610 1495 716 1530 ἔνδοθεν
750 1502 799 1533 τῆς
836 1499 937 1535 ἀκμῆς,

115 1539 252 1571 πολλάκις
282 1540 311 1568 ἐκ
333 1544 383 1576 τῆς
408 1542 476 1579 πρὸς
500 1541 613 1577 ἄλληλα
635 1545 690 1570 τῶν
705 1544 840 1580 σωμάτιον
856 1543 938 1580 ἁφῆς,

994 250 1056 278 haec
1071 249 1303 285 exposuerimus,
1322 258 1378 277 non
1399 249 1624 285 praemuniendae
1640 248 1716 275 616
1732 247 1819 275 modo

994 295 1129 331 virgineae
1145 294 1322 330 integritatis
1338 294 1443 330 gratia,
1459 293 1508 321 sed
1525 293 1611 320 etiam
1630 294 1661 320 ut
1677 291 1819 328 plurimos

995 339 1138 375 eiusmodi
1148 338 1362 374 eunuchos,qui
1371 339 1432 374 jam
1443 338 1472 365 in
1483 337 1612 365 Ecclesia
1622 336 1817 370 invaluerunt,

995 392 1126 412 coercere
1134 392 1316 412 conaremur.
1324 383 1516 418 Perspicuum
1525 384 1570 410 est
1578 381 1655 409 enim
1664 389 1738 416 opus
1746 380 1819 407 illud

995 429 1136 456 deemonis
1151 437 1215 456 esse
1230 428 1384 463 astutiam;
1402 426 1640 463 quandoquidem
1659 425 1735 461 prior
1750 427 1819 452 aetas

994 474 1146 501 eunuchos
1161 473 1237 509 apud
1263 472 1395 509 gentiles,
1412 481 1445 500 ac
1460 471 1548 500 etiam
1569 479 1647 498 nunc
1671 470 1749 506 apud
1766 478 1820 497 nos

995 518 1121 546 absurde
1135 517 1307 553 introduxit,
1318 517 1521 553 castitatisque
1531 524 1649 550 nomen,
1660 515 1738 550 quod
1749 516 1820 541 tunc

996 561 1165 597 hujusmodi
1172 561 1329 590 exsectioni
1337 562 1438 589 datum
1448 561 1551 595 fuerat,
1557 560 1635 588 idem
1643 559 1731 587 etiam
1740 566 1820 586 nunc

995 610 1096 634 contra
1109 609 1244 635 naturam
1261 606 1418 634 innovavit.
1439 606 1490 633 Est
1513 605 1591 633 enim
1607 604 1699 632 solers
1715 603 1752 637 is,
1768 603 1818 639 qui
1851 623 1858 629 κ

995 654 1101 680 nostrae
1120 652 1150 679 in
1174 651 1331 679 Dominum
1345 650 1413 678 ﬁdei
1428 649 1595 683 insidiatur,
1612 657 1663 685 per
1686 648 1714 675 id
1740 648 1818 683 quod

994 696 1085 725 virtus
1096 704 1160 724 esse
1173 696 1312 728 creditur,
1320 695 1431 723 malum
1441 694 1566 731 operari,
1577 694 1654 730 quod
1670 693 1769 728 ipsum
1785 700 1820 720 ex

994 741 1150 777 prasteritis
1164 741 1395 768 animadvertere
1410 739 1439 767 in
1456 740 1592 775 promptu
1608 741 1661 766 est.
1674 737 1818 770 Quemad-

995 786 1116 814 modum
1132 786 1209 813 enim
1226 793 1260 813 ex
1276 785 1384 821 quibus
1399 784 1491 812 Deum
1505 782 1640 819 cognosci
1655 782 1817 818 oportebat,

995 839 1046 867 per
1061 839 1094 858 ea
1109 830 1207 865 efﬁcit,
1217 832 1249 858 ut
1261 832 1350 857 Deum
1362 828 1485 865 gentiles
1497 828 1666 864 ignorarent
1676 826 1817 862 (mundus

995 875 1073 903 enim
1089 875 1232 903 Creatoris
1252 874 1433 910 propositum
1450 875 1495 901 est
1510 879 1751 905 monumentum;
1767 871 1817 898 isti

993 922 1091 948 autem
1103 927 1136 947 ex
1148 919 1367 956 pulchritudine
1378 926 1478 946 eorum
1489 925 1554 952 qua:
1562 917 1817 951 videnlur,ncqua-

992 973 1092 1000 quam,
1105 967 1138 992 ut
1153 973 1203 1000 per
1219 965 1290 998 erat,
1306 962 1556 1000 pulchritudinem
1572 960 1687 989 illorum
1704 959 1817 996 opiﬁcis

993 1009 1238 1046 gloriﬁcaverunt,
1245 1009 1296 1036 sed
1308 1008 1462 1036 coluerunt
1471 1009 1499 1034 et
1507 1005 1670 1034 servierunt
1677 1007 1816 1033 creaturas

993 1054 1092 1090 potius
1106 1062 1195 1089 quam
1207 1053 1330 1081 creatori
1338 1053 1384 1088 “);
1394 1054 1422 1080 et
1432 1050 1677 1087 quemadmodum
1690 1057 1742 1085 per
1752 1057 1816 1085 qua:

992 1099 1144 1134 oportebat
1154 1098 1301 1126 Christum
1313 1105 1497 1134 cognoscere,
1508 1104 1558 1132 per
1567 1103 1600 1123 ea
1611 1095 1678 1122 fecit
1691 1096 1723 1122 ut
1733 1094 1817 1130 igno-

993 1144 1117 1177 raretur,
1143 1150 1192 1178 per
1207 1142 1383 1178 Scripturas,
1395 1150 1458 1177 quae
1473 1140 1621 1168 Christum
1645 1138 1816 1175 pradicant,

992 1186 1072 1215 illius
1087 1187 1301 1224 ignorationem
1316 1186 1461 1214 haereticis
1476 1184 1630 1213 sententiis
1645 1185 1740 1211 astute
1755 1192 1816 1210 ma-

993 1231 1130 1260 chinatus
1145 1240 1152 1258 2
1169 1233 1197 1259 et
1212 1231 1460 1267 quemadmodum
1476 1229 1584 1258 credito
1600 1227 1706 1256 Christi
1723 1227 1816 1255 nomi-

994 1277 1034 1311 ni,
1051 1274 1286 1304 incredulitatem
1301 1278 1330 1304 et
1345 1275 1529 1311 negationem
1541 1273 1647 1302 Christi
1663 1272 1818 1300 vaferrime

993 1321 1113 1355 insevit;
1131 1321 1172 1349 ita
1187 1323 1215 1349 et
1230 1329 1281 1356 per
1291 1328 1397 1348 nomen
1414 1319 1542 1355 mystica:
1557 1317 1817 1349 castrationis,sub

993 1366 1090 1402 specie
1105 1366 1314 1402 temperantiae,
1330 1365 1475 1401 spadones
1490 1366 1518 1391 et
1539 1362 1703 1398 impudicos
1718 1361 1817 1389 efﬁcit.

994 1411 1086 1446 Igitur
1101 1419 1136 1438 ne
1151 1419 1218 1438 cum
1234 1410 1280 1438 his
1296 1409 1415 1445 quidem
1434 1407 1634 1436 indill‘erenter
1648 1405 1816 1441 congregari

993 1455 1136 1491 virginem
1147 1456 1291 1483 convenit.
1300 1454 1373 1482 Nam
1383 1454 1407 1481 si
1419 1461 1486 1481 cum
1498 1452 1613 1481 feminas
1622 1459 1689 1479 cum
1700 1449 1818 1478 feminis

993 1499 1024 1527 in
1035 1500 1137 1527 eodem
1147 1499 1220 1527 lecto
1232 1501 1364 1527 amanter
1372 1499 1603 1533 conjunguntur,
1613 1496 1818 1524 effervescente

993 1543 1075 1572 intus
1090 1543 1206 1572 illarum
1222 1543 1392 1580 cupiditate,
1402 1550 1479 1578 saepe
1495 1550 1529 1569 ex
1544 1542 1646 1568 mutuo
1662 1547 1816 1576 corporum

114 1584 184 1623 πρὸς
200 1584 216 1612 ἃ
230 1583 402 1621 ἒπλάσθησαν
416 1584 489 1623 ἔχειν
507 1587 620 1623 σώματα
635 1588 739 1625 σχίσιν,
755 1589 804 1622 τήν
826 1589 938 1625 μνήμην

996 1591 1076 1617 tactu
1091 1597 1192 1616 earum
1208 1587 1380 1623 imaginatio
1396 1587 1431 1615 ad
1447 1595 1481 1615 ea
1495 1594 1627 1622 corpora,
1643 1585 1820 1621 quibuscum

116 1627 310 1667 διιρεθίζονται
327 1631 429 1666 (ἱκανὸς
444 1631 494 1669 γάρ
521 1631 590 1658 ἐστιν
615 1633 628 1659 ὁ
652 1633 809 1669 νομοθετῶν
831 1632 857 1660 ἐν
883 1636 942 1664 τοῖς

118 1672 226 1710 μέλεσιν
246 1675 328 1711 ἡμῶν
342 1676 392 1709 τήν
416 1675 560 1714 ἁμαρτίαν,
579 1676 659 1713 μέσος
685 1679 739 1704 τῶν
765 1680 869 1714 σαρκῶν
897 1677 944 1706 λα’

117 1718 217 1755 οραίως
232 1720 363 1757 χωρήσας
387 1719 416 1747 ἐκ
439 1723 489 1755 τῆς
514 1720 628 1759 φιλικῆς
656 1721 724 1758 πρὸς
750 1720 862 1757 ἄλληλα
888 1724 943 1750 τῶν

116 1762 223 1797 θηλέων
240 1764 295 1800 (54)
316 1763 360 1791 καὶ
385 1762 552 1803 φιλόφρονος
576 1764 688 1800 ἡδονῆς,
715 1765 866 1804 ὑποκλέψαι
894 1767 940 1804 μὶν

113 1808 163 1842 τήν
181 1807 346 1847 φιλόφρονα,
361 1809 411 1843 τὴν
429 1807 457 1836 δὲ
479 1811 534 1836 τῶν
550 1812 655 1847 σαρκῶν
673 1810 770 1849 ἄρρενα
784 1811 942 1849 πανούργως

115 1849 276 1888 ὶνσπείραι)“
294 1851 444 1889 πόσῳ
463 1852 548 1880 πλέον
572 1852 613 1881 δεῖ
637 1854 670 1881 τὰ
694 1853 792 1892 ἄρῥινα
816 1855 939 1892 σώματα,

114 1895 160 1922 κᾶν
187 1895 322 1934 εὐνούχοιν
348 1897 378 1932 ᾗ,
406 1897 456 1932 τὴν
493 1897 623 1935 παρθένον
658 1898 857 1938 φυλάττεσθαι;
888 1899 939 1928 Κᾶν

115 1940 246 1978 εὐνοῦχος
260 1941 312 1979 γὰρ
327 1941 356 1977 ᾗ,
373 1940 437 1969 ἀλλ’
452 1942 518 1980 ἁνήρ
534 1942 588 1970 ἐστι
603 1944 653 1978 τὴν
673 1943 762 1982 φύσιν.

149 2030 194 2058 63.
211 2030 256 2061 Ὧς
282 2029 333 2067 γὰρ
356 2030 370 2057 ὁ
397 2030 462 2068 βοῦς
485 2031 500 2058 ὁ
524 2033 684 2069 κερατιστής
710 2032 879 2069 ἀποτμηθεὶς
908 2034 941 2062 τὰ

114 2073 223 2111 κέρατα,
241 2073 304 2112 οὐχῖ
319 2076 353 2111 τῇ
387 2075 525 2114 ἀφαιρέσει
554 2078 606 2104 τῶν
632 2077 751 2115 κεράτων
773 2076 858 2110 ’ίππος
881 2077 940 2116 ἐγέ-

115 2128 185 2154 νετο,
208 2117 273 2146 ἀλλ’
299 2116 338 2146 ἔτι
367 2119 433 2157 βοῦς
462 2119 516 2148 ἐστι
545 2119 592 2148 κᾶν
625 2122 663 2158 μὴ
692 2119 744 2160 ἔχῃ
770 2122 802 2150 τὰ
828 2123 938 2161 κέρατα”

116 2162 185 2190 οὕτω
214 2162 258 2190 καὶ
275 2163 288 2190 ὁ
305 2162 389 2200 ἅρσην
478 2166 687 2203 ἁποκοψάμενος
712 2167 798 2195 πάντα
824 2167 858 2195 τὰ
887 2167 940 2204 μό-

116 2217 169 2244 ρια,
186 2207 218 2235 οὗ
246 2209 280 2245 τῇ
310 2208 448 2247 ἀφαιρέσει
472 2209 575 2238 τούτων
604 2212 672 2249 γυνὴ
702 2211 807 2249 ἐγένετο
836 2212 937 2244 οὗτος”

997 1633 1201 1662 habitudinem
1211 1642 1228 1661 a
1236 1635 1304 1660 natu
1310 1641 1341 1660 ra
1347 1630 1769 1667 accepere,irritatur(idoneus
1778 1631 1823 1656 est

997 1679 1075 1706 enim
1085 1678 1136 1714 qui
1144 1678 1238 1714 legem
1247 1677 1358 1713 peccati
1368 1676 1398 1704 in
1410 1675 1552 1704 membris
1563 1674 1673 1703 nostris
1684 1676 1780 1702 movet
1788 1673 1821 1706 ‘5',

997 1725 1029 1750 ut
1045 1723 1159 1751 medius
1173 1722 1250 1750 inter
1262 1730 1363 1749 carnes
1380 1721 1502 1749 latenter
1517 1721 1715 1755 obrepens,ex
1727 1717 1823 1746 amica

996 1769 1025 1796 et
1035 1768 1111 1796 comi
1123 1767 1298 1795 feminarum
1310 1767 1385 1794 inter
1395 1774 1427 1794 se
1434 1763 1822 1797 delectatione,subtrahens

996 1815 1089 1840 ortam
1104 1821 1139 1841 ex
1157 1811 1359 1840 benevolentia
1372 1809 1562 1846 voluptatem,
1580 1808 1742 1836 masculum
1758 1815 1820 1834 car-

996 1857 1079 1885 nium
1096 1856 1296 1884 fraudulenter
1310 1854 1440 1890 inserat),
1455 1855 1564 1889 quanto
1578 1852 1673 1888 magis
1688 1860 1704 1879 ιι
1719 1859 1820 1886 corpo-

996 1901 1079 1929 ribus
1099 1900 1250 1935 masculis,
1265 1898 1380 1927 etiamsi
1404 1898 1607 1926 cunuchorum
1629 1896 1699 1930 sint,
1714 1895 1820 1931 virgini

995 1944 1264 1973 cavendum?Nam
1286 1943 1340 1972 etsi
1361 1942 1516 1971 eunuchus
1532 1943 1586 1977 est,
1602 1941 1646 1968 vir
1661 1943 1759 1968 tamen
1775 1941 1820 1968 est

995 1991 1110 2018 natura.

1029 2034 1064 2062 63
1086 2033 1339 2067 Quemadmodum
1350 2032 1429 2060 enim
1440 2032 1504 2067 bos,
1516 2031 1566 2067 qui
1578 2039 1668 2058 cornu
1682 2029 1759 2064 ferit,
1770 2030 1818 2057 ab-

994 2078 1096 2108 scissis
1108 2078 1255 2113 cornibus,
1266 2084 1451 2112 nequaquam
1465 2076 1520 2103 hac
1539 2083 1681 2103 cornuum
1705 2074 1818 2102 abscis-

994 2124 1077 2152 sione
1091 2123 1186 2151 factus
1201 2124 1246 2150 est
1259 2130 1368 2158 equus;
1384 2120 1435 2148 sed
1446 2119 1541 2148 adhuc
1552 2119 1604 2147 bos
1617 2122 1672 2152 est,
1682 2119 1817 2154 quamvis

994 2177 1052 2197 non
1068 2168 1196 2204 amplius
1217 2167 1325 2200 habent
1343 2173 1454 2194 cornua
1469 2172 1477 2193 :
1493 2165 1534 2192 ita
1555 2167 1584 2192 et
1605 2163 1755 2192 masculus
1770 2163 1817 2191 cui

993 2215 1109 2241 exsecta
1117 2214 1188 2240 sunt
1198 2211 1337 2248 genitalia
1344 2209 1451 2244 omnia,
1460 2217 1648 2245 nequaquam
1659 2208 1713 2236 hac
1722 2216 1817 2236 exsec-

116 2251 234 2300 iﬂl’f‘ct
256 2251 342 2300 ᾅρσην
366 2253 421 2281 ἆστῖ
444 2255 493 2289 τὴν
517 2255 605 2293 φύσιν,
621 2255 670 2284 κᾶν
695 2257 732 2293 μὴ
757 2256 810 2294 ἔχῃ
838 2257 871 2285 τὰ
888 2257 939 2294 μό-

996 2260 1073 2287 tione
1086 2258 1181 2286 factus
1196 2260 1241 2285 est
1256 2256 1375 2291 femina,
1391 2255 1440 2283 sed
1462 2263 1578 2290 semper
1592 2253 1743 2282 masculus
1763 2256 1817 2288 est,

116 2297 168 2325 ὸια.
185 2297 236 2325 Καὶ
253 2297 291 2329 ὡς
313 2297 327 2325 ὁ
347 2299 507 2336 κερατιστὴς
530 2299 754 2338 ἆποκεκομμὲνος
776 2302 810 2329 τὰ
830 2301 939 2339 κέρατα,

117 2342 276 2379 κερατιστὴς
292 2340 369 2379 ὅμως
391 2342 447 2371 ἐστὶ
467 2344 513 2371 τὸν
538 2345 623 2381 θυμὸν
649 2345 850 2384 (παρεκκλίνων
875 2349 940 2384 γοῦν

115 2385 158 2413 τὸν
177 2386 290 2424 αὐχένα,
306 2387 351 2414 καὶ
374 2388 424 2422 τήν
444 2389 567 2428 κεφαλήν
591 2389 659 2427 πρὸς
682 2391 732 2425 τήν
758 2391 847 2429 ὁρμὴν
868 2401 939 2429 σχη-

118 2431 247 2466 ματίζων,
276 2431 327 2466 τὴν
356 2432 471 2468 ἀπειλὴν
501 2433 624 2470 ἀσμένως
654 2433 836 2463 ἐνδείκνυται·
866 2434 941 2464 ἀλλὰ

150 2510 171 2529 “
188 2511 273 2540 Rom.
289 2519 310 2547 ι,
324 2511 370 2540 25.
409 2512 432 2530 ⁵²
447 2512 530 2541 Rom.
546 2521 598 2549 vu,
612 2512 658 2542 23.

150 2591 202 2626 (50)
218 2590 497 2633 IIQwLLegendum
512 2593 638 2628 videtur,
652 2591 749 2629 πάλαι,
761 2595 794 2623 ut
809 2595 838 2623 et
852 2594 941 2625 inter-

117 2633 180 2662 pres
193 2628 292 2656 vertit.
301 2628 387 2656 .Enrr.

129 2697 134 2702 _
149 2663 204 2697 (51)
219 2662 423 2702 '_r1r_t_8:tEc_._sie
436 2664 578 2702 nonnulli
593 2665 708 2695 codices
731 2674 804 2695 mss.
819 2666 936 2695 Colber-

116 2697 203 2736 tinus,
219 2697 352 2736 ἀπέδειξε.
368 2700 454 2734 Editi,
472 2699 600 2736 ἐπέδειξε.

147 2735 203 2775 (5_2)
219 2733 305 2775 Ἔδει.
320 2733 374 2775 ⁷8ἰ9
403 2733 462 2765 tres
490 2733 674 2775 m_ss,'_atqu_e
702 2738 764 2767 haec
792 2738 938 2775 scriptura

113 2770 199 2805 paulo
212 2773 281 2807 post
295 2771 496 2800 conﬁrmatur.
513 2773 601 2807 Editi,
616 2770 715 2802 ἐδόκει.

147 2806 204 2844 (53)
213 2806 340 2836 Τούτων.
355 2807 401 2836 Sic
425 2809 524 2845 plures
538 2806 612 2839 mss.
627 2811 738 2839 Veneta
758 2809 857 2845 editio,
872 2811 938 2837 τοῦ·

995 2302 1129 2339 quamvis
1145 2311 1203 2330 non
1218 2301 1325 2329 habeat
1345 2299 1492 2337 genitalia.
1508 2300 1544 2327 Et
1567 2299 1817 2335 quemadmodum

994 2348 1048 2376 bos
1062 2355 1152 2375 cornu
1169 2347 1287 2378 feriens,
1302 2345 1443 2373 abscissis
1458 2344 1608 2380 cornibus,
1620 2344 1665 2372 ira
1678 2346 1776 2372 tamen
1792 2346 1821 2371 et

995 2392 1092 2420 furore
1107 2399 1195 2419 cornu
1221 2390 1311 2427 petit;
1335 2389 1482 2425 siquidem
1506 2388 1651 2417 inclinans
1665 2389 1817 2422 cervicem,

994 2439 1023 2465 et
1037 2439 1126 2473 caput
1153 2435 1317 2464 feriendum
1341 2442 1532 2470 componens,
1551 2434 1648 2463 minas
1672 2442 1731 2462 non
1755 2433 1819 2462 sine

994 2605 1052 2624 τον.
1069 2596 1254 2628 Parisiensis,
1267 2596 1376 2625 τούτου.

992 2666 1009 2694 λ
1028 2632 1084 2694 ξ54)
1112 2633 1172 2660 Τῶν
1206 2631 1323 2667 θηλέων.
1356 2631 1494 2661 Nonnulli
1524 2630 1656 2663 codices,
1681 2629 1736 2656 τῶν
1766 2632 1818 2663 θη-

1013 2677 1024 2694 ε
1037 2678 1086 2694 ουν.

1013 2677 1086 2740 ⁸ξέἔῇ
1115 2703 1204 2740 Πόσῳ.
1238 2703 1284 2731 sic
1317 2703 1432 2731 codices
1465 2701 1610 2730 nonnulli.
1644 2700 1733 2735 Editi,
1765 2699 1816 2727 πό-

992 2749 1050 2767 σον.

1027 2775 1084 2811 (56)
1099 2775 1282 2812 ξΑρσηνζεῇο-
1298 2774 1408 2812 habent
1426 2773 1481 2801 hoc
1501 2773 1564 2801 loco
1589 2774 1617 2800 et
1637 2771 1725 2808 paulo
1750 2773 1817 2808 post

991 2808 1064 2840 mss.
1076 2808 1189 2847 plures.
1206 2810 1295 2846 Editi,
1311 2808 1405 2847 ἄρσης.
