  <div class='ocr_page' id='page_1' title='image "/cluster/home/n/w/nwhite01/storage/ocr_20150623/30/njp.32101013202591/413.png"; bbox 0 0 2010 3145; ppageno 0'>
   <div class='ocr_carea' id='block_1_1' title="bbox 178 137 238 167">
    <p class='ocr_par' dir='ltr' id='par_1_1' title="bbox 178 137 238 167">
     <span class='ocr_line' id='line_1_1' title="bbox 178 137 238 167; baseline 0.017 -1"><span class='ocrx_word' id='word_1_1' title='bbox 178 137 238 167; x_wconf 81' lang='lat'><strong>799</strong></span> 
     </span>
    </p>
   </div>
   <div class='ocr_carea' id='block_1_2' title="bbox 655 137 1416 170">
    <p class='ocr_par' dir='ltr' id='par_1_2' title="bbox 655 137 1416 170">
     <span class='ocr_line' id='line_1_2' title="bbox 655 137 1416 170; baseline 0.003 -2"><span class='ocrx_word' id='word_1_2' title='bbox 655 137 853 168; x_wconf 79' lang='lat' dir='ltr'><strong>APPENDIX</strong></span> <span class='ocrx_word' id='word_1_3' title='bbox 875 137 1038 168; x_wconf 74' lang='lat' dir='ltr'><strong>OPEhUM</strong></span> <span class='ocrx_word' id='word_1_4' title='bbox 1061 139 1094 168; x_wconf 91' lang='lat' dir='ltr'><strong>S.</strong></span> <span class='ocrx_word' id='word_1_5' title='bbox 1116 138 1257 170; x_wconf 81' lang='lat' dir='ltr'><strong>BASILII</strong></span> <span class='ocrx_word' id='word_1_6' title='bbox 1278 138 1416 170; x_wconf 80' lang='lat' dir='ltr'><strong>MAGNI.</strong></span> 
     </span>
    </p>
   </div>
   <div class='ocr_carea' id='block_1_3' title="bbox 1823 138 1881 169">
    <p class='ocr_par' dir='ltr' id='par_1_3' title="bbox 1823 138 1881 169">
     <span class='ocr_line' id='line_1_3' title="bbox 1823 138 1881 169; baseline 0 0"><span class='ocrx_word' id='word_1_7' title='bbox 1823 138 1881 169; x_wconf 83' lang='lat'><strong>800</strong></span> 
     </span>
    </p>
   </div>
   <div class='ocr_carea' id='block_1_4' title="bbox 178 201 1022 242">
    <p class='ocr_par' dir='ltr' id='par_1_4' title="bbox 178 201 1007 238">
     <span class='ocr_line' id='line_1_4' title="bbox 178 201 1007 238; baseline 0.002 -9"><span class='ocrx_word' id='word_1_8' title='bbox 178 201 287 238; x_wconf 87' lang='lat' dir='ltr'><strong>gaudio</strong></span> <span class='ocrx_word' id='word_1_9' title='bbox 304 201 439 236; x_wconf 85' lang='lat' dir='ltr'><strong>intentat,</strong></span> <span class='ocrx_word' id='word_1_10' title='bbox 452 203 539 237; x_wconf 83' lang='lat' dir='ltr'><strong>atque</strong></span> <span class='ocrx_word' id='word_1_11' title='bbox 555 201 643 230; x_wconf 86' lang='lat' dir='ltr'><strong>etiam</strong></span> <span class='ocrx_word' id='word_1_12' title='bbox 659 211 734 238; x_wconf 70' lang='lat' dir='ltr'><strong>saepe</strong></span> <span class='ocrx_word' id='word_1_13' title='bbox 750 203 826 236; x_wconf 85' lang='lat' dir='ltr'><strong>ferit,</strong></span> <span class='ocrx_word' id='word_1_14' title='bbox 842 202 959 231; x_wconf 79' lang='lat' dir='ltr'><strong>irruens</strong></span> <span class='ocrx_word' id='word_1_15' title='bbox 974 211 1007 231; x_wconf 87' lang='lat' dir='ltr'><strong>ea</strong></span> 
     </span>
    </p>
   </div>
   <div class='ocr_carea' id='block_1_5' title="bbox 1069 201 1882 242">
    <p class='ocr_par' dir='ltr' id='par_1_5' title="bbox 1069 201 1882 242">
     <span class='ocr_line' id='line_1_5' title="bbox 1069 201 1882 242; baseline 0.004 -12"><span class='ocrx_word' id='word_1_16' title='bbox 1069 203 1106 230; x_wconf 72' lang='grc' dir='ltr'>ιαὶ</span> <span class='ocrx_word' id='word_1_17' title='bbox 1123 201 1222 238; x_wconf 75' lang='grc' dir='ltr'><strong>ἔπληξε</strong></span> <span class='ocrx_word' id='word_1_18' title='bbox 1237 202 1374 236; x_wconf 77' lang='grc' dir='ltr'><strong>πολλάκις</strong></span> <span class='ocrx_word' id='word_1_19' title='bbox 1390 203 1512 236; x_wconf 80' lang='grc' dir='ltr'>έπιλθὼν</span> <span class='ocrx_word' id='word_1_20' title='bbox 1526 206 1567 240; x_wconf 77' lang='grc' dir='ltr'>τῷ</span> <span class='ocrx_word' id='word_1_21' title='bbox 1579 203 1652 242; x_wconf 74' lang='grc' dir='ltr'>μέρει</span> <span class='ocrx_word' id='word_1_22' title='bbox 1677 206 1729 238; x_wconf 80' lang='grc' dir='ltr'>τῆς</span> <span class='ocrx_word' id='word_1_23' title='bbox 1749 202 1882 242; x_wconf 74' lang='grc' dir='ltr'>κεφαλῆς,</span> 
     </span>
    </p>
   </div>
   <div class='ocr_carea' id='block_1_6' title="bbox 178 246 1006 282">
    <p class='ocr_par' dir='ltr' id='par_1_6' title="bbox 178 246 1006 282">
     <span class='ocr_line' id='line_1_6' title="bbox 178 246 1006 282; baseline 0.001 -8"><span class='ocrx_word' id='word_1_24' title='bbox 178 249 262 282; x_wconf 87' lang='lat' dir='ltr'><strong>parte</strong></span> <span class='ocrx_word' id='word_1_25' title='bbox 277 246 382 282; x_wconf 78' lang='lat' dir='ltr'><strong>capitis</strong></span> <span class='ocrx_word' id='word_1_26' title='bbox 403 246 432 273; x_wconf 92' lang='lat' dir='ltr'><strong>in</strong></span> <span class='ocrx_word' id='word_1_27' title='bbox 449 254 506 281; x_wconf 86' lang='lat' dir='ltr'><strong>qua</strong></span> <span class='ocrx_word' id='word_1_28' title='bbox 528 255 618 274; x_wconf 90' lang='lat' dir='ltr'><strong>cornu</strong></span> <span class='ocrx_word' id='word_1_29' title='bbox 633 251 766 275; x_wconf 86' lang='lat' dir='ltr'><strong>armatus</strong></span> <span class='ocrx_word' id='word_1_30' title='bbox 791 248 896 282; x_wconf 77' lang='lat' dir='ltr'><strong>fuerat,</strong></span> <span class='ocrx_word' id='word_1_31' title='bbox 912 256 945 275; x_wconf 86' lang='lat' dir='ltr'><strong>ac</strong></span> <span class='ocrx_word' id='word_1_32' title='bbox 961 248 1006 275; x_wconf 79' lang='lat' dir='ltr'><strong>fu-</strong></span> 
     </span>
    </p>
   </div>
   <div class='ocr_carea' id='block_1_7' title="bbox 179 290 1008 327">
    <p class='ocr_par' dir='ltr' id='par_1_7' title="bbox 179 290 1008 327">
     <span class='ocr_line' id='line_1_7' title="bbox 179 290 1008 327; baseline 0.001 -9"><span class='ocrx_word' id='word_1_33' title='bbox 179 291 239 319; x_wconf 86' lang='lat' dir='ltr'><strong>rori</strong></span> <span class='ocrx_word' id='word_1_34' title='bbox 254 290 400 318; x_wconf 85' lang='lat' dir='ltr'><strong>satisfacit</strong></span> <span class='ocrx_word' id='word_1_35' title='bbox 415 291 469 318; x_wconf 85' lang='lat' dir='ltr'><strong>hac</strong></span> <span class='ocrx_word' id='word_1_36' title='bbox 481 291 602 319; x_wconf 83' lang='lat' dir='ltr'><strong>feriendi</strong></span> <span class='ocrx_word' id='word_1_37' title='bbox 615 292 725 327; x_wconf 80' lang='lat' dir='ltr'><strong>specie;</strong></span> <span class='ocrx_word' id='word_1_38' title='bbox 738 292 779 320; x_wconf 89' lang='lat' dir='ltr'><strong>sic</strong></span> <span class='ocrx_word' id='word_1_39' title='bbox 789 292 867 320; x_wconf 89' lang='lat' dir='ltr'><strong>enim</strong></span> <span class='ocrx_word' id='word_1_40' title='bbox 881 292 1008 320; x_wconf 80' lang='lat' dir='ltr'><strong>afﬁcitur</strong></span> 
     </span>
    </p>
   </div>
   <div class='ocr_carea' id='block_1_8' title="bbox 178 336 1007 372">
    <p class='ocr_par' dir='ltr' id='par_1_8' title="bbox 178 336 1007 372">
     <span class='ocr_line' id='line_1_8' title="bbox 178 336 1007 372; baseline 0.004 -10"><span class='ocrx_word' id='word_1_41' title='bbox 178 336 290 371; x_wconf 82' lang='lat' dir='ltr'><strong>impetu</strong></span> <span class='ocrx_word' id='word_1_42' title='bbox 310 336 461 371; x_wconf 83' lang='lat' dir='ltr'><strong>abpertus,</strong></span> <span class='ocrx_word' id='word_1_43' title='bbox 477 344 535 363; x_wconf 91' lang='lat' dir='ltr'><strong>non</strong></span> <span class='ocrx_word' id='word_1_44' title='bbox 550 337 635 372; x_wconf 84' lang='lat' dir='ltr'><strong>quasi</strong></span> <span class='ocrx_word' id='word_1_45' title='bbox 656 336 831 372; x_wconf 75' lang='lat' dir='ltr'><strong>simpliciter</strong></span> <span class='ocrx_word' id='word_1_46' title='bbox 846 337 940 370; x_wconf 85' lang='lat' dir='ltr'><strong>feriat,</strong></span> <span class='ocrx_word' id='word_1_47' title='bbox 957 338 1007 365; x_wconf 87' lang='lat' dir='ltr'><strong>sed</strong></span> 
     </span>
    </p>
   </div>
   <div class='ocr_carea' id='block_1_9' title="bbox 179 380 1006 416">
    <p class='ocr_par' dir='ltr' id='par_1_9' title="bbox 179 380 1006 416">
     <span class='ocr_line' id='line_1_9' title="bbox 179 380 1006 416; baseline 0.002 -9"><span class='ocrx_word' id='word_1_48' title='bbox 179 380 264 416; x_wconf 83' lang='lat' dir='ltr'><strong>quasi</strong></span> <span class='ocrx_word' id='word_1_49' title='bbox 280 388 382 414; x_wconf 88' lang='lat' dir='ltr'><strong>cornu,</strong></span> <span class='ocrx_word' id='word_1_50' title='bbox 398 382 430 408; x_wconf 91' lang='lat' dir='ltr'><strong>ut</strong></span> <span class='ocrx_word' id='word_1_51' title='bbox 449 382 544 414; x_wconf 88' lang='lat' dir='ltr'><strong>antea,</strong></span> <span class='ocrx_word' id='word_1_52' title='bbox 561 380 699 409; x_wconf 80' lang='lat' dir='ltr'><strong>dilacerat</strong></span> <span class='ocrx_word' id='word_1_53' title='bbox 715 389 722 409; x_wconf 86' lang='lat'>:</span> <span class='ocrx_word' id='word_1_54' title='bbox 740 381 781 408; x_wconf 86' lang='lat' dir='ltr'><strong>ita</strong></span> <span class='ocrx_word' id='word_1_55' title='bbox 796 383 824 409; x_wconf 90' lang='lat' dir='ltr'><strong>et</strong></span> <span class='ocrx_word' id='word_1_56' title='bbox 845 381 1006 415; x_wconf 87' lang='lat' dir='ltr'><strong>masculus,</strong></span> 
     </span>
    </p>
   </div>
   <div class='ocr_carea' id='block_1_10' title="bbox 181 425 1010 460">
    <p class='ocr_par' dir='ltr' id='par_1_10' title="bbox 181 425 1010 460">
     <span class='ocr_line' id='line_1_10' title="bbox 181 425 1010 460; baseline 0.002 -8"><span class='ocrx_word' id='word_1_57' title='bbox 181 425 228 452; x_wconf 90' lang='lat' dir='ltr'><strong>cui</strong></span> <span class='ocrx_word' id='word_1_58' title='bbox 244 425 375 452; x_wconf 81' lang='lat' dir='ltr'><strong>abscissa</strong></span> <span class='ocrx_word' id='word_1_59' title='bbox 395 425 542 460; x_wconf 76' lang='lat' dir='ltr'><strong>genitalia,</strong></span> <span class='ocrx_word' id='word_1_60' title='bbox 558 426 709 454; x_wconf 84' lang='lat' dir='ltr'><strong>masculus</strong></span> <span class='ocrx_word' id='word_1_61' title='bbox 732 429 829 454; x_wconf 86' lang='lat' dir='ltr'><strong>tamen</strong></span> <span class='ocrx_word' id='word_1_62' title='bbox 845 429 890 454; x_wconf 88' lang='lat' dir='ltr'><strong>est</strong></span> <span class='ocrx_word' id='word_1_63' title='bbox 905 426 1010 454; x_wconf 87' lang='lat' dir='ltr'><strong>vitiosa</strong></span> 
     </span>
    </p>
   </div>
   <div class='ocr_carea' id='block_1_11' title="bbox 181 469 1008 506">
    <p class='ocr_par' dir='ltr' id='par_1_11' title="bbox 181 469 1008 506">
     <span class='ocr_line' id='line_1_11' title="bbox 181 469 1008 506; baseline 0.004 -10"><span class='ocrx_word' id='word_1_64' title='bbox 181 469 315 497; x_wconf 84' lang='lat' dir='ltr'>libidine.</span> <span class='ocrx_word' id='word_1_65' title='bbox 336 469 446 497; x_wconf 85' lang='lat' dir='ltr'>Idcirco</span> <span class='ocrx_word' id='word_1_66' title='bbox 462 470 536 497; x_wconf 75' lang='lat'><strong>677</strong></span> <span class='ocrx_word' id='word_1_67' title='bbox 553 473 582 498; x_wconf 85' lang='lat' dir='ltr'><strong>et</strong></span> <span class='ocrx_word' id='word_1_68' title='bbox 596 469 658 506; x_wconf 88' lang='lat' dir='ltr'><strong>ipse</strong></span> <span class='ocrx_word' id='word_1_69' title='bbox 678 471 768 498; x_wconf 81' lang='lat' dir='ltr'>simili</span> <span class='ocrx_word' id='word_1_70' title='bbox 791 471 877 499; x_wconf 80' lang='lat' dir='ltr'><strong>modo</strong></span> <span class='ocrx_word' id='word_1_71' title='bbox 893 479 957 499; x_wconf 87' lang='lat' dir='ltr'><strong>sese</strong></span> <span class='ocrx_word' id='word_1_72' title='bbox 972 471 1008 499; x_wconf 88' lang='lat' dir='ltr'><strong>ad</strong></span> 
     </span>
    </p>
   </div>
   <div class='ocr_carea' id='block_1_12' title="bbox 180 514 1010 551">
    <p class='ocr_par' dir='ltr' id='par_1_12' title="bbox 180 514 1010 551">
     <span class='ocr_line' id='line_1_12' title="bbox 180 514 1010 551; baseline 0.004 -10"><span class='ocrx_word' id='word_1_73' title='bbox 180 514 327 542; x_wconf 77' lang='lat' dir='ltr'><strong>actionem</strong></span> <span class='ocrx_word' id='word_1_74' title='bbox 343 522 534 550; x_wconf 83' lang='lat' dir='ltr'><strong>componens,</strong></span> <span class='ocrx_word' id='word_1_75' title='bbox 550 522 680 542; x_wconf 90' lang='lat' dir='ltr'><strong>amorem</strong></span> <span class='ocrx_word' id='word_1_76' title='bbox 696 515 790 551; x_wconf 89' lang='lat' dir='ltr'><strong>spirat</strong></span> <span class='ocrx_word' id='word_1_77' title='bbox 803 518 832 543; x_wconf 89' lang='lat' dir='ltr'><strong>et</strong></span> <span class='ocrx_word' id='word_1_78' title='bbox 846 516 1010 544; x_wconf 91' lang='lat' dir='ltr'><strong>absurdum</strong></span> 
     </span>
    </p>
   </div>
   <div class='ocr_carea' id='block_1_13' title="bbox 183 558 1010 596">
    <p class='ocr_par' dir='ltr' id='par_1_13' title="bbox 183 558 1010 596">
     <span class='ocr_line' id='line_1_13' title="bbox 183 558 1010 596; baseline 0.004 -11"><span class='ocrx_word' id='word_1_79' title='bbox 183 558 403 590; x_wconf 79' lang='lat' dir='ltr'><strong>furorem.Quin</strong></span> <span class='ocrx_word' id='word_1_80' title='bbox 416 558 503 586; x_wconf 86' lang='lat' dir='ltr'><strong>etiam</strong></span> <span class='ocrx_word' id='word_1_81' title='bbox 515 559 675 587; x_wconf 84' lang='lat' dir='ltr'><strong>irruensad</strong></span> <span class='ocrx_word' id='word_1_82' title='bbox 688 559 1010 596; x_wconf 85' lang='lat' dir='ltr'><strong>complexum,etiamsi</strong></span> 
     </span>
    </p>
   </div>
   <div class='ocr_carea' id='block_1_14' title="bbox 183 603 1010 641">
    <p class='ocr_par' dir='ltr' id='par_1_14' title="bbox 183 603 1010 641">
     <span class='ocr_line' id='line_1_14' title="bbox 183 603 1010 641; baseline 0.004 -11"><span class='ocrx_word' id='word_1_83' title='bbox 183 611 242 630; x_wconf 90' lang='lat' dir='ltr'><strong>non</strong></span> <span class='ocrx_word' id='word_1_84' title='bbox 267 605 436 638; x_wconf 83' lang='lat' dir='ltr'><strong>corrumpat</strong></span> <span class='ocrx_word' id='word_1_85' title='bbox 464 603 519 631; x_wconf 85' lang='lat' dir='ltr'><strong>hac</strong></span> <span class='ocrx_word' id='word_1_86' title='bbox 545 605 626 639; x_wconf 83' lang='lat' dir='ltr'><strong>parte</strong></span> <span class='ocrx_word' id='word_1_87' title='bbox 641 603 798 640; x_wconf 85' lang='lat' dir='ltr'><strong>virginem,</strong></span> <span class='ocrx_word' id='word_1_88' title='bbox 813 607 911 632; x_wconf 83' lang='lat' dir='ltr'><strong>tamen</strong></span> <span class='ocrx_word' id='word_1_89' title='bbox 927 605 1010 641; x_wconf 82' lang='lat' dir='ltr'><strong>quasi</strong></span> 
     </span>
    </p>
   </div>
   <div class='ocr_carea' id='block_1_15' title="bbox 184 647 1010 684">
    <p class='ocr_par' dir='ltr' id='par_1_15' title="bbox 184 647 1010 684">
     <span class='ocr_line' id='line_1_15' title="bbox 184 647 1010 684; baseline 0.002 -9"><span class='ocrx_word' id='word_1_90' title='bbox 184 649 363 683; x_wconf 81' lang='lat' dir='ltr'><strong>corrumpat,</strong></span> <span class='ocrx_word' id='word_1_91' title='bbox 378 647 419 675; x_wconf 88' lang='lat' dir='ltr'><strong>ita</strong></span> <span class='ocrx_word' id='word_1_92' title='bbox 434 648 593 683; x_wconf 86' lang='lat' dir='ltr'><strong>cupiditate</strong></span> <span class='ocrx_word' id='word_1_93' title='bbox 613 657 665 684; x_wconf 87' lang='lat' dir='ltr'><strong>per</strong></span> <span class='ocrx_word' id='word_1_94' title='bbox 690 649 931 684; x_wconf 79' lang='lat' dir='ltr'><strong>imaginationem</strong></span> <span class='ocrx_word' id='word_1_95' title='bbox 947 650 1010 677; x_wconf 83' lang='lat' dir='ltr'><strong>al&#39;ﬁ-</strong></span> 
     </span>
    </p>
   </div>
   <div class='ocr_carea' id='block_1_16' title="bbox 184 691 1011 729">
    <p class='ocr_par' dir='ltr' id='par_1_16' title="bbox 184 691 1011 729">
     <span class='ocr_line' id='line_1_16' title="bbox 184 691 1011 729; baseline 0.004 -10"><span class='ocrx_word' id='word_1_96' title='bbox 184 691 269 719; x_wconf 84' lang='lat' dir='ltr'><strong>citur.</strong></span> <span class='ocrx_word' id='word_1_97' title='bbox 283 692 366 720; x_wconf 80' lang='lat' dir='ltr'><strong>illam</strong></span> <span class='ocrx_word' id='word_1_98' title='bbox 384 695 482 720; x_wconf 89' lang='lat' dir='ltr'><strong>autem</strong></span> <span class='ocrx_word' id='word_1_99' title='bbox 497 693 534 720; x_wconf 81' lang='lat' dir='ltr'><strong>ad</strong></span> <span class='ocrx_word' id='word_1_100' title='bbox 551 696 703 728; x_wconf 87' lang='lat' dir='ltr'><strong>peccatum</strong></span> <span class='ocrx_word' id='word_1_101' title='bbox 719 694 921 729; x_wconf 74' lang='lat' dir='ltr'><strong>vehememins</strong></span> <span class='ocrx_word' id='word_1_102' title='bbox 936 694 1011 721; x_wconf 84' lang='lat' dir='ltr'><strong>inci-</strong></span> 
     </span>
    </p>
   </div>
   <div class='ocr_carea' id='block_1_17' title="bbox 185 737 1011 775">
    <p class='ocr_par' dir='ltr' id='par_1_17' title="bbox 185 737 1011 775">
     <span class='ocr_line' id='line_1_17' title="bbox 185 737 1011 775; baseline 0.005 -13"><span class='ocrx_word' id='word_1_103' title='bbox 185 738 261 769; x_wconf 86' lang='lat' dir='ltr'><strong>tans,</strong></span> <span class='ocrx_word' id='word_1_104' title='bbox 278 737 441 772; x_wconf 84' lang='lat' dir='ltr'><strong>corrumpit</strong></span> <span class='ocrx_word' id='word_1_105' title='bbox 464 739 554 764; x_wconf 82' lang='lat' dir='ltr'><strong>totam</strong></span> <span class='ocrx_word' id='word_1_106' title='bbox 577 741 716 771; x_wconf 81' lang='lat' dir='ltr'><strong>mentem,</strong></span> <span class='ocrx_word' id='word_1_107' title='bbox 733 747 766 766; x_wconf 90' lang='lat' dir='ltr'><strong>ac</strong></span> <span class='ocrx_word' id='word_1_108' title='bbox 782 739 879 775; x_wconf 89' lang='lat' dir='ltr'><strong>ipsum</strong></span> <span class='ocrx_word' id='word_1_109' title='bbox 905 747 1011 774; x_wconf 88' lang='lat' dir='ltr'><strong>corpus</strong></span> 
     </span>
    </p>
   </div>
   <div class='ocr_carea' id='block_1_18' title="bbox 185 781 751 818">
    <p class='ocr_par' dir='ltr' id='par_1_18' title="bbox 185 781 751 818">
     <span class='ocr_line' id='line_1_18' title="bbox 185 781 751 818; baseline 0.005 -10"><span class='ocrx_word' id='word_1_110' title='bbox 185 781 221 808; x_wconf 94' lang='lat' dir='ltr'><strong>ad</strong></span> <span class='ocrx_word' id='word_1_111' title='bbox 238 781 332 817; x_wconf 83' lang='lat' dir='ltr'><strong>stupri</strong></span> <span class='ocrx_word' id='word_1_112' title='bbox 348 781 491 809; x_wconf 85' lang='lat' dir='ltr'><strong>actionem</strong></span> <span class='ocrx_word' id='word_1_113' title='bbox 507 784 593 810; x_wconf 66' lang='lat' dir='ltr'><strong>(nstro</strong></span> <span class='ocrx_word' id='word_1_114' title='bbox 610 783 751 818; x_wconf 81' lang='lat' dir='ltr'><strong>percellit.</strong></span> 
     </span>
    </p>
   </div>
   <div class='ocr_carea' id='block_1_19' title="bbox 1061 247 1884 287">
    <p class='ocr_par' dir='ltr' id='par_1_19' title="bbox 1061 247 1884 287">
     <span class='ocr_line' id='line_1_19' title="bbox 1061 247 1884 287; baseline -0.001 -12"><span class='ocrx_word' id='word_1_115' title='bbox 1061 248 1120 275; x_wconf 83' lang='grc' dir='ltr'>καθ’</span> <span class='ocrx_word' id='word_1_116' title='bbox 1135 248 1150 275; x_wconf 86' lang='grc' dir='ltr'><strong>’ὀ</strong></span> <span class='ocrx_word' id='word_1_117' title='bbox 1164 250 1204 284; x_wconf 80' lang='grc' dir='ltr'>τῷ</span> <span class='ocrx_word' id='word_1_118' title='bbox 1217 248 1309 286; x_wconf 81' lang='grc' dir='ltr'>κέρατι</span> <span class='ocrx_word' id='word_1_119' title='bbox 1325 248 1458 284; x_wconf 80' lang='grc' dir='ltr'>ὥπλιστο,</span> <span class='ocrx_word' id='word_1_120' title='bbox 1475 248 1659 287; x_wconf 82' lang='grc' dir='ltr'>πληροφορῶν</span> <span class='ocrx_word' id='word_1_121' title='bbox 1674 248 1720 275; x_wconf 81' lang='grc' dir='ltr'>τὸν</span> <span class='ocrx_word' id='word_1_122' title='bbox 1739 248 1825 284; x_wconf 81' lang='grc' dir='ltr'>θυμὸν</span> 
     </span>
    </p>
   </div>
   <div class='ocr_carea' id='block_1_20' title="bbox 1063 291 1884 332">
    <p class='ocr_par' dir='ltr' id='par_1_20' title="bbox 1063 291 1884 332">
     <span class='ocr_line' id='line_1_20' title="bbox 1063 291 1884 332; baseline -0.002 -12"><span class='ocrx_word' id='word_1_123' title='bbox 1063 292 1193 331; x_wconf 73' lang='grc' dir='ltr'><strong>φαντασίᾳ</strong></span> <span class='ocrx_word' id='word_1_124' title='bbox 1220 297 1270 328; x_wconf 77' lang='grc' dir='ltr'>τῆς</span> <span class='ocrx_word' id='word_1_125' title='bbox 1299 293 1430 332; x_wconf 71' lang='grc' dir='ltr'>ἐνεργείας</span> <span class='ocrx_word' id='word_1_126' title='bbox 1447 303 1453 310; x_wconf 86' lang='grc'>·</span> <span class='ocrx_word' id='word_1_127' title='bbox 1483 293 1553 321; x_wconf 76' lang='grc' dir='ltr'>οὕτω</span> <span class='ocrx_word' id='word_1_128' title='bbox 1580 293 1630 332; x_wconf 72' lang='grc' dir='ltr'><strong>γὰρ</strong></span> <span class='ocrx_word' id='word_1_129' title='bbox 1661 291 1807 324; x_wconf 73' lang='grc' dir='ltr'><strong>διατίθεται</strong></span> <span class='ocrx_word' id='word_1_130' title='bbox 1835 291 1884 318; x_wconf 83' lang='grc' dir='ltr'><strong>ὑπὸ</strong></span> 
     </span>
    </p>
   </div>
   <div class='ocr_carea' id='block_1_21' title="bbox 1062 336 1883 376">
    <p class='ocr_par' dir='ltr' id='par_1_21' title="bbox 1062 336 1883 376">
     <span class='ocr_line' id='line_1_21' title="bbox 1062 336 1883 376; baseline -0.002 -11"><span class='ocrx_word' id='word_1_131' title='bbox 1062 341 1112 372; x_wconf 80' lang='grc' dir='ltr'><strong>τῆς</strong></span> <span class='ocrx_word' id='word_1_132' title='bbox 1130 339 1219 374; x_wconf 74' lang='grc' dir='ltr'>ὁρμῆς</span> <span class='ocrx_word' id='word_1_133' title='bbox 1236 339 1483 376; x_wconf 78' lang='grc' dir='ltr'>συναρπαζόμενος,</span> <span class='ocrx_word' id='word_1_134' title='bbox 1500 338 1554 375; x_wconf 80' lang='grc' dir='ltr'>οὐχ</span> <span class='ocrx_word' id='word_1_135' title='bbox 1568 338 1605 369; x_wconf 86' lang='grc' dir='ltr'>ὡς</span> <span class='ocrx_word' id='word_1_136' title='bbox 1629 337 1762 372; x_wconf 72' lang='grc' dir='ltr'>πλήσσιυν</span> <span class='ocrx_word' id='word_1_137' title='bbox 1778 336 1883 369; x_wconf 78' lang='grc' dir='ltr'>ἁπλῶς,</span> 
     </span>
    </p>
   </div>
   <div class='ocr_carea' id='block_1_22' title="bbox 1063 380 1884 421">
    <p class='ocr_par' dir='ltr' id='par_1_22' title="bbox 1063 380 1884 421">
     <span class='ocr_line' id='line_1_22' title="bbox 1063 380 1884 421; baseline -0.002 -12"><span class='ocrx_word' id='word_1_138' title='bbox 1063 381 1136 410; x_wconf 71' lang='grc' dir='ltr'>ἀλλὰ</span> <span class='ocrx_word' id='word_1_139' title='bbox 1164 383 1208 410; x_wconf 81' lang='grc' dir='ltr'><strong>καὶ</strong></span> <span class='ocrx_word' id='word_1_140' title='bbox 1222 414 1225 416; x_wconf 47' lang='grc'><strong>,</strong></span> <span class='ocrx_word' id='word_1_141' title='bbox 1238 385 1294 419; x_wconf 82' lang='grc'><strong>(57)</strong></span> <span class='ocrx_word' id='word_1_142' title='bbox 1311 383 1347 414; x_wconf 84' lang='grc' dir='ltr'>ὡς</span> <span class='ocrx_word' id='word_1_143' title='bbox 1376 383 1408 410; x_wconf 83' lang='grc' dir='ltr'>τὸ</span> <span class='ocrx_word' id='word_1_144' title='bbox 1423 383 1485 421; x_wconf 83' lang='grc' dir='ltr'><strong>πρῖν</strong></span> <span class='ocrx_word' id='word_1_145' title='bbox 1505 385 1545 418; x_wconf 80' lang='grc' dir='ltr'>τῷ</span> <span class='ocrx_word' id='word_1_146' title='bbox 1560 382 1649 419; x_wconf 85' lang='grc' dir='ltr'>κέρατι</span> <span class='ocrx_word' id='word_1_147' title='bbox 1666 381 1799 419; x_wconf 57' lang='lat' dir='ltr'><strong>Surgam)-</strong></span> <span class='ocrx_word' id='word_1_148' title='bbox 1813 380 1884 408; x_wconf 75' lang='grc' dir='ltr'>οὕτω</span> 
     </span>
    </p>
   </div>
   <div class='ocr_carea' id='block_1_23' title="bbox 1063 425 1885 464">
    <p class='ocr_par' dir='ltr' id='par_1_23' title="bbox 1063 425 1885 464">
     <span class='ocr_line' id='line_1_23' title="bbox 1063 425 1885 464; baseline -0.001 -11"><span class='ocrx_word' id='word_1_149' title='bbox 1063 427 1108 453; x_wconf 87' lang='grc' dir='ltr'><strong>καὶ</strong></span> <span class='ocrx_word' id='word_1_150' title='bbox 1125 428 1139 454; x_wconf 87' lang='grc' dir='ltr'><strong>ὁ</strong></span> <span class='ocrx_word' id='word_1_151' title='bbox 1155 428 1239 464; x_wconf 73' lang='grc' dir='ltr'>ἄρσην</span> <span class='ocrx_word' id='word_1_152' title='bbox 1258 427 1481 464; x_wconf 76' lang='grc' dir='ltr'>ἀποκεκομμένος</span> <span class='ocrx_word' id='word_1_153' title='bbox 1507 428 1542 455; x_wconf 83' lang='grc' dir='ltr'>τὰ</span> <span class='ocrx_word' id='word_1_154' title='bbox 1571 427 1664 464; x_wconf 86' lang='grc' dir='ltr'>μόρια,</span> <span class='ocrx_word' id='word_1_155' title='bbox 1693 427 1777 463; x_wconf 75' lang='grc' dir='ltr'>ἄρσην</span> <span class='ocrx_word' id='word_1_156' title='bbox 1809 425 1885 462; x_wconf 78' lang='grc' dir='ltr'>ὅμως</span> 
     </span>
    </p>
   </div>
   <div class='ocr_carea' id='block_1_24' title="bbox 1064 470 1885 509">
    <p class='ocr_par' dir='ltr' id='par_1_24' title="bbox 1064 470 1885 509">
     <span class='ocr_line' id='line_1_24' title="bbox 1064 470 1885 509; baseline -0.001 -11"><span class='ocrx_word' id='word_1_157' title='bbox 1064 471 1119 498; x_wconf 79' lang='grc' dir='ltr'><strong>ἐστὶ</strong></span> <span class='ocrx_word' id='word_1_158' title='bbox 1134 473 1168 508; x_wconf 83' lang='grc' dir='ltr'><strong>τῇ</strong></span> <span class='ocrx_word' id='word_1_159' title='bbox 1186 471 1317 509; x_wconf 69' lang='grc' dir='ltr'>ἐπιθυμίᾳ</span> <span class='ocrx_word' id='word_1_160' title='bbox 1330 474 1379 500; x_wconf 78' lang='grc' dir='ltr'>τοῦ</span> <span class='ocrx_word' id='word_1_161' title='bbox 1394 471 1507 504; x_wconf 79' lang='grc' dir='ltr'>πάθους.</span> <span class='ocrx_word' id='word_1_162' title='bbox 1523 472 1570 499; x_wconf 83' lang='grc' dir='ltr'><strong>Διὸ</strong></span> <span class='ocrx_word' id='word_1_163' title='bbox 1588 471 1634 499; x_wconf 80' lang='grc' dir='ltr'><strong>καὶ</strong></span> <span class='ocrx_word' id='word_1_164' title='bbox 1653 471 1733 502; x_wconf 65' lang='grc' dir='ltr'>αὐτὸς</span> <span class='ocrx_word' id='word_1_165' title='bbox 1759 470 1828 498; x_wconf 81' lang='grc' dir='ltr'>κατᾶ</span> <span class='ocrx_word' id='word_1_166' title='bbox 1854 470 1885 497; x_wconf 78' lang='grc' dir='ltr'>τὸ</span> 
     </span>
    </p>
   </div>
   <div class='ocr_carea' id='block_1_25' title="bbox 1065 513 1888 554">
    <p class='ocr_par' dir='ltr' id='par_1_25' title="bbox 1065 513 1888 554">
     <span class='ocr_line' id='line_1_25' title="bbox 1065 513 1888 554; baseline -0.001 -11"><span class='ocrx_word' id='word_1_167' title='bbox 1065 515 1161 552; x_wconf 81' lang='grc' dir='ltr'>ὅμοιον</span> <span class='ocrx_word' id='word_1_168' title='bbox 1191 516 1434 554; x_wconf 73' lang='grc' dir='ltr'>σχηματισάμινος</span> <span class='ocrx_word' id='word_1_169' title='bbox 1463 516 1532 553; x_wconf 80' lang='grc' dir='ltr'>πρὸς</span> <span class='ocrx_word' id='word_1_170' title='bbox 1563 517 1613 550; x_wconf 87' lang='grc' dir='ltr'><strong>τήν</strong></span> <span class='ocrx_word' id='word_1_171' title='bbox 1649 516 1756 553; x_wconf 76' lang='grc' dir='ltr'>πρᾶξιν,</span> <span class='ocrx_word' id='word_1_172' title='bbox 1786 513 1888 552; x_wconf 72' lang='grc' dir='ltr'>ἔρωτος</span> 
     </span>
    </p>
   </div>
   <div class='ocr_carea' id='block_1_26' title="bbox 1064 559 1887 597">
    <p class='ocr_par' dir='ltr' id='par_1_26' title="bbox 1064 559 1887 597">
     <span class='ocr_line' id='line_1_26' title="bbox 1064 559 1887 597; baseline -0.002 -9"><span class='ocrx_word' id='word_1_173' title='bbox 1064 560 1139 588; x_wconf 82' lang='grc' dir='ltr'>πνέει</span> <span class='ocrx_word' id='word_1_174' title='bbox 1167 561 1213 588; x_wconf 83' lang='grc' dir='ltr'>καὶ</span> <span class='ocrx_word' id='word_1_175' title='bbox 1242 560 1357 588; x_wconf 82' lang='grc' dir='ltr'>έκτόπου</span> <span class='ocrx_word' id='word_1_176' title='bbox 1384 561 1491 597; x_wconf 78' lang='grc' dir='ltr'>μανίας.</span> <span class='ocrx_word' id='word_1_177' title='bbox 1508 560 1597 588; x_wconf 84' lang='grc' dir='ltr'><strong>Ἀλλά</strong></span> <span class='ocrx_word' id='word_1_178' title='bbox 1623 561 1669 587; x_wconf 85' lang='grc' dir='ltr'><strong>καὶ</strong></span> <span class='ocrx_word' id='word_1_179' title='bbox 1696 560 1789 596; x_wconf 81' lang='grc' dir='ltr'>ὁρμῶν</span> <span class='ocrx_word' id='word_1_180' title='bbox 1819 559 1887 596; x_wconf 84' lang='grc' dir='ltr'>πρὸς</span> 
     </span>
    </p>
   </div>
   <div class='ocr_carea' id='block_1_27' title="bbox 1064 603 1886 644">
    <p class='ocr_par' dir='ltr' id='par_1_27' title="bbox 1064 603 1886 644">
     <span class='ocr_line' id='line_1_27' title="bbox 1064 603 1886 644; baseline -0.002 -12"><span class='ocrx_word' id='word_1_181' title='bbox 1064 605 1114 639; x_wconf 79' lang='grc' dir='ltr'><strong>τὴν</strong></span> <span class='ocrx_word' id='word_1_182' title='bbox 1145 606 1320 642; x_wconf 81' lang='grc' dir='ltr'>συμπλοκὴν,</span> <span class='ocrx_word' id='word_1_183' title='bbox 1350 604 1397 633; x_wconf 83' lang='grc' dir='ltr'><strong>κᾶν</strong></span> <span class='ocrx_word' id='word_1_184' title='bbox 1429 606 1467 642; x_wconf 83' lang='grc' dir='ltr'>μὴ</span> <span class='ocrx_word' id='word_1_185' title='bbox 1494 605 1589 644; x_wconf 76' lang='grc' dir='ltr'>φθείρῃ</span> <span class='ocrx_word' id='word_1_186' title='bbox 1618 606 1657 640; x_wconf 81' lang='grc' dir='ltr'><strong>τῷ</strong></span> <span class='ocrx_word' id='word_1_187' title='bbox 1687 605 1762 642; x_wconf 83' lang='grc' dir='ltr'>μέρει</span> <span class='ocrx_word' id='word_1_188' title='bbox 1792 603 1886 638; x_wconf 77' lang='grc' dir='ltr'>ἐκείνῳ</span> 
     </span>
    </p>
   </div>
   <div class='ocr_carea' id='block_1_28' title="bbox 1066 648 1888 688">
    <p class='ocr_par' dir='ltr' id='par_1_28' title="bbox 1066 648 1888 688">
     <span class='ocr_line' id='line_1_28' title="bbox 1066 648 1888 688; baseline -0.002 -12"><span class='ocrx_word' id='word_1_189' title='bbox 1066 649 1192 687; x_wconf 79' lang='grc' dir='ltr'><strong>ἐνοχλῶν</strong></span> <span class='ocrx_word' id='word_1_190' title='bbox 1204 652 1238 687; x_wconf 76' lang='grc' dir='ltr'>τῇ</span> <span class='ocrx_word' id='word_1_191' title='bbox 1255 649 1363 686; x_wconf 73' lang='grc' dir='ltr'>θηλείᾳ,</span> <span class='ocrx_word' id='word_1_192' title='bbox 1379 650 1456 687; x_wconf 70' lang='grc' dir='ltr'>ὅμως</span> <span class='ocrx_word' id='word_1_193' title='bbox 1470 649 1549 680; x_wconf 81' lang='grc' dir='ltr'>αὐτὸς</span> <span class='ocrx_word' id='word_1_194' title='bbox 1566 649 1612 686; x_wconf 71' lang='grc' dir='ltr'><strong>μὲν</strong></span> <span class='ocrx_word' id='word_1_195' title='bbox 1642 649 1680 680; x_wconf 83' lang='grc' dir='ltr'>ὡς</span> <span class='ocrx_word' id='word_1_196' title='bbox 1702 648 1825 688; x_wconf 78' lang='grc' dir='ltr'>φθείρας,</span> <span class='ocrx_word' id='word_1_197' title='bbox 1839 648 1888 682; x_wconf 79' lang='grc' dir='ltr'>τὴν</span> 
     </span>
    </p>
   </div>
   <div class='ocr_carea' id='block_1_29' title="bbox 1067 692 1889 733">
    <p class='ocr_par' dir='ltr' id='par_1_29' title="bbox 1067 692 1889 733">
     <span class='ocr_line' id='line_1_29' title="bbox 1067 692 1889 733; baseline -0.004 -12"><span class='ocrx_word' id='word_1_198' title='bbox 1067 693 1211 731; x_wconf 67' lang='grc' dir='ltr'>ἐπιθυμίαν</span> <span class='ocrx_word' id='word_1_199' title='bbox 1237 695 1323 726; x_wconf 71' lang='grc' dir='ltr'>οὕτως</span> <span class='ocrx_word' id='word_1_200' title='bbox 1347 695 1462 729; x_wconf 79' lang='grc' dir='ltr'>ὑπὸτῆς</span> <span class='ocrx_word' id='word_1_201' title='bbox 1492 693 1636 733; x_wconf 71' lang='grc' dir='ltr'><strong>φαντασίας</strong></span> <span class='ocrx_word' id='word_1_202' title='bbox 1665 692 1808 721; x_wconf 77' lang='grc' dir='ltr'>διάκειται.</span> <span class='ocrx_word' id='word_1_203' title='bbox 1833 692 1889 726; x_wconf 83' lang='grc' dir='ltr'>Τήν</span> 
     </span>
    </p>
   </div>
   <div class='ocr_carea' id='block_1_30' title="bbox 1066 736 1888 776">
    <p class='ocr_par' dir='ltr' id='par_1_30' title="bbox 1066 736 1888 776">
     <span class='ocr_line' id='line_1_30' title="bbox 1066 736 1888 776; baseline -0.004 -10"><span class='ocrx_word' id='word_1_204' title='bbox 1066 738 1095 766; x_wconf 75' lang='grc' dir='ltr'><strong>δὲ</strong></span> <span class='ocrx_word' id='word_1_205' title='bbox 1109 739 1177 776; x_wconf 79' lang='grc' dir='ltr'>πρὸς</span> <span class='ocrx_word' id='word_1_206' title='bbox 1200 740 1250 774; x_wconf 81' lang='grc' dir='ltr'>τὴν</span> <span class='ocrx_word' id='word_1_207' title='bbox 1280 740 1412 776; x_wconf 79' lang='grc' dir='ltr'><strong>ἁμαρτίαν</strong></span> <span class='ocrx_word' id='word_1_208' title='bbox 1442 739 1602 776; x_wconf 76' lang='grc' dir='ltr'><strong>πικρότερον</strong></span> <span class='ocrx_word' id='word_1_209' title='bbox 1632 737 1769 775; x_wconf 77' lang='grc' dir='ltr'><strong>ἐρεθίζων,</strong></span> <span class='ocrx_word' id='word_1_210' title='bbox 1786 736 1888 775; x_wconf 75' lang='grc' dir='ltr'>φθείρει</span> 
     </span>
    </p>
   </div>
   <div class='ocr_carea' id='block_1_31' title="bbox 1068 781 1888 820">
    <p class='ocr_par' dir='ltr' id='par_1_31' title="bbox 1068 781 1888 820">
     <span class='ocr_line' id='line_1_31' title="bbox 1068 781 1888 820; baseline -0.002 -10"><span class='ocrx_word' id='word_1_211' title='bbox 1068 784 1114 820; x_wconf 73' lang='grc' dir='ltr'>μὶν</span> <span class='ocrx_word' id='word_1_212' title='bbox 1133 782 1197 812; x_wconf 75' lang='grc' dir='ltr'>ὅλον</span> <span class='ocrx_word' id='word_1_213' title='bbox 1209 783 1253 811; x_wconf 83' lang='grc' dir='ltr'>τὸν</span> <span class='ocrx_word' id='word_1_214' title='bbox 1269 785 1345 818; x_wconf 84' lang='grc' dir='ltr'>νοῦν,</span> <span class='ocrx_word' id='word_1_215' title='bbox 1360 784 1405 811; x_wconf 84' lang='grc' dir='ltr'><strong>καὶ</strong></span> <span class='ocrx_word' id='word_1_216' title='bbox 1420 784 1451 811; x_wconf 87' lang='grc' dir='ltr'><strong>τὸ</strong></span> <span class='ocrx_word' id='word_1_217' title='bbox 1467 785 1546 820; x_wconf 82' lang='grc' dir='ltr'>σῶμα</span> <span class='ocrx_word' id='word_1_218' title='bbox 1561 781 1589 811; x_wconf 75' lang='grc' dir='ltr'><strong>δὲ</strong></span> <span class='ocrx_word' id='word_1_219' title='bbox 1604 781 1672 820; x_wconf 82' lang='grc' dir='ltr'>πρὸς</span> <span class='ocrx_word' id='word_1_220' title='bbox 1686 782 1735 816; x_wconf 81' lang='grc' dir='ltr'>τὴν</span> <span class='ocrx_word' id='word_1_221' title='bbox 1752 782 1802 816; x_wconf 72' lang='grc' dir='ltr'>τῆς</span> <span class='ocrx_word' id='word_1_222' title='bbox 1823 786 1888 818; x_wconf 77' lang='grc' dir='ltr'>φοο-</span> 
     </span>
    </p>
   </div>
   <div class='ocr_carea' id='block_1_32' title="bbox 1065 828 1349 866">
    <p class='ocr_par' dir='ltr' id='par_1_32' title="bbox 1065 828 1349 866">
     <span class='ocr_line' id='line_1_32' title="bbox 1065 828 1349 866; baseline 0 -11"><span class='ocrx_word' id='word_1_223' title='bbox 1065 830 1114 866; x_wconf 81' lang='grc' dir='ltr'>ρᾶς</span> <span class='ocrx_word' id='word_1_224' title='bbox 1127 829 1222 866; x_wconf 77' lang='grc' dir='ltr'>πρᾶξιν</span> <span class='ocrx_word' id='word_1_225' title='bbox 1238 828 1349 866; x_wconf 80' lang='grc' dir='ltr'>οἱστρεῖ.</span> 
     </span>
    </p>
   </div>
   <div class='ocr_carea' id='block_1_33' title="bbox 217 869 1022 918">
    <p class='ocr_par' dir='ltr' id='par_1_33' title="bbox 217 869 1010 908">
     <span class='ocr_line' id='line_1_33' title="bbox 217 869 1010 908; baseline 0.005 -12"><span class='ocrx_word' id='word_1_226' title='bbox 217 869 263 896; x_wconf 80' lang='grc'><strong>64.</strong></span> <span class='ocrx_word' id='word_1_227' title='bbox 280 871 374 903; x_wconf 82' lang='lat' dir='ltr'><strong>Quare</strong></span> <span class='ocrx_word' id='word_1_228' title='bbox 387 870 410 897; x_wconf 92' lang='lat' dir='ltr'><strong>si</strong></span> <span class='ocrx_word' id='word_1_229' title='bbox 429 870 612 906; x_wconf 88' lang='lat' dir='ltr'><strong>propositum</strong></span> <span class='ocrx_word' id='word_1_230' title='bbox 632 873 676 898; x_wconf 86' lang='lat' dir='ltr'><strong>est</strong></span> <span class='ocrx_word' id='word_1_231' title='bbox 691 871 799 908; x_wconf 79' lang='lat' dir='ltr'><strong>virgini</strong></span> <span class='ocrx_word' id='word_1_232' title='bbox 814 871 1010 908; x_wconf 85' lang='lat' dir='ltr'><strong>incorruptam</strong></span> 
     </span>
    </p>
   </div>
   <div class='ocr_carea' id='block_1_34' title="bbox 1069 869 1886 918">
    <p class='ocr_par' dir='ltr' id='par_1_34' title="bbox 1101 870 1886 918">
     <span class='ocr_line' id='line_1_34' title="bbox 1101 870 1886 918; baseline -0.004 -18"><span class='ocrx_word' id='word_1_233' title='bbox 1101 875 1145 901; x_wconf 78' lang='grc'><strong>64.</strong></span> <span class='ocrx_word' id='word_1_234' title='bbox 1167 873 1213 900; x_wconf 84' lang='grc' dir='ltr'>Διὸ</span> <span class='ocrx_word' id='word_1_235' title='bbox 1242 871 1316 910; x_wconf 54' lang='grc' dir='ltr'>εἷίπερ</span> <span class='ocrx_word' id='word_1_236' title='bbox 1345 872 1446 904; x_wconf 86' lang='grc' dir='ltr'>σκοπός</span> <span class='ocrx_word' id='word_1_237' title='bbox 1473 872 1528 900; x_wconf 83' lang='grc' dir='ltr'>ἐστι</span> <span class='ocrx_word' id='word_1_238' title='bbox 1617 871 1748 918; x_wconf 48' lang='grc' dir='ltr'>παρθένῳη</span> <span class='ocrx_word' id='word_1_239' title='bbox 1769 870 1886 918; x_wconf 63' lang='grc' dir='ltr'>ᾅφοορον</span> 
     </span>
    </p>
   </div>
   <div class='ocr_carea' id='block_1_35' title="bbox 182 914 1011 952">
    <p class='ocr_par' dir='ltr' id='par_1_35' title="bbox 182 914 1011 952">
     <span class='ocr_line' id='line_1_35' title="bbox 182 914 1011 952; baseline 0.004 -11"><span class='ocrx_word' id='word_1_240' title='bbox 182 922 268 942; x_wconf 88' lang='lat' dir='ltr'><strong>suam</strong></span> <span class='ocrx_word' id='word_1_241' title='bbox 279 914 446 942; x_wconf 87' lang='lat' dir='ltr'><strong>interiorem</strong></span> <span class='ocrx_word' id='word_1_242' title='bbox 458 915 656 951; x_wconf 73' lang='lat' dir='ltr'><strong>virginitatem</strong></span> <span class='ocrx_word' id='word_1_243' title='bbox 671 919 884 949; x_wconf 79' lang='lat' dir='ltr'><strong>servare,caute</strong></span> <span class='ocrx_word' id='word_1_244' title='bbox 895 924 1011 952; x_wconf 81' lang='lat' dir='ltr'><strong>semper</strong></span> 
     </span>
    </p>
   </div>
   <div class='ocr_carea' id='block_1_36' title="bbox 183 958 1011 996">
    <p class='ocr_par' dir='ltr' id='par_1_36' title="bbox 183 958 1011 996">
     <span class='ocr_line' id='line_1_36' title="bbox 183 958 1011 996; baseline 0.002 -10"><span class='ocrx_word' id='word_1_245' title='bbox 183 966 214 986; x_wconf 89' lang='lat' dir='ltr'><strong>se</strong></span> <span class='ocrx_word' id='word_1_246' title='bbox 229 961 310 994; x_wconf 86' lang='lat' dir='ltr'><strong>gerat</strong></span> <span class='ocrx_word' id='word_1_247' title='bbox 329 958 417 987; x_wconf 89' lang='lat' dir='ltr'><strong>etiam</strong></span> <span class='ocrx_word' id='word_1_248' title='bbox 441 959 470 987; x_wconf 90' lang='lat' dir='ltr'><strong>in</strong></span> <span class='ocrx_word' id='word_1_249' title='bbox 497 959 652 996; x_wconf 80' lang='lat' dir='ltr'><strong>colloquiis</strong></span> <span class='ocrx_word' id='word_1_250' title='bbox 675 968 743 988; x_wconf 90' lang='lat' dir='ltr'><strong>cum</strong></span> <span class='ocrx_word' id='word_1_251' title='bbox 761 961 806 988; x_wconf 86' lang='lat' dir='ltr'><strong>his</strong></span> <span class='ocrx_word' id='word_1_252' title='bbox 831 961 1011 989; x_wconf 86' lang='lat' dir='ltr'><strong>hominibus.</strong></span> 
     </span>
    </p>
   </div>
   <div class='ocr_carea' id='block_1_37' title="bbox 183 1003 1012 1041">
    <p class='ocr_par' dir='ltr' id='par_1_37' title="bbox 183 1003 1012 1041">
     <span class='ocr_line' id='line_1_37' title="bbox 183 1003 1012 1041; baseline 0.004 -11"><span class='ocrx_word' id='word_1_253' title='bbox 183 1003 257 1030; x_wconf 87' lang='lat' dir='ltr'><strong>Nam</strong></span> <span class='ocrx_word' id='word_1_254' title='bbox 274 1003 298 1030; x_wconf 89' lang='lat' dir='ltr'><strong>si</strong></span> <span class='ocrx_word' id='word_1_255' title='bbox 314 1004 546 1032; x_wconf 86' lang='lat' dir='ltr'><strong>admonitionem</strong></span> <span class='ocrx_word' id='word_1_256' title='bbox 557 1004 682 1040; x_wconf 83' lang='lat' dir='ltr'><strong>Sirachi,</strong></span> <span class='ocrx_word' id='word_1_257' title='bbox 692 1013 754 1040; x_wconf 71' lang='lat' dir='ltr'><strong>qua:</strong></span> <span class='ocrx_word' id='word_1_258' title='bbox 765 1006 800 1033; x_wconf 88' lang='lat' dir='ltr'><strong>ad</strong></span> <span class='ocrx_word' id='word_1_259' title='bbox 816 1005 1012 1041; x_wconf 79' lang='lat' dir='ltr'><strong>integritatem</strong></span> 
     </span>
    </p>
   </div>
   <div class='ocr_carea' id='block_1_38' title="bbox 183 1047 1013 1086">
    <p class='ocr_par' dir='ltr' id='par_1_38' title="bbox 183 1047 1013 1086">
     <span class='ocr_line' id='line_1_38' title="bbox 183 1047 1013 1086; baseline 0.004 -11"><span class='ocrx_word' id='word_1_260' title='bbox 183 1047 306 1083; x_wconf 81' lang='lat' dir='ltr'><strong>virginis</strong></span> <span class='ocrx_word' id='word_1_261' title='bbox 316 1049 454 1076; x_wconf 88' lang='lat' dir='ltr'><strong>conducit</strong></span> <span class='ocrx_word' id='word_1_262' title='bbox 465 1049 634 1086; x_wconf 84' lang='lat' dir='ltr'><strong>recipimus,</strong></span> <span class='ocrx_word' id='word_1_263' title='bbox 648 1050 731 1084; x_wconf 69' lang='lat' dir='ltr'><strong>Quasi</strong></span> <span class='ocrx_word' id='word_1_264' title='bbox 741 1050 893 1084; x_wconf 75' lang='lat' dir='ltr'><strong>eunuchus,</strong></span> <span class='ocrx_word' id='word_1_265' title='bbox 904 1050 1013 1086; x_wconf 87' lang='lat' dir='ltr'><strong>inquit,</strong></span> 
     </span>
    </p>
   </div>
   <div class='ocr_carea' id='block_1_39' title="bbox 183 1092 1014 1130">
    <p class='ocr_par' dir='ltr' id='par_1_39' title="bbox 183 1092 1014 1130">
     <span class='ocr_line' id='line_1_39' title="bbox 183 1092 1014 1130; baseline 0.002 -10"><span class='ocrx_word' id='word_1_266' title='bbox 183 1092 361 1128; x_wconf 74' lang='lat' dir='ltr'><strong>complectens</strong></span> <span class='ocrx_word' id='word_1_267' title='bbox 390 1094 528 1127; x_wconf 76' lang='lat' dir='ltr'><strong>virginem</strong></span> <span class='ocrx_word' id='word_1_268' title='bbox 553 1098 578 1122; x_wconf 74' lang='lat' dir='ltr'><strong>et</strong></span> <span class='ocrx_word' id='word_1_269' title='bbox 603 1095 817 1130; x_wconf 62' lang='lat' dir='ltr'><strong>ingemiscens“</strong></span> <span class='ocrx_word' id='word_1_270' title='bbox 840 1104 847 1123; x_wconf 86' lang='lat'><strong>:</strong></span> <span class='ocrx_word' id='word_1_271' title='bbox 871 1095 1014 1123; x_wconf 87' lang='lat' dir='ltr'><strong>nimirum</strong></span> 
     </span>
    </p>
   </div>
   <div class='ocr_carea' id='block_1_40' title="bbox 187 1137 1014 1175">
    <p class='ocr_par' dir='ltr' id='par_1_40' title="bbox 187 1137 1014 1175">
     <span class='ocr_line' id='line_1_40' title="bbox 187 1137 1014 1175; baseline 0.005 -11"><span class='ocrx_word' id='word_1_272' title='bbox 187 1137 345 1174; x_wconf 82' lang='lat' dir='ltr'><strong>quiaquod</strong></span> <span class='ocrx_word' id='word_1_273' title='bbox 362 1137 423 1165; x_wconf 89' lang='lat' dir='ltr'><strong>vult</strong></span> <span class='ocrx_word' id='word_1_274' title='bbox 435 1138 529 1166; x_wconf 81' lang='lat' dir='ltr'><strong>facere</strong></span> <span class='ocrx_word' id='word_1_275' title='bbox 545 1147 602 1167; x_wconf 89' lang='lat' dir='ltr'><strong>non</strong></span> <span class='ocrx_word' id='word_1_276' title='bbox 616 1141 721 1175; x_wconf 81' lang='lat' dir='ltr'><strong>potest.</strong></span> <span class='ocrx_word' id='word_1_277' title='bbox 737 1139 808 1168; x_wconf 85' lang='lat' dir='ltr'><strong>Item</strong></span> <span class='ocrx_word' id='word_1_278' title='bbox 822 1148 828 1167; x_wconf 89' lang='lat'>:</span> <span class='ocrx_word' id='word_1_279' title='bbox 840 1140 1014 1168; x_wconf 75' lang='lat' dir='ltr'><strong>Desiderium</strong></span> 
     </span>
    </p>
   </div>
   <div class='ocr_carea' id='block_1_41' title="bbox 185 1181 1012 1219">
    <p class='ocr_par' dir='ltr' id='par_1_41' title="bbox 185 1181 1012 1219">
     <span class='ocr_line' id='line_1_41' title="bbox 185 1181 1012 1219; baseline 0.004 -9"><span class='ocrx_word' id='word_1_280' title='bbox 185 1181 308 1210; x_wconf 79' lang='lat' dir='ltr'><strong>eunuchi</strong></span> <span class='ocrx_word' id='word_1_281' title='bbox 332 1186 372 1210; x_wconf 74' lang='lat' dir='ltr'><strong>est</strong></span> <span class='ocrx_word' id='word_1_282' title='bbox 395 1182 570 1218; x_wconf 71' lang='lat' dir='ltr'><strong>deuirginare</strong></span> <span class='ocrx_word' id='word_1_283' title='bbox 583 1185 708 1219; x_wconf 80' lang='lat' dir='ltr'><strong>puellum</strong></span> <span class='ocrx_word' id='word_1_284' title='bbox 718 1184 750 1211; x_wconf 80' lang='lat'><strong>“.</strong></span> <span class='ocrx_word' id='word_1_285' title='bbox 766 1185 826 1212; x_wconf 83' lang='lat' dir='ltr'><strong>Etsi</strong></span> <span class='ocrx_word' id='word_1_286' title='bbox 850 1184 927 1213; x_wconf 89' lang='lat' dir='ltr'><strong>enim</strong></span> <span class='ocrx_word' id='word_1_287' title='bbox 952 1193 1012 1212; x_wconf 83' lang='lat' dir='ltr'><strong>ma-</strong></span> 
     </span>
    </p>
   </div>
   <div class='ocr_carea' id='block_1_42' title="bbox 187 1226 1012 1265">
    <p class='ocr_par' dir='ltr' id='par_1_42' title="bbox 187 1226 1012 1265">
     <span class='ocr_line' id='line_1_42' title="bbox 187 1226 1012 1265; baseline 0.005 -12"><span class='ocrx_word' id='word_1_288' title='bbox 187 1228 274 1261; x_wconf 82' lang='lat' dir='ltr'><strong>trem,</strong></span> <span class='ocrx_word' id='word_1_289' title='bbox 287 1226 394 1262; x_wconf 83' lang='lat' dir='ltr'><strong>inquit,</strong></span> <span class='ocrx_word' id='word_1_290' title='bbox 413 1227 450 1255; x_wconf 92' lang='lat' dir='ltr'><strong>ob</strong></span> <span class='ocrx_word' id='word_1_291' title='bbox 465 1227 708 1256; x_wconf 78' lang='lat' dir='ltr'><strong>infecunditatem</strong></span> <span class='ocrx_word' id='word_1_292' title='bbox 723 1229 817 1257; x_wconf 77' lang='lat' dir='ltr'><strong>facere</strong></span> <span class='ocrx_word' id='word_1_293' title='bbox 832 1238 889 1257; x_wconf 93' lang='lat' dir='ltr'><strong>non</strong></span> <span class='ocrx_word' id='word_1_294' title='bbox 906 1231 1012 1265; x_wconf 82' lang='lat' dir='ltr'><strong>potest,</strong></span> 
     </span>
    </p>
   </div>
   <div class='ocr_carea' id='block_1_43' title="bbox 186 1270 1014 1308">
    <p class='ocr_par' dir='ltr' id='par_1_43' title="bbox 186 1270 1014 1308">
     <span class='ocr_line' id='line_1_43' title="bbox 186 1270 1014 1308; baseline 0.004 -10"><span class='ocrx_word' id='word_1_295' title='bbox 186 1273 216 1298; x_wconf 82' lang='lat' dir='ltr'><strong>at</strong></span> <span class='ocrx_word' id='word_1_296' title='bbox 238 1270 437 1306; x_wconf 78' lang='lat' dir='ltr'><strong>virginitatem</strong></span> <span class='ocrx_word' id='word_1_297' title='bbox 461 1272 488 1299; x_wconf 89' lang='lat' dir='ltr'><strong>ei</strong></span> <span class='ocrx_word' id='word_1_298' title='bbox 511 1274 574 1300; x_wconf 86' lang='lat' dir='ltr'><strong>vult</strong></span> <span class='ocrx_word' id='word_1_299' title='bbox 597 1273 718 1308; x_wconf 86' lang='lat' dir='ltr'><strong>eripere.</strong></span> <span class='ocrx_word' id='word_1_300' title='bbox 736 1274 860 1302; x_wconf 80' lang='lat' dir='ltr'><strong>Laudari</strong></span> <span class='ocrx_word' id='word_1_301' title='bbox 883 1282 952 1308; x_wconf 88' lang='lat' dir='ltr'><strong>ergo</strong></span> <span class='ocrx_word' id='word_1_302' title='bbox 977 1274 1014 1301; x_wconf 92' lang='lat' dir='ltr'><strong>ob</strong></span> 
     </span>
    </p>
   </div>
   <div class='ocr_carea' id='block_1_44' title="bbox 186 1315 1013 1354">
    <p class='ocr_par' dir='ltr' id='par_1_44' title="bbox 186 1315 1013 1354">
     <span class='ocr_line' id='line_1_44' title="bbox 186 1315 1013 1354; baseline 0.002 -11"><span class='ocrx_word' id='word_1_303' title='bbox 186 1315 353 1343; x_wconf 81' lang='lat' dir='ltr'><strong>castitatem</strong></span> <span class='ocrx_word' id='word_1_304' title='bbox 369 1324 426 1344; x_wconf 92' lang='lat' dir='ltr'><strong>non</strong></span> <span class='ocrx_word' id='word_1_305' title='bbox 440 1317 547 1344; x_wconf 87' lang='lat' dir='ltr'><strong>debent</strong></span> <span class='ocrx_word' id='word_1_306' title='bbox 561 1317 592 1351; x_wconf 87' lang='lat' dir='ltr'><strong>ii,</strong></span> <span class='ocrx_word' id='word_1_307' title='bbox 602 1317 710 1352; x_wconf 84' lang='lat' dir='ltr'><strong>quibus</strong></span> <span class='ocrx_word' id='word_1_308' title='bbox 721 1317 854 1346; x_wconf 88' lang='lat' dir='ltr'><strong>abscissa</strong></span> <span class='ocrx_word' id='word_1_309' title='bbox 864 1318 1013 1354; x_wconf 82' lang='lat' dir='ltr'><strong>genitalia.</strong></span> 
     </span>
    </p>
   </div>
   <div class='ocr_carea' id='block_1_45' title="bbox 186 1360 1015 1396">
    <p class='ocr_par' dir='ltr' id='par_1_45' title="bbox 186 1360 1015 1396">
     <span class='ocr_line' id='line_1_45' title="bbox 186 1360 1015 1396; baseline 0.004 -9"><span class='ocrx_word' id='word_1_310' title='bbox 186 1360 288 1396; x_wconf 87' lang='lat' dir='ltr'><strong>Neque</strong></span> <span class='ocrx_word' id='word_1_311' title='bbox 302 1360 381 1388; x_wconf 76' lang='lat' dir='ltr'><strong>enim</strong></span> <span class='ocrx_word' id='word_1_312' title='bbox 396 1369 499 1396; x_wconf 87' lang='lat' dir='ltr'><strong>equos,</strong></span> <span class='ocrx_word' id='word_1_313' title='bbox 515 1361 592 1396; x_wconf 87' lang='lat' dir='ltr'><strong>quod</strong></span> <span class='ocrx_word' id='word_1_314' title='bbox 609 1370 700 1390; x_wconf 90' lang='lat' dir='ltr'><strong>cornu</strong></span> <span class='ocrx_word' id='word_1_315' title='bbox 717 1370 774 1390; x_wconf 91' lang='lat' dir='ltr'><strong>non</strong></span> <span class='ocrx_word' id='word_1_316' title='bbox 793 1362 899 1390; x_wconf 85' lang='lat' dir='ltr'><strong>feriant</strong></span> <span class='ocrx_word' id='word_1_317' title='bbox 913 1362 1015 1390; x_wconf 85' lang='lat' dir='ltr'><strong>lauda-</strong></span> 
     </span>
    </p>
   </div>
   <div class='ocr_carea' id='block_1_46' title="bbox 187 1405 1012 1442">
    <p class='ocr_par' dir='ltr' id='par_1_46' title="bbox 187 1405 1012 1442">
     <span class='ocr_line' id='line_1_46' title="bbox 187 1405 1012 1442; baseline 0.004 -10"><span class='ocrx_word' id='word_1_318' title='bbox 187 1413 267 1439; x_wconf 81' lang='lat' dir='ltr'><strong>mus;</strong></span> <span class='ocrx_word' id='word_1_319' title='bbox 277 1405 328 1432; x_wconf 91' lang='lat' dir='ltr'><strong>sed</strong></span> <span class='ocrx_word' id='word_1_320' title='bbox 337 1413 387 1433; x_wconf 88' lang='lat' dir='ltr'><strong>eos</strong></span> <span class='ocrx_word' id='word_1_321' title='bbox 399 1405 529 1442; x_wconf 87' lang='lat' dir='ltr'><strong>quidem,</strong></span> <span class='ocrx_word' id='word_1_322' title='bbox 537 1406 562 1434; x_wconf 88' lang='lat' dir='ltr'><strong>si</strong></span> <span class='ocrx_word' id='word_1_323' title='bbox 572 1414 629 1434; x_wconf 94' lang='lat' dir='ltr'><strong>non</strong></span> <span class='ocrx_word' id='word_1_324' title='bbox 641 1406 803 1440; x_wconf 85' lang='lat' dir='ltr'><strong>calcitrent,</strong></span> <span class='ocrx_word' id='word_1_325' title='bbox 811 1407 1012 1435; x_wconf 81' lang='lat' dir='ltr'><strong>laudabimus:</strong></span> 
     </span>
    </p>
   </div>
   <div class='ocr_carea' id='block_1_47' title="bbox 189 1449 1016 1486">
    <p class='ocr_par' dir='ltr' id='par_1_47' title="bbox 189 1449 1016 1486">
     <span class='ocr_line' id='line_1_47' title="bbox 189 1449 1016 1486; baseline 0.005 -10"><span class='ocrx_word' id='word_1_326' title='bbox 189 1449 219 1476; x_wconf 92' lang='lat' dir='ltr'><strong>in</strong></span> <span class='ocrx_word' id='word_1_327' title='bbox 233 1449 327 1478; x_wconf 89' lang='lat' dir='ltr'><strong>bobus</strong></span> <span class='ocrx_word' id='word_1_328' title='bbox 342 1451 452 1483; x_wconf 86' lang='lat' dir='ltr'><strong>autem,</strong></span> <span class='ocrx_word' id='word_1_329' title='bbox 468 1450 493 1478; x_wconf 89' lang='lat' dir='ltr'><strong>si</strong></span> <span class='ocrx_word' id='word_1_330' title='bbox 506 1458 596 1478; x_wconf 85' lang='lat' dir='ltr'><strong>cornu</strong></span> <span class='ocrx_word' id='word_1_331' title='bbox 613 1459 670 1479; x_wconf 94' lang='lat' dir='ltr'><strong>non</strong></span> <span class='ocrx_word' id='word_1_332' title='bbox 687 1451 802 1486; x_wconf 79' lang='lat' dir='ltr'><strong>feriant,</strong></span> <span class='ocrx_word' id='word_1_333' title='bbox 815 1451 1016 1480; x_wconf 83' lang='lat' dir='ltr'><strong>mansuetudi-</strong></span> 
     </span>
    </p>
   </div>
   <div class='ocr_carea' id='block_1_48' title="bbox 189 1495 1015 1532">
    <p class='ocr_par' dir='ltr' id='par_1_48' title="bbox 189 1495 1015 1532">
     <span class='ocr_line' id='line_1_48' title="bbox 189 1495 1015 1532; baseline 0.004 -11"><span class='ocrx_word' id='word_1_334' title='bbox 189 1502 257 1522; x_wconf 90' lang='lat' dir='ltr'><strong>nem</strong></span> <span class='ocrx_word' id='word_1_335' title='bbox 273 1495 379 1522; x_wconf 88' lang='lat' dir='ltr'><strong>merito</strong></span> <span class='ocrx_word' id='word_1_336' title='bbox 396 1495 564 1530; x_wconf 84' lang='lat' dir='ltr'><strong>probamus.</strong></span> <span class='ocrx_word' id='word_1_337' title='bbox 579 1497 642 1523; x_wconf 89' lang='lat' dir='ltr'><strong>Non</strong></span> <span class='ocrx_word' id='word_1_338' title='bbox 658 1496 737 1524; x_wconf 88' lang='lat' dir='ltr'><strong>enim</strong></span> <span class='ocrx_word' id='word_1_339' title='bbox 757 1496 786 1524; x_wconf 90' lang='lat' dir='ltr'><strong>in</strong></span> <span class='ocrx_word' id='word_1_340' title='bbox 802 1505 859 1532; x_wconf 91' lang='lat' dir='ltr'><strong>quo</strong></span> <span class='ocrx_word' id='word_1_341' title='bbox 875 1497 942 1532; x_wconf 89' lang='lat' dir='ltr'><strong>quis</strong></span> <span class='ocrx_word' id='word_1_342' title='bbox 957 1505 1015 1524; x_wconf 88' lang='lat' dir='ltr'><strong>non</strong></span> 
     </span>
    </p>
   </div>
   <div class='ocr_carea' id='block_1_49' title="bbox 190 1538 1016 1577">
    <p class='ocr_par' dir='ltr' id='par_1_49' title="bbox 190 1538 1016 1577">
     <span class='ocr_line' id='line_1_49' title="bbox 190 1538 1016 1577; baseline 0.005 -12"><span class='ocrx_word' id='word_1_343' title='bbox 190 1538 356 1574; x_wconf 85' lang='lat' dir='ltr'><strong>potest,sed</strong></span> <span class='ocrx_word' id='word_1_344' title='bbox 374 1538 404 1566; x_wconf 91' lang='lat' dir='ltr'><strong>in</strong></span> <span class='ocrx_word' id='word_1_345' title='bbox 413 1548 551 1575; x_wconf 85' lang='lat' dir='ltr'><strong>quo,cum</strong></span> <span class='ocrx_word' id='word_1_346' title='bbox 563 1541 710 1576; x_wconf 83' lang='lat' dir='ltr'><strong>possit,ed</strong></span> <span class='ocrx_word' id='word_1_347' title='bbox 722 1541 859 1576; x_wconf 85' lang='lat' dir='ltr'><strong>injuriam</strong></span> <span class='ocrx_word' id='word_1_348' title='bbox 873 1544 1016 1577; x_wconf 85' lang='lat' dir='ltr'><strong>potestate</strong></span> 
     </span>
    </p>
   </div>
   <div class='ocr_carea' id='block_1_50' title="bbox 191 1583 1016 1619">
    <p class='ocr_par' dir='ltr' id='par_1_50' title="bbox 191 1583 1016 1619">
     <span class='ocr_line' id='line_1_50' title="bbox 191 1583 1016 1619; baseline 0.005 -9"><span class='ocrx_word' id='word_1_349' title='bbox 191 1591 248 1610; x_wconf 91' lang='lat' dir='ltr'><strong>non</strong></span> <span class='ocrx_word' id='word_1_350' title='bbox 262 1583 365 1617; x_wconf 88' lang='lat' dir='ltr'><strong>utitur,</strong></span> <span class='ocrx_word' id='word_1_351' title='bbox 373 1584 596 1612; x_wconf 86' lang='lat' dir='ltr'><strong>admirationem</strong></span> <span class='ocrx_word' id='word_1_352' title='bbox 608 1585 705 1613; x_wconf 82' lang='lat' dir='ltr'><strong>habet.</strong></span> <span class='ocrx_word' id='word_1_353' title='bbox 715 1586 796 1619; x_wconf 83' lang='lat' dir='ltr'><strong>Quod</strong></span> <span class='ocrx_word' id='word_1_354' title='bbox 809 1586 833 1613; x_wconf 93' lang='lat' dir='ltr'><strong>si</strong></span> <span class='ocrx_word' id='word_1_355' title='bbox 847 1586 1016 1614; x_wconf 82' lang='lat' dir='ltr'><strong>existimant</strong></span> 
     </span>
    </p>
   </div>
   <div class='ocr_carea' id='block_1_51' title="bbox 192 1626 1018 1664">
    <p class='ocr_par' dir='ltr' id='par_1_51' title="bbox 192 1626 1018 1664">
     <span class='ocr_line' id='line_1_51' title="bbox 192 1626 1018 1664; baseline 0.005 -10"><span class='ocrx_word' id='word_1_356' title='bbox 192 1626 405 1655; x_wconf 86' lang='lat' dir='ltr'><strong>abscissionem</strong></span> <span class='ocrx_word' id='word_1_357' title='bbox 420 1628 593 1664; x_wconf 80' lang='lat' dir='ltr'><strong>genitalium</strong></span> <span class='ocrx_word' id='word_1_358' title='bbox 605 1629 640 1657; x_wconf 89' lang='lat' dir='ltr'><strong>ad</strong></span> <span class='ocrx_word' id='word_1_359' title='bbox 652 1630 859 1657; x_wconf 86' lang='lat' dir='ltr'><strong>removendum</strong></span> <span class='ocrx_word' id='word_1_360' title='bbox 871 1631 906 1658; x_wconf 90' lang='lat' dir='ltr'><strong>ab</strong></span> <span class='ocrx_word' id='word_1_361' title='bbox 918 1631 1018 1658; x_wconf 86' lang='lat' dir='ltr'><strong>anima</strong></span> 
     </span>
    </p>
   </div>
   <div class='ocr_carea' id='block_1_52' title="bbox 192 1673 1018 1710">
    <p class='ocr_par' dir='ltr' id='par_1_52' title="bbox 192 1673 1018 1710">
     <span class='ocr_line' id='line_1_52' title="bbox 192 1673 1018 1710; baseline 0.005 -11"><span class='ocrx_word' id='word_1_362' title='bbox 192 1673 344 1707; x_wconf 84' lang='lat' dir='ltr'><strong>peccatum</strong></span> <span class='ocrx_word' id='word_1_363' title='bbox 353 1673 529 1707; x_wconf 84' lang='lat' dir='ltr'><strong>conducere;</strong></span> <span class='ocrx_word' id='word_1_364' title='bbox 541 1676 646 1701; x_wconf 88' lang='lat' dir='ltr'><strong>eruant</strong></span> <span class='ocrx_word' id='word_1_365' title='bbox 653 1674 739 1702; x_wconf 87' lang='lat' dir='ltr'><strong>etiam</strong></span> <span class='ocrx_word' id='word_1_366' title='bbox 749 1674 913 1710; x_wconf 86' lang='lat' dir='ltr'><strong>oculos,qui</strong></span> <span class='ocrx_word' id='word_1_367' title='bbox 924 1676 1018 1703; x_wconf 81' lang='lat' dir='ltr'><strong>multa</strong></span> 
     </span>
    </p>
   </div>
   <div class='ocr_carea' id='block_1_53' title="bbox 191 1717 1016 1754">
    <p class='ocr_par' dir='ltr' id='par_1_53' title="bbox 191 1717 1016 1754">
     <span class='ocr_line' id='line_1_53' title="bbox 191 1717 1016 1754; baseline 0.005 -11"><span class='ocrx_word' id='word_1_368' title='bbox 191 1718 294 1744; x_wconf 88' lang='lat' dir='ltr'><strong>contra</strong></span> <span class='ocrx_word' id='word_1_369' title='bbox 303 1717 445 1744; x_wconf 87' lang='lat' dir='ltr'><strong>rationem</strong></span> <span class='ocrx_word' id='word_1_370' title='bbox 461 1717 627 1752; x_wconf 85' lang='lat' dir='ltr'><strong>intuentur;</strong></span> <span class='ocrx_word' id='word_1_371' title='bbox 641 1719 800 1754; x_wconf 63' lang='lat' dir='ltr'><strong>praecidant</strong></span> <span class='ocrx_word' id='word_1_372' title='bbox 810 1727 917 1747; x_wconf 87' lang='lat' dir='ltr'><strong>manus</strong></span> <span class='ocrx_word' id='word_1_373' title='bbox 927 1719 1016 1747; x_wconf 82' lang='lat' dir='ltr'><strong>simul</strong></span> 
     </span>
    </p>
   </div>
   <div class='ocr_carea' id='block_1_54' title="bbox 190 1761 1017 1797">
    <p class='ocr_par' dir='ltr' id='par_1_54' title="bbox 190 1761 1017 1797">
     <span class='ocr_line' id='line_1_54' title="bbox 190 1761 1017 1797; baseline 0.005 -9"><span class='ocrx_word' id='word_1_374' title='bbox 190 1763 221 1789; x_wconf 87' lang='lat' dir='ltr'><strong>et</strong></span> <span class='ocrx_word' id='word_1_375' title='bbox 237 1761 324 1797; x_wconf 85' lang='lat' dir='ltr'><strong>pedes</strong></span> <span class='ocrx_word' id='word_1_376' title='bbox 336 1770 342 1789; x_wconf 89' lang='lat'>:</span> <span class='ocrx_word' id='word_1_377' title='bbox 357 1761 512 1790; x_wconf 85' lang='lat' dir='ltr'><strong>obstruunt</strong></span> <span class='ocrx_word' id='word_1_378' title='bbox 521 1763 609 1790; x_wconf 87' lang='lat' dir='ltr'><strong>etiam</strong></span> <span class='ocrx_word' id='word_1_379' title='bbox 621 1770 717 1796; x_wconf 83' lang='lat' dir='ltr'><strong>aures,</strong></span> <span class='ocrx_word' id='word_1_380' title='bbox 730 1765 762 1790; x_wconf 89' lang='lat' dir='ltr'><strong>ut</strong></span> <span class='ocrx_word' id='word_1_381' title='bbox 773 1763 846 1791; x_wconf 85' lang='lat' dir='ltr'><strong>nihil</strong></span> <span class='ocrx_word' id='word_1_382' title='bbox 859 1765 963 1792; x_wconf 84' lang='lat' dir='ltr'><strong>horum</strong></span> <span class='ocrx_word' id='word_1_383' title='bbox 974 1764 1017 1792; x_wconf 92' lang='lat' dir='ltr'><strong>in-</strong></span> 
     </span>
    </p>
   </div>
   <div class='ocr_carea' id='block_1_55' title="bbox 191 1806 1016 1843">
    <p class='ocr_par' dir='ltr' id='par_1_55' title="bbox 191 1806 1016 1843">
     <span class='ocr_line' id='line_1_55' title="bbox 191 1806 1016 1843; baseline 0.004 -10"><span class='ocrx_word' id='word_1_384' title='bbox 191 1808 390 1834; x_wconf 85' lang='lat' dir='ltr'><strong>strumentum</strong></span> <span class='ocrx_word' id='word_1_385' title='bbox 402 1807 453 1834; x_wconf 84' lang='lat' dir='ltr'><strong>ﬂat</strong></span> <span class='ocrx_word' id='word_1_386' title='bbox 463 1807 584 1842; x_wconf 85' lang='lat' dir='ltr'><strong>peccati.</strong></span> <span class='ocrx_word' id='word_1_387' title='bbox 597 1807 645 1834; x_wconf 87' lang='lat' dir='ltr'><strong>Vel</strong></span> <span class='ocrx_word' id='word_1_388' title='bbox 657 1806 682 1834; x_wconf 90' lang='lat' dir='ltr'><strong>si</strong></span> <span class='ocrx_word' id='word_1_389' title='bbox 691 1807 772 1835; x_wconf 85' lang='lat' dir='ltr'><strong>istud</strong></span> <span class='ocrx_word' id='word_1_390' title='bbox 784 1808 903 1843; x_wconf 88' lang='lat' dir='ltr'><strong>quidem</strong></span> <span class='ocrx_word' id='word_1_391' title='bbox 915 1809 1016 1836; x_wconf 80' lang='lat' dir='ltr'><strong>absur-</strong></span> 
     </span>
    </p>
   </div>
   <div class='ocr_carea' id='block_1_56' title="bbox 193 1850 1016 1887">
    <p class='ocr_par' dir='ltr' id='par_1_56' title="bbox 193 1850 1016 1887">
     <span class='ocr_line' id='line_1_56' title="bbox 193 1850 1016 1887; baseline 0.004 -9"><span class='ocrx_word' id='word_1_392' title='bbox 193 1851 263 1878; x_wconf 90' lang='lat' dir='ltr'><strong>dum</strong></span> <span class='ocrx_word' id='word_1_393' title='bbox 278 1852 323 1879; x_wconf 85' lang='lat' dir='ltr'><strong>est</strong></span> <span class='ocrx_word' id='word_1_394' title='bbox 337 1850 426 1878; x_wconf 90' lang='lat' dir='ltr'><strong>simul</strong></span> <span class='ocrx_word' id='word_1_395' title='bbox 443 1853 470 1879; x_wconf 86' lang='lat' dir='ltr'><strong>et</strong></span> <span class='ocrx_word' id='word_1_396' title='bbox 485 1851 641 1887; x_wconf 78' lang='lat' dir='ltr'><strong>furiosum,</strong></span> <span class='ocrx_word' id='word_1_397' title='bbox 658 1852 726 1880; x_wconf 84' lang='lat' dir='ltr'><strong>totis</strong></span> <span class='ocrx_word' id='word_1_398' title='bbox 745 1852 885 1880; x_wconf 88' lang='lat' dir='ltr'><strong>membris</strong></span> <span class='ocrx_word' id='word_1_399' title='bbox 901 1853 1016 1881; x_wconf 87' lang='lat' dir='ltr'><strong>undeli-</strong></span> 
     </span>
    </p>
   </div>
   <div class='ocr_carea' id='block_1_57' title="bbox 193 1895 1014 1932">
    <p class='ocr_par' dir='ltr' id='par_1_57' title="bbox 193 1895 1014 1932">
     <span class='ocr_line' id='line_1_57' title="bbox 193 1895 1014 1932; baseline 0.005 -10"><span class='ocrx_word' id='word_1_400' title='bbox 193 1895 243 1922; x_wconf 89' lang='lat' dir='ltr'><strong>bet</strong></span> <span class='ocrx_word' id='word_1_401' title='bbox 252 1895 402 1926; x_wconf 83' lang='lat' dir='ltr'><strong>abscissis.</strong></span> <span class='ocrx_word' id='word_1_402' title='bbox 412 1895 558 1931; x_wconf 87' lang='lat' dir='ltr'><strong>reliquum</strong></span> <span class='ocrx_word' id='word_1_403' title='bbox 569 1905 676 1932; x_wconf 84' lang='lat' dir='ltr'><strong>corpus</strong></span> <span class='ocrx_word' id='word_1_404' title='bbox 691 1897 796 1925; x_wconf 84' lang='lat' dir='ltr'><strong>inutile</strong></span> <span class='ocrx_word' id='word_1_405' title='bbox 806 1897 900 1925; x_wconf 88' lang='lat' dir='ltr'><strong>instar</strong></span> <span class='ocrx_word' id='word_1_406' title='bbox 909 1898 1014 1932; x_wconf 89' lang='lat' dir='ltr'><strong>trunci,</strong></span> 
     </span>
    </p>
   </div>
   <div class='ocr_carea' id='block_1_58' title="bbox 194 1939 1017 1977">
    <p class='ocr_par' dir='ltr' id='par_1_58' title="bbox 194 1939 1017 1977">
     <span class='ocr_line' id='line_1_58' title="bbox 194 1939 1017 1977; baseline 0.005 -11"><span class='ocrx_word' id='word_1_407' title='bbox 194 1941 228 1966; x_wconf 88' lang='lat' dir='ltr'><strong>ut</strong></span> <span class='ocrx_word' id='word_1_408' title='bbox 237 1939 354 1973; x_wconf 83' lang='lat' dir='ltr'><strong>dicitur,</strong></span> <span class='ocrx_word' id='word_1_409' title='bbox 364 1939 483 1968; x_wconf 89' lang='lat' dir='ltr'><strong>omnino</strong></span> <span class='ocrx_word' id='word_1_410' title='bbox 495 1940 636 1975; x_wconf 86' lang='lat' dir='ltr'><strong>projicere</strong></span> <span class='ocrx_word' id='word_1_411' title='bbox 647 1949 714 1968; x_wconf 91' lang='lat' dir='ltr'><strong>cum</strong></span> <span class='ocrx_word' id='word_1_412' title='bbox 725 1941 789 1976; x_wconf 85' lang='lat' dir='ltr'><strong>ipsa</strong></span> <span class='ocrx_word' id='word_1_413' title='bbox 801 1941 863 1969; x_wconf 88' lang='lat' dir='ltr'><strong>vitii</strong></span> <span class='ocrx_word' id='word_1_414' title='bbox 874 1951 972 1977; x_wconf 86' lang='lat' dir='ltr'><strong>causa,</strong></span> <span class='ocrx_word' id='word_1_415' title='bbox 984 1951 1017 1970; x_wconf 85' lang='lat' dir='ltr'><strong>ac</strong></span> 
     </span>
    </p>
   </div>
   <div class='ocr_carea' id='block_1_59' title="bbox 194 1983 1018 2022">
    <p class='ocr_par' dir='ltr' id='par_1_59' title="bbox 194 1983 1018 2022">
     <span class='ocr_line' id='line_1_59' title="bbox 194 1983 1018 2022; baseline 0.006 -12"><span class='ocrx_word' id='word_1_416' title='bbox 194 1985 293 2010; x_wconf 83' lang='lat' dir='ltr'><strong>tamen</strong></span> <span class='ocrx_word' id='word_1_417' title='bbox 308 1983 344 2011; x_wconf 91' lang='lat' dir='ltr'><strong>ob</strong></span> <span class='ocrx_word' id='word_1_418' title='bbox 361 1983 505 2020; x_wconf 87' lang='lat' dir='ltr'><strong>imagines</strong></span> <span class='ocrx_word' id='word_1_419' title='bbox 520 1993 571 2020; x_wconf 90' lang='lat' dir='ltr'><strong>per</strong></span> <span class='ocrx_word' id='word_1_420' title='bbox 592 1986 724 2013; x_wconf 90' lang='lat' dir='ltr'><strong>membra</strong></span> <span class='ocrx_word' id='word_1_421' title='bbox 739 1986 820 2022; x_wconf 83' lang='lat' dir='ltr'><strong>prius</strong></span> <span class='ocrx_word' id='word_1_422' title='bbox 834 1986 1018 2015; x_wconf 82' lang='lat' dir='ltr'><strong>introductae</strong></span> 
     </span>
    </p>
   </div>
   <div class='ocr_carea' id='block_1_60' title="bbox 195 2027 1016 2064">
    <p class='ocr_par' dir='ltr' id='par_1_60' title="bbox 195 2027 1016 2064">
     <span class='ocr_line' id='line_1_60' title="bbox 195 2027 1016 2064; baseline 0.005 -9"><span class='ocrx_word' id='word_1_423' title='bbox 195 2027 294 2056; x_wconf 83' lang='lat' dir='ltr'><strong>animo</strong></span> <span class='ocrx_word' id='word_1_424' title='bbox 309 2035 443 2064; x_wconf 84' lang='lat' dir='ltr'><strong>peccare;</strong></span> <span class='ocrx_word' id='word_1_425' title='bbox 460 2029 554 2057; x_wconf 89' lang='lat' dir='ltr'><strong>satius</strong></span> <span class='ocrx_word' id='word_1_426' title='bbox 569 2032 615 2057; x_wconf 90' lang='lat' dir='ltr'><strong>est</strong></span> <span class='ocrx_word' id='word_1_427' title='bbox 625 2029 740 2064; x_wconf 87' lang='lat' dir='ltr'><strong>relicto;</strong></span> <span class='ocrx_word' id='word_1_428' title='bbox 757 2030 798 2058; x_wconf 87' lang='lat' dir='ltr'><strong>ila</strong></span> <span class='ocrx_word' id='word_1_429' title='bbox 812 2033 844 2058; x_wconf 91' lang='lat' dir='ltr'><strong>ut</strong></span> <span class='ocrx_word' id='word_1_430' title='bbox 859 2032 1016 2059; x_wconf 83' lang='lat' dir='ltr'><strong>formatum</strong></span> 
     </span>
    </p>
   </div>
   <div class='ocr_carea' id='block_1_61' title="bbox 195 2074 1018 2112">
    <p class='ocr_par' dir='ltr' id='par_1_61' title="bbox 195 2074 1018 2112">
     <span class='ocr_line' id='line_1_61' title="bbox 195 2074 1018 2112; baseline 0.006 -13"><span class='ocrx_word' id='word_1_431' title='bbox 195 2074 251 2105; x_wconf 86' lang='lat' dir='ltr'><strong>est,</strong></span> <span class='ocrx_word' id='word_1_432' title='bbox 261 2080 391 2108; x_wconf 85' lang='lat' dir='ltr'><strong>corpore,</strong></span> <span class='ocrx_word' id='word_1_433' title='bbox 402 2074 492 2106; x_wconf 84' lang='lat' dir='ltr'><strong>easta,</strong></span> <span class='ocrx_word' id='word_1_434' title='bbox 511 2075 543 2101; x_wconf 88' lang='lat' dir='ltr'><strong>ut</strong></span> <span class='ocrx_word' id='word_1_435' title='bbox 558 2082 648 2109; x_wconf 82' lang='lat' dir='ltr'><strong>supra</strong></span> <span class='ocrx_word' id='word_1_436' title='bbox 662 2074 773 2102; x_wconf 89' lang='lat' dir='ltr'><strong>dictum</strong></span> <span class='ocrx_word' id='word_1_437' title='bbox 789 2077 843 2109; x_wconf 75' lang='lat' dir='ltr'><strong>est,</strong></span> <span class='ocrx_word' id='word_1_438' title='bbox 860 2084 893 2103; x_wconf 87' lang='lat' dir='ltr'><strong>ac</strong></span> <span class='ocrx_word' id='word_1_439' title='bbox 908 2083 1018 2112; x_wconf 82' lang='lat' dir='ltr'><strong>tempe-</strong></span> 
     </span>
    </p>
   </div>
   <div class='ocr_carea' id='block_1_62' title="bbox 196 2117 1018 2156">
    <p class='ocr_par' dir='ltr' id='par_1_62' title="bbox 196 2117 1018 2156">
     <span class='ocr_line' id='line_1_62' title="bbox 196 2117 1018 2156; baseline 0.005 -12"><span class='ocrx_word' id='word_1_440' title='bbox 196 2117 272 2145; x_wconf 79' lang='lat' dir='ltr'><strong>ranti</strong></span> <span class='ocrx_word' id='word_1_441' title='bbox 288 2118 401 2146; x_wconf 90' lang='lat' dir='ltr'><strong>ratione</strong></span> <span class='ocrx_word' id='word_1_442' title='bbox 415 2119 549 2146; x_wconf 85' lang='lat' dir='ltr'><strong>membra</strong></span> <span class='ocrx_word' id='word_1_443' title='bbox 563 2119 662 2147; x_wconf 86' lang='lat' dir='ltr'><strong>omnia</strong></span> <span class='ocrx_word' id='word_1_444' title='bbox 681 2127 791 2156; x_wconf 80' lang='lat' dir='ltr'><strong>regere,</strong></span> <span class='ocrx_word' id='word_1_445' title='bbox 801 2120 941 2148; x_wconf 87' lang='lat' dir='ltr'><strong>virtutem</strong></span> <span class='ocrx_word' id='word_1_446' title='bbox 961 2129 1018 2149; x_wconf 91' lang='lat' dir='ltr'><strong>non</strong></span> 
     </span>
    </p>
   </div>
   <div class='ocr_carea' id='block_1_63' title="bbox 196 2161 1019 2200">
    <p class='ocr_par' dir='ltr' id='par_1_63' title="bbox 196 2161 1019 2200">
     <span class='ocr_line' id='line_1_63' title="bbox 196 2161 1019 2200; baseline 0.005 -11"><span class='ocrx_word' id='word_1_447' title='bbox 196 2161 381 2190; x_wconf 83' lang='lat' dir='ltr'><strong>necessitatis</strong></span> <span class='ocrx_word' id='word_1_448' title='bbox 390 2163 439 2190; x_wconf 90' lang='lat' dir='ltr'><strong>sed</strong></span> <span class='ocrx_word' id='word_1_449' title='bbox 450 2163 609 2191; x_wconf 87' lang='lat' dir='ltr'><strong>voluntatis</strong></span> <span class='ocrx_word' id='word_1_450' title='bbox 621 2165 726 2191; x_wconf 77' lang='lat' dir='ltr'><strong>nostras</strong></span> <span class='ocrx_word' id='word_1_451' title='bbox 739 2163 894 2200; x_wconf 72' lang='lat' dir='ltr'><strong>paaclarum</strong></span> <span class='ocrx_word' id='word_1_452' title='bbox 909 2173 1019 2200; x_wconf 79' lang='lat' dir='ltr'><strong>munus</strong></span> 
     </span>
    </p>
   </div>
   <div class='ocr_carea' id='block_1_64' title="bbox 196 2205 1019 2243">
    <p class='ocr_par' dir='ltr' id='par_1_64' title="bbox 196 2205 1019 2243">
     <span class='ocr_line' id='line_1_64' title="bbox 196 2205 1019 2243; baseline 0.006 -11"><span class='ocrx_word' id='word_1_453' title='bbox 196 2205 472 2243; x_wconf 81' lang='lat' dir='ltr'><strong>efﬁcientes.Neque</strong></span> <span class='ocrx_word' id='word_1_454' title='bbox 482 2215 548 2236; x_wconf 88' lang='lat' dir='ltr'><strong>vero</strong></span> <span class='ocrx_word' id='word_1_455' title='bbox 558 2208 593 2236; x_wconf 86' lang='lat' dir='ltr'><strong>de</strong></span> <span class='ocrx_word' id='word_1_456' title='bbox 604 2208 740 2236; x_wconf 86' lang='lat' dir='ltr'><strong>omnibus</strong></span> <span class='ocrx_word' id='word_1_457' title='bbox 749 2208 868 2237; x_wconf 91' lang='lat' dir='ltr'><strong>omnino</strong></span> <span class='ocrx_word' id='word_1_458' title='bbox 875 2210 1019 2238; x_wconf 88' lang='lat' dir='ltr'><strong>eunuchis</strong></span> 
     </span>
    </p>
   </div>
   <div class='ocr_carea' id='block_1_65' title="bbox 1066 912 1889 956">
    <p class='ocr_par' dir='ltr' id='par_1_65' title="bbox 1066 912 1889 956">
     <span class='ocr_line' id='line_1_65' title="bbox 1066 912 1889 956; baseline -0.005 -11"><span class='ocrx_word' id='word_1_459' title='bbox 1066 917 1164 952; x_wconf 68' lang='grc' dir='ltr'>ἑαυτῆς</span> <span class='ocrx_word' id='word_1_460' title='bbox 1177 918 1226 952; x_wconf 82' lang='grc' dir='ltr'><strong>τήν</strong></span> <span class='ocrx_word' id='word_1_461' title='bbox 1253 915 1328 945; x_wconf 75' lang='grc' dir='ltr'>ἔνδον</span> <span class='ocrx_word' id='word_1_462' title='bbox 1357 917 1499 954; x_wconf 83' lang='grc' dir='ltr'>παρθενίαν</span> <span class='ocrx_word' id='word_1_463' title='bbox 1527 915 1652 956; x_wconf 77' lang='grc' dir='ltr'>φυλάξαι,</span> <span class='ocrx_word' id='word_1_464' title='bbox 1668 912 1824 953; x_wconf 70' lang='grc' dir='ltr'>ἀκριϐούτω</span> <span class='ocrx_word' id='word_1_465' title='bbox 1842 913 1889 941; x_wconf 85' lang='grc' dir='ltr'><strong>καὶ</strong></span> 
     </span>
    </p>
   </div>
   <div class='ocr_carea' id='block_1_66' title="bbox 1065 960 1888 1000">
    <p class='ocr_par' dir='ltr' id='par_1_66' title="bbox 1065 960 1888 1000">
     <span class='ocr_line' id='line_1_66' title="bbox 1065 960 1888 1000; baseline -0.005 -11"><span class='ocrx_word' id='word_1_466' title='bbox 1065 963 1114 993; x_wconf 82' lang='grc' dir='ltr'><strong>τὰς</strong></span> <span class='ocrx_word' id='word_1_467' title='bbox 1130 963 1198 1000; x_wconf 86' lang='grc' dir='ltr'>πρὸς</span> <span class='ocrx_word' id='word_1_468' title='bbox 1222 962 1334 993; x_wconf 69' lang='grc' dir='ltr'>τούτους</span> <span class='ocrx_word' id='word_1_469' title='bbox 1357 961 1398 989; x_wconf 78' lang='grc' dir='ltr'><strong>ἀεὶ</strong></span> <span class='ocrx_word' id='word_1_470' title='bbox 1425 961 1548 998; x_wconf 83' lang='grc' dir='ltr'><strong>ὁμιλίας.</strong></span> <span class='ocrx_word' id='word_1_471' title='bbox 1564 960 1596 988; x_wconf 76' lang='lat' dir='ltr'><strong>Ei</strong></span> <span class='ocrx_word' id='word_1_472' title='bbox 1624 960 1674 998; x_wconf 68' lang='grc' dir='ltr'>γὰρ</span> <span class='ocrx_word' id='word_1_473' title='bbox 1699 960 1742 987; x_wconf 73' lang='grc' dir='ltr'>καὶ</span> <span class='ocrx_word' id='word_1_474' title='bbox 1759 960 1810 993; x_wconf 81' lang='grc' dir='ltr'><strong>τὴν</strong></span> <span class='ocrx_word' id='word_1_475' title='bbox 1840 960 1888 986; x_wconf 81' lang='grc' dir='ltr'>τοῦ</span> 
     </span>
    </p>
   </div>
   <div class='ocr_carea' id='block_1_67' title="bbox 1067 1002 1892 1045">
    <p class='ocr_par' dir='ltr' id='par_1_67' title="bbox 1067 1002 1892 1045">
     <span class='ocr_line' id='line_1_67' title="bbox 1067 1002 1892 1045; baseline -0.005 -11"><span class='ocrx_word' id='word_1_476' title='bbox 1067 1007 1158 1045; x_wconf 78' lang='grc' dir='ltr'>Σιρὰχ</span> <span class='ocrx_word' id='word_1_477' title='bbox 1179 1006 1333 1045; x_wconf 69' lang='grc' dir='ltr'>παραίνεσιν</span> <span class='ocrx_word' id='word_1_478' title='bbox 1364 1003 1596 1042; x_wconf 75' lang='grc' dir='ltr'>συμϐαλλομένην</span> <span class='ocrx_word' id='word_1_479' title='bbox 1627 1004 1666 1036; x_wconf 75' lang='grc' dir='ltr'><strong>εἷς</strong></span> <span class='ocrx_word' id='word_1_480' title='bbox 1694 1004 1727 1031; x_wconf 85' lang='grc' dir='ltr'><strong>τὸ</strong></span> <span class='ocrx_word' id='word_1_481' title='bbox 1755 1002 1892 1042; x_wconf 74' lang='grc' dir='ltr'>ἄχραντον</span> 
     </span>
    </p>
   </div>
   <div class='ocr_carea' id='block_1_68' title="bbox 1065 1048 1890 1089">
    <p class='ocr_par' dir='ltr' id='par_1_68' title="bbox 1065 1048 1890 1089">
     <span class='ocr_line' id='line_1_68' title="bbox 1065 1048 1890 1089; baseline -0.006 -10"><span class='ocrx_word' id='word_1_482' title='bbox 1065 1055 1117 1086; x_wconf 82' lang='grc' dir='ltr'><strong>τῆς</strong></span> <span class='ocrx_word' id='word_1_483' title='bbox 1145 1051 1279 1089; x_wconf 73' lang='grc' dir='ltr'><strong>παρθένου</strong></span> <span class='ocrx_word' id='word_1_484' title='bbox 1393 1049 1542 1088; x_wconf 81' lang='grc' dir='ltr'>δεχόμεθα,</span> <span class='ocrx_word' id='word_1_485' title='bbox 1570 1050 1614 1080; x_wconf 85' lang='grc' dir='ltr'>Ὠς</span> <span class='ocrx_word' id='word_1_486' title='bbox 1643 1049 1785 1086; x_wconf 72' lang='grc' dir='ltr'>εὐνοῦχος,</span> <span class='ocrx_word' id='word_1_487' title='bbox 1812 1048 1890 1087; x_wconf 67' lang='grc' dir='ltr'>φησὶ,</span> 
     </span>
    </p>
   </div>
   <div class='ocr_carea' id='block_1_69' title="bbox 1067 1091 1893 1134">
    <p class='ocr_par' dir='ltr' id='par_1_69' title="bbox 1067 1091 1893 1134">
     <span class='ocr_line' id='line_1_69' title="bbox 1067 1091 1893 1134; baseline -0.006 -10"><span class='ocrx_word' id='word_1_488' title='bbox 1067 1093 1278 1134; x_wconf 72' lang='grc' dir='ltr'>περιλαμϐάνων</span> <span class='ocrx_word' id='word_1_489' title='bbox 1323 1095 1465 1133; x_wconf 85' lang='grc' dir='ltr'>παρθένον,</span> <span class='ocrx_word' id='word_1_490' title='bbox 1492 1094 1537 1122; x_wconf 86' lang='grc' dir='ltr'><strong>καὶ</strong></span> <span class='ocrx_word' id='word_1_491' title='bbox 1574 1094 1717 1129; x_wconf 68' lang='grc' dir='ltr'>στενάζων·</span> <span class='ocrx_word' id='word_1_492' title='bbox 1742 1093 1852 1123; x_wconf 67' lang='grc' dir='ltr'>πάντως</span> <span class='ocrx_word' id='word_1_493' title='bbox 1866 1091 1893 1119; x_wconf 79' lang='grc' dir='ltr'><strong>δὲ</strong></span> 
     </span>
    </p>
   </div>
   <div class='ocr_carea' id='block_1_70' title="bbox 1068 1137 1892 1178">
    <p class='ocr_par' dir='ltr' id='par_1_70' title="bbox 1068 1137 1892 1178">
     <span class='ocr_line' id='line_1_70' title="bbox 1068 1137 1892 1178; baseline -0.005 -10"><span class='ocrx_word' id='word_1_494' title='bbox 1068 1140 1109 1168; x_wconf 73' lang='grc' dir='ltr'><strong>ὅτι</strong></span> <span class='ocrx_word' id='word_1_495' title='bbox 1125 1141 1160 1168; x_wconf 84' lang='grc' dir='ltr'><strong>οὐ</strong></span> <span class='ocrx_word' id='word_1_496' title='bbox 1175 1139 1284 1168; x_wconf 70' lang='grc' dir='ltr'>δύναται</span> <span class='ocrx_word' id='word_1_497' title='bbox 1299 1140 1312 1167; x_wconf 81' lang='grc' dir='ltr'>ὃ</span> <span class='ocrx_word' id='word_1_498' title='bbox 1330 1139 1457 1178; x_wconf 81' lang='grc' dir='ltr'>βούλιτθι</span> <span class='ocrx_word' id='word_1_499' title='bbox 1472 1140 1580 1175; x_wconf 74' lang='grc' dir='ltr'>πρᾶξαι.</span> <span class='ocrx_word' id='word_1_500' title='bbox 1597 1139 1659 1174; x_wconf 79' lang='grc' dir='ltr'>Καὶ,</span> <span class='ocrx_word' id='word_1_501' title='bbox 1676 1137 1826 1174; x_wconf 77' lang='grc' dir='ltr'>Ἐπιθυμία</span> <span class='ocrx_word' id='word_1_502' title='bbox 1849 1137 1892 1164; x_wconf 75' lang='grc' dir='ltr'><strong>εὖ·</strong></span> 
     </span>
    </p>
   </div>
   <div class='ocr_carea' id='block_1_71' title="bbox 1068 1182 1891 1224">
    <p class='ocr_par' dir='ltr' id='par_1_71' title="bbox 1068 1182 1891 1224">
     <span class='ocr_line' id='line_1_71' title="bbox 1068 1182 1891 1224; baseline -0.006 -11"><span class='ocrx_word' id='word_1_503' title='bbox 1068 1185 1170 1224; x_wconf 77' lang='grc' dir='ltr'>νούχου</span> <span class='ocrx_word' id='word_1_504' title='bbox 1186 1185 1411 1223; x_wconf 79' lang='grc' dir='ltr'>ἆποπαρθενῶσαι</span> <span class='ocrx_word' id='word_1_505' title='bbox 1438 1182 1556 1212; x_wconf 70' lang='grc' dir='ltr'>νεάνιδα.</span> <span class='ocrx_word' id='word_1_506' title='bbox 1572 1183 1605 1212; x_wconf 75' lang='lat' dir='ltr'><strong>Et</strong></span> <span class='ocrx_word' id='word_1_507' title='bbox 1630 1183 1676 1210; x_wconf 83' lang='grc' dir='ltr'><strong>καὶ</strong></span> <span class='ocrx_word' id='word_1_508' title='bbox 1701 1182 1807 1220; x_wconf 83' lang='grc' dir='ltr'>μητέρα</span> <span class='ocrx_word' id='word_1_509' title='bbox 1830 1183 1891 1220; x_wconf 74' lang='grc' dir='ltr'>γᾶρ,</span> 
     </span>
    </p>
   </div>
   <div class='ocr_carea' id='block_1_72' title="bbox 1069 1227 1892 1270">
    <p class='ocr_par' dir='ltr' id='par_1_72' title="bbox 1069 1227 1892 1270">
     <span class='ocr_line' id='line_1_72' title="bbox 1069 1227 1892 1270; baseline -0.006 -12"><span class='ocrx_word' id='word_1_510' title='bbox 1069 1231 1146 1270; x_wconf 85' lang='grc' dir='ltr'>φησὶ,</span> <span class='ocrx_word' id='word_1_511' title='bbox 1163 1229 1208 1257; x_wconf 81' lang='grc' dir='ltr'>διὰ</span> <span class='ocrx_word' id='word_1_512' title='bbox 1234 1231 1266 1258; x_wconf 90' lang='grc' dir='ltr'>τὸ</span> <span class='ocrx_word' id='word_1_513' title='bbox 1295 1228 1392 1267; x_wconf 80' lang='grc' dir='ltr'>ἄγονον</span> <span class='ocrx_word' id='word_1_514' title='bbox 1420 1229 1452 1256; x_wconf 84' lang='grc' dir='ltr'><strong>οὐ</strong></span> <span class='ocrx_word' id='word_1_515' title='bbox 1481 1231 1565 1264; x_wconf 84' lang='grc' dir='ltr'>ποιεῖ,</span> <span class='ocrx_word' id='word_1_516' title='bbox 1583 1227 1892 1264; x_wconf 70' lang='grc' dir='ltr'>ἅλλ⁷ἆποπαρθινεῦσαι</span> 
     </span>
    </p>
   </div>
   <div class='ocr_carea' id='block_1_73' title="bbox 1068 1271 1891 1312">
    <p class='ocr_par' dir='ltr' id='par_1_73' title="bbox 1068 1271 1891 1312">
     <span class='ocr_line' id='line_1_73' title="bbox 1068 1271 1891 1312; baseline -0.007 -9"><span class='ocrx_word' id='word_1_517' title='bbox 1068 1275 1151 1310; x_wconf 74' lang='grc' dir='ltr'>αὐτὴν</span> <span class='ocrx_word' id='word_1_518' title='bbox 1180 1274 1263 1302; x_wconf 81' lang='grc' dir='ltr'>θέλει.</span> <span class='ocrx_word' id='word_1_519' title='bbox 1279 1273 1318 1303; x_wconf 78' lang='grc' dir='ltr'><strong>Οὐ</strong></span> <span class='ocrx_word' id='word_1_520' title='bbox 1345 1273 1436 1301; x_wconf 86' lang='grc' dir='ltr'>τοίνυν</span> <span class='ocrx_word' id='word_1_521' title='bbox 1466 1272 1508 1300; x_wconf 71' lang='grc' dir='ltr'><strong>ἐπὶ</strong></span> <span class='ocrx_word' id='word_1_522' title='bbox 1534 1272 1695 1312; x_wconf 73' lang='grc' dir='ltr'><strong>σωφροσύνῃ</strong></span> <span class='ocrx_word' id='word_1_523' title='bbox 1725 1271 1891 1299; x_wconf 81' lang='grc' dir='ltr'>ἐπαινιῖσθσι</span> 
     </span>
    </p>
   </div>
   <div class='ocr_carea' id='block_1_74' title="bbox 1068 1314 1889 1358">
    <p class='ocr_par' dir='ltr' id='par_1_74' title="bbox 1068 1314 1889 1358">
     <span class='ocr_line' id='line_1_74' title="bbox 1068 1314 1889 1358; baseline -0.007 -11"><span class='ocrx_word' id='word_1_524' title='bbox 1068 1321 1201 1358; x_wconf 74' lang='grc' dir='ltr'>προσήκει</span> <span class='ocrx_word' id='word_1_525' title='bbox 1215 1319 1281 1350; x_wconf 76' lang='grc' dir='ltr'>τοὺς</span> <span class='ocrx_word' id='word_1_526' title='bbox 1309 1319 1551 1355; x_wconf 80' lang='grc' dir='ltr'>ἀποκοπτομένους</span> <span class='ocrx_word' id='word_1_527' title='bbox 1578 1317 1612 1345; x_wconf 79' lang='grc' dir='ltr'><strong>τὰ</strong></span> <span class='ocrx_word' id='word_1_528' title='bbox 1636 1317 1730 1354; x_wconf 84' lang='grc' dir='ltr'>μόρια.</span> <span class='ocrx_word' id='word_1_529' title='bbox 1746 1314 1817 1345; x_wconf 70' lang='grc' dir='ltr'><strong>Οὐδὲ</strong></span> <span class='ocrx_word' id='word_1_530' title='bbox 1838 1315 1889 1353; x_wconf 75' lang='grc' dir='ltr'><strong>γὰρ</strong></span> 
     </span>
    </p>
   </div>
   <div class='ocr_carea' id='block_1_75' title="bbox 1068 1359 1892 1400">
    <p class='ocr_par' dir='ltr' id='par_1_75' title="bbox 1068 1359 1892 1400">
     <span class='ocr_line' id='line_1_75' title="bbox 1068 1359 1892 1400; baseline -0.006 -8"><span class='ocrx_word' id='word_1_531' title='bbox 1068 1364 1132 1396; x_wconf 75' lang='grc' dir='ltr'>τοὺς</span> <span class='ocrx_word' id='word_1_532' title='bbox 1155 1363 1258 1396; x_wconf 57' lang='grc' dir='ltr'>*ίππους</span> <span class='ocrx_word' id='word_1_533' title='bbox 1281 1364 1318 1394; x_wconf 87' lang='grc' dir='ltr'><strong>ὡς</strong></span> <span class='ocrx_word' id='word_1_534' title='bbox 1346 1363 1383 1400; x_wconf 78' lang='grc' dir='ltr'>μὴ</span> <span class='ocrx_word' id='word_1_535' title='bbox 1406 1361 1592 1400; x_wconf 84' lang='grc' dir='ltr'>κερατίζοντας</span> <span class='ocrx_word' id='word_1_536' title='bbox 1621 1360 1794 1397; x_wconf 74' lang='grc' dir='ltr'>ἐπαινοῦμεν,</span> <span class='ocrx_word' id='word_1_537' title='bbox 1821 1359 1892 1388; x_wconf 77' lang='grc' dir='ltr'>ἀλλὰ</span> 
     </span>
    </p>
   </div>
   <div class='ocr_carea' id='block_1_76' title="bbox 1068 1404 1891 1446">
    <p class='ocr_par' dir='ltr' id='par_1_76' title="bbox 1068 1404 1891 1446">
     <span class='ocr_line' id='line_1_76' title="bbox 1068 1404 1891 1446; baseline -0.006 -9"><span class='ocrx_word' id='word_1_538' title='bbox 1068 1410 1180 1438; x_wconf 75' lang='grc' dir='ltr'>τούτους</span> <span class='ocrx_word' id='word_1_539' title='bbox 1198 1409 1244 1446; x_wconf 74' lang='grc' dir='ltr'>μὶν</span> <span class='ocrx_word' id='word_1_540' title='bbox 1261 1408 1284 1436; x_wconf 66' lang='grc' dir='ltr'><strong>εἴ</strong></span> <span class='ocrx_word' id='word_1_541' title='bbox 1310 1408 1347 1445; x_wconf 86' lang='grc' dir='ltr'>μή</span> <span class='ocrx_word' id='word_1_542' title='bbox 1373 1409 1545 1442; x_wconf 81' lang='grc' dir='ltr'>λακτίζουσιν</span> <span class='ocrx_word' id='word_1_543' title='bbox 1570 1405 1757 1442; x_wconf 71' lang='grc' dir='ltr'>έπαινέσομεν*</span> <span class='ocrx_word' id='word_1_544' title='bbox 1773 1404 1838 1436; x_wconf 73' lang='grc' dir='ltr'>τοὺς</span> <span class='ocrx_word' id='word_1_545' title='bbox 1863 1404 1891 1432; x_wconf 68' lang='grc' dir='ltr'>δὲ</span> 
     </span>
    </p>
   </div>
   <div class='ocr_carea' id='block_1_77' title="bbox 1072 1449 1892 1492">
    <p class='ocr_par' dir='ltr' id='par_1_77' title="bbox 1072 1449 1892 1492">
     <span class='ocr_line' id='line_1_77' title="bbox 1072 1449 1892 1492; baseline -0.007 -10"><span class='ocrx_word' id='word_1_546' title='bbox 1072 1455 1147 1492; x_wconf 83' lang='grc' dir='ltr'><strong>βοῦς,</strong></span> <span class='ocrx_word' id='word_1_547' title='bbox 1164 1454 1188 1481; x_wconf 74' lang='grc' dir='ltr'><strong>εἴ</strong></span> <span class='ocrx_word' id='word_1_548' title='bbox 1210 1454 1266 1490; x_wconf 83' lang='grc'><strong>(59)</strong></span> <span class='ocrx_word' id='word_1_549' title='bbox 1294 1453 1332 1490; x_wconf 75' lang='grc' dir='ltr'>μὴ</span> <span class='ocrx_word' id='word_1_550' title='bbox 1357 1452 1537 1489; x_wconf 83' lang='grc' dir='ltr'>κερατίζουσι,</span> <span class='ocrx_word' id='word_1_551' title='bbox 1553 1455 1602 1486; x_wconf 84' lang='grc' dir='ltr'><strong>τῆς</strong></span> <span class='ocrx_word' id='word_1_552' title='bbox 1629 1450 1803 1488; x_wconf 75' lang='grc' dir='ltr'>ἡμερότητος</span> <span class='ocrx_word' id='word_1_553' title='bbox 1825 1449 1892 1477; x_wconf 62' lang='grc' dir='ltr'>κατα</span> 
     </span>
    </p>
   </div>
   <div class='ocr_carea' id='block_1_78' title="bbox 1070 1493 1891 1536">
    <p class='ocr_par' dir='ltr' id='par_1_78' title="bbox 1070 1493 1891 1536">
     <span class='ocr_line' id='line_1_78' title="bbox 1070 1493 1891 1536; baseline -0.007 -9"><span class='ocrx_word' id='word_1_554' title='bbox 1070 1498 1152 1536; x_wconf 91' lang='grc' dir='ltr'>λόγον</span> <span class='ocrx_word' id='word_1_555' title='bbox 1180 1496 1374 1534; x_wconf 79' lang='grc' dir='ltr'>ἀποδεξόμιθα.</span> <span class='ocrx_word' id='word_1_556' title='bbox 1391 1496 1428 1526; x_wconf 76' lang='grc' dir='ltr'><strong>Οὐ</strong></span> <span class='ocrx_word' id='word_1_557' title='bbox 1457 1496 1507 1535; x_wconf 78' lang='grc' dir='ltr'>γὰρ</span> <span class='ocrx_word' id='word_1_558' title='bbox 1536 1496 1562 1524; x_wconf 82' lang='grc' dir='ltr'>έν</span> <span class='ocrx_word' id='word_1_559' title='bbox 1589 1496 1613 1532; x_wconf 82' lang='grc' dir='ltr'>ᾧ</span> <span class='ocrx_word' id='word_1_560' title='bbox 1637 1495 1675 1532; x_wconf 82' lang='grc' dir='ltr'>μὴ</span> <span class='ocrx_word' id='word_1_561' title='bbox 1701 1493 1814 1522; x_wconf 80' lang='grc' dir='ltr'>δύναταί</span> <span class='ocrx_word' id='word_1_562' title='bbox 1841 1504 1891 1527; x_wconf 84' lang='grc' dir='ltr'>τις,</span> 
     </span>
    </p>
   </div>
   <div class='ocr_carea' id='block_1_79' title="bbox 1072 1537 1895 1579">
    <p class='ocr_par' dir='ltr' id='par_1_79' title="bbox 1072 1537 1895 1579">
     <span class='ocr_line' id='line_1_79' title="bbox 1072 1537 1895 1579; baseline -0.006 -8"><span class='ocrx_word' id='word_1_563' title='bbox 1072 1543 1135 1572; x_wconf 82' lang='grc' dir='ltr'><strong>ἀλλ’</strong></span> <span class='ocrx_word' id='word_1_564' title='bbox 1150 1543 1176 1570; x_wconf 77' lang='grc' dir='ltr'>έν</span> <span class='ocrx_word' id='word_1_565' title='bbox 1193 1543 1215 1579; x_wconf 86' lang='grc' dir='ltr'>ᾦ</span> <span class='ocrx_word' id='word_1_566' title='bbox 1232 1541 1378 1579; x_wconf 83' lang='grc' dir='ltr'>δυνάμενος</span> <span class='ocrx_word' id='word_1_567' title='bbox 1392 1542 1444 1569; x_wconf 79' lang='grc' dir='ltr'><strong>οὐκ</strong></span> <span class='ocrx_word' id='word_1_568' title='bbox 1458 1541 1495 1572; x_wconf 60' lang='grc' dir='ltr'><strong>εἲς</strong></span> <span class='ocrx_word' id='word_1_569' title='bbox 1511 1539 1618 1568; x_wconf 82' lang='grc' dir='ltr'>ἀδικίαν</span> <span class='ocrx_word' id='word_1_570' title='bbox 1634 1541 1768 1578; x_wconf 67' lang='grc' dir='ltr'>κέχρήτκι</span> <span class='ocrx_word' id='word_1_571' title='bbox 1783 1540 1819 1576; x_wconf 76' lang='grc' dir='ltr'><strong>τῇ</strong></span> <span class='ocrx_word' id='word_1_572' title='bbox 1850 1537 1895 1566; x_wconf 82' lang='grc' dir='ltr'>δυ-</span> 
     </span>
    </p>
   </div>
   <div class='ocr_carea' id='block_1_80' title="bbox 1071 1583 1894 1624">
    <p class='ocr_par' dir='ltr' id='par_1_80' title="bbox 1071 1583 1894 1624">
     <span class='ocr_line' id='line_1_80' title="bbox 1071 1583 1894 1624; baseline -0.006 -9"><span class='ocrx_word' id='word_1_573' title='bbox 1071 1588 1161 1624; x_wconf 80' lang='grc' dir='ltr'>νάμιι,</span> <span class='ocrx_word' id='word_1_574' title='bbox 1189 1587 1363 1624; x_wconf 82' lang='grc' dir='ltr'>θαυμάζεται.</span> <span class='ocrx_word' id='word_1_575' title='bbox 1380 1586 1414 1614; x_wconf 73' lang='lat' dir='ltr'><strong>Ei&#39;</strong></span> <span class='ocrx_word' id='word_1_576' title='bbox 1440 1585 1469 1613; x_wconf 66' lang='grc' dir='ltr'><strong>δὲ</strong></span> <span class='ocrx_word' id='word_1_577' title='bbox 1492 1584 1595 1613; x_wconf 69' lang='grc' dir='ltr'>οἴονταί</span> <span class='ocrx_word' id='word_1_578' title='bbox 1619 1595 1645 1612; x_wconf 88' lang='grc' dir='ltr'><strong>τι</strong></span> <span class='ocrx_word' id='word_1_579' title='bbox 1673 1585 1724 1619; x_wconf 82' lang='grc' dir='ltr'>τὴν</span> <span class='ocrx_word' id='word_1_580' title='bbox 1752 1583 1894 1617; x_wconf 67' lang='grc' dir='ltr'>ἀποκοπὴν</span> 
     </span>
    </p>
   </div>
   <div class='ocr_carea' id='block_1_81' title="bbox 1071 1629 1896 1669">
    <p class='ocr_par' dir='ltr' id='par_1_81' title="bbox 1071 1629 1896 1669">
     <span class='ocr_line' id='line_1_81' title="bbox 1071 1629 1896 1669; baseline -0.004 -10"><span class='ocrx_word' id='word_1_581' title='bbox 1071 1635 1124 1660; x_wconf 81' lang='grc' dir='ltr'>τῶν</span> <span class='ocrx_word' id='word_1_582' title='bbox 1143 1631 1245 1669; x_wconf 85' lang='grc' dir='ltr'>μορίων</span> <span class='ocrx_word' id='word_1_583' title='bbox 1263 1631 1301 1662; x_wconf 80' lang='grc' dir='ltr'>είς</span> <span class='ocrx_word' id='word_1_584' title='bbox 1316 1631 1365 1665; x_wconf 78' lang='grc' dir='ltr'>τήν</span> <span class='ocrx_word' id='word_1_585' title='bbox 1393 1632 1444 1663; x_wconf 79' lang='grc' dir='ltr'>τῆς</span> <span class='ocrx_word' id='word_1_586' title='bbox 1472 1631 1565 1668; x_wconf 84' lang='grc' dir='ltr'>ψυχῆς</span> <span class='ocrx_word' id='word_1_587' title='bbox 1594 1629 1799 1666; x_wconf 79' lang='grc' dir='ltr'>ἀναμαρτησίαν</span> <span class='ocrx_word' id='word_1_588' title='bbox 1828 1639 1896 1664; x_wconf 86' lang='grc' dir='ltr'>συμ-</span> 
     </span>
    </p>
   </div>
   <div class='ocr_carea' id='block_1_82' title="bbox 1072 1672 1896 1713">
    <p class='ocr_par' dir='ltr' id='par_1_82' title="bbox 1072 1672 1896 1713">
     <span class='ocr_line' id='line_1_82' title="bbox 1072 1672 1896 1713; baseline -0.006 -9"><span class='ocrx_word' id='word_1_589' title='bbox 1072 1674 1231 1710; x_wconf 76' lang='grc' dir='ltr'>ϐάλλεσθαι,</span> <span class='ocrx_word' id='word_1_590' title='bbox 1248 1675 1438 1712; x_wconf 65' lang='grc' dir='ltr'>ἐκκοψάτωσαν</span> <span class='ocrx_word' id='word_1_591' title='bbox 1459 1675 1504 1702; x_wconf 83' lang='grc' dir='ltr'><strong>καὶ</strong></span> <span class='ocrx_word' id='word_1_592' title='bbox 1528 1674 1593 1706; x_wconf 84' lang='grc' dir='ltr'>τοὺς</span> <span class='ocrx_word' id='word_1_593' title='bbox 1617 1672 1787 1713; x_wconf 74' lang='grc' dir='ltr'>ὀφθαλμοὺς,</span> <span class='ocrx_word' id='word_1_594' title='bbox 1804 1672 1896 1700; x_wconf 83' lang='grc' dir='ltr'>πολλά</span> 
     </span>
    </p>
   </div>
   <div class='ocr_carea' id='block_1_83' title="bbox 1070 1717 1895 1759">
    <p class='ocr_par' dir='ltr' id='par_1_83' title="bbox 1070 1717 1895 1759">
     <span class='ocr_line' id='line_1_83' title="bbox 1070 1717 1895 1759; baseline -0.006 -10"><span class='ocrx_word' id='word_1_595' title='bbox 1070 1721 1144 1759; x_wconf 80' lang='grc' dir='ltr'><strong>παρά</strong></span> <span class='ocrx_word' id='word_1_596' title='bbox 1168 1720 1251 1758; x_wconf 88' lang='grc' dir='ltr'>λόγον</span> <span class='ocrx_word' id='word_1_597' title='bbox 1290 1717 1478 1756; x_wconf 63' lang='grc' dir='ltr'>ἐμϐλέποντας</span> <span class='ocrx_word' id='word_1_598' title='bbox 1507 1720 1584 1756; x_wconf 80' lang='grc'>(60)’</span> <span class='ocrx_word' id='word_1_599' title='bbox 1611 1718 1895 1756; x_wconf 72' lang='grc' dir='ltr'>ὰκρωτηριασάτωσαν</span> 
     </span>
    </p>
   </div>
   <div class='ocr_carea' id='block_1_84' title="bbox 1071 1760 1896 1802">
    <p class='ocr_par' dir='ltr' id='par_1_84' title="bbox 1071 1760 1896 1802">
     <span class='ocr_line' id='line_1_84' title="bbox 1071 1760 1896 1802; baseline -0.004 -10"><span class='ocrx_word' id='word_1_600' title='bbox 1071 1765 1099 1793; x_wconf 76' lang='grc' dir='ltr'><strong>δὲ</strong></span> <span class='ocrx_word' id='word_1_601' title='bbox 1127 1765 1174 1796; x_wconf 75' lang='grc' dir='ltr'><strong>τὰς</strong></span> <span class='ocrx_word' id='word_1_602' title='bbox 1201 1767 1297 1802; x_wconf 79' lang='grc' dir='ltr'>χεῖρας</span> <span class='ocrx_word' id='word_1_603' title='bbox 1327 1765 1398 1799; x_wconf 79' lang='grc' dir='ltr'><strong>ὁμιῦ</strong></span> <span class='ocrx_word' id='word_1_604' title='bbox 1426 1765 1470 1792; x_wconf 84' lang='grc' dir='ltr'>καὶ</span> <span class='ocrx_word' id='word_1_605' title='bbox 1499 1763 1564 1795; x_wconf 79' lang='grc' dir='ltr'>τοὺς</span> <span class='ocrx_word' id='word_1_606' title='bbox 1579 1761 1673 1795; x_wconf 81' lang='grc' dir='ltr'>πόδας·</span> <span class='ocrx_word' id='word_1_607' title='bbox 1691 1760 1896 1790; x_wconf 74' lang='grc' dir='ltr'>έπιῧυσάτωσαν</span> 
     </span>
    </p>
   </div>
   <div class='ocr_carea' id='block_1_85' title="bbox 1072 1807 1895 1846">
    <p class='ocr_par' dir='ltr' id='par_1_85' title="bbox 1072 1807 1895 1846">
     <span class='ocr_line' id='line_1_85' title="bbox 1072 1807 1895 1846; baseline -0.004 -9"><span class='ocrx_word' id='word_1_608' title='bbox 1072 1809 1101 1837; x_wconf 69' lang='grc' dir='ltr'><strong>δὲ</strong></span> <span class='ocrx_word' id='word_1_609' title='bbox 1114 1809 1158 1837; x_wconf 82' lang='grc' dir='ltr'><strong>καὶ</strong></span> <span class='ocrx_word' id='word_1_610' title='bbox 1172 1809 1222 1844; x_wconf 76' lang='grc' dir='ltr'>τὴν</span> <span class='ocrx_word' id='word_1_611' title='bbox 1239 1809 1334 1844; x_wconf 75' lang='grc' dir='ltr'>ἀκοὴν,</span> <span class='ocrx_word' id='word_1_612' title='bbox 1348 1808 1394 1836; x_wconf 80' lang='grc' dir='ltr'>’ἶνα</span> <span class='ocrx_word' id='word_1_613' title='bbox 1411 1807 1495 1845; x_wconf 80' lang='grc' dir='ltr'>μηδὶν</span> <span class='ocrx_word' id='word_1_614' title='bbox 1509 1807 1613 1836; x_wconf 74' lang='grc' dir='ltr'>τούτων</span> <span class='ocrx_word' id='word_1_615' title='bbox 1643 1808 1756 1846; x_wconf 68' lang='grc' dir='ltr'><strong>ὄργανον</strong></span> <span class='ocrx_word' id='word_1_616' title='bbox 1786 1807 1895 1845; x_wconf 79' lang='grc' dir='ltr'>γένηται</span> 
     </span>
    </p>
   </div>
   <div class='ocr_carea' id='block_1_86' title="bbox 1071 1850 1895 1892">
    <p class='ocr_par' dir='ltr' id='par_1_86' title="bbox 1071 1850 1895 1892">
     <span class='ocr_line' id='line_1_86' title="bbox 1071 1850 1895 1892; baseline -0.005 -10"><span class='ocrx_word' id='word_1_617' title='bbox 1071 1853 1266 1892; x_wconf 79' lang='grc' dir='ltr'>ἁμαρτίας.“Π</span> <span class='ocrx_word' id='word_1_618' title='bbox 1294 1855 1375 1881; x_wconf 79' lang='grc' dir='ltr'>τοῦτο</span> <span class='ocrx_word' id='word_1_619' title='bbox 1406 1853 1454 1890; x_wconf 78' lang='grc' dir='ltr'>μὲν</span> <span class='ocrx_word' id='word_1_620' title='bbox 1483 1852 1584 1890; x_wconf 79' lang='grc' dir='ltr'>ἄλογον</span> <span class='ocrx_word' id='word_1_621' title='bbox 1613 1853 1670 1890; x_wconf 74' lang='grc' dir='ltr'>ἅμα</span> <span class='ocrx_word' id='word_1_622' title='bbox 1687 1851 1732 1880; x_wconf 79' lang='grc' dir='ltr'>καὶ</span> <span class='ocrx_word' id='word_1_623' title='bbox 1751 1850 1895 1888; x_wconf 79' lang='grc' dir='ltr'>μανιῶδες,</span> 
     </span>
    </p>
   </div>
   <div class='ocr_carea' id='block_1_87' title="bbox 1072 1895 1896 1936">
    <p class='ocr_par' dir='ltr' id='par_1_87' title="bbox 1072 1895 1896 1936">
     <span class='ocr_line' id='line_1_87' title="bbox 1072 1895 1896 1936; baseline -0.005 -9"><span class='ocrx_word' id='word_1_624' title='bbox 1072 1899 1124 1927; x_wconf 75' lang='grc' dir='ltr'>ὅλα</span> <span class='ocrx_word' id='word_1_625' title='bbox 1148 1899 1182 1926; x_wconf 78' lang='grc' dir='ltr'><strong>τὰ</strong></span> <span class='ocrx_word' id='word_1_626' title='bbox 1209 1898 1279 1935; x_wconf 87' lang='grc' dir='ltr'>μέλη</span> <span class='ocrx_word' id='word_1_627' title='bbox 1308 1898 1477 1936; x_wconf 77' lang='grc' dir='ltr'>πανταχόθεν</span> <span class='ocrx_word' id='word_1_628' title='bbox 1507 1897 1716 1935; x_wconf 75' lang='grc' dir='ltr'>περικόψαντας,</span> <span class='ocrx_word' id='word_1_629' title='bbox 1732 1896 1763 1924; x_wconf 83' lang='grc' dir='ltr'>τὸ</span> <span class='ocrx_word' id='word_1_630' title='bbox 1789 1895 1824 1930; x_wconf 83' lang='grc' dir='ltr'><strong>δὴ</strong></span> <span class='ocrx_word' id='word_1_631' title='bbox 1851 1895 1896 1924; x_wconf 84' lang='grc' dir='ltr'><strong>λε-</strong></span> 
     </span>
    </p>
   </div>
   <div class='ocr_carea' id='block_1_88' title="bbox 1071 1941 1896 1982">
    <p class='ocr_par' dir='ltr' id='par_1_88' title="bbox 1071 1941 1896 1982">
     <span class='ocr_line' id='line_1_88' title="bbox 1071 1941 1896 1982; baseline -0.005 -11"><span class='ocrx_word' id='word_1_632' title='bbox 1071 1945 1199 1982; x_wconf 80' lang='grc' dir='ltr'>γόμενον,</span> <span class='ocrx_word' id='word_1_633' title='bbox 1228 1945 1335 1979; x_wconf 77' lang='grc' dir='ltr'>κορμοῦ</span> <span class='ocrx_word' id='word_1_634' title='bbox 1363 1942 1441 1976; x_wconf 85' lang='grc' dir='ltr'>δίκην</span> <span class='ocrx_word' id='word_1_635' title='bbox 1469 1943 1501 1970; x_wconf 87' lang='grc' dir='ltr'><strong>τὸ</strong></span> <span class='ocrx_word' id='word_1_636' title='bbox 1529 1941 1627 1970; x_wconf 82' lang='grc' dir='ltr'>λοιπὸν</span> <span class='ocrx_word' id='word_1_637' title='bbox 1662 1943 1742 1978; x_wconf 83' lang='grc' dir='ltr'>σῶμα</span> <span class='ocrx_word' id='word_1_638' title='bbox 1783 1941 1896 1978; x_wconf 77' lang='grc' dir='ltr'>ἀχρεῖον</span> 
     </span>
    </p>
   </div>
   <div class='ocr_carea' id='block_1_89' title="bbox 1072 1985 1897 2026">
    <p class='ocr_par' dir='ltr' id='par_1_89' title="bbox 1072 1985 1897 2026">
     <span class='ocr_line' id='line_1_89' title="bbox 1072 1985 1897 2026; baseline -0.004 -11"><span class='ocrx_word' id='word_1_639' title='bbox 1072 1987 1169 2019; x_wconf 83' lang='grc' dir='ltr'>ἁπλῶς</span> <span class='ocrx_word' id='word_1_640' title='bbox 1183 1987 1333 2026; x_wconf 70' lang='grc' dir='ltr'>ἀπορρῖψαι</span> <span class='ocrx_word' id='word_1_641' title='bbox 1360 1987 1427 2024; x_wconf 80' lang='grc' dir='ltr'>μετὰ</span> <span class='ocrx_word' id='word_1_642' title='bbox 1450 1989 1496 2015; x_wconf 78' lang='grc' dir='ltr'>τνῦ</span> <span class='ocrx_word' id='word_1_643' title='bbox 1520 1986 1621 2020; x_wconf 72' lang='grc' dir='ltr'>αἲτίου,</span> <span class='ocrx_word' id='word_1_644' title='bbox 1641 1985 1717 2022; x_wconf 82' lang='grc' dir='ltr'>ὅμως</span> <span class='ocrx_word' id='word_1_645' title='bbox 1739 1988 1800 2016; x_wconf 76' lang='grc' dir='ltr'>ταῖς</span> <span class='ocrx_word' id='word_1_646' title='bbox 1830 1995 1897 2024; x_wconf 86' lang='grc' dir='ltr'>προ-</span> 
     </span>
    </p>
   </div>
   <div class='ocr_carea' id='block_1_90' title="bbox 1073 2028 1896 2070">
    <p class='ocr_par' dir='ltr' id='par_1_90' title="bbox 1073 2028 1896 2070">
     <span class='ocr_line' id='line_1_90' title="bbox 1073 2028 1896 2070; baseline -0.004 -10"><span class='ocrx_word' id='word_1_647' title='bbox 1073 2030 1221 2064; x_wconf 70' lang='grc' dir='ltr'>λαϐοόσαις</span> <span class='ocrx_word' id='word_1_648' title='bbox 1237 2030 1280 2059; x_wconf 80' lang='grc' dir='ltr'>διὰ</span> <span class='ocrx_word' id='word_1_649' title='bbox 1306 2034 1360 2059; x_wconf 86' lang='grc' dir='ltr'>τῶν</span> <span class='ocrx_word' id='word_1_650' title='bbox 1391 2030 1483 2068; x_wconf 78' lang='grc' dir='ltr'>μελῶν</span> <span class='ocrx_word' id='word_1_651' title='bbox 1514 2031 1669 2070; x_wconf 80' lang='grc' dir='ltr'>φαντασίαις</span> <span class='ocrx_word' id='word_1_652' title='bbox 1694 2031 1745 2064; x_wconf 79' lang='grc' dir='ltr'>τὴν</span> <span class='ocrx_word' id='word_1_653' title='bbox 1775 2028 1896 2058; x_wconf 81' lang='grc' dir='ltr'>διάνοιαν</span> 
     </span>
    </p>
   </div>
   <div class='ocr_carea' id='block_1_91' title="bbox 1073 2074 1898 2115">
    <p class='ocr_par' dir='ltr' id='par_1_91' title="bbox 1073 2074 1898 2115">
     <span class='ocr_line' id='line_1_91' title="bbox 1073 2074 1898 2115; baseline -0.004 -11"><span class='ocrx_word' id='word_1_654' title='bbox 1073 2076 1236 2115; x_wconf 67' lang='grc' dir='ltr'>ἁμαρτάνειν</span> <span class='ocrx_word' id='word_1_655' title='bbox 1254 2086 1260 2094; x_wconf 91' lang='grc'><strong>·</strong></span> <span class='ocrx_word' id='word_1_656' title='bbox 1286 2075 1414 2108; x_wconf 73' lang='grc' dir='ltr'>ἐάσαντας</span> <span class='ocrx_word' id='word_1_657' title='bbox 1444 2075 1472 2104; x_wconf 72' lang='grc' dir='ltr'><strong>δὲ</strong></span> <span class='ocrx_word' id='word_1_658' title='bbox 1501 2077 1567 2113; x_wconf 79' lang='grc'><strong>(61),</strong></span> <span class='ocrx_word' id='word_1_659' title='bbox 1597 2075 1634 2106; x_wconf 72' lang='grc' dir='ltr'>ὡς</span> <span class='ocrx_word' id='word_1_660' title='bbox 1667 2074 1801 2109; x_wconf 76' lang='grc' dir='ltr'>ἐπλάσθη,</span> <span class='ocrx_word' id='word_1_661' title='bbox 1831 2075 1898 2102; x_wconf 78' lang='grc' dir='ltr'>κατὰ</span> 
     </span>
    </p>
   </div>
   <div class='ocr_carea' id='block_1_92' title="bbox 1071 2119 1899 2159">
    <p class='ocr_par' dir='ltr' id='par_1_92' title="bbox 1071 2119 1899 2159">
     <span class='ocr_line' id='line_1_92' title="bbox 1071 2119 1899 2159; baseline -0.004 -10"><span class='ocrx_word' id='word_1_662' title='bbox 1071 2122 1118 2149; x_wconf 81' lang='grc' dir='ltr'>τὸν</span> <span class='ocrx_word' id='word_1_663' title='bbox 1135 2120 1260 2159; x_wconf 80' lang='grc' dir='ltr'>ἀνωτέρω</span> <span class='ocrx_word' id='word_1_664' title='bbox 1276 2120 1370 2158; x_wconf 85' lang='grc' dir='ltr'>λόγον,</span> <span class='ocrx_word' id='word_1_665' title='bbox 1383 2121 1503 2159; x_wconf 78' lang='grc' dir='ltr'>σώφρονι</span> <span class='ocrx_word' id='word_1_666' title='bbox 1519 2119 1645 2157; x_wconf 80' lang='grc' dir='ltr'>λογισμῷ</span> <span class='ocrx_word' id='word_1_667' title='bbox 1667 2121 1789 2157; x_wconf 75' lang='grc' dir='ltr'><strong>ἠνιοχεῖν</strong></span> <span class='ocrx_word' id='word_1_668' title='bbox 1814 2119 1899 2146; x_wconf 81' lang='grc' dir='ltr'>πάντα</span> 
     </span>
    </p>
   </div>
   <div class='ocr_carea' id='block_1_93' title="bbox 1072 2164 1897 2203">
    <p class='ocr_par' dir='ltr' id='par_1_93' title="bbox 1072 2164 1897 2203">
     <span class='ocr_line' id='line_1_93' title="bbox 1072 2164 1897 2203; baseline -0.004 -10"><span class='ocrx_word' id='word_1_669' title='bbox 1072 2166 1106 2194; x_wconf 78' lang='grc' dir='ltr'><strong>τὰ</strong></span> <span class='ocrx_word' id='word_1_670' title='bbox 1132 2165 1215 2203; x_wconf 86' lang='grc' dir='ltr'>μέλη,</span> <span class='ocrx_word' id='word_1_671' title='bbox 1232 2165 1282 2193; x_wconf 80' lang='grc' dir='ltr'>οὑκ</span> <span class='ocrx_word' id='word_1_672' title='bbox 1306 2164 1436 2203; x_wconf 76' lang='grc' dir='ltr'>ἀνάγκης,</span> <span class='ocrx_word' id='word_1_673' title='bbox 1451 2164 1524 2193; x_wconf 83' lang='grc' dir='ltr'>ἀλλὰ</span> <span class='ocrx_word' id='word_1_674' title='bbox 1550 2164 1734 2202; x_wconf 78' lang='grc' dir='ltr'>προαιρέσεως</span> <span class='ocrx_word' id='word_1_675' title='bbox 1761 2164 1897 2202; x_wconf 78' lang='grc' dir='ltr'>ἡμετέρας</span> 
     </span>
    </p>
   </div>
   <div class='ocr_carea' id='block_1_94' title="bbox 1073 2207 1899 2248">
    <p class='ocr_par' dir='ltr' id='par_1_94' title="bbox 1073 2207 1899 2248">
     <span class='ocr_line' id='line_1_94' title="bbox 1073 2207 1899 2248; baseline -0.002 -10"><span class='ocrx_word' id='word_1_676' title='bbox 1073 2211 1105 2238; x_wconf 82' lang='grc' dir='ltr'><strong>τὸ</strong></span> <span class='ocrx_word' id='word_1_677' title='bbox 1130 2210 1296 2248; x_wconf 86' lang='grc' dir='ltr'>κατόρθωμα</span> <span class='ocrx_word' id='word_1_678' title='bbox 1312 2209 1343 2237; x_wconf 86' lang='grc' dir='ltr'>τὸ</span> <span class='ocrx_word' id='word_1_679' title='bbox 1357 2208 1443 2237; x_wconf 88' lang='grc' dir='ltr'>καλὸν</span> <span class='ocrx_word' id='word_1_680' title='bbox 1465 2209 1658 2246; x_wconf 72' lang='grc' dir='ltr'>ποιουμένους.</span> <span class='ocrx_word' id='word_1_681' title='bbox 1674 2208 1713 2238; x_wconf 80' lang='grc' dir='ltr'><strong>Οὐ</strong></span> <span class='ocrx_word' id='word_1_682' title='bbox 1737 2207 1801 2246; x_wconf 78' lang='grc' dir='ltr'>περὶ</span> <span class='ocrx_word' id='word_1_683' title='bbox 1830 2209 1899 2236; x_wconf 84' lang='grc' dir='ltr'>πάν-</span> 
     </span>
    </p>
   </div>
   <div class='ocr_carea' id='block_1_95' title="bbox 198 2250 1022 2293">
    <p class='ocr_par' dir='ltr' id='par_1_95' title="bbox 198 2250 1019 2288">
     <span class='ocr_line' id='line_1_95' title="bbox 198 2250 1019 2288; baseline 0.007 -11"><span class='ocrx_word' id='word_1_684' title='bbox 198 2257 232 2277; x_wconf 83' lang='lat' dir='ltr'><strong>ea</strong></span> <span class='ocrx_word' id='word_1_685' title='bbox 247 2250 373 2279; x_wconf 78' lang='lat' dir='ltr'><strong>diximus</strong></span> <span class='ocrx_word' id='word_1_686' title='bbox 389 2259 451 2286; x_wconf 64' lang='lat' dir='ltr'><strong>quas</strong></span> <span class='ocrx_word' id='word_1_687' title='bbox 476 2252 618 2280; x_wconf 82' lang='lat' dir='ltr'><strong>hactenus</strong></span> <span class='ocrx_word' id='word_1_688' title='bbox 639 2253 902 2288; x_wconf 84' lang='lat' dir='ltr'><strong>exposuimus,sed</strong></span> <span class='ocrx_word' id='word_1_689' title='bbox 926 2255 962 2282; x_wconf 90' lang='lat' dir='ltr'><strong>de</strong></span> <span class='ocrx_word' id='word_1_690' title='bbox 983 2254 1019 2283; x_wconf 89' lang='lat' dir='ltr'><strong>iis</strong></span> 
     </span>
    </p>
   </div>
   <div class='ocr_carea' id='block_1_96' title="bbox 1069 2250 1898 2293">
    <p class='ocr_par' dir='ltr' id='par_1_96' title="bbox 1072 2252 1898 2291">
     <span class='ocr_line' id='line_1_96' title="bbox 1072 2252 1898 2291; baseline -0.002 -9"><span class='ocrx_word' id='word_1_691' title='bbox 1072 2265 1126 2282; x_wconf 90' lang='grc' dir='ltr'><strong>των</strong></span> <span class='ocrx_word' id='word_1_692' title='bbox 1144 2253 1172 2282; x_wconf 63' lang='grc' dir='ltr'><strong>δὲ</strong></span> <span class='ocrx_word' id='word_1_693' title='bbox 1196 2253 1315 2282; x_wconf 73' lang='grc' dir='ltr'>καθόλου</span> <span class='ocrx_word' id='word_1_694' title='bbox 1345 2253 1483 2291; x_wconf 79' lang='grc' dir='ltr'>ιῢνούχων</span> <span class='ocrx_word' id='word_1_695' title='bbox 1510 2253 1544 2282; x_wconf 79' lang='grc' dir='ltr'><strong>τὰ</strong></span> <span class='ocrx_word' id='word_1_696' title='bbox 1570 2252 1765 2291; x_wconf 84' lang='grc' dir='ltr'>προεκτεθέντα</span> <span class='ocrx_word' id='word_1_697' title='bbox 1788 2253 1898 2291; x_wconf 70' lang='grc' dir='ltr'>εἴρηκα-</span> 
     </span>
    </p>
   </div>
   <div class='ocr_carea' id='block_1_97' title="bbox 197 2294 1018 2330">
    <p class='ocr_par' dir='ltr' id='par_1_97' title="bbox 197 2294 1018 2330">
     <span class='ocr_line' id='line_1_97' title="bbox 197 2294 1018 2330; baseline 0.007 -9"><span class='ocrx_word' id='word_1_698' title='bbox 197 2294 259 2330; x_wconf 87' lang='lat' dir='ltr'><strong>qui,</strong></span> <span class='ocrx_word' id='word_1_699' title='bbox 272 2296 304 2322; x_wconf 86' lang='lat' dir='ltr'><strong>ut</strong></span> <span class='ocrx_word' id='word_1_700' title='bbox 318 2295 375 2323; x_wconf 88' lang='lat' dir='ltr'><strong>sibi</strong></span> <span class='ocrx_word' id='word_1_701' title='bbox 390 2295 538 2325; x_wconf 84' lang='lat' dir='ltr'><strong>licentiam</strong></span> <span class='ocrx_word' id='word_1_702' title='bbox 553 2297 709 2326; x_wconf 83' lang='lat' dir='ltr'><strong>concilient</strong></span> <span class='ocrx_word' id='word_1_703' title='bbox 719 2306 785 2326; x_wconf 87' lang='lat' dir='ltr'><strong>cum</strong></span> <span class='ocrx_word' id='word_1_704' title='bbox 796 2298 914 2327; x_wconf 82' lang='lat' dir='ltr'><strong>feminis</strong></span> <span class='ocrx_word' id='word_1_705' title='bbox 925 2299 961 2327; x_wconf 85' lang='lat' dir='ltr'><strong>ad</strong></span> <span class='ocrx_word' id='word_1_706' title='bbox 973 2308 1018 2327; x_wconf 90' lang='lat' dir='ltr'><strong>ar-</strong></span> 
     </span>
    </p>
   </div>
   <div class='ocr_carea' id='block_1_98' title="bbox 196 2338 1020 2377">
    <p class='ocr_par' dir='ltr' id='par_1_98' title="bbox 196 2338 1020 2377">
     <span class='ocr_line' id='line_1_98' title="bbox 196 2338 1020 2377; baseline 0.008 -12"><span class='ocrx_word' id='word_1_707' title='bbox 196 2338 317 2366; x_wconf 87' lang='lat' dir='ltr'><strong>bitrium</strong></span> <span class='ocrx_word' id='word_1_708' title='bbox 333 2340 458 2375; x_wconf 87' lang='lat' dir='ltr'><strong>vivendi,</strong></span> <span class='ocrx_word' id='word_1_709' title='bbox 474 2341 649 2377; x_wconf 82' lang='lat' dir='ltr'><strong>semetipsos</strong></span> <span class='ocrx_word' id='word_1_710' title='bbox 663 2342 752 2370; x_wconf 86' lang='lat' dir='ltr'><strong>stulte</strong></span> <span class='ocrx_word' id='word_1_711' title='bbox 766 2345 968 2372; x_wconf 84' lang='lat' dir='ltr'><strong>exsecuerunt.</strong></span> <span class='ocrx_word' id='word_1_712' title='bbox 981 2345 1020 2372; x_wconf 88' lang='lat' dir='ltr'><strong>Ac</strong></span> 
     </span>
    </p>
   </div>
   <div class='ocr_carea' id='block_1_99' title="bbox 196 2383 1019 2425">
    <p class='ocr_par' dir='ltr' id='par_1_99' title="bbox 196 2383 1019 2425">
     <span class='ocr_line' id='line_1_99' title="bbox 196 2383 1019 2425; baseline 0.01 -15"><span class='ocrx_word' id='word_1_713' title='bbox 196 2383 357 2419; x_wconf 84' lang='lat' dir='ltr'><strong>generatim</strong></span> <span class='ocrx_word' id='word_1_714' title='bbox 373 2385 407 2412; x_wconf 88' lang='lat' dir='ltr'><strong>de</strong></span> <span class='ocrx_word' id='word_1_715' title='bbox 421 2385 468 2420; x_wconf 88' lang='lat' dir='ltr'><strong>iis,</strong></span> <span class='ocrx_word' id='word_1_716' title='bbox 485 2386 534 2421; x_wconf 88' lang='lat' dir='ltr'><strong>qui</strong></span> <span class='ocrx_word' id='word_1_717' title='bbox 550 2386 706 2415; x_wconf 89' lang='lat' dir='ltr'><strong>mulierum</strong></span> <span class='ocrx_word' id='word_1_718' title='bbox 721 2387 936 2417; x_wconf 79' lang='lat' dir='ltr'><strong>familiaritates</strong></span> <span class='ocrx_word' id='word_1_719' title='bbox 952 2397 1019 2425; x_wconf 87' lang='lat' dir='ltr'><strong>per-</strong></span> 
     </span>
    </p>
   </div>
   <div class='ocr_carea' id='block_1_100' title="bbox 196 2429 1020 2470">
    <p class='ocr_par' dir='ltr' id='par_1_100' title="bbox 196 2429 1020 2470">
     <span class='ocr_line' id='line_1_100' title="bbox 196 2429 1020 2470; baseline 0.008 -15"><span class='ocrx_word' id='word_1_720' title='bbox 196 2430 372 2463; x_wconf 88' lang='lat' dir='ltr'><strong>sequuntur,</strong></span> <span class='ocrx_word' id='word_1_721' title='bbox 390 2429 450 2457; x_wconf 65' lang='lat' dir='ltr'><strong>haec</strong></span> <span class='ocrx_word' id='word_1_722' title='bbox 464 2430 602 2458; x_wconf 82' lang='lat' dir='ltr'><strong>diximus.</strong></span> <span class='ocrx_word' id='word_1_723' title='bbox 615 2431 754 2460; x_wconf 83' lang='lat' dir='ltr'><strong>Novimus</strong></span> <span class='ocrx_word' id='word_1_724' title='bbox 773 2433 852 2461; x_wconf 89' lang='lat' dir='ltr'><strong>enim</strong></span> <span class='ocrx_word' id='word_1_725' title='bbox 877 2434 1020 2470; x_wconf 88' lang='lat' dir='ltr'><strong>quemad-</strong></span> 
     </span>
    </p>
   </div>
   <div class='ocr_carea' id='block_1_101' title="bbox 197 2473 1019 2513">
    <p class='ocr_par' dir='ltr' id='par_1_101' title="bbox 197 2473 1019 2513">
     <span class='ocr_line' id='line_1_101' title="bbox 197 2473 1019 2513; baseline 0.009 -13"><span class='ocrx_word' id='word_1_726' title='bbox 197 2473 318 2501; x_wconf 88' lang='lat' dir='ltr'><strong>modum</strong></span> <span class='ocrx_word' id='word_1_727' title='bbox 334 2473 387 2501; x_wconf 89' lang='lat' dir='ltr'><strong>viri</strong></span> <span class='ocrx_word' id='word_1_728' title='bbox 402 2474 540 2503; x_wconf 87' lang='lat' dir='ltr'><strong>mulieres</strong></span> <span class='ocrx_word' id='word_1_729' title='bbox 556 2478 656 2504; x_wconf 88' lang='lat' dir='ltr'><strong>sancte</strong></span> <span class='ocrx_word' id='word_1_730' title='bbox 675 2478 810 2513; x_wconf 84' lang='lat' dir='ltr'><strong>tangunt,</strong></span> <span class='ocrx_word' id='word_1_731' title='bbox 827 2477 869 2506; x_wconf 90' lang='lat' dir='ltr'><strong>ita</strong></span> <span class='ocrx_word' id='word_1_732' title='bbox 883 2480 912 2507; x_wconf 85' lang='lat' dir='ltr'><strong>et</strong></span> <span class='ocrx_word' id='word_1_733' title='bbox 926 2486 1019 2507; x_wconf 84' lang='lat' dir='ltr'><strong>eunu-</strong></span> 
     </span>
    </p>
   </div>
   <div class='ocr_carea' id='block_1_102' title="bbox 231 2546 770 2583">
    <p class='ocr_par' dir='ltr' id='par_1_102' title="bbox 231 2546 770 2583">
     <span class='ocr_line' id='line_1_102' title="bbox 231 2546 770 2583; baseline 0.007 -10"><span class='ocrx_word' id='word_1_734' title='bbox 231 2546 254 2564; x_wconf 77' lang='grc'>⁸³</span> <span class='ocrx_word' id='word_1_735' title='bbox 269 2546 358 2574; x_wconf 88' lang='lat' dir='ltr'><strong>Eccli.</strong></span> <span class='ocrx_word' id='word_1_736' title='bbox 372 2555 440 2582; x_wconf 80' lang='lat' dir='ltr'><strong>xxx,</strong></span> <span class='ocrx_word' id='word_1_737' title='bbox 455 2547 501 2575; x_wconf 87' lang='lat'><strong>21.</strong></span> <span class='ocrx_word' id='word_1_738' title='bbox 539 2548 563 2565; x_wconf 85' lang='lat'><strong>“</strong></span> <span class='ocrx_word' id='word_1_739' title='bbox 577 2547 663 2576; x_wconf 85' lang='lat' dir='ltr'><strong>Eccli.</strong></span> <span class='ocrx_word' id='word_1_740' title='bbox 680 2557 728 2583; x_wconf 79' lang='lat' dir='ltr'><strong>xx,</strong></span> <span class='ocrx_word' id='word_1_741' title='bbox 746 2550 770 2577; x_wconf 93' lang='grc'><strong>1.</strong></span> 
     </span>
    </p>
   </div>
   <div class='ocr_carea' id='block_1_103' title="bbox 231 2618 1021 2659">
    <p class='ocr_par' dir='ltr' id='par_1_103' title="bbox 231 2618 1021 2659">
     <span class='ocr_line' id='line_1_103' title="bbox 231 2618 1021 2659; baseline 0.008 -13"><span class='ocrx_word' id='word_1_742' title='bbox 231 2619 288 2656; x_wconf 85' lang='grc'><strong>(57)</strong></span> <span class='ocrx_word' id='word_1_743' title='bbox 303 2618 393 2648; x_wconf 79' lang='grc' dir='ltr'><strong>Ἀλλὰ</strong></span> <span class='ocrx_word' id='word_1_744' title='bbox 420 2619 474 2648; x_wconf 84' lang='grc' dir='ltr'>καί.</span> <span class='ocrx_word' id='word_1_745' title='bbox 501 2620 674 2657; x_wconf 83' lang='lat' dir='ltr'><strong>Gonjunctio</strong></span> <span class='ocrx_word' id='word_1_746' title='bbox 704 2621 805 2650; x_wconf 82' lang='lat' dir='ltr'><strong>addita</strong></span> <span class='ocrx_word' id='word_1_747' title='bbox 828 2630 863 2650; x_wconf 86' lang='lat' dir='ltr'><strong>ex</strong></span> <span class='ocrx_word' id='word_1_748' title='bbox 886 2622 1021 2659; x_wconf 89' lang='lat' dir='ltr'><strong>pluribus</strong></span> 
     </span>
    </p>
   </div>
   <div class='ocr_carea' id='block_1_104' title="bbox 195 2663 931 2762">
    <p class='ocr_par' dir='ltr' id='par_1_104' title="bbox 195 2663 931 2762">
     <span class='ocr_line' id='line_1_104' title="bbox 195 2663 931 2762; baseline 0.049 -77"><span class='ocrx_word' id='word_1_749' title='bbox 195 2663 290 2762; x_wconf 55' lang='grc' dir='ltr'><strong>ωῗὲὲζ</strong></span> <span class='ocrx_word' id='word_1_750' title='bbox 303 2691 361 2726; x_wconf 79' lang='grc' dir='ltr'>Τῆς</span> <span class='ocrx_word' id='word_1_751' title='bbox 376 2692 521 2728; x_wconf 83' lang='grc' dir='ltr'>παρθένου.</span> <span class='ocrx_word' id='word_1_752' title='bbox 540 2695 600 2721; x_wconf 87' lang='lat' dir='ltr'><strong>Duo</strong></span> <span class='ocrx_word' id='word_1_753' title='bbox 615 2700 699 2727; x_wconf 85' lang='lat' dir='ltr'><strong>mss.,</strong></span> <span class='ocrx_word' id='word_1_754' title='bbox 711 2695 762 2727; x_wconf 79' lang='grc' dir='ltr'>τῆς</span> <span class='ocrx_word' id='word_1_755' title='bbox 776 2692 931 2735; x_wconf 71' lang='grc' dir='ltr'>παρθενίας.</span> 
     </span>
     <span class='ocr_line' id='line_1_105' title="bbox 233 2725 931 2762; baseline 0.006 -9"><span class='ocrx_word' id='word_1_756' title='bbox 233 2727 277 2760; x_wconf 79' lang='lat'><strong>(59</strong></span> <span class='ocrx_word' id='word_1_757' title='bbox 304 2726 375 2758; x_wconf 78' lang='grc' dir='ltr'>Τοὺς</span> <span class='ocrx_word' id='word_1_758' title='bbox 395 2725 424 2755; x_wconf 77' lang='grc' dir='ltr'><strong>δὲ</strong></span> <span class='ocrx_word' id='word_1_759' title='bbox 445 2728 519 2762; x_wconf 84' lang='grc' dir='ltr'>βοῦς,</span> <span class='ocrx_word' id='word_1_760' title='bbox 537 2728 569 2757; x_wconf 81' lang='grc' dir='ltr'><strong>εἶ.</strong></span> <span class='ocrx_word' id='word_1_761' title='bbox 585 2729 632 2757; x_wconf 87' lang='lat' dir='ltr'><strong>sic</strong></span> <span class='ocrx_word' id='word_1_762' title='bbox 655 2737 709 2762; x_wconf 88' lang='lat' dir='ltr'><strong>ope</strong></span> <span class='ocrx_word' id='word_1_763' title='bbox 732 2729 842 2758; x_wconf 72' lang='lat' dir='ltr'><strong>codicis</strong></span> <span class='ocrx_word' id='word_1_764' title='bbox 864 2730 931 2758; x_wconf 88' lang='lat' dir='ltr'><strong>Colh</strong></span> 
     </span>
    </p>
   </div>
   <div class='ocr_carea' id='block_1_105' title="bbox 233 2725 1021 2766">
    <p class='ocr_par' dir='ltr' id='par_1_105' title="bbox 233 2725 1021 2766">
     <span class='ocr_line' id='line_1_106' title="bbox 233 2725 1021 2766; baseline 0.006 -13"><span class='ocrx_word' id='word_1_765' title='bbox 233 2725 375 2766; x_wconf 65' lang='lat' dir='ltr'><strong>(59)_To_b¢</strong></span> <span class='ocrx_word' id='word_1_766' title='bbox 395 2725 424 2755; x_wconf 68' lang='grc' dir='ltr'><strong>δέ</strong></span> <span class='ocrx_word' id='word_1_767' title='bbox 445 2728 519 2766; x_wconf 64' lang='grc' dir='ltr'>βοῦς,</span> <span class='ocrx_word' id='word_1_768' title='bbox 537 2728 569 2757; x_wconf 83' lang='grc' dir='ltr'><strong>εἶ.</strong></span> <span class='ocrx_word' id='word_1_769' title='bbox 585 2729 632 2766; x_wconf 82' lang='lat' dir='ltr'><strong>sic</strong></span> <span class='ocrx_word' id='word_1_770' title='bbox 655 2725 709 2766; x_wconf 79' lang='lat' dir='ltr'><strong>ope</strong></span> <span class='ocrx_word' id='word_1_771' title='bbox 732 2725 842 2766; x_wconf 78' lang='lat' dir='ltr'><strong>codicis</strong></span> <span class='ocrx_word' id='word_1_772' title='bbox 864 2729 1021 2758; x_wconf 88' lang='lat' dir='ltr'><strong>Colbertini</strong></span> 
     </span>
    </p>
   </div>
   <div class='ocr_carea' id='block_1_106' title="bbox 197 2762 1020 2802">
    <p class='ocr_par' dir='ltr' id='par_1_106' title="bbox 197 2762 1020 2802">
     <span class='ocr_line' id='line_1_107' title="bbox 197 2762 1020 2802; baseline 0.005 -13"><span class='ocrx_word' id='word_1_773' title='bbox 197 2762 420 2802; x_wconf 64' lang='lat' dir='ltr'><strong>emendavirnus</strong></span> <span class='ocrx_word' id='word_1_774' title='bbox 445 2762 582 2802; x_wconf 60' lang='lat' dir='ltr'><strong>&quot;vitiosam</strong></span> <span class='ocrx_word' id='word_1_775' title='bbox 605 2762 765 2802; x_wconf 74' lang='lat' dir='ltr'><strong>lectionem</strong></span> <span class='ocrx_word' id='word_1_776' title='bbox 783 2765 944 2802; x_wconf 78' lang='lat' dir='ltr'><strong>vulgatam,</strong></span> <span class='ocrx_word' id='word_1_777' title='bbox 960 2769 1020 2797; x_wconf 85' lang='grc' dir='ltr'>τοῖς</span> 
     </span>
    </p>
   </div>
   <div class='ocr_carea' id='block_1_107' title="bbox 198 2794 1020 2840">
    <p class='ocr_par' dir='ltr' id='par_1_107' title="bbox 198 2794 1020 2840">
     <span class='ocr_line' id='line_1_108' title="bbox 198 2794 1020 2840; baseline 0.012 -17"><span class='ocrx_word' id='word_1_778' title='bbox 198 2794 227 2824; x_wconf 78' lang='grc' dir='ltr'><strong>δὶ</strong></span> <span class='ocrx_word' id='word_1_779' title='bbox 243 2797 332 2835; x_wconf 83' lang='grc' dir='ltr'>βουσι.</span> <span class='ocrx_word' id='word_1_780' title='bbox 353 2799 464 2829; x_wconf 83' lang='lat' dir='ltr'><strong>ibidem</strong></span> <span class='ocrx_word' id='word_1_781' title='bbox 489 2801 533 2830; x_wconf 67' lang='lat' dir='ltr'><strong>he</strong></span> <span class='ocrx_word' id='word_1_782' title='bbox 557 2809 653 2837; x_wconf 84' lang='lat' dir='ltr'><strong>voces,</strong></span> <span class='ocrx_word' id='word_1_783' title='bbox 667 2799 736 2829; x_wconf 74' lang='grc' dir='ltr'>κατὰ</span> <span class='ocrx_word' id='word_1_784' title='bbox 758 2794 852 2840; x_wconf 75' lang='grc' dir='ltr'>λόγοῆ</span> <span class='ocrx_word' id='word_1_785' title='bbox 868 2794 976 2832; x_wconf 78' lang='lat' dir='ltr'><strong>desunt</strong></span> <span class='ocrx_word' id='word_1_786' title='bbox 989 2794 1020 2832; x_wconf 81' lang='lat' dir='ltr'><strong>in</strong></span> 
     </span>
    </p>
   </div>
   <div class='ocr_carea' id='block_1_108' title="bbox 1077 2297 1899 2337">
    <p class='ocr_par' dir='ltr' id='par_1_108' title="bbox 1077 2297 1899 2337">
     <span class='ocr_line' id='line_1_109' title="bbox 1077 2297 1899 2337; baseline -0.002 -10"><span class='ocrx_word' id='word_1_787' title='bbox 1077 2310 1136 2337; x_wconf 82' lang='grc' dir='ltr'>μεν,</span> <span class='ocrx_word' id='word_1_788' title='bbox 1153 2298 1226 2327; x_wconf 84' lang='grc' dir='ltr'>ἀλλὰ</span> <span class='ocrx_word' id='word_1_789' title='bbox 1254 2298 1316 2337; x_wconf 86' lang='grc' dir='ltr'>περὶ</span> <span class='ocrx_word' id='word_1_790' title='bbox 1341 2301 1395 2326; x_wconf 83' lang='grc' dir='ltr'><strong>τῶν</strong></span> <span class='ocrx_word' id='word_1_791' title='bbox 1416 2297 1452 2326; x_wconf 71' lang='lat' dir='ltr'><strong>&#39;iv‘</strong></span> <span class='ocrx_word' id='word_1_792' title='bbox 1482 2298 1601 2334; x_wconf 79' lang='grc' dir='ltr'>ἐξουσίαν</span> <span class='ocrx_word' id='word_1_793' title='bbox 1635 2298 1742 2328; x_wconf 81' lang='grc' dir='ltr'>έαυτοῖς</span> <span class='ocrx_word' id='word_1_794' title='bbox 1771 2308 1899 2336; x_wconf 82' lang='grc' dir='ltr'>πραγμα-</span> 
     </span>
    </p>
   </div>
   <div class='ocr_carea' id='block_1_109' title="bbox 1073 2342 1898 2380">
    <p class='ocr_par' dir='ltr' id='par_1_109' title="bbox 1073 2342 1898 2380">
     <span class='ocr_line' id='line_1_110' title="bbox 1073 2342 1898 2380; baseline -0.004 -8"><span class='ocrx_word' id='word_1_795' title='bbox 1073 2344 1231 2380; x_wconf 85' lang='grc' dir='ltr'>τεύσωνται,</span> <span class='ocrx_word' id='word_1_796' title='bbox 1247 2343 1285 2374; x_wconf 83' lang='grc' dir='ltr'><strong>ὡς</strong></span> <span class='ocrx_word' id='word_1_797' title='bbox 1313 2342 1437 2371; x_wconf 79' lang='grc' dir='ltr'>θέλουσιν</span> <span class='ocrx_word' id='word_1_798' title='bbox 1467 2342 1576 2380; x_wconf 82' lang='grc' dir='ltr'>ὁμιλεῖν</span> <span class='ocrx_word' id='word_1_799' title='bbox 1604 2342 1735 2380; x_wconf 75' lang='grc' dir='ltr'>γυναιξὶν,</span> <span class='ocrx_word' id='word_1_800' title='bbox 1759 2342 1898 2379; x_wconf 78' lang='grc' dir='ltr'>ἀποκοψα-</span> 
     </span>
    </p>
   </div>
   <div class='ocr_carea' id='block_1_110' title="bbox 1077 2386 1899 2426">
    <p class='ocr_par' dir='ltr' id='par_1_110' title="bbox 1077 2386 1899 2426">
     <span class='ocr_line' id='line_1_111' title="bbox 1077 2386 1899 2426; baseline -0.002 -10"><span class='ocrx_word' id='word_1_801' title='bbox 1077 2389 1164 2426; x_wconf 80' lang='grc' dir='ltr'>μένων</span> <span class='ocrx_word' id='word_1_802' title='bbox 1192 2386 1311 2419; x_wconf 67' lang='grc' dir='ltr'>ἆτὸπωςῖ</span> <span class='ocrx_word' id='word_1_803' title='bbox 1328 2388 1381 2416; x_wconf 81' lang='grc' dir='ltr'>Καὶ</span> <span class='ocrx_word' id='word_1_804' title='bbox 1410 2387 1529 2416; x_wconf 83' lang='grc' dir='ltr'>καθόλου</span> <span class='ocrx_word' id='word_1_805' title='bbox 1557 2387 1618 2426; x_wconf 77' lang='grc' dir='ltr'>περὶ</span> <span class='ocrx_word' id='word_1_806' title='bbox 1640 2390 1693 2415; x_wconf 79' lang='grc' dir='ltr'><strong>τῶν</strong></span> <span class='ocrx_word' id='word_1_807' title='bbox 1709 2387 1756 2419; x_wconf 73' lang='grc' dir='ltr'><strong>τὰς</strong></span> <span class='ocrx_word' id='word_1_808' title='bbox 1773 2387 1844 2425; x_wconf 85' lang='grc' dir='ltr'>πρὸς</span> <span class='ocrx_word' id='word_1_809' title='bbox 1870 2387 1899 2414; x_wconf 82' lang='grc' dir='ltr'>τὸ</span> 
     </span>
    </p>
   </div>
   <div class='ocr_carea' id='block_1_111' title="bbox 1075 2430 1900 2471">
    <p class='ocr_par' dir='ltr' id='par_1_111' title="bbox 1075 2430 1900 2471">
     <span class='ocr_line' id='line_1_112' title="bbox 1075 2430 1900 2471; baseline -0.002 -11"><span class='ocrx_word' id='word_1_810' title='bbox 1075 2433 1146 2466; x_wconf 79' lang='grc' dir='ltr'>θῆλυ</span> <span class='ocrx_word' id='word_1_811' title='bbox 1164 2431 1304 2470; x_wconf 79' lang='grc' dir='ltr'>διατριϐὰς</span> <span class='ocrx_word' id='word_1_812' title='bbox 1322 2431 1544 2470; x_wconf 78' lang='grc' dir='ltr'>μεταδιωκόντων</span> <span class='ocrx_word' id='word_1_813' title='bbox 1560 2432 1642 2460; x_wconf 75' lang='grc' dir='ltr'>ταῦτά</span> <span class='ocrx_word' id='word_1_814' title='bbox 1665 2442 1764 2471; x_wconf 77' lang='grc' dir='ltr'>φαμεν.</span> <span class='ocrx_word' id='word_1_815' title='bbox 1781 2430 1900 2468; x_wconf 64' lang='grc' dir='ltr'>Οἵδαμεν</span> 
     </span>
    </p>
   </div>
   <div class='ocr_carea' id='block_1_112' title="bbox 1076 2476 1901 2517">
    <p class='ocr_par' dir='ltr' id='par_1_112' title="bbox 1076 2476 1901 2517">
     <span class='ocr_line' id='line_1_113' title="bbox 1076 2476 1901 2517; baseline -0.001 -12"><span class='ocrx_word' id='word_1_816' title='bbox 1076 2478 1139 2516; x_wconf 78' lang='grc' dir='ltr'>γὰρ,</span> <span class='ocrx_word' id='word_1_817' title='bbox 1156 2477 1197 2505; x_wconf 74' lang='grc' dir='ltr'><strong>ὅτι</strong></span> <span class='ocrx_word' id='word_1_818' title='bbox 1227 2478 1265 2509; x_wconf 86' lang='grc' dir='ltr'><strong>ὡς</strong></span> <span class='ocrx_word' id='word_1_819' title='bbox 1288 2477 1371 2517; x_wconf 80' lang='grc' dir='ltr'>ἀγίως</span> <span class='ocrx_word' id='word_1_820' title='bbox 1396 2478 1525 2506; x_wconf 79' lang='grc' dir='ltr'>ἅπτονται</span> <span class='ocrx_word' id='word_1_821' title='bbox 1550 2476 1643 2516; x_wconf 80' lang='grc' dir='ltr'>ἄνδρες</span> <span class='ocrx_word' id='word_1_822' title='bbox 1667 2479 1816 2515; x_wconf 76' lang='grc' dir='ltr'>γυναικῶν,</span> <span class='ocrx_word' id='word_1_823' title='bbox 1832 2476 1901 2505; x_wconf 70' lang='grc' dir='ltr'>οὕτω</span> 
     </span>
    </p>
   </div>
   <div class='ocr_carea' id='block_1_113' title="bbox 1076 2623 1889 2666">
    <p class='ocr_par' dir='ltr' id='par_1_113' title="bbox 1076 2623 1889 2666">
     <span class='ocr_line' id='line_1_114' title="bbox 1076 2623 1889 2666; baseline -0.001 0"><span class='ocrx_word' id='word_1_824' title='bbox 1076 2623 1301 2666; x_wconf 53' lang='grc' dir='ltr'><strong>ρινὲξιυβ-ωξρτ</strong></span> <span class='ocrx_word' id='word_1_825' title='bbox 1448 2659 1476 2666; x_wconf 61' lang='grc' dir='ltr'><em>η.</em></span> <span class='ocrx_word' id='word_1_826' title='bbox 1545 2659 1552 2666; x_wconf 92' lang='grc'>.</span> <span class='ocrx_word' id='word_1_827' title='bbox 1701 2659 1722 2666; x_wconf 91' lang='grc'><strong>..</strong></span> <span class='ocrx_word' id='word_1_828' title='bbox 1821 2657 1889 2666; x_wconf 84' lang='lat'><strong>...._.</strong></span> 
     </span>
    </p>
   </div>
   <div class='ocr_carea' id='block_1_114' title="bbox 1096 2657 1898 2727">
    <p class='ocr_par' dir='ltr' id='par_1_114' title="bbox 1096 2657 1898 2727">
     <span class='ocr_line' id='line_1_115' title="bbox 1113 2657 1898 2723; baseline -0.004 -35"><span class='ocrx_word' id='word_1_829' title='bbox 1113 2660 1170 2723; x_wconf 41' lang='lat'><strong>$60)</strong></span> <span class='ocrx_word' id='word_1_830' title='bbox 1198 2657 1415 2696; x_wconf 76' lang='grc' dir='ltr'>Ἐμϐλέποντας.</span> <span class='ocrx_word' id='word_1_831' title='bbox 1447 2659 1495 2689; x_wconf 87' lang='lat' dir='ltr'><strong>Sic</strong></span> <span class='ocrx_word' id='word_1_832' title='bbox 1525 2659 1624 2696; x_wconf 88' lang='lat' dir='ltr'><strong>plures</strong></span> <span class='ocrx_word' id='word_1_833' title='bbox 1657 2659 1786 2688; x_wconf 83' lang='lat' dir='ltr'><strong>codices.</strong></span> <span class='ocrx_word' id='word_1_834' title='bbox 1821 2657 1898 2692; x_wconf 80' lang='lat' dir='ltr'><strong>Edili,</strong></span> 
     </span>
     <span class='ocr_line' id='line_1_116' title="bbox 1096 2693 1240 2727; baseline 0 -5"><span class='ocrx_word' id='word_1_835' title='bbox 1096 2693 1112 2722; x_wconf 95' lang='grc' dir='ltr'>λ</span> <span class='ocrx_word' id='word_1_836' title='bbox 1128 2705 1240 2727; x_wconf 76' lang='grc' dir='ltr'>πον-τας,</span> 
     </span>
    </p>
   </div>
   <div class='ocr_carea' id='block_1_115' title="bbox 1075 2729 1897 2794">
    <p class='ocr_par' dir='ltr' id='par_1_115' title="bbox 1075 2729 1897 2794">
     <span class='ocr_line' id='line_1_117' title="bbox 1075 2729 1897 2794; baseline -0.005 -34"><span class='ocrx_word' id='word_1_837' title='bbox 1075 2729 1089 2794; x_wconf 56' lang='grc' dir='ltr'><strong>ςδ</strong></span> <span class='ocrx_word' id='word_1_838' title='bbox 1105 2732 1226 2775; x_wconf 74' lang='lat' dir='ltr'><strong>_(61)At.</strong></span> <span class='ocrx_word' id='word_1_839' title='bbox 1248 2732 1296 2761; x_wconf 85' lang='lat' dir='ltr'><strong>Sic</strong></span> <span class='ocrx_word' id='word_1_840' title='bbox 1320 2733 1409 2762; x_wconf 88' lang='lat' dir='ltr'><strong>editio</strong></span> <span class='ocrx_word' id='word_1_841' title='bbox 1432 2732 1544 2761; x_wconf 84' lang='lat' dir='ltr'><strong>Veneta</strong></span> <span class='ocrx_word' id='word_1_842' title='bbox 1570 2733 1600 2760; x_wconf 86' lang='lat' dir='ltr'><strong>et</strong></span> <span class='ocrx_word' id='word_1_843' title='bbox 1617 2739 1688 2760; x_wconf 88' lang='lat' dir='ltr'><strong>mss.</strong></span> <span class='ocrx_word' id='word_1_844' title='bbox 1713 2729 1897 2762; x_wconf 82' lang='lat' dir='ltr'><strong>Parisiensis,</strong></span> 
     </span>
     <span class='ocr_line' id='line_1_118' title="bbox 1092 2777 1126 2794; baseline 0 0"><span class='ocrx_word' id='word_1_845' title='bbox 1092 2777 1126 2794; x_wconf 82' lang='grc' dir='ltr'><strong>ιι.</strong></span> 
     </span>
    </p>
   </div>
   <div class='ocr_carea' id='block_1_116' title="bbox 1092 2777 1126 2797">
    <p class='ocr_par' dir='ltr' id='par_1_116' title="bbox 1092 2777 1126 2797">
     <span class='ocr_line' id='line_1_119' title="bbox 1092 2777 1126 2797; baseline 0.059 -2"><span class='ocrx_word' id='word_1_846' title='bbox 1092 2777 1126 2797; x_wconf 79' lang='grc' dir='ltr'><strong>ιι.</strong></span> 
     </span>
    </p>
   </div>
  </div>
