2010 3145
125 185 180 215 801

742 182 858 214 LIBER
877 183 929 213 DE
949 182 1213 215 VIRGINITATE.

1767 187 1829 218 802

125 247 167 276 καὶ
183 248 209 276 οἱ
225 248 352 285 εὐνοῦχοι
365 249 405 284 τῷ
418 247 444 283 ἐξ
459 247 592 279 ἀκουσίως
608 248 678 284 (61⁸)
693 245 880 284 συμϐεϐηκότι
895 247 944 275 αύ-

1002 248 1082 283 chos,
1099 249 1150 285 qui
1164 251 1230 285 post
1245 250 1375 286 corporis
1397 250 1604 279 castrationem
1630 260 1688 280 non
1703 252 1832 281 libenter

125 295 181 323 τοῖς
195 292 263 319 κατὰ
275 292 307 319 τὸ
320 294 400 328 σῶμα
414 291 652 329 εὐνουχισμῷ,τὸν
663 292 785 320 ἑκούσιον
794 295 845 327 τῆς
856 293 949 329 ψυχῆς

126 337 304 375 εὖνουχισμὸν
320 337 439 376 σώφρονι
457 335 583 375 λογισμῷ
606 337 717 368 ἑαυτοὺς
734 336 948 374 εὐνουχίσαντες,

126 384 251 419 καθαρῶς
277 382 393 419 γυναιξὶν
423 380 563 418 ὁμιλοῦσι.
593 381 649 410 Τοῦ
677 380 706 409 δὲ
734 379 864 419 ἀκριϐοῦς
894 382 950 418 ἅμα

129 427 171 454 καὶ
201 427 340 464 ἀχράντου
367 425 445 453 ἕνεκα
475 426 692 464 μαρθτυρόμεοα,
722 425 762 453 ὅτι
789 427 825 457 ὡς
853 425 949 464 ἄνδρες

127 471 202 506 ἥδιον
232 468 511 510 συναναστρεφόμενοι
539 471 653 509 γυναιξὶ,
671 470 782 502 δικαίως
811 471 870 503 καθ’
885 471 948 498 ἑαυ-

125 518 175 544 τῶν
191 515 310 554 αἰσχρὰς
327 515 453 547 ὑπονοίας
467 517 598 543 κινοῦσιν
615 516 687 543 οὕτω
702 515 747 543 καὶ
771 516 796 542 οἱ
821 515 948 553 εὐνοῦχοι

124 563 181 593 ταῖς
208 562 264 588 τῶν
291 563 426 598 γυναικῶν
457 557 607 598 διατριϐαῖς
636 559 804 599 ἐμφωλεύειν
834 559 950 587 σπουδά-

125 608 225 641 ζοντες,
243 604 275 632 οὗ
303 605 438 643 καθαροὺς
466 605 577 636 ἑαυτοὺς
607 605 741 632 ὑπονοιῶν
771 604 948 633 ἀπολύουσιν.

124 651 155 679 Οἱ
169 649 220 688 γὰρ
234 650 286 685 τήν
301 650 370 687 πρὸς
395 649 466 685 θῆλυ
490 648 602 686 ὁμιλίαν
629 650 679 677 οὑκ
701 647 860 687 ἀδιάφορον,
876 648 950 676 ἀλλὰ

123 693 327 732 προθυμοτέραν
354 694 527 730 ποιούμενοι,
543 693 592 721 οὐκ
615 693 723 725 ἀτόπως
753 693 782 721 ἂν
815 694 867 722 ὑπὸ
895 695 948 721 τῶν

123 739 345 777 προεκκειμένων
371 741 421 776 τῇς
449 739 556 777 φύσεως
585 737 726 775 λογισμῶν
756 738 800 765 ἐπὶ
832 738 863 766 τὸ
893 741 950 776 χεῖ-

126 793 168 820 ρον
184 784 243 820 (62)
261 781 366 821 ἀνδρῶν
381 782 598 818 στηλιτεύοιντο.
613 783 673 811 Ὂτι
698 782 740 810 ἐπ’
759 782 867 810 ἐκείνων
902 783 948 819 μὶν

124 827 260 863 ὴέξουσία
283 829 332 855 νοῦ
361 826 486 859 δύνασθαι
513 828 567 864 πρὸ
595 826 746 865 ἀφθαλμῶν
768 829 873 859 τιθεῖσα
899 827 950 854 αὖα

124 875 179 904 τοῖς
207 872 239 900 τὸ
271 871 444 908 ἀποτέλεσμα
471 873 520 899 τοῦ
559 872 767 909 ἁμαρτήματος⁷
798 869 876 911 φόϐῳ
901 873 949 899 τοῦ

125 918 283 953 πτώματος,
299 920 348 951 τῆς
365 916 434 944 κατὰ
453 917 502 951 τήν
535 916 666 954 βούλησιν
693 916 792 948 αὐτοὺς
817 916 948 953 ἁμαρτίας

126 960 294 990 ἀναστέλλει.
312 962 440 990 Ἐνταῦθα
455 959 484 988 δὲ
507 962 524 996 ἡ
550 959 685 998 ἀδυναμία
712 963 760 988 τοῦ
785 960 946 989 ἀποτελέσαι

123 1006 136 1033 ὃ
153 1005 317 1043 βούλονται,
333 1005 493 1043 τολμηροὺς
508 1006 607 1037 αὐτοὺς
628 1005 696 1044 πρὸς
724 1006 774 1039 τὴν
796 1005 945 1033 ἀπόλαυσιν

121 1054 167 1085 τῆς
179 1050 327 1087 ἐπιθυμίας
342 1052 468 1084 ποιοῦσα,
483 1051 534 1085 τήν
551 1049 580 1078 ἐκ
598 1053 648 1085 τῆς
675 1049 834 1087 βουλήσεως
858 1051 946 1088 ἀμαρ-

121 1095 176 1123 τίαν
191 1095 218 1123 ἐν
234 1095 329 1126 αὐτοῖς
345 1092 384 1122 ἔτι
402 1093 508 1132 μᾶλλον
525 1094 630 1129 ἐξάπτει
647 1096 714 1132 (63).

152 1141 195 1168 65.
213 1139 323 1175 Μηδεὶς
339 1138 367 1167 δὶ
384 1139 576 1167 ἐπισκωπτὲτω
595 1141 634 1175 τῷ
650 1139 735 1177 λόγῳ,
753 1139 790 1171 ὡς
814 1139 888 1176 παρὰ
914 1139 945 1167 τὸ

119 1185 216 1222 πρέπον
233 1187 275 1221 τῷ
286 1185 440 1222 παρθενικῷ
455 1182 514 1218 ἤθει
529 1183 568 1215 είς
593 1184 643 1218 τὴν
674 1184 788 1222 θεωρίαν
817 1187 867 1219 τῆς
894 1184 944 1224 φύ-

121 1240 183 1260 σεως
196 1231 246 1257 τοῦ
263 1227 373 1267 ἄῤῥενος
397 1226 587 1265 ἐμϐαθύνοντι.
609 1229 722 1266 Ηρῶτον
750 1229 810 1266 μὲν,
826 1228 868 1256 ὅτι
897 1230 944 1256 οὐ-

122 1272 197 1310 δεμία
210 1273 285 1301 οὕτω
299 1273 384 1308 νηπία
404 1273 459 1300 ἐστὶ
479 1273 620 1312 παρθένος,
635 1271 730 1308 ἡϐῶσα
758 1276 798 1310 τῷ
826 1273 943 1310 σώματι,

123 1319 156 1349 ὡς
172 1318 282 1348 ἀγνοεῖν
297 1328 322 1345 τι
337 1320 390 1345 τῶν
406 1317 431 1345 ἒν
447 1319 481 1355 τῇ
497 1317 573 1355 φύσει
595 1317 707 1352 ἐκείνου,
724 1318 755 1345 οὗ
783 1321 832 1353 τῆς
858 1317 942 1346 πλευ-

121 1365 165 1401 ρᾶς
193 1361 365 1398 ἀπεσπάσθη.
380 1364 452 1394 Ἕως
482 1363 528 1399 μὶν
557 1363 608 1400 γὰρ
637 1362 720 1397 ἀτελῆ
749 1373 778 1390 τε
803 1363 849 1390 γαὶ
870 1362 945 1400 ἅωρά

120 1407 172 1434 ἐστι
198 1407 270 1445 πρὸς
298 1407 348 1442 τὴν
375 1407 491 1446 φυσικὴν
515 1407 644 1445 ἐνέργειαν
660 1407 694 1435 τὰ
711 1407 781 1443 μέλη
812 1410 860 1435 τοῦ
890 1418 943 1435 σω-

122 1462 202 1487 ματος
218 1451 315 1486 αὖτῆς,
331 1450 376 1478 καὶ
393 1449 426 1485 δὴ
443 1451 457 1479 ὁ
471 1450 556 1488 νόμος
571 1455 621 1486 τῆς
642 1451 775 1489 ἁμαρτίας
800 1451 941 1489 σχολάζει,

122 1496 164 1524 καὶ
178 1495 291 1534 ἄγνοιαν
304 1496 372 1526 ἳσως
387 1494 417 1523 ἄν
432 1506 473 1526 τις
501 1495 571 1523 εἳποι
598 1499 648 1531 τῆς
678 1500 792 1532 φυσικῆς
821 1497 944 1534 πράξεως

119 1540 183 1572 τὲως
195 1534 412 1578 προσεῖναι-τοῖς
431 1540 552 1576 μέλεσιν,
568 1540 591 1567 εἰ
615 1540 659 1568 καὶ
684 1540 726 1568 ὅτι
749 1540 867 1577 μάλιστα
893 1541 943 1568 αὖ-

118 1586 242 1622 τομάτως
261 1586 316 1621 (64)
332 1586 349 1620 ἡ
367 1585 446 1624 φύσις
462 1585 529 1623 πρὸς
545 1585 577 1612 τὸ
593 1585 693 1613 οἰκεῖον
707 1584 822 1623 βαδίζει,
838 1586 874 1617 ὡς
898 1585 942 1613 ἐπὶ

963 936 988 969 Β

1003 296 1183 329 susceptam,
1195 294 1389 322 voluntariam
1405 294 1510 322 animae
1525 296 1734 325 castrationem
1749 300 1831 326 casta

1005 346 1037 366 ac
1045 339 1217 374 temperanti
1228 339 1403 375 cogitatione
1411 339 1604 376 sibimetipsis
1615 341 1831 379 interunt,pure

1005 391 1070 410 cum
1088 382 1261 411 mulieribus
1278 383 1396 414 versari.
1410 384 1465 412 Sed
1476 385 1621 413 cautionis
1638 386 1726 414 simul
1742 389 1771 415 et
1785 387 1830 415 in-

1004 427 1150 464 tegritatis
1171 436 1261 457 causa
1275 431 1487 465 contestamur,
1501 430 1748 464 quemadmodum
1765 432 1830 466 viri,

1004 473 1054 508 qui
1070 473 1195 501 libenter
1209 481 1275 501 cum
1292 473 1467 502 mulieribus
1491 477 1655 509 versantur,
1675 478 1776 512 turpes
1800 477 1830 504 in

1004 517 1179 553 semetipsos
1203 518 1387 554 suspiciones
1413 521 1529 546 movent
1547 527 1553 545 :
1570 519 1611 548 ita
1626 522 1654 548 et
1678 521 1830 550 eunuchos

1004 561 1053 597 qui
1071 562 1099 589 in
1116 562 1273 590 mulierum
1293 563 1496 591 contuberniis
1513 563 1636 592 latibula
1652 573 1706 593 sua
1720 566 1832 594 consti-

1004 608 1085 634 tuere
1095 606 1207 641 volunt,
1221 615 1310 643 puros
1322 607 1494 644 semetipsos
1509 617 1526 636 a
1541 609 1758 644 suspicionibus
1773 619 1831 638 non

1004 652 1227 686 praestare.Nam
1244 651 1293 687 qui
1308 651 1384 679 678
1401 660 1467 680 cum
1480 652 1653 680 mulieribus
1668 662 1725 682 non
1742 654 1830 683 indif-

1004 695 1139 729 ferenter,
1165 696 1216 724 sed
1244 696 1349 732 cupide
1372 699 1537 732 versantur,
1562 705 1620 725 non
1645 698 1773 727 absurde
1797 708 1832 727 ex

1004 741 1170 768 manifestis
1200 742 1311 769 natura;
1342 741 1507 769 rationibus
1536 742 1620 778 pejus
1653 751 1741 779 quam
1775 744 1830 771 viri

1003 785 1213 821 vituperentur.
1230 787 1302 814 Nam
1326 786 1356 813 in
1381 786 1452 813 viris
1481 786 1606 814 facultas
1633 795 1692 823 qua
1718 788 1833 824 praediti

1004 831 1083 864 sunt,
1100 829 1170 857 dum
1187 830 1229 858 eis
1244 832 1312 858 ante
1327 830 1427 858 oculos
1449 831 1531 867 ponit
1547 831 1692 860 actionem
1708 834 1833 868 peccati,

1003 873 1104 910 lapsus
1120 876 1198 902 metu
1216 883 1266 903 eos
1282 883 1298 902 a
1315 879 1445 911 peccato,
1463 876 1542 912 quod
1553 876 1702 905 voluntate
1717 878 1833 913 perﬁci-

1004 914 1062 952 tur,
1087 919 1220 947 reﬂectit.
1246 919 1296 947 Hic
1332 921 1431 947 autem
1460 920 1634 956 impotentia
1659 922 1831 957 perﬁciendi

1003 963 1079 998 quod
1095 963 1207 999 volunt,
1224 964 1351 992 audaces
1367 964 1433 992 illos
1448 965 1484 993 ad
1505 965 1713 1000 perfruendam
1729 966 1830 995 libidi-

1003 1015 1069 1035 nem
1095 1008 1236 1042 efﬁciens,
1255 1011 1418 1045 peccatum,
1441 1010 1518 1044 quod
1541 1009 1691 1038 voluntate
1713 1011 1830 1047 perfici-

1000 1053 1060 1087 tur,
1076 1052 1172 1080 adhuc
1185 1053 1281 1089 magis
1297 1053 1327 1080 in
1343 1053 1387 1081 eis
1402 1053 1544 1082 accendit.

1035 1141 1080 1169 65.
1096 1141 1186 1170 Nemo
1201 1143 1300 1170 autem
1316 1141 1429 1170 vellicet
1453 1142 1532 1170 hunc
1559 1151 1725 1171 sermonem
1742 1145 1828 1180 quasi

1001 1187 1100 1215 minus
1110 1187 1314 1215 convenienter
1322 1187 1461 1223 virgineis
1469 1187 1602 1216 moribus
1613 1188 1643 1215 in
1655 1189 1830 1224 speculatio-

1000 1240 1066 1260 nem
1092 1234 1204 1261 naturze
1228 1233 1352 1260 masculi
1378 1235 1520 1269 penetret.
1537 1235 1610 1261 Nam
1635 1234 1731 1270 primo
1747 1235 1830 1263 nulla

1000 1277 1071 1305 adeo
1086 1276 1184 1305 infans
1199 1279 1244 1305 est
1259 1277 1352 1313 virgo,
1368 1278 1455 1305 modo
1471 1278 1585 1313 pubens
1600 1278 1639 1306 sit
1653 1287 1785 1314 corporeI
1796 1281 1829 1307 ut

999 1321 1159 1357 quidquam
1175 1322 1290 1358 ignoret
1304 1323 1340 1350 ad
1357 1323 1494 1350 naturam
1505 1322 1585 1350 illius
1596 1322 1828 1358 attinens,cujus

999 1374 1015 1394 θ
1029 1366 1119 1394 latere
1135 1366 1236 1394 avulsa
1251 1368 1296 1394 est
1309 1366 1341 1394 ⁸⁵.
1358 1367 1504 1398 Quamdiu
1520 1366 1597 1394 enim
1613 1366 1786 1403 imperfecta
1801 1369 1830 1396 et

998 1410 1158 1439 immatura
1173 1413 1242 1439 sunt
1257 1411 1292 1439 ad
1305 1410 1469 1438 naturalem
1484 1411 1681 1446 operationem
1692 1413 1829 1440 membra

997 1455 1077 1483 illius
1092 1455 1235 1490 corporis,
1250 1463 1283 1482 ac
1297 1455 1342 1483 lex
1357 1455 1468 1491 peccati
1482 1455 1603 1483 feriatur
1620 1464 1628 1491 ;
1644 1455 1716 1484 forte
1738 1456 1827 1485 etiam

998 1499 1064 1535 quis
1078 1500 1291 1536 ignorationem
1307 1499 1453 1528 naturalis
1467 1499 1592 1528 actionis
1604 1499 1721 1528 interim
1732 1508 1828 1529 mem-

997 1544 1058 1572 bris
1073 1544 1170 1571 inesse
1185 1544 1291 1571 dixerit
1307 1553 1314 1572 :
1330 1544 1386 1571 etsi
1403 1552 1491 1580 quam
1508 1544 1636 1572 maxime
1652 1546 1757 1573 natura
1773 1554 1829 1574 sua

999 1591 1103 1625 sponte
1116 1588 1304 1625 progreditur
1319 1588 1355 1616 ad
1372 1588 1399 1616 id
1418 1589 1494 1624 quod
1510 1588 1566 1616 sibi
1590 1590 1735 1625 convenit,
1751 1592 1783 1618 ut
1797 1590 1827 1618 in

119 1632 169 1657 τῶν
183 1629 297 1668 ἀλόγων
313 1626 383 1657 ἔστιν
400 1627 480 1666 ἴδεῖν,
495 1628 682 1667 αὐτοδιδάκτῳ
697 1632 731 1667 τῇ
752 1630 828 1669 φύσει
853 1630 944 1658 εὐπο-

1001 1621 1095 1661 ὶίιιιιῐίε
1111 1621 1208 1661 videre
1223 1635 1278 1667 est,
1304 1641 1368 1669 quas
1392 1621 1494 1661 edhcta
1513 1642 1568 1661 sua
1593 1636 1697 1670 sponte
1721 1621 1829 1663 natura

120 1674 241 1711 χούντων
262 1673 339 1705 εὐθὺς
355 1674 423 1711 πρὸς
437 1674 485 1705 τὰς
503 1673 599 1711 μίξεις.
616 1674 669 1703 Καὶ
697 1673 793 1702 παιδία
819 1674 847 1702 δὲ
875 1675 945 1714 ἐφω-

119 1719 184 1756 ράθη
216 1718 244 1747 ἦν
277 1719 313 1754 τῇ
340 1718 428 1756 ἀωρίᾳ
452 1721 506 1746 τῶν
538 1718 629 1756 μελῶν
658 1720 707 1754 τήν
733 1718 859 1757 ἀνδρικὴν
876 1720 946 1756 μίξιν

121 1763 289 1799 μιμούμινα.
306 1761 430 1790 Ἐπειδὰν
446 1761 475 1790 δὶ
501 1760 593 1801 ἡϐήσῃ
623 1765 717 1799 ταῦτα,
733 1764 777 1792 καὶ
806 1763 946 1800 ἓπιτήὸεια

119 1807 184 1845 πρὸς
214 1808 248 1842 ἣν
279 1806 382 1844 πέφυκε
411 1807 503 1845 σχέσιν
534 1808 616 1846 ὀφθῇ,
633 1808 710 1841 εὐθὺς
741 1810 755 1836 ὁ
782 1809 867 1846 νόμος
895 1813 945 1844 τῆς

119 1856 253 1893 ἁμαρτίας
271 1855 391 1890 εἰσῆλθε,
407 1857 563 1892 νομοθετῶν
582 1857 628 1892 μὲν
658 1857 760 1894 ἑκάστῳ
790 1857 866 1894 μὲλει
895 1860 944 1893 τήν

119 1901 225 1937 πρᾶξιν,
243 1900 457 1938 ὰντιστρατεύων
472 1900 501 1928 δὲ
515 1902 549 1928 τὰ
566 1900 636 1937 μὲλη
653 1903 702 1928 τοῦ
724 1902 812 1938 νόμου
834 1904 873 1939 τῷ
895 1905 945 1940 νῷ,

118 1944 161 1971 καὶ
178 1944 399 1983 αἱχμαλωτίζων
415 1948 455 1982 τῷ
471 1945 547 1982 νόμῳ
561 1949 612 1980 τῆς
627 1946 761 1983 ἁμαρτίας
776 1945 820 1974 ’διὰ
833 1949 887 1975 τῶν
905 1959 948 1984 με.

119 1987 172 2016 λῶν
202 1988 319 2021 ἕκαστον
350 1990 504 2027 ἄνθρωπον.
522 1990 570 2018 Καὶ
597 1990 645 2018 οὐκ
669 1990 698 2018 ἄν
720 2001 747 2017 τι
766 1993 820 2018 τῶν
843 1991 945 2029 μελῶν,

116 2032 196 2069 νόμον
227 2032 294 2071 ἔχον
325 2035 380 2070 (65)
410 2032 647 2070 διδάσκαλον,τῆς
676 2036 744 2071 πρὸς
770 2036 803 2071 ἣν
829 2036 944 2075 πέφυκεν

117 2078 250 2115 ἁμαρτίας
268 2077 378 2115 ἄγνοιαν
406 2079 615 2117 προφασίσαιτο.
632 2078 720 2108 Ἀλλὰ
746 2080 781 2107 τά
804 2090 834 2107 τε
862 2081 944 2118 χείλη

118 2120 183 2149 οἶδεν
214 2122 241 2150 ἐν
272 2125 332 2153 τοῖς
363 2121 506 2160 ἐρωτικοῖς
527 2123 596 2160 πρὸς
618 2123 648 2157 ἣν
663 2123 766 2161 πέφυκε
780 2123 886 2162 χρείαν,
899 2135 945 2160 καὶ

116 2164 225 2195 ’ἕκαστον
242 2167 298 2194 τῶν
316 2166 406 2204 μελῶν
426 2170 555 2195 τοσοῦτον
572 2168 603 2195 τὸ
629 2171 677 2196 τοῦ
702 2169 872 2206 ἱτερογενοῦς
898 2169 944 2206 μὲ-

117 2208 161 2242 λος
176 2211 316 2249 γνωρίζει,
328 2212 391 2239 δτον
408 2212 487 2239 ἑαυτὸ
511 2213 579 2240 κατὰ
603 2212 680 2252 φύσιν
704 2213 853 2242 ἐπισταται.
869 2214 945 2243 Ἑπεί

117 2255 164 2283 οὐκ
182 2255 213 2283 ἃν
230 2254 295 2283 οὔτε
309 2255 465 2292 ἐπεθύμησε
489 2257 539 2291 τήν
562 2259 611 2284 τοῦ
636 2257 737 2294 μέλους
761 2258 905 2295 ἐνέργειαν,
922 2259 944 2286 εἰ

1000 1678 1100 1706 statim
1109 1678 1138 1705 in
1148 1678 1322 1706 concubitus
1331 1678 1551 1710 feruntur.0uin
1558 1678 1647 1706 etiam
1653 1679 1829 1715 deprehensi

1000 1725 1071 1751 sunt
1086 1723 1213 1751 infantes
1239 1722 1380 1750 membris
1404 1723 1572 1751 immaturis
1587 1723 1702 1751 virilem
1718 1732 1826 1753 concu-

1000 1768 1096 1796 bitum
1110 1767 1232 1796 imitari.
1249 1768 1321 1796 Cum
1337 1769 1434 1795 autem
1450 1768 1583 1796 membra
1599 1768 1774 1804 pubescunt,
1792 1777 1825 1798 ac

1000 1813 1121 1842 ideonea
1130 1813 1267 1841 videntur
1277 1813 1313 1840 ad
1326 1812 1529 1840 habitudinem
1539 1813 1575 1840 ad
1586 1821 1675 1848 quam
1687 1816 1827 1849 generata

1001 1860 1080 1891 sunt,
1097 1858 1197 1885 statim
1221 1857 1267 1885 lex
1290 1857 1400 1893 peccati
1424 1856 1535 1890 introit,
1551 1857 1743 1892 prwscribens
1758 1858 1825 1885 uni-

1001 1903 1103 1938 cuique
1116 1902 1247 1930 membro
1263 1902 1418 1935 actionem,
1429 1902 1562 1929 membra
1577 1901 1717 1929 adversus
1729 1901 1824 1937 legem

1002 1947 1161 1975 mentis‘in
1193 1946 1284 1974 aciem
1309 1946 1446 1981 educens,
1473 1954 1524 1982 per
1556 1946 1690 1974 membra
1717 1955 1825 1974 unum-

1002 1999 1148 2028 quemque
1159 1991 1307 2019 hominem
1318 1990 1464 2026 captivum
1477 1990 1532 2026 legi
1549 1990 1659 2026 peccati
1675 1991 1825 2019 addicens.

1000 2037 1057 2064 Nec
1064 2035 1157 2063 ullum
1167 2043 1237 2062 sane
1248 2035 1414 2062 membrum
1422 2034 1591 2070 magistram
1600 2035 1712 2063 habens
1719 2035 1825 2071 legem,

1000 2080 1121 2117 peccati,
1133 2080 1168 2107 ad
1185 2079 1263 2114 quod
1279 2081 1384 2106 natura
1395 2079 1496 2112 fertur,
1521 2079 1734 2115 ignorationem
1752 2088 1826 2115 prae-

999 2127 1100 2154 textat.
1109 2125 1163 2153 Sed
1175 2124 1254 2152 labia
1264 2123 1362 2152 sciunt
1375 2123 1405 2152 in
1423 2123 1572 2151 amatoriis
1588 2123 1675 2151 rebus
1689 2124 1724 2151 ad
1736 2132 1825 2159 quem

1000 2179 1088 2199 usum
1109 2171 1214 2197 natura
1234 2169 1340 2196 idonea
1364 2168 1434 2201 sint,
1449 2176 1482 2195 ac
1506 2167 1666 2203 unicuique
1692 2169 1825 2197 membro

999 2217 1114 2243 tantum
1139 2212 1259 2241 alterius
1283 2220 1370 2240 sexus
1399 2212 1565 2240 membrum
1591 2212 1740 2248 cognitum
1770 2215 1825 2246 est,

999 2261 1142 2296 quantum
1154 2257 1346 2293 semetipsum
1358 2258 1464 2284 natura
1474 2257 1737 2293 cognoscit.Neque
1748 2257 1826 2286 enim

115 2299 204 2336 ἠγνόει
218 2301 270 2334 τὴν
289 2300 366 2339 φύσιν
383 2301 465 2328 αὑτοῦ
480 2301 524 2328 καὶ
539 2302 589 2335 τήν
604 2302 710 2339 χρείαν.
729 2303 809 2330 Ὥστε
829 2303 879 2330 οὐκ
900 2303 943 2330 εὐ-

1001 2303 1121 2333 membri
1137 2304 1236 2330 actum
1247 2302 1479 2338 concupisceret,
1492 2302 1517 2330 si
1530 2302 1677 2338 ignoraret
1688 2305 1826 2330 naturam

116 2344 195 2379 θύνης
221 2343 305 2380 ἄξιοι,
320 2345 351 2373 τὸ
375 2345 576 2384 γινωσκόμενον
603 2347 677 2383 παρᾶ
698 2350 758 2378 ταῖς
787 2348 941 2384 παρθένοις,

113 2389 293 2426 σιωπώμενον
311 2388 339 2417 δὲ
364 2388 408 2417 διὰ
431 2390 462 2418 τὸ
486 2390 642 2428 ἀναγκαῖον,
659 2391 684 2418 ἐν
709 2394 796 2429 καιρῷ
823 2392 940 2420 ἀναπτύ-

114 2434 211 2470 ξαντες.
231 2435 338 2467 Ἔπειθ’
352 2436 394 2463 ὅτι
423 2435 449 2463 εἴ
472 2437 517 2463 καὶ
548 2436 672 2474 ἀγνοοῦσι
699 2438 747 2472 τήν
768 2440 816 2465 τοῦ
832 2437 943 2477 ἅρῥενος

114 2478 199 2516 φύσιν,
216 2479 256 2510 ὡς
272 2478 302 2506 ἂν
320 2480 358 2516 μή
376 2479 444 2514 αὕτη
469 2481 486 2514 ἡ
513 2478 606 2517 ἄγνοια
632 2480 728 2518 δέλεαρ
756 2483 867 2519 γενηται
894 2483 941 2511 αὐ-

150 2553 172 2570 “
183 2554 256 2581 Gen.
274 2561 306 2587 ιι,
321 2553 366 2581 22.

156 2624 277 2662 61')
291 2623 435 2662 ἀκουσίως.
454 2625 537 2662 Forte
551 2625 576 2662 ἑξ
593 2625 730 2654 ἀκουσίου.
745 2627 825 2655 Enisr.

155 2661 202 2703 οἳ)
218 2660 280 2702 Ἐπὶ
294 2661 327 2703 το
341 2663 443 2703 χεῖρον.
466 2660 579 2703 γίὶὶοεέ
599 2671 719 2703 prorsus
743 2664 825 2703 addit
844 2663 939 2703 _e_ditio

112 2694 297 2734 Parisiensis,
315 2694 540 2734 ἀέῗνφερομένων.
557 2694 623 2726 Ηαὲθ
636 2699 714 2727 enim
731 2707 783 2727 nec
800 2700 828 2732 in
844 2699 938 2728 Vene-

114 2733 142 2758 ta
156 2741 209 2761 nec
225 2732 256 2760 in
273 2741 346 2760 mss.
362 2732 512 2768 leguntur.

133 2768 202 2807 .(63)
218 2767 364 2807 ‘EEa’m-rsz,
379 2767 459 2796 Hanc
486 2769 662 2807 scripturam
687 2771 745 2798 duo
761 2772 874 2798 tantum
890 2778 937 2797 co-

112 2801 195 2831 dices
205 2801 379 2840 ngnoscunt,
391 2813 516 2840 quorum
532 2801 561 2833 in
577 2806 668 2834 altero
682 2807 811 2834 secunda
821 2807 937 2834 tantum

112 2845 199 2867 manu
210 2839 360 2876 leguntur.
380 2839 492 2870 Habent
504 2840 566 2877 alii,
583 2842 737 2878 tva‘rruSed
754 2844 851 2870 tamen
863 2841 936 2870 nihil

996 2349 1184 2380 illius.Quare
1195 2347 1276 2382 digni
1289 2346 1514 2382 reprehensione
1524 2355 1581 2374 non
1594 2347 1738 2380 sumus,si
1749 2348 1827 2383 quod

997 2392 1160 2429 virginibus
1176 2391 1325 2427 cognitum
1341 2393 1396 2425 est,
1410 2391 1460 2419 sed
1477 2391 1513 2419 ob
1530 2391 1736 2420 necessitatem
1752 2394 1829 2420 tace-

997 2437 1088 2472 tur,id
1099 2437 1129 2464 in
1139 2438 1271 2472 tempore
1287 2435 1493 2471 explicuimus.
1506 2435 1617 2464 Deinde
1632 2444 1698 2464 vero
1710 2436 1826 2464 etiamsi

997 2483 1166 2520 ignorarent
1174 2479 1298 2508 masculi
1309 2482 1458 2513 naturam,
1469 2489 1506 2508 ne
1519 2480 1580 2509 hac
1595 2480 1741 2517 ignoratio
1752 2481 1827 2516 ipsis

996 2629 1093 2656 visum
1109 2628 1154 2665 est
1169 2625 1433 2665 uastandam-3..
1495 2660 1514 2665 ..
1616 2658 1623 2665 .
1690 2657 1696 2665 κ

1030 2664 1087 2700 (64)
1103 2660 1281 2700 ῥὺτομεὶτως.
1297 2660 1435 2700 ῌριιιιμῌῇ
1451 2660 1578 2700 codices,
1594 2658 1746 2700 αὐτομάτῃ.

1030 2665 1075 2700 (64
1103 2664 1281 2698 Αὺτομάτως.
1297 2664 1435 2688 Nonnulli
1451 2664 1578 2701 codices,
1594 2664 1746 2699 αὐτοματη.
1776 2693 1781 2700 ,

1030 2664 1170 2743 (ϐὂίνΤιμ.
1192 2695 1273 2759 ξχον.
1300 2696 1347 2724 Sic
1372 2696 1566 2745 Colb’ertinus.
1596 2695 1690 2736 Editio
1718 2694 1822 2735 Parim,

1087 2744 1169 2759 evmv.
1218 2734 1302 2759 enata
1317 2732 1416 2759 habet.
1433 2741 1540 2759 Elovtct.
1558 2731 1691 2759 Quinque
1707 2730 1822 2759 codices

993 2730 1173 2771 τις....’ἔχωνῖ.
1192 2730 1302 2771 Véneta
1317 2732 1416 2771 habet,
1430 2730 1540 2771 attrita.
1558 2731 1691 2771 Quinque
1707 2730 1824 2771 codices

994 2779 1066 2809 mss.
1082 2765 1143 2798 τὶῖ..
1160 2768 1269 2809 ἔχοντα.
1284 2768 1371 2795 Paulo
1388 2765 1626 2803 anté'legendum
1642 2767 1769 2802 videtur,
1784 2768 1824 2802 τῷ

992 2806 1070 2843 νόμὼ
1083 2808 1132 2833 τοῦ
1148 2806 1206 2833 νοῦ.
