2010 3145
211 183 272 215 803

684 178 880 210 ΔΡΡΕΝΒΙΧ
901 177 1066 209 OPERUM
1086 177 1120 207 S.
1142 177 1286 208 BASILII
1309 178 1446 209 MAGNI.

1840 187 1888 216 804

210 248 321 286 peccati
333 248 469 277 illecebra
478 247 540 282 fiat,
553 255 610 275 non
627 246 753 274 absurde
766 245 803 273 ad
813 252 914 273 earum
927 243 1037 272 securi-

1092 244 1151 274 ταῖς
1180 243 1341 281 ἁμαρτίαις,
1371 243 1421 273 οὐκ
1445 244 1554 284 ἀλόγως
1585 246 1623 279 εἷς
1652 247 1789 287 ἀσφάλειαν
1812 251 1889 284 αὑταῖς

209 296 299 323 tatem
316 295 463 328 naturam,
481 293 513 319 ut
537 299 568 319 se
593 290 691 324 habet,
709 289 980 323 consideravimus;
1007 290 1040 316 ut

209 338 459 376 quemadmodum
476 335 626 372 simplices
642 337 711 363 sunt
727 335 803 363 sicut
828 334 980 367 columbae,
999 334 1039 361 ita

207 385 294 413 etiam
304 383 464 420 prudentes
479 381 556 409 sicut
566 388 688 416 serpens
697 380 848 413 “,omnem
860 377 1038 414 integritatis

208 438 267 457 suae
280 427 418 463 injuriam
427 426 578 462 proposita
589 424 722 452 doctrina
730 423 894 452 institutum
905 425 1036 450 caveant.

207 475 251 502 Ad
268 473 338 506 haec,
351 480 416 500 cum
433 470 599 498 communis
614 469 790 505 virginitatis
805 469 1036 504 expurgatricem

207 519 390 547 orationnem
402 514 630 551 susceperimus,
641 516 674 542 ut
685 513 848 550 virginibus
865 512 1036 541 benevolen-

206 564 289 597 tiam,
305 563 343 590 ita
367 563 396 590 et
419 559 560 588 masculis
585 559 726 587 debemus
743 567 749 586 :
768 557 989 594 oportebatque,
1005 559 1036 585 ut

205 608 266 636 illis
282 607 349 644 quid
368 607 471 634 noceat
486 605 617 640 quidque
633 603 725 640 prosit
741 602 938 637 ostendimus,
954 602 995 629 ita
1007 603 1037 630 et

204 653 269 681 istis
285 651 456 684 ostendere;
472 653 505 678 ut
516 656 701 685 nequaquam
719 647 907 676 castrationis
923 646 1035 674 nomini

205 697 389 726 attendentes
402 695 432 723 in
447 694 626 723 contrarium
643 693 828 728 delabantur,
845 692 895 720 sed
912 699 1035 728 cognos-

205 744 302 771 centes
319 741 390 778 quid
407 741 504 776 peccet
525 738 679 775 illegitima
694 737 819 766 virilium
836 736 991 769 abscissio,
1007 737 1037 764 et

204 787 272 823 quis
287 786 395 821 dignus
410 784 448 812 sit
463 783 579 812 Domini
595 782 807 819 approbatione
817 780 984 815 eunuchus,
998 781 1035 808 ad

203 839 302 859 veram
318 830 437 866 quidem
449 828 657 857 castrationem
673 827 772 855 animo
788 825 1035 861 informentur,ab

204 875 332 904 absurdo
348 876 444 902 autem
468 872 595 901 virilium
619 871 850 900 exsecandorum
867 870 992 906 impetu,
1009 869 1033 897 si

205 920 290 948 multi
314 919 452 954 deinceps
477 917 505 944 in
529 917 585 945 hoc
609 916 713 944 vitium
736 916 876 950 ferantur,
901 922 1035 943 sermone

204 964 325 993 cohibiti
339 963 499 1000 prudenter
515 962 711 990 reﬂectantur.

239 1054 284 1082 66.
301 1052 393 1089 Igitur
408 1060 471 1088 quis
486 1059 550 1080 vere
566 1050 646 1087 virgo
661 1051 716 1085 est,
732 1049 757 1077 si
772 1049 822 1077 tali
840 1057 906 1077 cum
922 1047 1031 1083 dilgen-

202 1098 244 1126 tia
268 1098 357 1126 vitam
379 1097 525 1129 instituet,
551 1096 587 1124 ab
608 1094 689 1123 omni
710 1093 833 1122 masculi
855 1093 932 1121 679
951 1094 1029 1120 tactu

203 1151 308 1179 puram
324 1150 354 1170 se
368 1149 485 1177 semper
499 1140 655 1173 custodiet,
675 1141 703 1167 et
727 1147 794 1168 cum
819 1137 937 1167 feminis
961 1137 1030 1165 dor-

203 1187 309 1221 miens,
325 1186 361 1214 ad
377 1186 488 1222 sipsam
503 1192 642 1212 conversa
657 1185 785 1212 mentem
807 1183 835 1211 in
852 1182 923 1211 ccelo
939 1181 1029 1209 babe-

202 1232 256 1267 bit,
273 1238 394 1266 eamque
410 1232 490 1257 extra
511 1237 617 1264 corpus
635 1230 726 1256 totam
748 1227 869 1256 omnino
893 1227 1028 1260 evehens,

202 1277 304 1304 eadem
321 1275 398 1303 dicet
412 1283 444 1302 ac
461 1273 509 1301 ille
533 1273 584 1309 qui
610 1273 682 1300 dixit
699 1281 705 1301 :
722 1272 793 1300 Novi
809 1271 1028 1308 memetipsam,

201 1321 263 1349 sive
276 1321 306 1348 in
329 1327 449 1356 corpore
474 1318 582 1351 nescio,
599 1317 658 1346 sive
681 1319 762 1345 extra
790 1325 896 1352 corpus
918 1315 1027 1351 nescio,

203 1366 277 1394 Deus
301 1365 366 1399 scit,
382 1365 497 1400 raptam
520 1371 584 1390 esse
611 1363 640 1389 in
666 1361 835 1398 paradisum
859 1363 887 1388 et
908 1360 1027 1388 audisse

201 1418 307 1438 arcana
322 1410 410 1437 verba
420 1409 451 1435 ‘7.
464 1408 536 1435 Nam
552 1407 680 1443 profecto
695 1406 720 1434 si
736 1405 853 1442 vigilem
869 1405 948 1433 illius
958 1413 1027 1441 erga

201 1463 232 1483 se
247 1463 376 1483 amorem
388 1461 515 1489 sponsus
531 1460 546 1480 e
561 1451 633 1479 ctelo
649 1451 756 1485 videat,
771 1451 857 1486 eique
873 1450 967 1478 noctis
983 1453 1025 1477 te-

200 1501 306 1527 nebras
322 1497 478 1534 perspiciat
493 1505 550 1524 non
567 1495 750 1524 occasionem
765 1503 829 1524 esse
840 1494 960 1531 peccati,
975 1495 1025 1522 sed

200 1543 289 1572 divini
311 1543 346 1570 ad
370 1541 596 1577 colloquendum
620 1549 688 1568 cum
710 1548 818 1576 sponso
843 1539 905 1575 otii,
930 1540 971 1567 ita
994 1542 1027 1568 ut

200 1588 296 1616 noctis
321 1587 441 1623 quidem
467 1586 595 1614 tenebris
620 1585 828 1619 circumdetur,
845 1592 902 1620 quo
929 1584 1026 1612 minus

200 1641 305 1660 sensus
330 1617 522 1659 exterioribus
548 1630 635 1657 rebus
660 1617 878 1665 perturbentur,
895 1629 945 1657 sed
967 1631 1028 1656 tota
1043 1617 1065 1652 (ἶ

201 1679 299 1705 mente
315 1676 480 1703 illustratur
493 1673 595 1710 sponsi
609 1673 684 1708 luce,
697 1682 731 1701 ac
741 1673 848 1701 mentis
862 1672 1030 1709 lampadem

200 1730 252 1758 per
268 1722 358 1749 totam
376 1721 490 1747 noctem
505 1718 634 1746 studiose
659 1718 733 1745 clam
760 1718 900 1751 adornet;
928 1716 1031 1745 merito

200 1766 283 1794 illam
301 1764 393 1800 rapiet
405 1772 498 1799 usque
509 1763 544 1790 ad
557 1762 676 1791 tertium
690 1761 793 1789 coelum
805 1762 835 1788 in
847 1761 1029 1797 paradisum,

200 1811 286 1847 eique
309 1809 398 1838 verba
420 1808 565 1844 ejusmodi
591 1807 736 1843 loquetur,
762 1815 825 1842 qua:
853 1806 883 1833 in
911 1814 1031 1842 corpore

202 1855 321 1892 quidem
332 1853 428 1882 adhuc
437 1852 603 1880 viventibus
612 1860 670 1880 non
679 1850 854 1879 enarrabilia
863 1858 927 1878 esse
939 1850 1030 1878 decla-

200 1902 297 1927 ratum
313 1901 367 1932 est,
382 1898 408 1926 ei
424 1896 562 1932 autem,si
578 1898 675 1924 tantos
691 1904 864 1932 progressus
877 1895 1031 1929 habeat,ut

199 1944 311 1972 nesciat
336 1945 436 1970 utrum
461 1942 490 1969 in
514 1949 635 1977 corpore
660 1949 696 1968 an
722 1942 804 1968 extra
819 1948 926 1976 corpus
941 1940 1027 1974 vivat,

198 1987 376 2016 enarrabilia
385 1986 414 2014 in
426 1986 564 2022 mysterio
580 1984 740 2013 erunt.lllic
751 1993 868 2012 omnem
880 1984 1028 2020 virginum

196 2033 319 2061 chorum
349 2031 474 2059 inveniri
489 2029 591 2058 volens
607 2032 635 2057 et
650 2037 783 2065 precaus,
801 2029 836 2056 ad
852 2037 886 2057 ea
900 2029 1030 2056 cavenda

197 2086 261 2114 quaa
292 2075 469 2113 virginitatis
498 2074 749 2111 pulchritudinem
775 2073 937 2109 inquinant,
968 2073 1028 2101 haec

197 2122 354 2154 edisserui,
370 2129 427 2149 non
444 2123 476 2148 ut
491 2119 538 2147 his
554 2118 775 2147 considerandis
792 2118 941 2146 discamus
954 2126 1027 2154 quo-

197 2167 283 2195 modo
298 2167 430 2202 oporteat
450 2165 486 2192 ad
511 2172 542 2192 ea
565 2172 628 2200 qua:
650 2165 755 2191 nocent
780 2162 887 2197 delabi,
913 2163 963 2190 sed
994 2164 1028 2189 ut

198 2211 301 2239 modos
317 2211 456 2246 lapsuum
471 2208 575 2242 edocti,
598 2209 743 2244 quomodo
767 2207 924 2235 resiliendo
937 2207 1026 2234 decli-

197 2255 287 2283 nandi
305 2254 365 2282 sint
380 2252 602 2290 perspiciamus.
624 2252 723 2288 Neque
739 2251 818 2280 enim
845 2260 894 2279 eos
910 2251 960 2287 qui
977 2260 1025 2279 ar--

1093 288 1143 322 τήν
1173 288 1250 327 φύσιν
1279 289 1316 320 ὡς
1340 287 1397 328 ἔχει
1414 290 1662 328 ἐθεωρήσαμεν,’ίν’
1678 292 1762 331 ὥσπερ
1787 293 1890 332 ἀκέραιοί

1093 332 1158 360 εἰσιν
1173 333 1237 379 ὡσεὶ
1254 334 1309 370 (66,
1325 336 1490 372 περιπιραί,
1509 335 1580 363 οὕτω
1595 337 1640 364 καὶ
1665 337 1701 368 ὡς
1726 338 1738 365 ὁ
1759 336 1813 377 ἔρις
1835 341 1890 379 φρό-

1091 388 1167 413 νιμοι
1194 378 1282 412 οὖσαι,
1305 381 1389 406 πᾶσαν
1416 381 1465 414 τήν
1491 380 1559 408 κατὰ
1583 384 1633 415 τῆς
1665 381 1789 420 ἆφθορίας
1817 384 1890 412 αὐτῶν

1090 421 1196 450 ἀδικίαν
1213 422 1242 450 ἐκ
1265 426 1316 458 τῆς
1341 424 1498 461 ἐγκειμένης
1522 423 1698 458 διδασκαλίας
1720 427 1893 466 ὖποφωνούμε·

1090 477 1133 494 ναι
1149 466 1405 506 προφυλάσσωνται.
1422 469 1492 505 Πρὸς
1508 468 1537 497 δὲ
1550 469 1669 505 τούτοις,
1686 471 1726 498 ὅτι
1746 475 1792 506 τῆς
1813 477 1891 508 κοινῆς

1091 511 1235 550 παρθενίας
1266 513 1448 550 καθαρτήριον
1484 514 1530 542 τὸν
1566 513 1648 552 λόγον
1677 515 1837 553 ποιούμενοι,
1863 519 1893 549 ὼς

1089 559 1149 588 ταῖς
1164 557 1309 595 παρθένοις
1325 558 1364 589 εἷς
1379 559 1436 595 (67)
1450 557 1571 594 εὔνοιαν,
1591 560 1662 587 οὕτω
1688 561 1731 588 καὶ
1757 564 1810 592 τοῖς
1830 561 1894 600 ἅῤῥε-

1091 611 1131 628 σιν
1162 601 1342 640 ὀφειλόμεθα⁸
1368 603 1413 630 καὶ
1439 601 1492 630 ἔδει
1522 605 1590 641 (68),
1622 605 1658 636 ὡς
1688 604 1796 637 ἐκείναις
1822 607 1849 634 τό
1869 617 1893 634 τε

1093 645 1214 684 βλάπτον
1230 646 1275 674 καὶ
1291 646 1415 686 ὠφελοῦν
1443 646 1632 685 ὑπεδείξαμεν,
1650 649 1721 677 οὕτω
1744 650 1786 678 καὶ
1805 651 1894 682 τούτοις

1093 689 1250 726 ὑποδεῖξαι·
1265 690 1311 718 ’ίνα
1342 692 1380 728 μή
1411 692 1525 729 ὀνόματι
1552 693 1695 732 εὐνουχίας
1726 696 1894 734 προσέχοντες,

1091 734 1130 766 είς
1144 735 1175 762 τὸ
1191 735 1309 763 ἐναντίον
1337 736 1498 764 ἐκπίπτωσι·
1516 737 1579 766 ἀλλ’
1602 737 1750 776 ἐγνωκότες
1770 740 1799 767 τὸ
1821 741 1896 779 άμάρ-
1931 750 1934 753 λ

1089 790 1165 816 τημα
1178 779 1208 808 ἐκ
1231 784 1281 816 τῆς
1308 781 1468 820 παρανόμου
1494 782 1637 815 ἀποκοπῆς
1659 785 1713 810 τῶν
1737 783 1844 822 μορίων,
1857 784 1894 812 καὶ

1089 823 1134 851 τὸν
1173 823 1317 863 ἀποδοχῆς
1356 825 1514 862 ἀξιούμενον
1553 826 1626 864 παρὰ
1662 830 1711 855 τοῦ
1739 828 1830 866 Κυρίου
1858 829 1891 856 ui-

1089 871 1201 907 νοῦχον,
1216 869 1380 909 ὡφεληθῶσι
1414 871 1461 907 μὲν
1486 871 1555 909 πρὸς
1583 872 1633 906 τήν
1649 871 1740 908 ἀληθῆ
1767 873 1892 911 εὖνουχίαν

1088 913 1134 941 τὸν
1151 916 1213 941 νοῦν
1241 916 1292 947 τῆς
1309 913 1338 942 δὲ
1352 914 1456 952 ἀλόγου
1476 916 1544 953 πρὸς
1560 917 1608 950 τὴν
1624 917 1766 951 ἀποκοπὴν
1789 920 1836 944 τῶν
1852 928 1892 955 μο-

1089 958 1153 994 ρίων
1187 959 1276 996 ὁρμῆς
1305 958 1428 991 πλείονες
1456 963 1496 997 τῷ
1520 958 1612 998 χρόνῳ
1640 961 1749 993 ἀτόπως
1761 962 1891 1000 γινόμενοι,

1090 1003 1141 1030 ὑπὸ
1155 1006 1204 1031 τοῦ
1221 1003 1305 1041 λόγου
1319 1003 1483 1042 στυφόμενοι
1497 1006 1639 1044 φρονίμως
1661 1006 1848 1035 ἀνασταλῶσιν.

1121 1049 1166 1076 66.
1185 1048 1215 1076 Εἰ
1246 1048 1291 1076 οὖν
1318 1049 1434 1086 τοσαύτῃ
1456 1050 1473 1084 ἡ
1498 1048 1583 1081 ὅντως
1613 1051 1745 1088 παρθένος
1770 1052 1892 1086 συζήσεται

1086 1090 1221 1130 ἀκριϐείᾳ,
1236 1094 1343 1128 ἁπάσης
1361 1094 1408 1130 μὶν
1426 1093 1538 1132 ἆῤῥενος
1566 1096 1638 1133 ἁφῆς
1665 1097 1781 1130 καθαρὰν
1810 1096 1890 1130 ἑαυτὴν

1086 1135 1121 1164 δι’
1137 1137 1204 1164 ὅλου
1220 1137 1341 1176 φυλάξει,
1357 1138 1402 1165 καὶ
1430 1138 1497 1175 μετᾶ
1525 1139 1644 1174 θηλειῶν
1675 1138 1705 1167 δὲ
1732 1139 1892 1176 καθεύδουσα,

1085 1181 1153 1217 πρὸς
1186 1182 1282 1217 ἑαυτὴν
1313 1181 1486 1221 ἐπραμμὲνη
1517 1182 1542 1211 ἐν
1573 1184 1681 1221 οὐρανῷ
1710 1183 1761 1222 ἕξει
1774 1186 1816 1213 τὸν
1828 1184 1888 1219 νοῦν,

1083 1226 1127 1253 καὶ
1142 1225 1194 1262 ἓξω
1210 1229 1258 1254 τοῦ
1272 1227 1399 1264 σώματος
1419 1226 1484 1255 ὅλον
1498 1230 1594 1255 τοῦτον
1605 1228 1747 1261 παντελῶς
1762 1230 1890 1264 ποιήσασα,

1082 1271 1115 1298 τὰ
1129 1270 1195 1298 αὐτᾶ
1220 1271 1274 1308 ἐρεῖ
1302 1274 1342 1308 τῷ
1367 1271 1482 1300 εἷπόντι·
1499 1271 1568 1300 Οἶδα
1582 1272 1716 1309 ἐμαυτὴν,
1733 1273 1784 1301 εἴτε
1801 1273 1825 1300 ἐν
1847 1273 1890 1301 σώ-

1084 1326 1158 1352 ματι,
1175 1315 1225 1343 οὐκ
1235 1314 1304 1349 οἶδα,
1325 1315 1378 1344 εἷ’-τε
1404 1316 1482 1348 ἐκτὸς
1506 1319 1554 1344 τοῦ
1579 1317 1718 1354 σώματος,
1733 1318 1781 1345 οὐκ
1803 1317 1887 1346 οἶδα·ό

1082 1360 1147 1392 θεὸς
1174 1358 1258 1395 οἶδεν,
1288 1359 1329 1388 ὅτι
1364 1361 1492 1398 ἡρπάγην
1518 1360 1557 1392 εἴς
1587 1363 1632 1389 τὸν
1660 1361 1828 1400 παράδεισον,
1849 1361 1888 1389 καὶ

1081 1403 1186 1439 ἤκουσα
1214 1403 1318 1443 ἅρῥητα
1347 1405 1467 1443 ῥήματα.
1483 1406 1594 1437 Πάντως
1618 1406 1670 1445 γὰρ
1697 1408 1825 1445 ἄγρυπνον
1848 1407 1887 1433 τὸν

1081 1449 1143 1487 περὶ
1170 1449 1250 1477 αὐτὸν
1280 1450 1365 1484 αὐτῆς
1392 1449 1481 1487 ἔρωτα
1511 1451 1612 1478 ἄνωθεν
1628 1451 1652 1487 ἐξ
1669 1451 1790 1490 οὐρανῶν
1803 1452 1816 1479 ὁ
1829 1461 1890 1488 νυμ-

1081 1494 1143 1531 φίος
1160 1495 1242 1532 ὁρῶν,
1258 1495 1304 1522 καὶ
1319 1493 1361 1522 ὅτι
1378 1494 1409 1522 τὸ
1422 1494 1518 1527 σκότος
1531 1499 1581 1530 τῆς
1595 1496 1694 1528 νυκτὸς
1724 1496 1771 1525 οὐκ
1794 1494 1888 1535 ἐφόδιον

1082 1539 1224 1575 ἁμαρτίας,
1241 1538 1314 1567 ἀλλὰ
1339 1539 1447 1577 σχολῆς
1477 1540 1550 1571 θείας
1567 1541 1622 1578 (69)
1651 1542 1703 1574 τῆς
1732 1541 1796 1579 πρὸς
1823 1539 1890 1568 αὐτὸν

1083 1582 1197 1619 ὁμιλίας
1220 1586 1350 1619 ποιεῖται,
1366 1581 1588 1622 περιϐεϐλημένη
1607 1585 1654 1622 μὲν
1680 1589 1721 1622 τῷ
1748 1589 1795 1621 τῆς
1813 1583 1896 1614 νυκτὸς

1085 1628 1187 1664 σκότῳ,
1200 1628 1238 1659 εἷς
1266 1627 1298 1655 τὸ
1329 1628 1367 1664 μή
1393 1629 1441 1661 τὰς
1470 1628 1609 1664 αἴσθήσεις
1630 1630 1705 1668 παρὰ
1734 1633 1786 1658 σῶν
1814 1629 1896 1665 ἔξωθεν

1086 1671 1267 1710 ἰνοχλεῖσθαι·
1284 1673 1476 1712 πεφωτισμὲνη
1503 1672 1533 1701 δὲ
1560 1676 1599 1710 τῷ
1614 1677 1663 1702 τοῦ
1692 1674 1808 1714 νυμφίου
1827 1672 1895 1711 φωτὶ,

1086 1717 1150 1745 ὅλον
1166 1717 1212 1744 τὸν
1224 1719 1287 1744 νοῦν
1302 1717 1346 1745 καὶ
1361 1718 1410 1752 τὴν
1426 1717 1530 1746 ἐκείνου
1561 1717 1694 1757 λαμπάδα
1719 1718 1755 1747 δι’
1778 1718 1841 1754 ὅλης
1860 1729 1896 1744 νυ-

1085 1762 1147 1792 κτὸς
1177 1761 1337 1800 φιλοκάλως
1353 1762 1378 1789 ἐν
1391 1762 1540 1801 ἀποκρύφῳ
1567 1765 1719 1801 κοσμοῦσα,
1737 1764 1841 1801 ἁρπάσει
1859 1761 1894 1789 καὶ

1084 1806 1182 1842 ταύτην
1214 1805 1326 1837 δικαίως
1355 1805 1406 1838 ἕως
1434 1810 1483 1835 τοῦ
1502 1808 1595 1845 τρίτου
1611 1808 1728 1846 οὐρανοῦ
1743 1809 1779 1840 είς
1792 1808 1844 1845 (70)
1856 1807 1894 1834 τὸν

1085 1849 1260 1889 παράδεισον,
1273 1850 1318 1878 καὶ
1330 1850 1446 1887 λαλήσει
1463 1851 1530 1889 αὖτῇ
1543 1855 1664 1889 τοιαῦτα,
1683 1854 1700 1880 ἃ
1723 1857 1781 1884 τοῖς
1807 1853 1850 1889 μὲν
1871 1851 1892 1878 ἐν

1086 1896 1207 1932 σώμασιν
1232 1892 1271 1922 ἔτι
1301 1897 1380 1930 ζῶσιν
1413 1896 1517 1934 ἅρῥητα
1546 1897 1749 1936 ἀποπέφανται·
1766 1897 1847 1934 ἐκείνῃ
1871 1894 1895 1922 δὲ

1083 1942 1212 1968 τοσοῦτον
1239 1940 1412 1978 προκοψάσῃ,
1429 1941 1466 1972 ὡς
1497 1942 1536 1978 μὴ
1564 1941 1660 1969 εἰδέναι
1682 1942 1778 1970 λοιπὸν
1806 1941 1853 1970 ι’ίτε
1872 1939 1893 1968 ἐν

1084 1985 1189 2021 σώματι
1206 1984 1258 2012 ε’ίτε
1272 1984 1348 2015 ἐκτὸς
1363 1985 1462 2012 τούτου
1477 1984 1535 2023 ἔχει
1550 1986 1582 2014 τὸ
1599 1986 1656 2024 ζῇν,
1674 1987 1746 2025 ῥητὰ
1760 1986 1784 2014 ἐν
1801 1997 1895 2023 μυστη-

1083 2028 1135 2066 ρίῳ
1162 2030 1313 2068 γενήσεται.
1341 2030 1378 2057 Οὗ
1407 2029 1441 2064 δὴ
1469 2030 1513 2058 καὶ
1526 2030 1612 2058 πάντα
1630 2032 1676 2059 τὸν
1702 2034 1756 2060 τῶν
1771 2030 1894 2069 παρθένων

1082 2074 1166 2112 χορὸν
1193 2074 1334 2112 εὑρεθῆναι
1365 2074 1533 2112 βουλόμενός
1561 2085 1590 2103 τε
1615 2076 1661 2103 καὶ
1693 2077 1837 2114 εὐχόμενος
1862 2074 1893 2104 εἰς

1082 2118 1261 2157 προφυλακὴν
1285 2121 1340 2146 τῶν
1368 2119 1400 2146 τὸ
1428 2123 1477 2154 τῆς
1506 2120 1650 2158 παρθενίας
1665 2120 1769 2152 κάλλος
1781 2119 1894 2158 χραινόν-

1080 2173 1145 2198 των,
1163 2161 1303 2199 διεξῆλθον
1319 2163 1352 2191 τὰ
1364 2163 1506 2201 εἰρημένα,
1522 2164 1575 2203 οὐχ
1587 2163 1633 2192 ’ίνα
1661 2167 1697 2202 τῇ
1723 2165 1822 2193 τούτων
1837 2165 1894 2191 θεω-

1082 2207 1126 2245 ρίᾳ
1155 2207 1284 2244 μάθωμεν
1309 2210 1369 2239 πῶς
1392 2208 1448 2246 χρὴ
1475 2208 1542 2246 πρὸς
1565 2209 1597 2236 τὰ
1614 2208 1770 2247 βλάπτοντα
1785 2207 1894 2240 ὀλισθαί-

1080 2262 1146 2287 νειν,
1162 2251 1227 2280 ἀλλ’
1240 2250 1286 2280 ’ίνα
1299 2253 1344 2279 τὸν
1360 2253 1461 2290 τρόπον
1476 2255 1529 2280 τῶν
1541 2252 1659 2286 ὀλίσθων
1677 2255 1816 2290 μαθὸντις,
1834 2251 1893 2280 ’ἴδω-

197 2302 256 2327 tem
281 2298 425 2326 medicam
450 2297 594 2330 ediscunt,
610 2296 753 2332 magistri,
771 2296 841 2323 dum
866 2304 977 2324 venena
997 2297 1026 2324 et

1086 2307 1128 2332 μεν
1156 2299 1214 2327 πῶς
1240 2295 1282 2324 δεῖ
1309 2297 1412 2324 τούτων
1443 2296 1643 2333 ἀποπηδῶντας
1671 2299 1815 2327 ἐκκλίνειν.
1834 2294 1893 2326 Οὐδὲ

197 2344 297 2372 omnia
313 2351 370 2370 uno
392 2341 478 2369 verbo
502 2339 630 2369 exitialia
655 2340 853 2375 considerant,
867 2341 903 2368 ad
920 2340 1024 2368 horum

197 2396 285 2416 usum
299 2387 540 2420 adhortantur,ut
551 2385 703 2414 noxiorum
720 2385 883 2421 cognitione
894 2385 927 2413 ad
942 2385 1024 2414 mali-

196 2433 269 2461 tiam
284 2431 383 2460 animo
395 2430 542 2464 instructi,
560 2438 614 2466 pro
630 2429 753 2458 medicis
770 2429 833 2457 vitae
843 2432 941 2466 pestes
959 2438 1023 2458 eva.

197 2478 287 2511 dant;
304 2476 355 2504 sed
371 2478 404 2503 ut
420 2475 455 2503 de
471 2475 517 2510 iis,
534 2483 598 2511 quae
614 2474 778 2502 naturalem
793 2476 924 2502 nostram
938 2474 1025 2502 facul-

197 2524 287 2550 tatem
303 2522 448 2553 evertuct,
459 2519 564 2554 edocti,
575 2520 755 2556 praecaveant
766 2526 800 2546 ea
815 2518 969 2547 contrariis
981 2519 1024 2547 fa-

197 2566 368 2600 cultatibus,
384 2567 412 2593 et
427 2565 452 2593 si
468 2564 640 2600 corporibus
655 2563 886 2599 supervenerint,
903 2563 1026 2592 scientia

234 2631 256 2648 ⁴⁶
270 2629 372 2658 Matth.
388 2637 417 2663 x,
435 2628 479 2655 16.
516 2627 538 2645 ’⁸⁷
554 2627 578 2655 ll
592 2626 657 2655 Cor.
673 2634 723 2661 χιι,
740 2626 767 2654 3.

232 2701 289 2735 (66)
304 2699 385 2728 Ὠσεί.
401 2698 540 2735 Nonnulli
565 2697 691 2735 codices,
715 2695 755 2735 ᾡς
780 2695 817 2724 ai.
844 2696 934 2725 Paulo
956 2699 1024 2726 ante

196 2732 354 2772 legendum
369 2736 497 2772 videtur,
511 2732 763 2772 αὺταίςᾲμαρτίας.

231 2768 288 2808 (67)
304 2771 359 2801 Εἰς.
376 2770 543 2808 Brepositio
558 2770 658 2808 addita
672 2768 706 2808 ea;
721 2768 857 2808 pluribus
877 2769 1023 2808 m_ss._Ibi-

195 2804 262 2870 32in
270 2804 412 2870 0nonnulli
427 2804 552 2840 c-odices,
568 2804 640 2833 οὕτω
655 2805 699 2832 καὶ
714 2804 772 2836 τοῖς
786 2804 826 2831 ἀεὶ
842 2805 933 2833 παισὶν
949 2804 1023 2844 ὀφει-

235 2853 267 2870 us
287 2853 311 2870 α.

235 2853 311 2880 μεοα.

1079 2341 1130 2379 γὰρ
1158 2344 1217 2372 τοῖς
1246 2342 1294 2376 τὴν
1326 2341 1450 2379 ἰατρικὴν
1480 2345 1613 2379 μετιοῦσι,
1627 2345 1660 2370 τὰ
1676 2342 1831 2381 δηλητήρια
1855 2339 1893 2368 καὶ

1079 2385 1165 2413 πάντα
1188 2385 1308 2417 συνόλως
1323 2385 1356 2414 τὰ
1370 2387 1502 2414 νοσοποιά
1528 2387 1554 2414 οἱ
1584 2387 1743 2415 διδάσκαλοι
1773 2388 1892 2425 θεωροῦν-

1079 2441 1132 2464 τες,
1149 2430 1193 2458 ἐπὶ
1221 2431 1272 2466 τὴν
1302 2433 1402 2468 χρῆσιν
1428 2431 1532 2459 τούτων
1554 2431 1648 2464 αὐτοῖς
1662 2432 1892 2470 παρακελεύονται,

1077 2474 1124 2502 ’ίνα
1137 2477 1172 2512 τῇ
1188 2475 1286 2513 γνώσει
1302 2477 1355 2503 τῶν
1384 2475 1559 2514 βλαπτόντων
1582 2477 1651 2515 πρὸς
1678 2477 1771 2505 κακίαν
1800 2473 1894 2515 ἐφοδια-

1081 2520 1187 2552 σθὲντις
1201 2520 1246 2547 τὸν
1261 2522 1322 2548 νοῦν
1338 2520 1398 2548 ἀντὶ
1414 2520 1514 2558 ῗατρῶν
1531 2521 1669 2558 λυμεῶνες
1690 2524 1740 2550 τοῦ
1766 2521 1823 2560 βίου
1847 2518 1892 2546 δεί‹

1080 2566 1196 2602 χοῶσιν,
1214 2563 1278 2592 ἀλλ’
1290 2563 1335 2591 ’ίνα
1349 2564 1384 2592 τὰ
1399 2566 1552 2604 φθοροποιὰ
1566 2569 1616 2600 τῆς
1633 2569 1748 2604 ευσικῆς
1764 2567 1839 2602 ἡμῶν
1855 2561 1893 2590 δυ-

1114 2699 1170 2734 (68)
1186 2696 1272 2734 Ἔδει,
1287 2699 1333 2726 Sic
1349 2707 1420 2727 mss.
1437 2702 1507 2728 tres.
1524 2700 1612 2734 Editi,
1628 2698 1677 2728 ἔτι.

1117 2732 1315 2776 ίθθ),ἓχολῆς
1342 2732 1610 2776 pﬁl!<._Nounulli'
1637 2735 1763 2772 codices,
1796 2732 1891 2771 σχολὴν

1080 2769 1168 2802 θείαςί
1178 2769 1271 2805 Alius,
1288 2769 1394 2805 σχολὴν
1409 2770 1490 2802 θείαν.

1115 2807 1171 2844 (70)
1186 2807 1234 2838 Εις
1251 2805 1444 2843 οοιὶίοτῑὶοοε,
1457 2806 1502 2834 καὶ
1519 2805 1566 2838 εἲς.
