2010 3145
114 174 173 205 805

729 173 845 203 LIBER
868 174 920 204 DE
940 173 1208 205 VlRGlNlTATE.

1761 178 1821 210 806

113 239 218 276 νάμεως
235 238 376 275 μαθόντες,
391 236 634 276 προφυλάττων-ται
652 238 699 275 μὲν
723 240 807 266 ταῦτα
832 238 935 266 ἀντιθέ-

993 241 1023 267 et
1038 241 1099 267 arte
1114 239 1229 268 tollant.
1246 240 1318 268 Cum
1334 242 1393 269 tres
1408 241 1507 277 igitur,
1524 250 1575 277 pro
1590 243 1698 279 triplici
1709 247 1828 276 castra-

111 295 167 316 τοις
181 283 341 320 δυνάμεσιν,
368 280 520 319 ἑπισυμϐἀν
547 283 602 319 (71)
627 281 655 310 δέ
677 293 729 310 που
743 285 802 314 τοῖς
820 282 938 318 σώμασι,

113 328 154 356 δια
167 330 218 360 τῆς
234 327 390 364 ἐπιστήμης
406 327 533 356 ἀνέλωσι.
549 329 638 364 Τριῶν
655 326 712 362 οὖν,
729 327 797 354 κατά
817 327 862 354 τὸν
878 327 922 364 τρί
936 343 939 345 ~

110 383 153 401 τον
177 376 228 406 τῆς
254 371 399 409 εὖνουχίας
424 371 537 409 τρόπον,
561 370 631 399 ὁδῶν
656 370 685 402 ἃς
702 372 715 399 ὁ
732 371 832 409 Κύριος
855 372 937 408 ἡμῶν

112 416 243 452 ὑπέδειξεν
273 415 316 444 ἐπὶ
342 416 486 454 παρθενίαν
511 417 585 453 ἡμᾶς
607 416 745 454 ἀγουσῶν,
761 415 795 443 δι’
819 417 855 450 ἧς
877 415 939 453 βού-

113 462 195 496 λεται,
212 461 308 500 φησὶν,
324 461 337 488 ὁ
354 459 502 497 ’δυνάμενος
519 463 620 498 χωρεῖν
633 460 769 498 χωρείτω.
786 459 936 495 Ἀποδεχτὴ

115 506 159 543 μὲν
174 506 228 543 γὰρ
244 505 290 533 καὶ
306 506 323 540 ἡ
341 504 385 532 διὰ
408 507 471 541 μιᾶς
485 506 539 532 τῶν
563 503 610 532 δύο
634 504 734 540 ταύτην
755 506 812 542 (72)
828 503 938 532 ὁδεύου-

113 560 152 578 σα·
171 551 367 588 μακαριωτέρα
391 548 420 577 δὲ
434 551 452 585 ἡ
479 548 523 577 διὰ
543 552 592 584 τῆς
613 550 768 587 κρείττονος
790 547 936 588 τρέχουσα,

113 597 194 624 Πᾶσαι
213 594 243 622 δὲ
259 595 287 622 αἱ
304 593 339 622 δι’
354 596 389 629 ἧς
409 594 512 630 δήποτε
528 593 592 622 ὁδοῦ
617 593 661 622 ἐπὶ
685 594 785 630 ταύτην
810 593 937 621 ἐλαύνου-

113 650 164 674 σαι,
178 642 229 667 τοῦ
247 639 368 676 ἀμώμου
395 637 460 670 ἴσως
485 638 511 666 ἐν
534 640 569 676 τῇ
595 637 651 672 ἔδδῷ
670 638 878 677 προνοείτωσαν,
892 637 938 666 ’ίνα

993 283 1082 312 tionis
1095 285 1194 318 modo,
1209 285 1260 312 vizs
1276 285 1360 313 nobis
1373 294 1390 313 a
1404 285 1525 314 Domino
1541 289 1664 316 ostensa
1681 289 1716 316 ad
1732 290 1817 326 virgi.

994 329 1116 356 nitatem
1131 332 1182 356 nos
1196 329 1368 365 perducant,
1383 338 1435 366 per
1449 338 1538 366 quam
1554 331 1641 366 volet,
1657 333 1818 370 inquit,qui

994 374 1090 410 potest
1104 373 1396 402 incendereincedat.
1411 375 1451 402 Ac
1472 375 1628 404 laudabilis
1643 378 1759 412 quidem
1774 381 1820 408 est

993 426 1056 453 quas
1068 425 1119 454 per
1134 417 1254 446 alteram
1271 427 1303 446 ex
1319 419 1435 447 duabus
1451 419 1598 455 prioribus
1613 422 1648 448 ad
1665 422 1818 458 virginita-

993 465 1051 490 tem
1077 462 1178 498 sergit,
1204 464 1254 491 sed
1277 463 1390 491 beatior
1420 472 1483 500 quas
1510 473 1561 500 per
1586 467 1817 501 praestantiorem

993 507 1093 535 currit.
1117 507 1224 535 Omnes
1241 509 1336 536 autem
1354 516 1532 545 quacunque
1551 509 1597 537 via
1612 511 1647 538 ad
1663 511 1818 547 virginita-

993 553 1051 580 tem
1066 553 1284 589 tendant,aeque
1301 553 1481 581 intaminatis
1491 554 1520 582 in
1535 555 1582 582 via
1593 563 1657 583 esse
1667 557 1816 592 studeant;

993 599 1026 624 ut
1041 605 1106 624 cum
1114 605 1217 633 puram
1230 598 1265 626 ab
1273 598 1353 626 omni
1366 598 1482 626 macula
1493 607 1632 634 sponsam
1645 609 1754 636 sponso
1765 610 1819 638 ap-

993 641 1213 676 taverint,illins
1225 642 1310 670 donis
1322 642 1480 679 gloriosius
1491 643 1520 670 in
1537 643 1608 672 coelo
1619 645 1816 680 perfruantur.

111 685 196 719 πάσης
218 683 338 719 κηλῖδος
367 683 486 722 καθαρὰν
503 684 552 718 τὴν
566 682 675 722 νύμφην
691 685 730 719 τῷ
757 682 867 722 νυμφίῳ
882 681 1046 721 ἀρμὸσασαι,
1060 686 1114 712 τῶν
1130 686 1192 724 παρ’
1208 685 1290 714 αὐτοῦ
1305 685 1425 724 χαρίτων
1442 685 1611 726 ἐνδοξότερον
1627 689 1685 716 κατ’
1705 689 1818 727 οὐρανὸν

111 729 162 765 (73)
178 727 372 756 ἀπολαύσωσι.

142 773 186 801 67.
201 771 296 800 Ταῦτά
311 782 364 808 σοι,
382 772 404 798 ὦ
425 771 483 810 ἱερὰ
506 772 625 811 κεφαλὴ,
651 771 688 802 εἰς
713 770 873 806 κατανόησιν
890 773 935 798 τοῦ

1027 774 1071 801 67.
1090 774 1155 802 Haec
1170 774 1234 808 tibi,
1248 783 1263 802 ο
1279 783 1397 803 sacrum
1414 777 1512 811 caput,
1529 777 1564 803 ad
1580 784 1678 804 veram
1694 777 1817 813 virgini-

110 816 191 847 ὄντως
207 816 234 844 ἓν
247 816 379 854 παρθενίᾳ
394 815 526 850 κάλλους,
542 817 579 847 ὼς
595 817 608 844 ὁ
621 816 714 854 καιρὸς
737 814 870 850 ἐνεδίδου,
888 816 936 843 ὑπ-

112 861 221 900 έγραψα,
238 861 290 888 οὐκ
313 861 366 888 ἀπὸ
389 863 443 888 τῶν
466 861 544 888 θείων
573 861 666 898 μόνον,
692 859 775 895 ἀλλὰ,
799 861 868 888 κατά
890 860 935 887 τὸν

113 907 267 945 σοφώτατον
292 905 412 940 Παῦλον,
439 905 655 943 αῗχμαλωτίζειν
675 907 749 942 ἡμᾶς
774 907 825 932 πᾶν
845 904 938 941 νόημα

114 949 281 988 βουλόμενον
307 950 346 981 εἲς
374 950 494 984 ὑπακοήν
514 951 563 976 τοῦ
587 951 713 988 Χριστοῦ,
738 949 784 977 καὶ
809 949 861 977 ἀπὸ
884 951 937 976 τῶν

112 993 215 1030 ἔξωθεν,
232 994 321 1022 πάντα
334 995 379 1022 τὸν
396 996 517 1032 Χριστοῦ
542 994 666 1031 μαθητὴν
687 994 754 1032 πρὸς
780 993 937 1032 ἐγκράτειαν

114 1038 295 1071 δυσωπεῖσθαι
324 1038 502 1076 βουλόμενος.
525 1039 574 1066 Καὶ
597 1037 651 1066 τῶν
675 1037 816 1074 Ἑλλήνων
840 1038 891 1076 γὰρ
910 1038 935 1066 οἱ

113 1084 187 1123 σοφοὶ
201 1084 233 1111 τὸ
247 1094 279 1111 τε
299 1082 442 1114 πολυειδὲς
456 1087 505 1118 τῆς
522 1082 624 1118 ἡδονῆς
638 1084 682 1110 καὶ
706 1084 755 1118 τήν
773 1084 841 1120 πρὸς
856 1085 935 1111 τοῦτο

114 1129 202 1166 μάχην
230 1129 302 1164 ἡμῖν
332 1126 377 1155 διὰ
407 1130 523 1165 μυθικοῦ
552 1127 712 1164 πλάσματος
741 1127 933 1164 αἰνιττόμενοι,

112 1171 200 1210 ὕδραν,
216 1173 270 1208 τὴν
295 1173 405 1211 γενικὴν
422 1172 448 1200 έν
473 1175 512 1208 τῷ
538 1173 644 1209 σώματι
665 1171 778 1207 ἡδονὴν,
804 1171 886 1210 ἕρπον
907 1184 933 1200 τι

112 1216 313 1256 πολύμορφον,
343 1216 369 1244 έν
398 1215 455 1244 ἓλει
481 1215 604 1255 φωλεῦον
633 1215 859 1256 φυσιολογοῦντες
888 1218 932 1245 ἀν-

113 1261 238 1290 έπλασαν.
257 1261 307 1289 Καὶ
328 1261 428 1296 ταύτης
451 1262 501 1296 τήν
528 1261 576 1297 μὶν
591 1260 685 1293 ἁπλῶς
707 1261 874 1298 τεμνομένην
890 1271 935 1289 κε-

113 1306 196 1344 Ῡαλὴν
211 1305 410 1344 τριπλασίονας
427 1305 486 1333 ἀντὶ
500 1309 550 1340 τῆς
568 1308 630 1342 μιᾶς
647 1305 752 1344 ἐκφύειν
773 1305 932 1343 παρέδοσαν·

112 1351 157 1385 τὴν
173 1350 201 1378 δὲ
227 1353 345 1387 καυτῆρι
372 1350 542 1386 τεμνομένην
568 1350 733 1388 ἀναιρεῖσθαι
753 1351 874 1386 καθάπαξ
889 1362 934 1391 ιρι-

114 1394 235 1435 λοσόφως
263 1393 414 1430 ὑπέδειξαν.
440 1395 501 1423 ’Ότι
523 1397 574 1429 γῆς
597 1395 656 1427 καθ’
681 1393 748 1423 ὅλου
771 1394 885 1431 ἡδονῆς,
908 1395 932 1423 ἐν

115 1440 157 1476 μὲν
172 1442 205 1477 τῇ
220 1441 273 1474 τῆς
295 1439 395 1477 σαρκὸς
421 1437 503 1476 ὑλικῇ
528 1438 616 1478 φύσει,
644 1438 733 1477 ὥσπερ
758 1439 784 1467 ἐν
806 1438 861 1467 ἕλει
882 1439 934 1467 δει-

113 1487 156 1511 νοῦ
170 1495 243 1515 τινος
259 1484 374 1522 ἑρπετοῦ
390 1484 431 1510 ἀεὶ
455 1483 643 1522 φωλευούσης,
658 1483 691 1511 δι’
716 1483 830 1520 ἑκάστης
845 1483 872 1512 δὲ
891 1485 933 1512 αἷ-

114 1530 241 1565 σθήσεως,
257 1529 379 1566 καθάπερ
395 1527 456 1556 τινὰ
483 1528 544 1565 μίαν
569 1527 690 1568 κεφαλήν
707 1528 737 1556 ἐκ
760 1529 869 1566 βάθους,
885 1530 934 1564 τὴν

113 1571 196 1608 ίδικήν
212 1572 260 1601 διά
273 1583 303 1600 τε
318 1571 406 1610 ὅψεως
422 1573 465 1600 καὶ
483 1572 602 1610 γεύσεως
625 1573 669 1599 καὶ
690 1575 744 1600 τῶν
761 1572 866 1601 λοιπῶν
883 1585 935 1602 πο-

112 1616 260 1657 λυμόρφως
276 1616 379 1653 ἡδονὴν
394 1618 449 1654 (74)
476 1616 652 1655 ἀνισχούσης,
670 1617 713 1645 ἐὰν
740 1617 765 1644 ἐν
786 1618 935 1646 ἀπολαύσει

110 1672 136 1690 τε
149 1662 192 1690 καὶ
212 1662 302 1700 κόρῳ,
328 1662 404 1700 φασὶ,
420 1663 468 1688 τοῦ
492 1662 551 1688 καθ’
576 1661 672 1696 ἑαυτὴν
698 1660 778 1696 ἡδέος
799 1664 856 1699 (75)
873 1663 936 1691 Exci-

113 1717 171 1742 στην
197 1706 322 1745 κεφαλὴν
346 1705 520 1742 έθελήσωμεν
546 1706 665 1743 τέμνειν,
693 1706 723 1734 οὐ
753 1706 860 1744 μᾶλλον
887 1709 937 1743 τὴν

112 1754 234 1789 φανεῖσαν
259 1753 408 1788 τεμοῦμεν,
433 1751 450 1786 ἣ
475 1750 603 1782 πλείονας
626 1750 685 1778 ἀντὶ
701 1755 750 1786 τῆς
768 1755 831 1788 μιᾶς
846 1753 937 1790 τούτῳ

114 1799 159 1831 τῆς
171 1799 263 1833 τομῆς
278 1798 317 1832 τῷ
340 1795 434 1833 τρόπῳ
462 1795 613 1833 βλαστῆσαι
638 1797 800 1833 ποιήσομεν.
814 1798 875 1826 Ἐὰν
897 1797 936 1833 δὲ,

115 1841 232 1877 καθάπερ
247 1843 375 1878 καυτῆρι,
398 1842 433 1876 τῇ
458 1839 598 1877 ἐγκρατείᾳ
621 1840 670 1874 τήν
694 1840 870 1870 ἀναφανεῖσαν
894 1842 936 1870 ἐκ-

117 1885 250 1922 τέμωμεν,
275 1883 447 1919 ἀῦλάστητον
473 1883 557 1918 αὐτὴν
574 1883 612 1915 εἷς
638 1884 705 1920 ἅπαξ
720 1888 810 1924 σοφῶς
825 1886 937 1924 ἀναιρή-

119 1939 195 1964 σομεν
225 1930 293 1966 (76).
324 1929 352 1956 Ὁ
383 1929 430 1965 μὶν
458 1928 510 1966 γὰρ
538 1929 586 1963 τὴν
611 1927 636 1956 ἐν
665 1931 699 1966 τῇ
723 1930 822 1967 γεύσει,
848 1931 936 1970 φασὶν,

118 1971 228 2010 ἡδονὴν,
243 1973 316 2012 φέρε,
333 1975 373 2009 τῷ
389 1975 538 2010 παρασχεῖν
560 1973 590 2000 τὸ
605 1974 664 2001 κατ’
685 1973 768 2009 αὐτὴν
784 1974 847 2011 ἡδὺ,
863 1976 937 2014 κόρῳ

119 2017 219 2045 ἀνελεῖν
240 2016 397 2055 βουληθεθς,
414 2017 444 2044 οὐ
467 2016 573 2054 μᾶλλον
601 2018 700 2053 ταύτην
727 2019 843 2056 ἀνεῖλεν,
860 2020 877 2054 ἢ
894 2019 938 2048 διὰ

116 2065 162 2097 τῆς
176 2061 356 2093 ἀπολαύσεως
380 2061 594 2099 ἀκολαστοτέραν
618 2063 685 2100 πρὸς
706 2064 736 2090 τὸ
752 2062 936 2102 ἐπιθυμούμε-

116 2116 158 2133 νον
178 2107 217 2134 ἀεὶ
242 2106 450 2144 παρεσκεύασεν.
468 2107 498 2134 Ὁ
524 2105 552 2133 δὲ
575 2108 614 2143 τῷ
642 2106 679 2143 μή
705 2106 796 2134 δοῦναι
811 2109 842 2136 τὸ
857 2109 934 2144 ἧδον,

118 2151 202 2188 ὥσπερ
219 2140 287 2189 πυρί
299 2153 334 2188 τῇ
359 2150 500 2189 ἐγκρατείᾳ
519 2140 619 2186 ταύτην
642 2140 773 2187 κολάσας,
791 2153 827 2183 ὡς
849 2140 878 2181 ἂν
897 2140 935 2190 μη
951 2140 975 2173 D

116 2196 299 2234 τυγχάνουσαν
325 2196 361 2222 ὧν
382 2196 460 2222 ποθεῖ
481 2195 657 2233 ἀνενὲργητόν
683 2206 713 2223 τε
736 2197 781 2223 καὶ
801 2199 936 2236 τετηγμέ-

115 2249 160 2274 νην
187 2241 247 2277 (77)
272 2239 393 2274 καθάπαξ
424 2238 560 2274 ὑπέδειξε.
593 2239 642 2267 Καὶ
672 2241 796 2277 περιττὸς
813 2264 820 2276 ,
848 2244 934 2282 φασί⁷

118 2283 219 2319 μᾶλλον
237 2283 265 2311 δὲ
279 2283 380 2311 ἀδικῶν
404 2283 442 2314 εἰς
466 2282 578 2319 ἄσκησιν
604 2283 705 2316 ἐκεῖνος
717 2286 731 2313 ὁ
747 2285 828 2323 λόγος
844 2288 858 2314 ὁ
873 2290 936 2316 χαο.

116 2329 179 2365 ἅπαξ
207 2329 440 2366 ἀποφαινόμενῠς⁴
472 2328 516 2366 δγι
545 2329 577 2356 τὸ
600 2327 710 2365 ἕτοιμον
739 2330 777 2361 είς
802 2330 934 2368 ἐξουσίαν,

116 2372 192 2410 ἀργὸν
209 2373 248 2406 εἷς
263 2371 418 2409 ἐπιθυμίαν.
435 2373 526 2410 Ἀργεῖ
551 2373 598 2409 μὶν
622 2373 673 2411 γὰρ
700 2375 717 2408 ἡ
734 2375 759 2402 ἐν
775 2377 809 2412 τῇ
831 2377 933 2414 γεύσει,

148 2464 169 2482 ⁸³
184 2466 208 2492 II
225 2464 289 2492 Cor.
304 2471 334 2499 α,
346 2463 373 2490 5.

148 2552 201 2589 (74)
242 2548 424 2588 Ἐπισυμϐάν.

117 2583 203 2616 ϐάντα.

149 2624 202 2660 (72)
217 2622 338 2660 ΤαύτηνΒ
355 2622 422 2660 Sola
438 2623 527 2660 Paris,
543 2623 645 2657 editio,
662 2623 729 2660 πρὸς
744 2625 858 2660 ταᾶτην.

121 2693 128 2702 γ
218 2659 284 2686 Κατ’
309 2658 435 2695 οὐρανόν.
461 2659 507 2687 hic
534 2659 649 2696 primus
674 2658 728 2689 (iis.
760 2658 847 2696 Editi,
876 2664 935 2690 κατ’

119 2704 230 2723 υρανων.

134 2704 431 2769 ῗέὕνἮπΛυμόρφως
461 2727 643 2769 ἡδονήνηβῇο
658 2730 781 2769 Colbert.
807 2735 835 2761 et
864 2736 933 2769 Reg.

113 2765 301 2807 2§79,'multo
317 2765 414 2801 aptius
439 2774 528 2802 quam
553 2766 635 2802 editi,
661 2766 841 2806 πολυμόρφον
870 2765 933 2804 $.86-

114 2811 174 2829 νων.

146 2838 199 2874 (75)
221 2838 276 2864 Τοῦ
299 2835 358 2868 καθ’
382 2836 478 2871 ἑαυτὴν
515 2835 607 2871 ἡδέος.
636 2837 681 2865 Sic
706 2838 838 2876 plerique
866 2840 934 2869 libri

473 2551 614 2580 Nonnulli
655 2553 780 2588 codices,
818 2553 935 2592 ἐπισυμ-

993 818 1063 846 tatis
1076 818 1326 854 pulchritudinem
1335 819 1628 854 considerandam,ut
1639 829 1690 857 per
1700 823 1818 858 tempus

992 862 1088 895 licuit,
1104 863 1321 896 edisserui,non
1338 872 1372 891 ex
1388 864 1495 892 divinis
1510 864 1607 892 solum
1622 865 1738 902 litteris,
1755 867 1816 901 sed,

993 908 1155 935 secundum
1167 907 1422 943 sapientissimum
1432 908 1568 942 Paulum,
1576 910 1624 945 qui
1636 918 1689 938 nos
1700 919 1817 939 omnem

991 951 1171 980 intellectum
1188 952 1224 980 ad
1249 953 1444 982 obedientium
1461 954 1575 982 Christo
1591 955 1739 991 captivum
1754 956 1817 984 vult

991 996 1097 1025 ducere
1112 997 1144 1031 ⁸⁸,
1161 1005 1278 1025 omnem
1294 997 1399 1026 Christi
1416 998 1595 1034 discipulum
1611 999 1646 1027 ad
1663 1000 1818 1029 continen-

990 1040 1063 1068 tiam
1077 1041 1178 1069 volens
1193 1042 1326 1070 incitare.
1343 1042 1415 1070 Nam
1431 1045 1460 1071 et
1473 1045 1638 1072 Graecorum
1655 1045 1815 1081 sapientes,

990 1085 1061 1113 dum
1077 1085 1287 1114 multiformem
1294 1086 1517 1123 voluptatem,et
1527 1089 1678 1124 pugnandi
1688 1097 1756 1118 cum
1765 1090 1816 1119 illa

990 1130 1133 1158 rationem
1151 1131 1236 1158 nobis
1261 1131 1394 1159 fabuloso
1410 1134 1578 1160 commento
1604 1133 1747 1169 indicant,
1762 1135 1815 1171 by-

991 1174 1086 1208 dram,
1106 1174 1286 1211 voluptatem
1313 1176 1444 1212 corporis
1469 1177 1628 1212 generatim
1653 1181 1814 1215 sumptam,

989 1219 1070 1247 velut
1085 1222 1249 1256 serpentem
1272 1221 1431 1256 quemdam
1457 1221 1534 1249 680
1559 1221 1769 1251 multiformem
1785 1224 1814 1252 in

989 1264 1097 1300 palude
1108 1264 1328 1293 delitescentem
1344 1265 1441 1293 ductis
1466 1274 1500 1293 ex
1517 1268 1621 1294 natura
1649 1267 1814 1296 rationibus

990 1308 1244 1345 finxerunt.Atque
1259 1309 1350 1345 hujus
1366 1310 1484 1346 quidem
1501 1313 1590 1346 caput
1605 1319 1662 1339 uno
1679 1312 1738 1340 ictu
1752 1321 1814 1340 am-

990 1353 1246 1389 putatum,triplex
1254 1361 1288 1381 ex
1299 1362 1357 1382 uno
1368 1355 1450 1382 nasci
1464 1355 1652 1383 tradiderunt
1664 1365 1670 1389 ;
1683 1357 1812 1385 cauterio

990 1399 1088 1425 autem
1104 1400 1279 1432 resectum,e
1295 1399 1391 1426 medio
1402 1407 1523 1434 prorsus
1532 1399 1594 1427 tolli
1610 1400 1757 1436 sapienter
1767 1410 1815 1429 os-

990 1443 1157 1470 tenderunt.
1175 1443 1248 1470 Nam
1263 1451 1330 1471 cum
1353 1443 1489 1471 universa
1511 1443 1646 1480 voluptas
1670 1445 1700 1472 in
1716 1446 1814 1474 carnis

991 1486 1133 1514 materinli
1148 1487 1345 1523 natura,velut
1359 1487 1389 1514 in
1405 1487 1512 1523 palude
1521 1488 1685 1517 horrendus
1693 1489 1813 1525 quidam

990 1538 1113 1566 serpens
1137 1539 1253 1567 semper
1274 1531 1461 1565 delitescens,
1485 1540 1537 1568 per
1572 1541 1815 1571 unumquemque

991 1583 1122 1611 sensum,
1139 1575 1218 1604 velut
1234 1584 1325 1603 unum
1340 1577 1489 1612 quoddam
1506 1579 1594 1614 caput
1607 1586 1642 1605 ex
1657 1579 1814 1615 profundo,

991 1619 1172 1655 singularem
1188 1629 1239 1656 per
1252 1620 1348 1648 visum
1365 1622 1393 1648 et
1407 1623 1527 1656 gustum
1544 1621 1732 1659 reliquosque
1747 1632 1814 1651 sen-

991 1672 1042 1692 sus
1056 1664 1442 1701 multiplicitervoluptatem
1451 1666 1578 1701 proferat
1590 1667 1629 1694 :si
1640 1668 1815 1703 per-fruendo

992 1717 1025 1736 ac
1040 1708 1184 1742 satietate,
1201 1709 1292 1743 aiunt,
1304 1709 1384 1737 illius
1399 1709 1566 1738 dulcedinis
1581 1713 1815 1749 unumquodque

992 1755 1079 1789 caput
1093 1753 1218 1782 velimus
1233 1756 1404 1790 amputare;
1421 1763 1478 1782 non
1496 1755 1592 1791 magis
1621 1759 1719 1792 caput,
1736 1758 1813 1793 quod

992 1807 1056 1826 sese
1070 1799 1207 1832 exseruit,
1224 1801 1425 1834 amputemus,
1441 1799 1516 1834 quod
1534 1801 1704 1835 amputandi
1727 1802 1815 1830 modo

993 1843 1159 1878 perﬁcimus
1171 1845 1203 1870 ut
1213 1842 1298 1878 plura
1310 1852 1360 1878 pro
1371 1851 1429 1870 uno
1446 1844 1674 1872 nascantur-Sed
1690 1845 1714 1871 si
1723 1845 1813 1873 veluti

992 1887 1130 1920 cauterio,
1148 1887 1186 1914 ita
1212 1887 1402 1920 continentia,
1427 1887 1566 1922 prodiens
1592 1891 1680 1924 caput
1702 1898 1815 1918 resece—

992 1931 1220 1967 mus,sapienter
1235 1939 1251 1958 a
1266 1931 1349 1959 nobis
1365 1931 1515 1959 sublatum
1532 1931 1678 1967 pullulare
1693 1942 1815 1970 prorsus

991 1985 1050 2003 non
1067 1976 1181 2012 poterit.
1198 1976 1270 2003 Nam
1281 1976 1329 2011 qui
1343 1978 1457 2011 gustus,
1471 1976 1815 2014 inquiunt,volnptatem,

991 2020 1114 2056 exempli
1130 2028 1228 2053 causa,
1246 2020 1432 2047 concedendo
1443 2021 1520 2055 quod
1533 2021 1557 2048 ei
1575 2029 1664 2049 suave
1680 2025 1724 2050 est
1734 2025 1762 2050 et
1772 2033 1816 2051 sa-

990 2065 1089 2093 tietate
1104 2065 1205 2093 tollere
1220 2065 1352 2099 vult,non
1366 2065 1461 2101 magis
1476 2073 1538 2093 eam
1557 2065 1737 2102 tollit,quam
1750 2076 1815 2103 per-

991 2110 1114 2138 fruendo
1130 2110 1416 2146 intemperantiorem
1431 2109 1500 2137 facit
1515 2111 1550 2137 ad
1565 2110 1591 2137 id
1609 2112 1685 2146 quod
1699 2119 1817 2148 semper

992 2154 1240 2190 concupiscit.Qui
1252 2156 1349 2182 autem
1365 2162 1423 2181 non
1440 2155 1625 2182 concedendo
1638 2155 1715 2191 quod
1726 2164 1816 2184 suave

991 2202 1044 2232 est,
1064 2199 1144 2226 illam
1162 2198 1340 2226 continentia
1355 2200 1498 2234 tanquam
1514 2198 1582 2234 igne
1597 2200 1817 2234 coercet,utmi-

991 2244 1071 2272 nime
1086 2245 1247 2279 compotem
1262 2251 1364 2270 eorum
1377 2251 1440 2278 quae
1457 2243 1815 2279 concupiscit,invalidam

991 2297 1024 2317 ac
1039 2289 1216 2316 tabefactam
1232 2295 1355 2323 prorsus
1375 2287 1490 2323 redigit.
1509 2289 1544 2315 Ac
1569 2291 1756 2324 prwpostera,
1771 2289 1816 2316 in-

990 2332 1152 2370 quiunt,vel
1168 2332 1266 2368 potius
1284 2332 1386 2368 iniqua
1402 2331 1430 2359 in
1445 2331 1562 2360 virtutis
1580 2333 1816 2362 exercitationem

989 2377 1092 2411 oratio,
1107 2385 1170 2412 quae
1186 2376 1249 2404 sine
1265 2376 1433 2412 exceptione
1449 2377 1628 2413 pronuntiat,
1645 2378 1722 2413 quod
1734 2386 1818 2415 para-

987 2558 1109 2585 veteres.
1126 2555 1215 2590 Editi,
1229 2555 1278 2581 τοῦ
1294 2553 1354 2581 κατ’
1369 2553 1453 2589 αὐτὴν
1469 2553 1568 2589 ἡδέως.

1024 2593 1080 2627 (76)
1097 2591 1303 2627 Ἀναιρήσομτν.
1326 2590 1374 2619 Sic
1390 2590 1521 2627 plerique
1536 2599 1608 2618 mss.
1635 2590 1710 2627 Edti.
1740 2600 1814 2618 αναι-

989 2625 1127 2669 ρήσιυμεὲ.
1157 2625 1343 2669 Ρεμιὶρνροερι⁵
1358 2625 1440 2669 editi,
1466 2625 1569 2669 ᾖδονην
1593 2626 1695 2663 φερέτω
1724 2636 1813 2669 παρα-

988 2661 1119 2704 σχεῖντῷ
1133 2663 1192 2689 κατ’
1208 2661 1292 2696 αὐτὴν
1309 2661 1371 2704 ἡδεῖ
1385 2662 1430 2704 καὶ
1441 2661 1530 2704 κόρῳ..
1546 2661 1608 2689 Non
1625 2661 1812 2704 parentque

987 2698 1031 2727 vis
1047 2700 1162 2728 codices
1179 2707 1251 2726 mss.
1268 2700 1386 2733 excepto
1398 2698 1668 2731 Colbertino.cujus
1684 2698 1812 2734 scriptu-

989 2743 1062 2768 ram,
1078 2738 1111 2763 ut
1125 2736 1223 2770 aptam
1239 2734 1275 2761 ad
1288 2734 1506 2762 emendandum
1522 2734 1701 2768 contextum,
1719 2735 1814 2763 secuti

1029 2779 1104 2798 mus.

989 2779 1281 2845 iugilfTem-{p'évqm
1301 2803 1354 2845 sic.
1370 2804 1434 2832 cod.
1464 2803 1652 2833 Mazarinieus
1681 2807 1710 2834 et
1724 2806 1812 2836 alius.

989 2842 1078 2877 Editi,
1093 2840 1280 2877 τετμημένην,
1292 2840 1424 2868 excisam.
