2010 3145
216 175 277 207 807

689 172 886 202 APPENDIX
911 170 1076 202 OPERUM
1095 171 1129 202 S.
1151 171 1291 203 BASILH
1312 173 1451 205 MAGNI.

1853 176 1906 208 808

217 244 278 270 tam
294 241 382 270 habet
393 239 559 276 perfruendi
570 238 785 275 potestatem,id
802 238 914 265 lentum
929 244 994 265 esse
1005 237 1040 264 ad

1099 235 1162 274 φέρι
1189 237 1285 273 εἶπεῒν,
1308 237 1393 273 ἡδονή
1417 239 1485 277 πρὸς
1510 239 1596 268 ἐκεῖνο
1619 240 1650 267 οὗ
1664 241 1713 275 τήν
1735 240 1850 276 ἐξουσίαν
1862 244 1907 275 τῆς

217 285 496 322 concupiscendum.
516 285 604 312 Lenta
619 283 695 311 enim
711 285 755 311 est
778 284 894 318 gustus,
920 281 1043 316 exempli

217 339 316 364 causa,
331 329 465 365 voluptas
481 329 515 356 ad
531 328 560 355 id
577 328 662 363 cujus
684 327 854 363 perfruendi
869 323 1041 362 potestatem

216 376 304 403 habet
320 383 327 409 ;
343 375 393 401 sed
410 381 476 400 cum
488 380 604 408 semper
612 372 715 400 edocta
731 371 769 399 sit
783 379 968 407 eorum,quaa
979 378 1043 398 con-

214 419 351 456 cupiscit,
367 426 487 453 compos
507 417 739 452 intemperanter
766 416 838 450 fieri,
863 415 1042 443 insatiabilis

216 465 250 493 ad
266 463 475 500 perfruendum
485 462 628 498 quidquid
646 461 932 497 concupiscit,variis
946 460 1041 488 modis

216 509 371 545 abripitur.
387 508 482 540 Quare
496 516 554 535 non
571 507 613 535 sic
637 507 869 542 unumquodque
884 505 1042 541 voluptatis

216 555 304 590 caput
320 552 533 589 amputandum
549 559 615 580 esse
629 551 744 582 dicunt,
760 551 811 578 sed
828 557 879 586 per
894 549 1041 578 abstinen-

214 599 298 633 tiam,
314 606 371 626 non
389 597 575 625 concedendo
591 596 668 632 quod
686 603 775 624 suave
791 597 845 623 est.

249 644 294 670 68.
312 642 432 671 Divinus
447 643 544 670 autem
562 649 657 669 sermo
672 640 797 668 vitulum
815 648 867 676 pro
878 638 1040 668 sacerdotio

214 688 291 724 apud
300 686 553 723 sapientissimum
561 686 689 721 Moysem
697 686 841 718 mactans,
849 692 901 720 per
907 683 1040 712 membra

214 740 340 769 quorum
356 732 389 759 ﬁt
397 730 729 765 holocaustum,virtutis
742 729 907 758 exercendas
919 728 1039 756 modum

213 777 340 805 naturali
356 777 470 804 ratione
484 775 623 808 ostendit,
640 775 711 802 dum
733 774 841 810 jecoris
856 773 974 809 quidem
991 781 1039 801 ex-

213 823 338 849 tremam
354 822 480 856 partem,
496 828 554 848 non
569 821 663 847 totum
678 819 772 854 jecur,
790 820 818 846 et
838 818 954 854 adipem
975 825 1039 853 quae.

211 868 341 894 ventrem
357 865 462 901 operit,
480 873 537 892 non
554 864 651 900 ipsum
668 865 810 898 ventrem,
822 870 926 890 renum
939 865 1037 890 autem

213 919 269 938 non
282 910 398 946 adipem
416 909 567 944 modo,sed
580 908 660 945 ipsos
672 908 761 936 etiam
778 915 846 935 cum
861 907 946 943 adipe
955 914 1038 934 renes

211 956 279 990 igne
294 953 536 989 consumijubet.
557 953 630 980 Nam
648 961 714 980 cum
735 953 821 988 jecur
843 959 985 987 organum
1002 951 1040 979 sit

211 998 454 1035 concupiscentiae
469 998 647 1033 (secundum
664 997 740 1033 quod
758 999 787 1024 et
801 997 836 1024 de
852 1005 885 1024 eo
894 996 942 1032 qui
954 1003 1040 1032 prave

213 1044 248 1072 ad
265 1043 533 1080 coneupisecndum
548 1042 698 1070 sauciatus
713 1043 767 1075 est,
793 1041 910 1075 dicitur,
934 1041 995 1068 Eri;
1009 1043 1040 1068 ut

210 1097 307 1117 cervus
336 1089 439 1123 sagitta
454 1095 600 1122 percursas
616 1089 646 1115 in
657 1087 752 1123 jecore
767 1086 825 1122 ⁸⁵·),
840 1085 930 1113 veluti
945 1088 1038 1113 extre-

212 1141 291 1161 mam
308 1135 432 1169 partem,
450 1132 630 1168 singularem
646 1131 680 1159 ad
698 1131 880 1167 peccandum
901 1130 1038 1166 concupi-

211 1177 366 1213 scentiam,
384 1178 414 1204 in
431 1185 488 1212 qua
503 1179 531 1204 et
546 1176 612 1204 bilis
626 1175 877 1212 reperitur,solam
894 1175 958 1211 igne
967 1183 1037 1203 con-

211 1230 337 1256 sumere,
354 1221 501 1258 reliquum
518 1221 709 1257 autem,quod
725 1229 741 1248 a
756 1220 807 1247 bili
823 1222 852 1247 et
869 1228 957 1256 prava
968 1227 1036 1247 con-

211 1267 392 1303 cupiscentia
407 1274 514 1302 purum
530 1267 584 1300 est,
601 1265 636 1293 ad
652 1265 796 1292 bonarum
813 1272 911 1292 rerum
927 1272 1036 1292 concu-

209 1311 383 1348 piscentiam
403 1313 519 1338 servare
534 1310 697 1338 secundum
715 1311 851 1337 naturam
881 1309 1035 1343 convenit;

208 1356 318 1384 ventris
334 1357 433 1383 autem
446 1355 523 1390 quod
540 1354 723 1390 superﬂuum
740 1354 876 1387 est,unde
892 1353 927 1381 ad
939 1353 1009 1380 vitia
1020 1361 1036 1380 a

209 1401 321 1429 ratione
337 1399 434 1428 aliena
449 1398 682 1435 pinguescimus,
699 1398 869 1431 auferendo,
889 1398 966 1433 quod
984 1405 1035 1425 ne-

208 1445 369 1473 cessarium
385 1446 430 1472 est
442 1444 646 1472 tantummodo
655 1451 770 1471 servare
787 1451 793 1470 :
809 1442 839 1470 in
855 1442 974 1470 renibus
985 1450 1035 1470 au-

206 1493 338 1525 tem,non
354 1489 449 1517 solum
464 1489 658 1524 adipem,quze
670 1488 821 1524 ingentem
832 1487 906 1515 68]
921 1487 1035 1523 copiam

208 1535 349 1571 geniturae
365 1534 400 1561 ad
413 1533 670 1569 intemperantiam
683 1532 903 1568 despumat,sed
915 1534 945 1560 et
955 1533 1035 1568 ipsos

207 1587 292 1607 renes
307 1578 482 1606 sacriﬁcare.
504 1577 536 1605 1n
553 1577 609 1612 his,
637 1577 769 1613 inquam,
794 1585 892 1605 sermo
915 1577 1032 1605 divinus

207 1623 360 1659 aptissime
376 1623 410 1650 ad
428 1624 562 1650 naturam
579 1624 607 1650 et
623 1622 699 1657 quod
724 1622 759 1649 ad
782 1621 872 1649 vitam
897 1629 1032 1650 necessa-

207 1667 295 1703 rium,
312 1669 340 1695 et
355 1668 432 1703 quod
449 1667 622 1703 praeclarum
644 1667 681 1695 ad
706 1667 986 1703 concupiscendum,
1005 1669 1033 1695 et

205 1712 282 1748 quod
300 1720 408 1748 purum
425 1711 460 1739 ad
477 1711 701 1747 temperantiam
719 1711 953 1739 monstrat.Nam
965 1719 1032 1739 cum

205 1757 269 1788 sine
284 1756 349 1785 cibo
364 1756 394 1783 in
411 1763 530 1792 corpore
542 1755 599 1783 vivi
617 1764 673 1784 non
690 1755 793 1791 possit,
810 1763 953 1791 organum
963 1756 1032 1791 cibi,

204 1804 336 1830 ventrem
353 1801 466 1829 nudum
482 1801 517 1829 ab
533 1800 614 1829 omni
639 1809 761 1836 prorsus
785 1799 914 1836 ingluvie
941 1800 1031 1828 relin-

206 1855 309 1883 quens,
327 1846 454 1882 adipem,
471 1854 534 1881 quae
550 1845 634 1872 illum
650 1845 832 1881 operil,recte
848 1845 1031 1873 aufert.Rur~

207 1900 257 1919 sus
272 1893 370 1919 autem
384 1899 450 1918 cum
466 1890 529 1918 ﬁeri
543 1898 600 1918 non
617 1890 719 1926 possit,
738 1892 770 1917 ut
786 1889 944 1925 quidquam
961 1890 1031 1917 boni

207 1943 410 1971 assequamur,
428 1935 484 1962 nisi
502 1934 665 1962 naturalem
682 1934 762 1962 illius
778 1935 932 1970 appetendi
944 1934 1031 1962 facul-

205 1982 295 2008 tatem
311 1979 486 2012 habenmus,
502 1979 609 2006 malam
626 1978 755 2014 quidem,
776 1979 907 2014 inquam,
924 1987 1030 2007 concu-

205 2025 355 2061 piscentia:
370 2023 591 2060 speciem,velut
601 2026 761 2052 extremam
778 2025 888 2060 partem
900 2032 967 2052 cum
979 2023 1030 2052 bili

205 2072 326 2103 resecat,
344 2069 454 2097 bonum
470 2070 568 2097 autem
585 2068 620 2096 ad
637 2068 762 2096 virtutes
789 2069 1031 2104 concupiscentiae

205 2123 298 2151 genus
318 2122 425 2150 purum
451 2115 479 2142 et
501 2113 643 2141 intactum
671 2112 821 2148 relinquit.
848 2113 887 2140 De
912 2112 1032 2141 renibus

206 2162 315 2192 autem,
332 2158 472 2194 quoniam
493 2166 545 2185 nec
562 2158 597 2185 ad
622 2157 723 2191 vitam,
748 2159 780 2185 ut
801 2159 909 2192 venter,
926 2166 979 2185 nec
995 2158 1030 2185 ad

205 2203 473 2239 concupiscentiam
485 2201 642 2230 necessarii
655 2201 895 2238 videntur,utqui
905 2201 1033 2238 singula-

206 2255 266 2275 rem
281 2247 316 2274 ad
333 2247 508 2274 concubitus
524 2246 792 2282 concupiscentiam
822 2246 916 2274 solam
937 2247 1032 2274 susci-
1048 2259 1051 2262 -

1099 281 1275 314 ἀπολαύσεως
1303 282 1371 321 ἔχει,
1402 284 1565 319 ἐξουσιάζειν
1594 283 1622 312 δὲ
1651 285 1772 323 ἀκρατῶς
1797 288 1849 324 (78)
1874 287 1906 314 ὧν

1101 325 1227 363 βούλεται
1244 326 1390 355 ἀπολαύειν
1404 328 1444 356 ἀεὶ
1461 327 1630 367 διδαχθεῖσα,
1646 329 1787 367 ἀκόρεστος
1807 332 1858 367 ('79)
1873 330 1907 362 εἲς

1098 370 1216 407 ἐξουσίαν
1230 373 1297 408 πρὸς
1313 376 1365 400 πᾶν
1387 374 1417 400 τὸ
1440 373 1606 410 ἐπιθυμηθέν
1625 372 1810 413 πολυμόρφως
1823 375 1908 413 ἐξάγε-

1096 426 1150 444 ται.
1168 416 1215 444 Κιό
1230 428 1308 455 φασιν
1326 417 1379 456 οὐχ
1394 418 1465 446 οὕτω
1480 418 1584 455 τὲμνειν
1611 418 1724 452 ἑκάστην
1747 423 1798 454 τῆς
1814 418 1909 455 ἡδονῆς

1096 461 1228 499 κεφαλὴν,
1242 460 1316 489 ἀλλὰ
1339 464 1379 499 τῷ
1404 463 1442 499 μὴ
1460 462 1618 500 χαρίζεσθαι
1632 464 1663 491 τὸ
1678 462 1743 498 ἤδον
1765 463 1809 491 διὰ
1823 475 1908 501 καρτε-

1096 506 1155 543 ρίας
1169 507 1312 543 προσήκει.

1129 641 1174 669 68.
1191 641 1221 669 Ὁ
1237 640 1265 668 δὶ
1290 641 1362 673 Θεῖος
1387 640 1470 678 λόγος
1492 641 1538 669 τὸν
1557 642 1623 680 ὑπὲρ
1647 642 1798 679 ἱερωσύνης
1813 642 1908 681 μόσχον

1095 686 1167 724 παρὰ
1180 687 1221 722 τῷ
1234 686 1383 725 σοφωτάτῳ
1396 687 1499 723 Munia-ﬁ
1522 687 1689 725 σφαγιάζων,
1708 685 1752 714 διὰ
1774 689 1828 715 τῶν
1851 687 1909 715 ὀλο-

1094 729 1284 767 καυτουμένων
1301 729 1392 767 μελῶν
1407 731 1453 758 τὸν
1478 734 1528 765 τῆς
1554 731 1693 767 ἀσκήσεως
1709 732 1810 768 τρόπον
1835 743 1906 771 φυσι-

1093 777 1150 806 κῶς
1178 773 1341 802 ὑπεδείκνυε·
1366 777 1414 802 τοῦ
1440 775 1487 811 μὶν
1510 775 1616 810 ἥπατος
1630 776 1675 803 τὸν
1694 773 1789 811 λοϐὸν,
1805 777 1848 804 καὶ
1863 777 1908 814 οὐχ

1094 819 1159 847 ὅλον
1174 820 1205 846 τὸ
1225 820 1309 856 ἧπαρ,
1334 819 1380 847 καὶ
1403 823 1454 854 τῆς
1477 818 1584 851 κοιλίας
1604 821 1635 848 τὸ
1659 820 1798 848 καλύπτον
1819 822 1908 856 ταύτην

1094 864 1185 902 στέαρ,
1199 864 1244 892 καὶ
1261 865 1311 891 οὐκ
1336 863 1418 898 αὐτὴν
1443 864 1492 899 τήν
1517 863 1636 892 κοιλίαν·
1651 867 1705 892 τῶν
1727 864 1757 893 δὲ
1771 868 1868 904 νεφρῶν
1883 865 1908 893 ού

1092 910 1123 937 τὸ
1139 910 1218 948 στέαρ
1235 909 1328 946 μόνον,
1342 907 1415 936 ἀλλὰ
1438 908 1483 936 καί
1507 909 1606 940 αὐτοὺς
1632 909 1678 936 σὺν
1693 912 1734 946 τῷ
1749 910 1835 937 στέατι
1855 910 1909 942 τοὺς

1094 953 1207 993 νεφροὺς
1235 953 1450 982 ὁλοκαυτοῦσθαι
1479 953 1676 992 προστάσσων.
1705 955 1765 982 ’Ὁτι
1794 957 1840 982 τοῦ
1867 955 1907 991 μὲν

1094 998 1198 1032 ἥπατος
1223 999 1340 1036 ὀργάνου
1369 998 1513 1034 ἐπιθυμίας
1539 998 1712 1037 ὑπάρχοντος
1739 999 1808 1035 (καθ’
1831 999 1844 1026 ’ὀ
1869 999 1907 1026 καὶ

1092 1042 1154 1079 περί
1169 1045 1217 1070 τοῦ
1231 1045 1321 1074 κακῶς
1346 1043 1415 1081 πρὸς
1439 1043 1585 1079 ἐπιθυμίαν
1613 1043 1764 1082 βληθέντος
1789 1043 1817 1071 ἂν
1842 1043 1908 1081 εἶ’ρη-

1092 1098 1147 1123 ται,
1172 1087 1212 1115 ὅτι
1241 1088 1309 1124 "Eur.
1338 1087 1376 1119 ὡς
1404 1086 1505 1127 ἔλαφος
1529 1087 1674 1124 τοξεύματι
1699 1087 1848 1126 πεπληγὼς
1875 1087 1906 1119 εἷς

1091 1132 1121 1160 τὸ
1136 1133 1233 1170 ἧπαρ),
1249 1133 1369 1170 καθάπερ
1397 1129 1493 1169 λοϐὸν,
1509 1132 1559 1166 τὴν
1586 1131 1675 1166 ίδικήν
1697 1133 1767 1169 πρὸς
1784 1132 1903 1169 ἁμαρτίαν

1092 1176 1237 1213 ἐπιθυμίαν
1262 1176 1359 1213 μόνην,
1377 1176 1402 1204 ἒν
1468 1176 1514 1203 καὶ
1540 1177 1556 1210 ἡ
1574 1175 1650 1214 χολὴ
1676 1176 1906 1214 εὗρίσκεται,ὁλο-

1090 1223 1216 1256 καυτοῠν,
1231 1221 1282 1255 τὴν
1299 1220 1327 1248 δὶ
1342 1220 1442 1255 λοιπὴν
1459 1221 1576 1258 καθαρὰν
1600 1219 1692 1258 χολῆς
1711 1222 1758 1248 καὶ
1776 1222 1904 1258 μοχθηρᾶς

1090 1265 1234 1303 ἐπιθυμίας
1249 1265 1286 1297 εἲς
1311 1266 1359 1300 τὴν
1376 1267 1429 1293 τῶν
1452 1265 1545 1292 καλῶν
1569 1264 1715 1301 ἐπιθυμίαν
1743 1268 1835 1303 τηρεῖν
1848 1264 1906 1292 κατᾶ

1091 1311 1168 1350 φύσιν
1184 1311 1327 1348 προσήκει,
1342 1311 1392 1346 τῇς
1409 1309 1437 1337 δὲ
1450 1308 1558 1340 κοιλίας
1579 1310 1610 1337 τὸ
1630 1310 1758 1347 περιττὸν
1775 1309 1831 1338 ὅθεν
1846 1310 1904 1347 πρὸς

1090 1354 1202 1393 ἀλογίαν
1228 1354 1392 1391 πιαινόμεθα
1416 1354 1610 1392 ἀφαιροῦντας.
1625 1355 1656 1382 τὸ
1672 1355 1816 1393 ἀναγκαῖον
1832 1354 1904 1391 μόνον

1091 1399 1245 1439 φυλάττειν’
1262 1398 1305 1426 ἐπὶ
1335 1398 1363 1427 δὲ
1390 1401 1444 1426 τῶν
1471 1401 1588 1438 νεφρῶν,
1619 1398 1649 1427 ού
1673 1400 1705 1427 τὸ
1731 1399 1809 1438 στέαρ
1830 1399 1903 1435 μόνον

1089 1443 1161 1472 πολὺ
1190 1443 1297 1479 πλῆθος
1323 1443 1360 1474 εἷς
1387 1442 1535 1471 ἀκολασίαν
1563 1442 1704 1482 ὲξαφρίζον
1733 1446 1827 1481 γονῆς,
1842 1441 1905 1470 ἀλλᾶ

1089 1489 1134 1516 καὶ
1172 1488 1268 1521 αὐτοὺς
1295 1488 1359 1520 τοὺς
1386 1488 1502 1526 νεφροὺς
1533 1488 1707 1525 καθαγιάζειν
1724 1497 1732 1505 ⁸
1761 1487 1904 1527 φυσικώτα-

1088 1545 1122 1561 τα
1135 1534 1203 1571 (80),
1220 1534 1303 1572 φημὶ,
1317 1534 1378 1570 περί
1394 1543 1424 1560 τι
1437 1535 1485 1560 τοῦ
1507 1532 1656 1570 ἀναγκαίου
1680 1532 1751 1570 πρὸς
1774 1533 1852 1568 ζωὴν,
1865 1531 1903 1559 καὶ

1086 1580 1135 1606 τοῦ
1151 1577 1303 1617 φιλοκάλου
1318 1578 1387 1615 πρὸς
1403 1577 1560 1614 ἐπιθυμίαν,
1575 1578 1621 1605 καὶ
1646 1579 1695 1605 τοῦ
1714 1578 1784 1616 πρὸς
1807 1586 1902 1615 σωφρο-

1089 1623 1168 1659 σύνην
1195 1624 1314 1659 καθαροῦ
1342 1622 1528 1658 αἰνιξάμενος,
1559 1621 1671 1656 Ἐπειδὴ
1700 1622 1753 1660 γὰρ
1783 1620 1901 1649 ἀδύνατον

1087 1667 1175 1705 χωρὶς
1197 1670 1300 1706 τροφῆς
1328 1666 1354 1694 ἐν
1380 1667 1487 1703 σώματι
1515 1668 1574 1704 ζῇν,
1595 1667 1627 1694 τὸ
1642 1664 1760 1704 ὅργανσν
1784 1669 1832 1701 τῆς
1848 1675 1903 1702 τρο-

1088 1712 1213 1751 φῆς,τὴν
1234 1710 1351 1746 κοιλίαν,
1378 1711 1461 1750 φημὶ,
1487 1711 1593 1748 γυμνήν
1617 1711 1679 1738 ἄνευ
1704 1710 1794 1746 πάσης
1807 1719 1903 1748 γαστρι-

1089 1756 1205 1794 μαργίας
1218 1755 1387 1789 καταλιπὼν,
1403 1755 1433 1783 τὸ
1459 1755 1643 1783 ἐπικαλύπτον
1670 1755 1751 1793 στέαρ
1767 1754 1846 1789 αὐτὴν
1862 1764 1903 1781 κα-

1086 1801 1142 1832 λῶς
1159 1801 1323 1838 ἀφαιρεῖται.
1348 1800 1434 1828 Πάλιν
1463 1799 1492 1827 δὲ
1516 1799 1611 1834 ἐπειδὴ
1638 1799 1787 1837 ἀμήχανόν
1808 1810 1833 1827 τι
1855 1799 1902 1826 τῶν

1086 1845 1177 1873 καλῶν
1202 1846 1276 1881 ἡμᾶς
1304 1844 1389 1882 ἔχειν,
1420 1845 1458 1881 μὴ
1480 1844 1624 1881 ἐπιθυμίας
1653 1843 1769 1881 δύναμιν
1799 1843 1902 1882 φυσικὴν

1085 1889 1154 1927 πρὸς
1170 1889 1235 1916 αὐτὸ
1254 1888 1448 1925 κεκτημένους,
1474 1889 1505 1916 τὸ
1532 1889 1579 1925 μὶν
1602 1888 1705 1926 φαῦλον
1731 1887 1813 1922 εἶδος,
1828 1887 1903 1927 φημὶ,

1085 1937 1134 1968 τῆς
1150 1933 1305 1970 ἐπιθυμίας,
1330 1934 1450 1972 καθάπερ
1475 1930 1563 1961 λοϐὸν
1581 1933 1649 1970 μετᾶ
1665 1936 1714 1968 τῆς
1732 1932 1821 1972 χολῆς
1844 1931 1903 1959 ἀπο·

1085 1979 1187 2015 τέμνει,
1203 1977 1234 2005 τὸ
1251 1976 1280 2005 δὲ
1295 1977 1378 2005 καλὸν
1401 1978 1478 2016 γένος
1493 1979 1542 2012 τῆς
1563 1978 1632 2014 πρὸς
1646 1977 1693 2008 τὰς
1711 1977 1808 2014 ἀρετὰς
1821 1977 1904 2008 ἐπιθυ-

1087 2023 1150 2060 μίας
1165 2022 1279 2060 καθαρὸν
1305 2021 1461 2057 ἀπολείπει,
1489 2021 1551 2051 Ἐπὶ
1581 2021 1610 2050 δὲ
1637 2024 1691 2050 τῶν
1720 2024 1833 2060 νεφρῶν,
1853 2019 1902 2048 ἐπεὶ

1087 2067 1148 2095 οὔτε
1171 2068 1239 2105 πρὸς
1266 2067 1337 2102 ζωὴν
1365 2067 1402 2098 ὡς
1418 2068 1436 2102 ἡ
1467 2065 1572 2101 κοιλία,
1589 2066 1652 2094 οὔτε
1680 2066 1751 2104 πρὸς
1772 2064 1901 2101 ἐπιθυμίαν

1085 2112 1225 2150 ἀναγκαῖοι
1250 2112 1376 2150 ὁρῶνται,
1401 2112 1450 2146 τὴν
1481 2112 1595 2149 μερικήν
1622 2111 1692 2148 πρὸς
1711 2112 1761 2142 τὰς
1777 2108 1902 2138 συνουσίας

1087 2157 1174 2194 μόνην
1199 2156 1343 2192 ἐπιθυμίαν
1370 2155 1584 2193 ὑποδεξάμενοι,
1609 2156 1641 2184 οὐ
1667 2156 1698 2183 τὸ
1722 2156 1813 2191 στέαρ,
1828 2153 1901 2192 φημὶ,

1088 2202 1170 2237 μόνον
1198 2201 1314 2234 τούτων,
1330 2199 1404 2228 ἀλλὰ
1431 2201 1477 2228 καὶ
1507 2200 1605 2232 αὐτοὺς
1632 2200 1698 2238 πυρὶ
1718 2197 1900 2238 παραδίδωσιν,

1087 2246 1128 2274 ὅτι
1145 2244 1257 2273 δυνατὸν
1283 2244 1345 2273 ἄνευ
1368 2247 1483 2284 νεφρῶν,
1498 2244 1636 2273 τουτέστιν
1660 2243 1721 2272 ἄνευ
1744 2245 1845 2282 γάμων,
1861 2243 1901 2277 ζῇν

205 2291 297 2327 piant,
314 2299 372 2318 non
386 2291 493 2324 solum,
511 2291 644 2327 inquam,
661 2291 779 2326 adipem
795 2290 924 2325 illorum,
937 2292 987 2319 sed
1003 2293 1031 2319 et

1091 2302 1113 2319 ιε
1125 2290 1169 2318 καὶ
1186 2290 1231 2317 τὸν
1247 2290 1389 2328 παρθενίας
1409 2290 1466 2328 βίον
1493 2288 1636 2328 ἱσάγγελον
1662 2288 1782 2321 ἐντεῦθεν
1797 2287 1847 2323 ἤδη
1863 2285 1901 2314 διὰ

205 2337 286 2372 ipsos
303 2335 362 2372 igni
379 2335 511 2368 tradidit,
528 2336 598 2371 quia
614 2344 774 2372 possumus
790 2336 854 2364 sine
869 2336 1031 2372 rsnibus,id

209 2383 263 2416 est,
281 2380 343 2409 sine
359 2380 482 2416 nuptiis,
498 2380 594 2408 vivere
609 2382 638 2408 et
657 2380 837 2416 virginitatis
862 2381 1032 2409 institutum

205 2424 317 2462 angelis
333 2424 444 2460 aequale
459 2425 545 2452 etiam
564 2433 652 2458 nunc,
669 2425 802 2460 quandiu
812 2425 1030 2459 vivimus,exer-

206 2478 281 2498 cere.
298 2469 348 2497 llis
363 2469 502 2497 omnibus
516 2468 546 2496 in
561 2468 640 2496 omni
651 2468 796 2505 sapientia
809 2470 941 2498 eruditos
950 2471 1032 2498 decet

206 2515 348 2542 universae
358 2512 596 2549 voluptati,velut
606 2512 704 2549 hydrae
718 2513 878 2542 multorum
888 2514 1032 2550 capitum-

205 2559 354 2595 sapienter
382 2558 530 2591 resistere,
553 2565 606 2585 nec
635 2566 687 2593 per
708 2558 836 2593 speciem
861 2559 1030 2587 exsecrandi

205 2603 380 2640 prodeuntia
396 2610 513 2639 semper
528 2611 579 2639 per
595 2611 701 2631 sensus
726 2602 823 2638 capita
846 2603 984 2639 perﬁcere
1000 2606 1032 2632 ut

240 2666 273 2684 ⁸⁸·
291 2666 372 2694 Prov.
392 2674 441 2700 vn,
457 2666 503 2693 23.

210 2763 216 2769 ἱ
244 2728 300 2770 (78)
325 2730 468 2765 Δκροιτῶς.
494 2729 579 2770 Editi
595 2729 868 2770 praemittunt,__xat,
885 2738 949 2766 qua:
965 2739 1035 2759 con-

204 2765 321 2801 junctiq
335 2773 393 2801 non
410 2766 557 2801 reperitur
571 2765 601 2793 in
616 2765 764 2793 veteribus
779 2765 873 2793 libris.

242 2800 300 2835 (79)
315 2799 491 2837 Ἀκόρισεξος.
511 2802 558 2829 Sic
572 2801 836 2837 pleriquecodiees
849 2809 921 2831 mss.
948 2803 1034 2839 Editi,

207 2833 373 2866 ἀκόλαστος.

1088 2335 1148 2374 βίου
1176 2336 1276 2363 ἀσκεῖν.
1309 2334 1352 2370 Ἐξ
1380 2335 1416 2362 ὧν
1448 2334 1573 2362 ἁπάντων
1604 2334 1630 2361 ἐν
1657 2333 1731 2371 πάσῃ
1757 2333 1834 2372 σοφίᾳ
1847 2341 1900 2358 παι-

1087 2380 1249 2417 δευομένους
1276 2380 1409 2417 προσήκει
1437 2379 1506 2417 πρός
1530 2389 1560 2407 τε
1573 2379 1624 2413 τὴν
1645 2378 1713 2414 ὅλην
1729 2377 1839 2414 ἡδονὴν,
1854 2375 1900 2403 ὤσ-

1085 2436 1134 2462 περ
1164 2425 1232 2463 πρὸς
1259 2424 1309 2458 τὴν
1336 2422 1528 2463 πολυκέφαλον
1556 2422 1649 2460 ὕδραν,
1681 2422 1838 2459 ἱσταμένους
1861 2430 1898 2446 σο-

1086 2472 1158 2508 φῶς,
1185 2468 1215 2496 οὐ
1232 2469 1356 2506 σχήματι
1385 2469 1434 2496 τοῦ
1450 2467 1587 2504 ἐκτίμνειν
1612 2468 1659 2499 τὰς
1676 2466 1721 2495 διὰ
1744 2469 1797 2495 τῶν
1812 2463 1897 2498 uiceri-

1086 2525 1152 2542 σεων
1169 2513 1352 2544 ἐκκυπτούσας
1368 2513 1409 2540 ἀεὶ
1435 2512 1567 2551 κεφαλὰς,
1582 2513 1650 2550 πρὸς
1675 2513 1725 2547 τὴν
1746 2513 1797 2539 τῶν
1813 2507 1896 2537 πλειό-

1085 2570 1139 2587 νων
1157 2558 1276 2597 βλάστην
1299 2558 1340 2586 ὰεὶ
1368 2557 1449 2588 αὐτὰς
1472 2556 1611 2595 ἐρεθίζειν·
1638 2556 1711 2584 ἀλλὰ
1732 2555 1766 2593 τῇ
1784 2551 1897 2592 καρτερίᾳ

1085 2604 1130 2632 καὶ
1155 2603 1334 2640 ἐπιτεταμένῃ
1360 2601 1499 2641 ἐγκρατείᾳ
1523 2600 1640 2640 στερρῶς
1670 2600 1808 2628 ἐπικαίειν·
1823 2598 1854 2625 τά
1871 2605 1896 2622 τε

1129 2731 1185 2766 (80)
1202 2727 1453 2766 Φυσικῴταταέβὶο
1469 2730 1528 2755 tres
1544 2726 1664 2766 codices
1675 2734 1745 2766 mss:
1773 2719 1896 2766 Nonnulli

1092 2761 1144 2796 alli
1157 2761 1224 2795 cum
1239 2765 1366 2794 editione
1386 2764 1506 2797 Veneta,
1528 2762 1710 2800 φυσικιρτάτη.
1726 2761 1896 2800 ParisiensiS,

1091 2801 1291 2842 φυσικώτατος.
1309 2801 1420 2829 Ibidem
1436 2796 1559 2830 Colliert.
1576 2801 1606 2828 et
1620 2798 1703 2833 Maz.,
1718 2796 1784 2835 φησί
