2010 3145
84 160 140 190 809
626 164 760 194 SERMO
783 165 834 194 DE
855 166 1245 201 CONTUBERNALIBUS.

86 235 198 271 σώματα
214 236 297 272 ἡμῶν
313 236 403 264 θυσίαν
420 237 512 274 ἁγίαν,
528 237 670 276 εὐάρεστον
691 241 732 275 τῷ
747 241 814 275 Θεῷ,
830 241 899 272 καθά

971 233 1055 270 plura
1066 243 1181 272 semper
1191 241 1397 273 renascantur;
1411 240 1460 267 sed
1471 242 1634 270 constantia
1645 244 1673 270 et
1682 242 1794 273 intenta

85 290 132 316 περ
163 281 273 318 μόσχον
301 281 366 319 ὑπὶρ
402 282 561 319 ἱερωσύνης,
593 284 813 322 προσφέροντας,
843 285 899 312 ὅποι

966 279 1148 308 continentia
1173 281 1283 310 fortiter
1307 284 1532 320 comburere,uc
1554 294 1675 322 corpora
1691 292 1794 317 nostra

87 325 134 360 μὲν
149 325 201 358 τὴν
229 326 373 364 μοχθηρὰν
399 325 556 363 ἐπιθυμίαν,
574 327 665 365 ὥσπερ
686 326 780 358 λοϐόν·
798 328 865 356 ὅπου
882 328 899 357 δ

966 323 1094 352 hostium
1119 328 1263 361 sanctam,
1284 327 1342 355 Deo
1368 328 1639 363 placentem,veluti
1665 333 1791 362 vitulum

82 369 112 395 τὸ
127 369 254 406 περιττὸν
270 372 320 403 τῆς
335 374 450 409 τροφῆς,
468 372 506 402 ὡς
520 371 598 409 στέαρ
614 372 663 406 τήν
688 371 798 400 κοιλίαν
823 372 910 400 καλΰ-

80 422 156 440 πτοψ
178 414 251 441 ὅπου
276 413 304 442 δὲ
328 414 397 449 ὅλην
426 415 496 452 ὁμοῦ
520 417 570 450 τήν
594 417 662 454 πρὸς
687 417 806 454 γαμικὰς
823 418 908 454 μῖξεις

80 457 228 494 ἐπιθυμίαν
245 480 252 492 ,
283 459 374 497 ὥσπερ
406 461 520 498 νεφροὺς
551 462 618 497 μετὰ
643 463 691 488 τοῦ
719 464 908 498 χορηγοῦντος

79 501 187 534 τούτοις
207 503 241 529 τὰ
266 504 409 540 σπέρματα
429 505 550 538 στέατος,
573 507 613 542 τῷ
636 505 700 542 θείῳ
724 507 780 543 (81)
794 507 843 540 τῆς
865 506 908 544 ἐγ-

79 547 205 582 κρατείας
232 547 299 583 πυρὶ
323 547 488 576 ἀναλίσκειν·
507 547 554 576 ἵνα
581 549 649 576 κατὰ
673 549 719 577 τὸν
747 551 907 586 προτεθέντα

78 594 127 625 τῆς
162 591 308 628 παρθενίας
351 593 451 620 σκοπὸν
470 615 476 627 ,
502 594 590 628 πάσης
628 594 676 630 μὶν
713 594 821 633 φαύλης
848 594 906 622 ἐπι-

77 634 189 671 θυμίας,
229 636 319 671 πάσης
358 635 387 664 δὲ
426 635 528 672 ἡδονῆς
561 639 714 673 ἀπητικῶς
755 639 908 676 κρείττονες

78 679 249 718 ἐποςδθὲντες,
279 683 328 708 τοῦ
354 681 533 719 προκειμένου
563 682 607 709 ἐπὶ
634 686 694 714 τοῖς
718 682 814 715 ἄθλοις
840 685 905 721 βρα-

79 721 153 751 ssim)
182 724 228 751 καὶ
251 727 301 752 τοῦ
330 729 380 760 τῆς
408 727 554 765 ἀφθαρσίας
583 728 714 764 στεφάνου
739 728 808 764 ἄξιοι
831 728 905 766 εὐρε-

78 769 179 804 θῶμεν,
205 767 250 796 διὰ
276 770 366 805 Ἰησοῦ
394 773 520 807 Χριστοῦ,
551 770 586 799 δι’
616 772 646 799 οὗ
671 773 688 806 ἡ
707 771 770 808 δόξα
798 773 843 800 καὶ
867 775 906 809 τῷ

78 814 160 849 Πατρὶ
178 813 225 840 σὺν
251 816 292 850 τῷ
317 814 386 852 ἁγίῳ
413 815 550 852 Πνεύματι
572 816 610 848 εἷς
632 816 696 847 τοὺς
721 816 821 848 αἰῶνας
837 818 903 854 (82).

77 858 174 894 Ἀμήν.

109 926 225 965 (ξυρῷ
241 925 316 965 θείῳ.
335 926 401 965 Sola
416 927 509 965 Paris,
522 929 623 960 editio,
638 929 677 964 τῷ
693 927 753 965 βίῳ.

965 376 1018 404 pro
1034 370 1196 397 sacerdotio
1216 371 1380 405 offerentes,
1399 373 1484 400 modo
1509 382 1629 409 pravam
1645 376 1791 412 cupidita-

963 415 1033 445 tem,
1046 414 1124 441 velut
1140 417 1297 443 extremam
1313 419 1439 452 partem,
1456 419 1541 446 modo
1557 420 1738 455 superﬂuum
1754 423 1791 449 ci-

963 457 1046 489 bum,
1062 461 1201 494 tanquam
1227 460 1342 492 adipem
1359 464 1409 497 qui
1426 465 1556 490 ventrem
1582 465 1688 500 operit,
1704 467 1790 494 modo

962 503 1054 530 totam
1067 503 1154 531 simul
1166 505 1310 540 nuptialis
1320 507 1496 535 concubitus
1508 510 1788 545 concupiscentiam,

960 546 1051 574 veluti
1066 556 1151 576 renes
1166 557 1231 576 cum
1247 550 1453 586 suppedilante
1470 551 1528 580 illis
1543 554 1709 588 genituram
1727 556 1789 583 adi-

961 599 1006 627 pe,
1022 592 1120 620 divino
1142 593 1327 622 continentia;
1349 595 1414 631 igne
1429 604 1617 632 consumere;
1635 601 1667 627 ut
1682 608 1789 628 secun-

961 636 1031 664 dum
1048 638 1230 673 propositum
1256 639 1433 675 virginitatis
1450 649 1580 676 scopum,
1596 643 1677 671 omni
1700 653 1787 680 prava

960 682 1120 717 cupiditate
1136 690 1168 709 ac
1185 683 1263 710 omni
1277 683 1426 720 voluptate
1446 687 1612 721 superiores
1631 696 1683 723 per
1697 688 1785 717 vitam

960 726 1116 753 asceticam
1139 727 1255 762 reperti,
1273 729 1417 763 promisso
1441 731 1650 760 certaminibus
1666 734 1784 768 prmmio

960 772 987 797 et
1003 770 1180 806 integritatis
1196 779 1302 800 corona
1318 773 1398 809 digni
1418 774 1603 803 inveniamur
1618 784 1669 812 per
1682 777 1784 805 Jesum

960 814 1120 847 Christum,
1139 816 1184 843 cui
1208 815 1301 851 gloria
1322 820 1350 845 et
1375 817 1452 846 Patri
1468 827 1535 847 cum
1557 823 1659 849 sancto
1674 821 1783 857 Spiritu

959 859 988 887 in
1006 860 1123 888 saecula.
1139 862 1240 888 Amen.

109 962 154 996 (8'2
168 961 237 993 Τοὺς
249 961 363 993 αἰῶνας.
381 963 449 991 Sola
465 965 553 992 Paris.
571 961 765 1000 editio'a'dd'it,
779 965 833 991 τῶν
849 963 965 991 αἰώνων.

362 1088 640 1131 MONITUM
675 1089 728 1130 IN
769 1086 1083 1131 SERMONEM
1119 1086 1483 1142 SEQUENTEM.

337 1163 505 1199 (Gnosqu
522 1164 647 1192 Veterum
666 1165 785 1191 Patrum
805 1162 948 1196 Biblioth.,
964 1163 986 1189 t.
1004 1161 1066 1197 VII,
1084 1162 1208 1198 Proleg.,
1225 1171 1252 1199 p.
1268 1172 1330 1199 vm,
1347 1165 1376 1192 et
1391 1173 1420 1201 p.
1436 1165 1513 1201 330.)

105 1301 180 1330 682
193 1303 214 1329 Ι.
228 1301 340 1330 Prodiit
350 1302 511 1336 Florentiae,
522 1311 599 1331 anno
612 1302 691 1334 1703,
701 1310 734 1330 ex
749 1301 846 1329 codice
858 1300 898 1328 bi-
913 1301 936 1333 B
951 1301 1012 1327 tare
1027 1309 1084 1328 non
1109 1301 1314 1330 erubescerent
1330 1312 1337 1331 :
1354 1311 1418 1339 quas
1438 1303 1557 1339 quidem
1582 1303 1611 1332 in
1636 1304 1690 1332 hoc
1717 1313 1779 1333 ser-

73 1345 219 1374 bliothecas
226 1346 368 1374 Medicam
376 1356 451 1374 serm
457 1356 472 1374 ο
480 1348 516 1375 De
522 1346 897 1383 synisactis,BasilioMagno

73 1390 237 1418 attributus.
247 1391 302 1423 Qui
318 1393 416 1418 autem
433 1391 512 1419 hunc
528 1391 641 1427 primus
651 1393 747 1418 Graece
757 1389 896 1426 vulgavit,

73 1435 113 1461 vir
120 1435 306 1463 doctissimus
314 1436 539 1471 AngelusMaria
546 1435 896 1471 Bandinius,sentenliam

74 1487 154 1507 suam
165 1480 201 1507 de
213 1479 387 1515 bujusmodi
400 1481 542 1516 opusculo
554 1489 701 1517 exponens
723 1481 780 1507 ista.
793 1479 896 1514 praelo-

74 1523 170 1558 quitur
180 1524 219 1559 (α)
235 1533 241 1552 :
255 1524 485 1552 «Incredibilem
497 1524 689 1552 adhibuimus
702 1524 894 1560 diligentiam,

74 1566 213 1598 ἀνέκδοτος
237 1570 317 1596 esset
330 1570 439 1603 (sermo
461 1569 498 1596 De
524 1569 690 1605 synisaclis),
702 1576 802 1602 necne,
818 1566 895 1595 utin

75 1612 224 1648 propatulo
236 1612 458 1641 eollocaremus.
470 1613 598 1641 Primum
611 1613 690 1641 enim
702 1613 800 1640 omnia
807 1614 835 1640 S.
847 1614 897 1639 Ba-

75 1656 127 1684 silii
138 1665 226 1693 opera
236 1651 450 1692 volutavimus;
462 1658 491 1685 in
501 1657 608 1693 quibus
618 1665 684 1684 cum
696 1657 796 1684 nullus
808 1659 895 1690 esset;

75 1701 142 1729 duas
155 1701 222 1730 illas
231 1702 261 1729 S.
270 1701 393 1729 Joannis
401 1702 598 1738 Chrysostomi
610 1702 766 1736 orationes,
774 1701 896 1729 alteram

75 1744 115 1775 Εἷς
137 1744 203 1777 τούς
232 1743 346 1782 ἔχοντας
375 1746 525 1782 παρθένους
550 1745 746 1780 συνεισάχτους,
773 1746 894 1773 alteram

75 1789 115 1819 Εἷς
129 1790 177 1820 τὰς
197 1789 314 1827 ἐχούσας
340 1788 436 1827 ἄνδρας
461 1790 660 1822 συνεισάκτους,
677 1790 895 1825 consuluimus,

75 1837 101 1862 ut
114 1835 138 1862 si
154 1835 228 1863 forte
250 1835 422 1863 alterutrius
441 1838 520 1863 esset
535 1836 744 1871 fragmentum,
760 1837 789 1863 et
803 1843 893 1870 error,

74 1882 101 1907 ut
114 1888 190 1915 sape
206 1879 314 1913 evenit,
330 1879 359 1907 in
375 1879 495 1907 titulum
512 1879 687 1915 irrepsisset,
703 1887 892 1907 erueremus:

75 1924 118 1951 sed
135 1923 208 1951 nihil
219 1923 316 1951 simile
328 1924 356 1951 in
369 1923 426 1951 illis
438 1933 454 1952 ο.
466 1924 551 1952 nobis
562 1926 710 1960 repertum
723 1926 776 1951 est.
789 1923 893 1951 Occur-

953 1353 1039 1372 mone
1060 1345 1129 1373 totis
1150 1346 1322 1382 eloquentiae
1337 1347 1451 1375 viribus
1467 1348 1606 1383 omnique
1621 1356 1779 1384 argumen-

951 1391 1048 1416 torum
1079 1399 1184 1424 genere
1220 1391 1403 1427 profligatur.
1434 1393 1514 1425 Quod
1542 1395 1640 1420 autem
1676 1392 1777 1421 Basilii

951 1442 1050 1461 revera
1077 1442 1150 1470 opus
1177 1435 1227 1467 sit,
1253 1436 1400 1464 afﬁrmare
1424 1439 1501 1464 certo
1526 1445 1584 1464 non
1609 1437 1776 1465 audemus:

951 1479 1049 1506 tamen
1066 1487 1133 1507 cum
1149 1479 1204 1515 ipsi
1230 1480 1377 1507 tribuatur
1392 1481 1421 1507 in
1434 1480 1544 1516 codice,
1561 1481 1625 1516 ejus
1649 1482 1777 1510 auctori-

950 1524 1038 1550 tatem
1054 1524 1159 1556 secuti,
1170 1523 1225 1551 sub
1241 1525 1305 1559 ejus
1321 1525 1440 1552 nomine
1456 1525 1643 1560 proferimus,
1656 1534 1778 1561 praeser—

951 1567 1003 1594 tim
1021 1576 1086 1595 cum
1104 1568 1139 1595 ab
1155 1568 1220 1604 ejus
1231 1576 1352 1604 operum
1364 1569 1439 1606 stle
1454 1569 1577 1597 minime
1592 1570 1777 1598 abhorreat.»

949 1611 1097 1639 Hactenus
1111 1612 1145 1639 V.
1162 1613 1192 1640 C.

986 1656 1020 1683 Il.
1046 1658 1079 1683 Et
1103 1657 1247 1692 ejusmodi
1275 1658 1394 1694 quidem
1420 1659 1589 1694 conjectura
1612 1659 1647 1686 de
1673 1659 1776 1696 Magno

950 1700 1218 1729 Basilio-sermonis
1240 1703 1277 1730 De
1289 1704 1436 1738 synisaclis
1458 1706 1587 1737 auctore,
1604 1712 1662 1732 non
1678 1704 1774 1732 solum

950 1753 1005 1773 ms.
1023 1745 1132 1773 codicis
1155 1746 1211 1774 {ide
1235 1755 1268 1774 ac
1295 1747 1362 1783 styli
1388 1747 1595 1782 similitudine,
1611 1748 1661 1776 sed
1686 1748 1775 1776 etiam

948 1790 1081 1825 ejusdem
1106 1791 1199 1818 sancti
1216 1791 1348 1819 Doctoris
1369 1792 1536 1819 testimonio
1556 1792 1773 1827 quodammodo

948 1834 1034 1862 inniti
1058 1835 1183 1862 videtur.
1204 1835 1324 1863 Constat
1351 1836 1429 1863 enim
1457 1836 1609 1869 Basilium,
1633 1836 1689 1863 sub
1715 1835 1773 1862 ini-

948 1879 1020 1907 tium
1046 1880 1232 1916 episcopatus
1249 1881 1284 1908 de
1303 1881 1497 1908 instauranda
1520 1879 1676 1916 disciplina
1691 1879 1772 1907 solli-

947 1923 1051 1957 citum,
1075 1924 1151 1951 inter
1179 1924 1307 1959 reliquas
1335 1925 1487 1961 regiminis
1516 1924 1673 1961 pastoralis
1701 1932 1771 1952 san-

75 1968 150 1996 rebat
173 1968 202 1996 S.
218 1968 377 2004 Gregorius
400 1968 600 1996 Nazianzenus
628 1968 841 2004 synisactarum
867 1971 930 2014 etc
950 1968 1060 1995 stiones
1093 1969 1244 1996 decretum
1285 1969 1314 1997 in
1354 1970 1459 2005 primis
1493 1969 1597 1997 tulisse
1637 1969 1777 1997 adversus

76 2015 258 2048 agapetarum
281 2013 440 2040 insectator
454 2013 631 2047 acerrimus;
649 2013 700 2040 sed
716 2012 767 2048 qui
788 2012 842 2039 hac
858 2012 894 2040 de

76 2065 101 2084 re
115 2057 233 2085 metrice
254 2059 370 2084 tantum
395 2057 563 2092 scripserat,
580 2065 696 2084 omnem
724 2065 805 2092 spem
822 2065 895 2092 prae-

75 2101 190 2129 cidebat.
212 2101 345 2129 Tandem
375 2103 478 2136 praeter
505 2101 654 2129 b‘vicerum
676 2101 725 2137 (b),
745 2101 896 2128 Muratorii

76 2145 245 2182 perlegimus
260 2145 501 2174 dissertationem
517 2145 599 2173 illam
614 2146 652 2173 Do
665 2147 814 2182 syniaactis
829 2154 897 2173 cru-

76 2190 322 2226 dilissimam,qua
334 2190 475 2218 Anecdolis
485 2190 549 2226 ejus
556 2190 662 2218 Graecis
673 2190 784 2218 inserta
795 2193 839 2218 est
849 2190 897 2231 (ε)²

78 2234 166 2270 siqua
189 2235 263 2262 forte
288 2235 365 2271 apud
389 2235 486 2270 ipsum
513 2234 603 2270 hujus
628 2235 728 2262 Basilii
753 2235 899 2263 sermonis

78 2279 178 2307 mentio
195 2279 275 2307 ﬁeret
289 2288 296 2307 :
308 2279 359 2307 sed
377 2279 425 2306 hic
440 2287 557 2315 quoque
574 2279 681 2307 mirum
692 2280 728 2307 de
745 2280 793 2307 illo
809 2279 897 2307 silen-

78 2323 153 2351 tium.
166 2324 250 2352 Unde
266 2323 295 2350 in
320 2331 384 2351 eam
410 2323 587 2351 sententiam
615 2324 699 2351 facile
714 2324 900 2366 devenimus,

78 2369 105 2394 ut
115 2375 281 2395 sermonem
298 2367 375 2395 hunc
389 2369 532 2403 tanquam
547 2367 690 2395 ineditum
707 2368 900 2404 publicaluce

80 2411 251 2447 donaremus
261 2419 368 2448 :eoque
378 2411 519 2440 libentius
529 2413 606 2447 quod
618 2421 652 2440 ea
663 2421 708 2441 res
720 2413 749 2440 in
761 2413 825 2449 ipso
834 2422 900 2450 aga-

80 2459 120 2483 lur
131 2456 159 2484 in
171 2464 260 2492 quam
272 2458 315 2484 tot
323 2456 418 2484 sancti
428 2456 525 2484 Patres
535 2456 682 2485 calamum
694 2457 898 2493 arripuerunt;

81 2501 202 2534 pessima
221 2500 363 2528 nimirum
380 2500 429 2528 illa
444 2501 636 2533 consuetudo,
650 2502 753 2537 primis
766 2503 900 2530 Ecclesiae

79 2544 186 2573 seculis
213 2545 291 2572 inter
318 2545 498 2573 Christianos
528 2546 654 2579 invecta,
684 2555 742 2582 qua
770 2547 900 2583 virgines

79 2596 139 2616 cum
155 2590 237 2624 viris,
254 2598 287 2617 ac
304 2589 436 2618 vicissim
451 2589 505 2617 viri
522 2598 589 2617 cum
605 2590 769 2626 virginibus
782 2592 900 2620 cohabi-

109 2652 145 2688 (α)
160 2652 296 2688 Bandin,
310 2652 421 2680 Praefat.
434 2651 470 2680 ad
487 2652 605 2680 Monum.
617 2653 682 2680 eccl.
695 2652 752 2681 Gr..
768 2655 839 2681 tom.
853 2653 900 2688 III,

81 2695 139 2723 pag.
153 2696 213 2722 xxx,
230 2687 245 2724 §
261 2688 306 2715 ιν.

111 2724 147 2759 (b)
160 2723 282 2758 Svicer.,
297 2723 373 2751 Thes.
388 2722 471 2759 ιρι-ιη
487 2732 514 2756 ν,
533 2722 720 2753 Συνείσακτος.

122 2761 142 2795 c)
158 2759 267 2794 Muret,
285 2758 384 2787 Anecd.
402 2758 460 2791 Gr..
478 2767 543 2795 pag.
560 2760 622 2787 218.

122 2794 149 2829 d)
164 2795 276 2830 Cujac.,
295 2794 417 2828 Obseru,
436 2794 529 2825 “[29;

122 2833 143 2865 ej
160 2830 306 2865 Gothofr.,
322 2830 362 2858 lib
379 2839 437 2863 xv1,
449 2832 515 2858 Cod.
533 2830 642 2865 Theod.,
657 2832 704 2859 tit.
723 2840 754 2866 ιι,
770 2833 842 2859 tom.
860 2831 905 2866 Vl,

218 2896 353 2925 Ρηειοι..
380 2896 435 2925 Ga.
458 2895 550 2925 ΧΧΧ.

950 2012 1089 2040 mulieres
1104 2017 1259 2047 extraneas,
1277 2013 1405 2050 virgines
1422 2014 1486 2042 illus
1502 2014 1635 2041 videlicet
1652 2022 1777 2049 quarum

950 2057 1140 2085 contubernio
1170 2058 1328 2086 utebantur
1353 2059 1515 2094 presbyteri
1540 2057 1648 2093 aliique
1672 2057 1778 2084 minis-

953 2101 1025 2129 terio
1059 2101 1193 2129 Ecclesiae
1228 2102 1399 2138 mancipati,
1430 2103 1561 2138 adeoque
1591 2101 1778 2129 continentia:

952 2145 1013 2181 lege
1028 2146 1160 2173 obstricti
1178 2155 1184 2174 ε
1202 2147 1322 2182 perinde
1349 2155 1382 2174 ac
1395 2147 1419 2174 si
1435 2146 1609 2182 virginitatis
1635 2145 1778 2182 professio

952 2190 1049 2218 locum
1084 2191 1245 2226 suspicioni
1280 2191 1480 2227 praeluderet.
1511 2191 1647 2219 Mulieres
1681 2192 1779 2218 autem

953 2234 1142 2265 συνιισάκτους
1158 2236 1388 2272 interpretamur
1401 2238 1558 2271 extraneas,
1573 2235 1643 2271 quia
1657 2235 1699 2263 sic
1715 2235 1781 2262 red-

954 2280 1092 2307 diderunt
1115 2280 1191 2307 hanc
1213 2289 1311 2308 vocem
1337 2281 1542 2316 Hieronymus,
1560 2280 1694 2314 Rufinus,
1713 2279 1781 2307 Ful-

954 2324 1072 2360 gentius
1098 2325 1262 2352 Ferrandus
1279 2324 1388 2361 aliique
1409 2328 1531 2358 veteres,
1549 2327 1580 2352 ut
1607 2327 1673 2361 post
1695 2325 1781 2359 Cuja-

954 2369 1033 2396 cium
1058 2369 1100 2405 (d)
1128 2378 1267 2397 monuere
1301 2370 1355 2397 viri
1390 2370 1484 2404 docti,
1516 2369 1712 2397 Gothofredus
1733 2369 1781 2404 (c),

956 2414 1056 2450 Lupus
1075 2414 1257 2450 (f),Svicerus
1273 2415 1310 2450 (g)
1326 2423 1358 2442 ac
1375 2422 1477 2443 recens
1493 2414 1670 2443 Prudentius
1685 2413 1782 2441 Mara-

955 2467 1012 2486 nus
1028 2458 1080 2495 (lt),
1096 2459 1144 2495 qui
1162 2459 1203 2486 ait
1225 2459 1322 2487 vocari
1348 2463 1492 2488 extraneas
1518 2459 1655 2488 mulieres
1679 2467 1783 2485 συνεισ-

956 2503 1064 2538 άκτους,
1082 2506 1114 2531 ut
1131 2503 1166 2531 iis
1182 2506 1367 2540 opponantur
1382 2513 1456 2540 quas
1481 2505 1561 2533 dedit
1585 2506 1700 2537 natura,
1718 2511 1782 2529 ma-

956 2549 1063 2580 tribus,
1077 2548 1239 2582 sororibus,
1251 2549 1351 2576 amitis
1365 2557 1372 2577 :
1387 2550 1437 2577 has
1452 2550 1529 2577 enim
1547 2548 1679 2576 concedit
1689 2554 1783 2574 canon

955 2593 1060 2621 tertius
1076 2593 1191 2621 concilii
1213 2593 1331 2629 Nicaeui,
1343 2593 1413 2629 quia
1437 2596 1507 2621 sunt
1533 2592 1693 2618 ἀνύποπτοι·
1710 2590 1783 2618 alias

957 2657 1032 2692 part.
1049 2664 1068 2689 ι,
1087 2663 1152 2691 pag.
1165 2656 1211 2683 96.

994 2686 1239 2753 “Schol”
1259 2691 1295 2718 ad
1321 2699 1386 2718 can.
1402 2691 1419 2717 3
1444 2699 1523 2718 conc.
1541 2689 1615 2724 Nic.,
1632 2687 1706 2723 Opp.
1722 2688 1744 2714 t.
1763 2686 1783 2721 l,

981 2747 1169 2797 deﬁgis-vicem,
1188 2762 1265 2790 Thes.
1282 2763 1359 2796 εδει,
1376 2763 1446 2797 tom.
1466 2762 1500 2795 ll,
1517 2768 1583 2797 pag.
1600 2759 1681 2797 1155.

997 2794 1175 2861 (tit)lltlaran.,
1201 2798 1236 2826 ad
1261 2797 1333 2833 Opp.
1352 2794 1459 2830 ’Basil.,
1484 2794 1621 2831 toinflll,
1642 2804 1706 2832 pag.
1724 2794 1784 2827 149,

963 2842 1000 2862 no
1017 2855 1023 2861 .
1039 2844 1045 2858 ι
1060 2855 1066 2860 .

1607 2899 1646 2926 2'6
