2010 3145
227 147 285 177 8H

702 146 901 176 APPENDIX
922 146 1085 177 OPEHUM
1108 147 1140 176 S.
1164 146 1305 177 BASlLll
1328 146 1466 178 MAGNI.

1866 147 1917 177 812

225 220 293 243 vero
308 209 495 244 συνεισάκτους
505 219 563 240 non
575 211 655 246 item,
668 218 742 247 quas
753 213 908 248 prepterea
919 211 1053 247 prohibet
1067 212 1094 245 Α
1110 213 1232 247 uterque
1257 211 1430 240 scholiastes
1445 210 1630 247 Gregorium,
1653 218 1711 239 non
1736 210 1917 247 Paregorium,

228 266 363 288 omnino.

263 304 313 332 IlI.
331 303 386 331 Sed
400 301 519 329 utviam
531 300 817 337 regrediamur,cum
831 299 930 328 Basilii
941 300 1056 328 decreto

230 349 370 377 adversus
402 347 549 374 extraneas
582 344 721 372 mulieres
755 345 907 381 presbyter
935 345 1056 381 quidam

227 390 483 430 septuagenarius,
510 389 683 426 Paregorius
709 389 982 422 nominehminime
1005 398 1056 425 pa-

228 437 347 470 ruisset,
358 435 474 463 litteras
485 434 558 463 satis
568 442 671 470 graves
683 434 718 462 ad
735 434 832 470 ipsum
845 434 925 462 dedit
934 436 1056 462 sanctus

227 484 322 515 Pater,
333 481 361 508 in
379 480 488 516 quibus
513 479 569 507 ista
593 487 652 514 pres
667 478 780 506 caeteris
796 478 884 506 habet
895 479 937 513 (a)
949 487 955 506 :
967 490 981 504 «
998 481 1056 507 Nec

227 525 314 562 primi
338 533 390 553 nec
414 523 480 557 soli,
507 523 652 559 Paregori,
669 522 860 558 sancivimus,
881 526 913 551 ut
937 531 973 551 ne
998 531 1057 550 una

227 579 294 599 cum
309 569 381 597 viris
403 568 570 596 habitarent
592 567 740 595 mulieres.
756 567 811 595 Sed
835 567 898 603 lege
914 575 1054 595 canonem

228 624 245 643 a
255 614 367 643 sanctis
376 613 484 641 nostris
496 612 630 640 Patribus
640 612 752 640 editum
764 611 793 639 in
806 612 916 648 synodo
927 612 1054 645 Nicena,

229 659 278 695 qui
291 657 445 686 manifeste
461 656 585 685 sancivit
595 659 745 684 extraneas
756 655 894 684 mulieres
910 665 968 684 non
979 664 1054 691 esse,

228 702 257 732 ὅς
287 703 408 740 φανερῶς
432 698 605 737 ἆπηγόριυσι
635 698 821 730 συνεισάκτους
853 700 890 736 μὴ
921 700 998 727 ιῖναι.
1021 715 1056 720 -

229 748 325 779 Quare
348 745 551 782 precepimus,
567 746 736 772 sanctorum
762 745 881 772 Patrum
905 745 1054 772 decretum

229 792 437 826 sequentes,ut
449 799 466 818 a
481 789 655 817 muliercula
678 789 833 825 separeris.
850 788 952 815 Τούτου
967 786 1053 816 ἕνεκεν

227 834 439 872 προσετάξαμεν,
462 831 590 870 ἑπόμενοι
614 834 648 869 τῇ
674 831 789 871 διαταγῇ
814 834 868 860 τῶν
892 833 974 871 ἁγιων
1000 835 1054 860 Πα-

227 879 324 916 τὲρων,
353 881 524 916 χωρισθῆναι
548 887 576 905 σε
603 879 651 904 τοῦ
679 877 799 914 γυναίου.
814 893 851 899 -
869 878 947 914 Ejice
967 878 1055 914 igitur

227 907 310 952 illlam
326 932 341 951 e
354 907 415 951 tuis
431 923 554 958 edibus,
569 925 598 950 et
613 923 643 950 in
659 923 837 950 monasterio
853 922 1010 951 constitue.
1022 938 1056 943 —-
1071 907 1095 940 Β

227 969 257 996 Si
273 977 363 997 ausus
386 968 476 996 fueris
501 968 574 995 citra
597 967 833 995 emendationem
858 967 1055 995 sacerdotium

229 1013 281 1041 tibi
297 1013 454 1047 vindicare,
467 1012 625 1040 anathema
643 1012 701 1040 eris
722 1012 803 1040 omni
823 1012 947 1049 populo;
963 1015 991 1040 et
1006 1012 1056 1048 qui

231 1060 259 1085 te
272 1057 443 1093 receperint,
455 1057 696 1085 excommunicati
708 1065 759 1092 per
769 1065 886 1084 omnem
898 1057 1055 1085 Ecclesium

230 1104 327 1129 erunt.
348 1112 362 1126 υ
386 1101 533 1129 Hactenus
557 1103 678 1129 sanctus
701 1101 817 1129 Doctor.
838 1102 932 1137 Hujus
957 1103 1054 1129 autem

230 1145 360 1182 epistola
376 1145 530 1173 Basilianas
544 1146 704 1174 meminere
719 1146 754 1173 ad
771 1153 912 1174 canonem
936 1146 1054 1174 tertium

229 1191 344 1219 concilii
359 1190 466 1218 Nicmni
477 1190 604 1218 Zonaras
619 1193 648 1218 et
663 1190 830 1223 Balsamon,
844 1193 875 1218 ut
888 1199 922 1218 ex
938 1192 1056 1218 Bevere-

227 1235 266 1271 gii
282 1235 425 1264 Pandectis
445 1242 583 1264 canonum
607 1234 802 1270 intelligimus
813 1235 870 1270 (b):
889 1234 937 1262 ubi
958 1237 1054 1263 tamen

261 1333 289 1368 (Ι)

315 1332 462 1368 Bevereg.,
476 1333 609 1361 Pandect.
626 1340 737 1366 canem,
753 1335 826 1360 tom.
844 1333 866 1367 Ι,
884 1340 951 1368 pag.
967 1332 1013 1360 62.

1111 264 1212 284 senem
1227 255 1311 283 illum
1327 256 1531 292 presbyterum
1543 255 1691 292 appellant
1702 264 1709 284 :
1721 257 1751 283 at
1765 263 1797 283 ex
1811 256 1920 284 vetustis

1110 300 1261 328 codicibus
1276 308 1348 328 mss.
1361 300 1547 336 vulgatisque
1569 300 1747 328 novissimus
1771 299 1920 328 Basiliano-

1111 353 1176 373 rum
1193 345 1287 372 editor
1303 345 1495 381 posteriorem
1511 344 1666 373 lectionem
1683 345 1812 373 retinuit.

1147 390 1192 417 IV.
1205 389 1272 421 Quae
1288 398 1354 418 cum
1372 389 1413 418 ita
1427 398 1458 418 se
1474 389 1617 424 habeant;
1635 398 1712 423 cum,
1729 389 1854 424 inquam,
1868 398 1920 418 ma-

1110 442 1187 470 gnus
1212 434 1339 462 Basilius
1363 434 1409 462 sui
1434 433 1622 470 episcopatus
1646 433 1731 462 initio
1755 434 1922 462 sanctionem

1110 479 1253 507 adversus
1276 478 1415 507 mulieres
1433 478 1622 509 συνεισάκτους
1638 478 1772 512 ediderit,
1789 487 1821 506 ac
1835 487 1924 507 senem

1110 524 1312 560 presbyterum
1337 531 1400 551 eam
1422 523 1459 551 ob
1482 531 1602 552 causam
1628 523 1733 551 acriter
1758 523 1923 559 objurgarit;

1110 568 1324 604 depositionem
1341 570 1480 604 presteres
1492 568 1624 596 minatus
1637 570 1724 604 atque
1739 569 1833 604 ipsam
1848 568 1924 596 etiam

1110 612 1444 640 excommunicationem
1460 615 1522 640 tum
1538 612 1595 648 ipsi
1611 614 1675 640 tum
1692 620 1761 640 eum
1776 612 1926 648 recipienti-

1110 657 1177 690 bus,
1192 657 1217 684 si
1233 656 1396 685 sacerdotio
1412 656 1494 693 fungi
1517 657 1591 685 citra
1613 656 1848 685 emendationem
1862 656 1924 684 fuis-

1110 704 1155 729 set
1168 709 1260 729 ausus
1278 710 1283 729 :
1302 701 1405 737 quidni
1427 710 1479 737 pro
1494 701 1633 729 concione
1648 701 1703 729 hoc
1717 701 1783 738 ipso
1800 702 1834 729 de
1849 710 1925 737 argu-

1111 749 1209 774 mento
1224 746 1312 774 verba
1336 746 1437 774 fecerit
1460 748 1580 774 sanctus
1604 746 1698 781 Pater,
1714 754 1832 781 pravam
1856 745 1925 773 illam

1110 793 1198 826 atque
1223 790 1391 818 indecorum
1416 790 1661 818 consuetudinem
1683 790 1869 818 vehementer
1889 791 1926 818 in-

1109 837 1255 869 sectatus;
1273 836 1301 862 et
1327 834 1447 870 quidem
1472 843 1506 863 ea
1530 835 1655 862 maxime
1679 836 1862 870 tempestate,
1877 842 1926 870 qua

1110 879 1279 907 istiusmodi
1303 878 1367 907 lues
1384 881 1474 907 totum
1499 887 1573 915 pene
1588 878 1735 907 Orientem
1761 880 1925 915 pervaserat,

1111 926 1144 951 ut
1168 931 1202 951 ex
1220 923 1311 951 variis
1336 923 1512 959 scriptorum
1538 923 1808 951 ecclesiasticorum
1833 931 1924 950 monu-

1111 968 1219 996 mentis
1242 968 1462 1004 comperimus?
1477 970 1598 1002 Verum,
1618 971 1651 995 ut
1673 967 1714 995 ita
1737 967 1787 1001 sit,
1799 967 1867 995 viris
1888 970 1924 995 ta-

1111 1021 1177 1041 men
1194 1012 1286 1040 doctis
1301 1020 1335 1041 ac
1350 1013 1475 1040 eruditis
1498 1020 1560 1040 rem
1575 1012 1773 1040 deﬁniendam
1795 1011 1924 1048 permitti-

1111 1066 1188 1085 mus.
1205 1057 1286 1089 Quod
1303 1059 1449 1093 superest,
1465 1057 1495 1084 in
1512 1057 1682 1093 hujusmodi
1702 1065 1839 1085 sermone
1859 1056 1925 1084 Basiv

1110 1101 1189 1130 liano
1203 1102 1343 1129 vertendo
1358 1110 1477 1137 operam
1494 1109 1579 1129 suam
1602 1101 1701 1138 posuit
1720 1101 1849 1129 Joannes
1862 1101 1925 1137 Bap-

1110 1146 1182 1174 tista
1196 1145 1377 1174 Galliciolius
1401 1145 1434 1173 V.
1451 1145 1494 1181 0.,
1513 1146 1563 1182 qui
1588 1154 1692 1174 novam
1712 1146 1925 1174 accuratiorem-

1111 1198 1168 1227 que
1201 1190 1299 1226 Magni
1336 1190 1465 1227 Gregorii
1499 1199 1621 1227 operum
1659 1190 1817 1219 editionem
1853 1189 1925 1218 nobis

1111 1243 1281 1271 comparare
1297 1235 1327 1263 in
1343 1235 1405 1263 dies
1422 1235 1528 1271 pergit.

260 1297 300 1368 (αξ
315 1296 416 1331 Busil.,
431 1297 516 1332 epist.
532 1297 577 1330 55,
595 1296 632 1324 al.
650 1297 711 1330 198,
728 1298 802 1332 Ορρ,
818 1298 890 1324 tom.
908 1296 956 1332 IlI,
967 1304 1038 1360 6mg.
1058 1297 1117 1324 149.

261 1333 289 1368 (Ι)
315 1332 462 1368 Bevereg.,
476 1333 609 1361 Pandect.
626 1340 737 1366 canem,
753 1335 826 1360 tom.
844 1333 866 1367 Ι,
884 1340 951 1368 pag.
986 1334 1013 1360 2.

810 1470 874 1496 ΤΟΥ
893 1470 939 1496 ΕΝ
959 1469 1076 1495 ᾹΓΙΟΙΣ
1092 1470 1230 1497 ΠΑΤΡΟΣ
1251 1470 1346 1496 ΗΜΩΝ

497 1543 972 1609 ΒΑΣΙΛΕΙΟΥ
1021 1544 1194 1609 ΤΟΥ
1244 1542 1670 1609 ΜΕΓΑΛΟΥ

562 1659 762 1708 ΛΟΓΟΣ
792 1659 944 1707 ΠΕΡΙ
974 1659 1103 1708 ΤΩΝ
1131 1659 1594 1708 ΣΥΝΕΙΣΑΚΤΩΝ.

967 1810 1014 1858 S.
1050 1811 1099 1858 P.
1134 1811 1190 1858 N.

689 1911 1076 1988 BASILII
1128 1913 1472 1989 MAGNI

593 2034 802 2082 SEBMO
837 2034 918 2081 DE
952 2034 1561 2083 CONTUBERNALIBUS.

259 2201 335 2229 683
349 2201 373 2228 1.
384 2199 600 2236 Aggrediamur
614 2201 642 2226 et
653 2207 716 2234 nos,
730 2197 867 2235 precibus
877 2201 1047 2227 sanctorum
1064 2200 1085 2233 C

223 2245 332 2274 Christi
350 2253 499 2272 servorum
516 2251 567 2279 per
584 2243 724 2279 Spiritum
746 2246 880 2271 sanctum
896 2244 932 2271 ab
949 2244 1050 2280 unige-

225 2291 285 2318 nito
308 2289 359 2317 Dei
384 2289 455 2316 Filio
471 2288 584 2316 Christo
599 2287 721 2315 Domino
737 2290 836 2316 nostro
861 2288 999 2323 roborati,
1016 2289 1051 2316 de

225 2335 331 2371 pietate
346 2336 374 2361 et
389 2333 533 2361 modestia
548 2332 655 2360 habere
670 2332 841 2361 orationem.
859 2333 899 2361 De
914 2333 1008 2369 gratia
1022 2335 1050 2361 et

226 2379 347 2407 veritate
362 2378 449 2405 verba
472 2377 624 2412 faciamus,
637 2385 745 2413 magna
765 2377 928 2405 conﬁrmati
944 2378 1048 2414 gratia.

225 2424 257 2452 In
269 2422 382 2451 Christo
395 2430 427 2450 os
441 2421 616 2458 aperientes,
629 2429 799 2457 premamus
815 2422 985 2450 thesaurum
997 2421 1050 2449 ali-

226 2476 313 2504 quem
330 2475 452 2503 parvum
470 2466 499 2494 in
516 2466 602 2493 corde
617 2468 716 2494 nostro
732 2466 892 2502 repositum
906 2475 912 2494 :
928 2475 1049 2502 parvum

225 2512 356 2548 quidem,
370 2511 503 2545 inquam,
519 2509 621 2536 sensili
644 2509 820 2544 substantia,
836 2510 887 2537 sed
909 2518 1048 2547 magnum

224 2555 371 2594 cognobili
396 2557 511 2582 natura.
526 2553 689 2581 Alferamus
718 2553 807 2581 etiam
832 2554 961 2582 defmcati
987 2555 1050 2583 auri

222 2604 378 2634 stateram;
395 2601 424 2627 et
446 2599 525 2626 hunc
550 2597 740 2634 expolientcs,
759 2598 842 2634 quasi
869 2599 897 2626 in
923 2599 1050 2633 fornace,

223 2648 335 2675 sincero
351 2643 486 2673 videlicet
500 2651 600 2677 sensu,
619 2642 868 2679 l'ulgentissimum
885 2643 968 2671 illum
985 2644 1049 2671 uni-

222 2691 313 2719 vorsis
329 2690 410 2718 vobis
436 2688 636 2716 ostendamus.
657 2688 793 2724 Prompta
809 2689 886 2716 enim
913 2697 1005 2722 mens,
1023 2691 1051 2717 et

222 2739 360 2772 promptus
386 2735 501 2770 spiritus
525 2735 573 2767 est,
598 2741 662 2761 caro
685 2737 776 2761 autem
801 2733 917 2769 inﬁrma
928 2735 961 2762 “.
987 2734 1050 2762 Uti-

260 2808 282 2824 ”
298 2806 398 2833 Matth.
414 2814 490 2838 xxvn,
507 2806 550 2832 41.

1142 2201 1166 2227 1.
1184 2199 1342 2237 ’Δρξώμεθα
1365 2199 1408 2227 καθ
1435 2201 1517 2236 ἡμεῖς
1539 2199 1672 2234 λαλῆσαι,
1697 2203 1760 2230 ταῖς
1782 2202 1835 2227 τῶν
1851 2198 1923 2236 ἆγίων

1106 2244 1223 2282 Χριστοῦ
1254 2243 1360 2271 δούλων
1387 2244 1480 2282 εὐχαῖς
1514 2243 1550 2272 δι’
1578 2245 1657 2281 ἁγίου
1687 2244 1846 2281 Πνεύματος
1879 2242 1922 2269 ὑπὸ

1104 2291 1153 2316 τοῦ
1180 2291 1341 2327 μονογενοῦς
1363 2288 1411 2316 τοῦ
1436 2291 1503 2317 Θεοῦ
1526 2289 1591 2316 Υἱοῦ
1614 2289 1733 2326 Χριστοῦ
1758 2291 1808 2316 τοῦ
1834 2286 1924 2325 Κυρίου

1106 2334 1184 2369 ἡμῶν
1215 2331 1445 2370 ὲνδυναμτόμενοι
1463 2357 1469 2369 ,
1497 2333 1607 2372 ῥήματα
1642 2331 1783 2364 εὐσεϐείας
1807 2332 1851 2359 καὶ
1878 2341 1923 2358 σω-

1106 2378 1267 2415 φροσύνης.
1300 2378 1548 2416 Ἀποφθεγξώμεθα
1591 2377 1690 2414 λόγους
1743 2377 1856 2415 χάριτος
1885 2373 1923 2402 καὶ

1106 2422 1235 2457 ἀληθείας
1264 2423 1314 2450 ὑπὸ
1340 2426 1390 2457 τῆς
1407 2422 1528 2460 μεγάλης
1552 2420 1784 2458 ἐνδυναμούμενοι
1809 2421 1921 2459 χάριτος.

1105 2467 1269 2502 Ἀνοίξιντες
1304 2467 1335 2494 τὸ
1374 2467 1460 2503 στόμα
1498 2466 1525 2494 ἐν
1568 2467 1677 2503 Χριστῷ
1716 2465 1922 2504 προχομὲσωμιν

1106 2512 1239 2549 θησχυρόν
1273 2523 1334 2539 τινα
1364 2513 1460 2549 μικρὸν
1505 2511 1713 2548 ἐναποκείμενοιι
1758 2513 1793 2547 τῇ
1836 2506 1922 2546 καρδίᾳ

1105 2558 1195 2593 ἡμῶν,
1215 2557 1311 2595 μικρὸν
1337 2557 1384 2593 μὲν
1408 2558 1442 2594 τῇ
1468 2556 1585 2593 αἶ’σθητῇ
1611 2556 1769 2589 ὑποστάσει,
1795 2554 1872 2592 μεγαν
1898 2550 1922 2578 δὲ

1105 2603 1138 2638 τῇ
1168 2603 1253 2638 νυητῇ
1280 2601 1356 2639 φύσει
1371 2611 1376 2617 ⁸
1408 2601 1452 2628 καὶ
1472 2598 1655 2637 προϐάλωμεν
1675 2600 1793 2638 χρυσίου
1813 2597 1920 2633 καθαροῧ

1106 2646 1235 2683 out-dm,
1263 2646 1307 2673 xxi
1336 2646 1529 2682 καθαρίσαντες
1558 2647 1663 2680 τοῦτον⁷
1693 2644 1785 2681 ὥσπερ
1816 2643 1841 2670 ἐν
1869 2651 1921 2678 χω-

1104 2691 1246 2728 νευτηρίῳ,
1273 2693 1312 2727 τῷ
1341 2690 1484 2727 εἰλικρινεῖ
1503 2691 1682 2729 φρονήματι,
1712 2687 1921 2726 τηλαυγέστιτον

1104 2737 1183 2764 πᾶσιν
1208 2735 1273 2772 ὑμῖν
1293 2734 1481 2772 ἐπιδείξωμεν.
1506 2727 1650 2772 Ϊῖρόθυμος
1678 2734 1731 2772 γὰρ
1753 2735 1768 2761 ὁ
1792 2735 1863 2766 νοῦς,
1881 2727 1920 2757 καῖ
