2010 3145
78 155 140 186 813

79 222 110 248 τὸ
158 222 268 257 πνεῦμα

79 265 197 293 Ἠθέλον
226 265 277 303 γὰρ
303 264 370 292 ιῐναι
405 262 516 291 δυνατὸν
557 263 623 300 ὑπὲρ
657 265 711 290 τῶν
750 262 906 299 ὑπιρτάτων

79 309 261 347 ἀκρωτηρίων
277 307 421 336 ἐπιστάντα
445 307 574 336 σαλπίσαι
605 317 639 344 με
667 307 757 344 ὥσπερ
787 306 831 335 διὰ
858 309 907 335 τοῦ

81 355 238 390 πόματος,
266 353 312 380 καὶ
343 353 458 391 βροντῆς
493 351 571 387 δίκην
598 352 665 379 κατά
692 351 781 387 πάσης
809 351 907 387 ἐξαπο-

82 399 188 426 στεῖλαι
216 401 267 433 τῆς
296 397 459 434 οἰκουμένης
481 397 515 424 τὰ
528 400 578 431 τῆς
592 397 770 435 σωφροσύνης
786 396 906 434 ῥήματα,

82 443 157 475 ὅπως
186 442 227 474 εἲς
257 441 403 479 μαρτυρίαν
432 440 535 468 ἔσονται
566 443 630 468 πᾶσι
663 443 721 472 τοῖς
756 441 907 478 παραφθείο

85 498 160 525 ρουσι
185 487 236 521 τὴν
262 486 401 522 ἀλήθιιαν.
418 484 496 513 ’Λλλ’
511 484 640 513 ἀδύνατον
667 485 699 512 τὸ
722 488 844 523 πρᾶγμα·
862 484 907 512 ἅν-

84 534 193 570 θρωπος
222 532 274 570 γάρ
303 530 361 567 εἶμι
389 527 543 567 ὀλιγὸϐιος,
567 530 612 557 καὶ
637 528 750 564 εὐτιλής
781 530 830 566 μὶν
858 530 908 564 τὴν

83 576 205 612 ἡλικίαν,
223 576 321 613 μικρὸς
351 573 380 603 δὶ
407 576 457 609 τήν
487 575 591 613 φωνὴν,
608 574 653 602 καὶ
683 573 779 606 ἄλλως
803 573 832 602 δὲ
859 584 908 601 τα-

83 622 176 652 πεινὸς
200 621 252 655 τὴν
280 620 385 658 ψυχὴν,
413 618 533 651 πολλαῖς
561 618 707 656 ἁμαρτίαις
734 618 908 657 ἰμπιφυρμί-

83 678 138 698 νος.
155 664 247 693 ’Λλλὰ
272 663 320 692 κᾶν
352 664 469 702 βροντῆς
496 662 574 698 δίκην
600 663 638 694 εἰς
657 662 724 700 ὕψος
739 662 831 701 ὲπάρω
858 663 907 696 τὴν

84 711 189 749 φωνὴν,
218 709 264 737 καί
309 709 403 747 βοήσω
451 707 576 746 μεγάλα,
605 707 656 734 οὐκ
692 707 908 744 ἀκουσθήσομαι.

83 754 201 792 Χριστὸς
229 753 282 791 γὰρ
307 753 321 780 ὁ
347 753 497 790 μονογενὴς
523 754 575 779 τοῦ
603 754 671 780 Θεοῦ
700 752 772 785 Υἱὸς,
788 753 802 779 ὁ
823 752 909 787 πήξας

84 799 146 830 τοὺς
178 797 308 836 οὐρανοὺς
337 797 402 824 ὡσεὶ
430 797 567 833 καμάραν,
589 797 634 823 καὶ
661 795 829 833 θεμελιώσας
857 797 907 830 τήν

84 848 134 883 γῆν
164 843 210 871 ἰπὶ
237 844 291 870 τῶν
324 840 438 876 ὑδάτων,
454 842 497 869 καὶ
526 841 675 879 στερεώσας
692 842 741 876 τὴν
759 840 906 873 θάλασσαν·

86 890 100 917 ὁ
126 891 192 927 πῦρ,
229 887 274 915 καὶ
313 887 396 920 θεῖον,
422 886 467 914 καὶ
508 886 628 924 γᾶινναν,
653 886 698 913 καὶ
741 883 836 924 φόϐον,
863 886 908 913 καὶ

85 933 187 971 τρόμον
219 931 337 959 αἷωνίων
362 929 511 967 κριτηρίων
538 929 683 967 ἑτοιμάσας
712 932 770 962 τοῖς
791 929 910 968 ἁμαρτά-

86 988 188 1011 νουσιν,
205 977 283 1007 οὗτος
298 974 334 1003 δι’
347 975 523 1013 Εὗαγγελίων
542 975 613 1008 βοῶν
642 974 687 1002 καὶ
712 975 908 1013 παραγγέλλων

89 1021 269 1060 παρακούεται
299 1021 367 1056 (83).
397 1019 561 1047 ’Δπόστολοι
591 1018 614 1046 δ’
638 1018 670 1046 αὖ
706 1019 788 1046 πάΛιν
825 1020 907 1058 ἅγιοι,

83 1067 182 1095 τίλιιοι
197 1067 247 1093 τοῦ
264 1066 383 1102 Χριστοῦ
412 1063 543 1101 μαθηταὶ,
559 1064 605 1091 καὶ
621 1063 675 1091 υἱοὶ
706 1064 820 1102 βροντῆς
848 1064 908 1092 ὀνο-

89 1111 248 1148 μασθὲντες,
278 1108 314 1137 δι’
339 1108 490 1137 ἐπιστολῶν
531 1113 680 1148 γράφοντες
711 1108 756 1136 καὶ
785 1119 908 1146 παρακα-

85 1156 195 1186 λοῦντες
224 1156 455 1194 καταφρονοῦνται
470 1164 476 1171 ’
505 1153 568 1181 ἀλλ’
583 1152 644 1180 οὕτε
669 1155 809 1192 προφῆται
835 1153 909 1190 ἅγιοι

86 1203 131 1228 τοῦ
160 1200 239 1236 Θεοῦ,
256 1198 317 1226 οὔτε
341 1198 436 1235 νόμος,
465 1197 526 1226 οὔτι
552 1196 691 1235 ἅνθρωποι
720 1199 908 1229 νουθετοῦντες

88 1244 253 1282 ἆντρὲπουσιο
273 1243 318 1270 καὶ
346 1242 386 1274 τίς
415 1241 500 1274 ἄλλος
529 1240 670 1276 δυνήσεται
700 1239 750 1279 ἄρα
775 1242 806 1268 τὸ
829 1240 908 1276 τηλι-

87 1292 182 1318 κοῦτον
203 1288 304 1323 ἀπηνὶς
320 1286 519 1325 διορθώσασθαι
543 1286 586 1313 καὶ
612 1285 746 1324 ἀνήμερον
773 1288 908 1324 πρᾶγμας

89 1335 151 1363 Ὀτι
181 1333 278 1361 Λοιπὸν
307 1333 416 1369 τραῦμα
440 1331 508 1358 κατὰ
537 1331 626 1365 πάσης
642 1330 739 1368 γέγονε
753 1333 802 1364 τῆς
818 1330 909 1358 οἰκου-

92 1379 185 1414 μίνης,
199 1377 245 1405 καί
262 1387 309 1413 μοι
325 1377 394 1413 (83“)
412 1374 487 1403 δοκιῖ
501 1373 626 1406 πολλοὺς
650 1374 751 1411 λόγους
766 1376 910 1412 καυτήριον

90 1422 167 1458 δίκην
205 1422 370 1460 προσάπτειν
407 1422 448 1456 τῷ
483 1420 573 1451 πάθει.
599 1419 774 1456 Ἑπικίχυται
804 1419 854 1456 γὰρ
879 1419 910 1446 τὸ

90 1467 208 1503 νόσημα,
236 1466 280 1493 καὶ
314 1465 464 1502 κεκράτηκε
496 1463 646 1497 πλείστων,
666 1462 713 1490 ’ίνα
739 1463 778 1500 μὴ
804 1463 909 1490 πάντων

91 1511 173 1548 λίγιι),
202 1509 247 1538 καὶ
268 1510 359 1547 ὥσπερ
385 1508 473 1546 ἀχλὺς
499 1506 688 1542 σκοτιινοτάτη
726 1507 825 1545 ἐπέσχε
856 1510 910 1534 τῶν

89 1555 204 1584 πολλῶν
231 1555 263 1582 τὸ
294 1553 440 1592 βλιπτικὸν
465 1555 517 1586 τῆς
547 1551 676 1583 διανοίας.
705 1551 775 1589 Ἐγὼ
804 1550 833 1578 δὶ
858 1551 911 1589 ἐρῶ

624 153 758 183 SERMO
780 153 831 183 DE
853 153 1059 183 CONTUBER
1066 155 1247 186 NALIBUS.

313 220 478 257 πρόθυμον,
509 219 622 254 ἀσθενὴς
669 217 699 246 δὶ
747 218 764 253 ἠ
814 219 878 255 σάρξ
899 239 905 247 .

969 228 1028 248 iam
1045 219 1122 248 enim
1139 221 1200 249 ﬁeri
1217 230 1327 258 posset},
1342 224 1376 250 ut
1391 222 1420 250 in
1437 222 1562 250 summis
1583 223 1700 252 arcibus
1715 232 1789 252 con—

1727 158 1787 188 8M

961 265 1079 298 sistens,
1096 265 1261 303 clangerem
1277 267 1361 303 quasi
1378 275 1438 300 ore,
1460 269 1488 294 et
1503 267 1624 295 tonitrui
1641 269 1676 296 ad
1693 268 1789 296 instar

961 308 990 336 in
1006 310 1173 338 universam
1189 313 1297 338 terram
1314 312 1476 339 amitterem
1500 312 1648 340 modestiae
1673 313 1761 341 verba
1778 322 1786 349 ;

962 362 1020 389 quo
1036 354 1065 382 in
1081 355 1284 382 testimonium
1296 356 1554 391 essentomnibus,
1568 356 1617 392 qui
1633 357 1786 385 veritatem

962 397 1139 426 adulterant.
1155 402 1192 427 At
1206 400 1284 427 enim
1303 400 1380 427 istud
1393 399 1454 427 fieri
1471 400 1583 435 nequit.
1604 400 1695 428 Homo
1707 409 1789 429 nam-

962 450 1019 478 que
1035 451 1100 470 sum
1117 443 1194 471 brevi
1211 445 1341 472 victurus
1357 446 1498 480 tempore,
1515 447 1544 472 et
1566 446 1650 472 etate
1670 445 1788 481 quidem

962 487 1057 522 exilis,
1074 488 1192 523 gracilis
1215 491 1310 516 autem
1332 496 1411 523 voce,
1427 497 1460 516 ac
1475 489 1649 524 cecteroquin
1663 492 1789 526 angusto

963 531 1071 567 animo,
1083 536 1112 560 et
1128 533 1230 560 multis
1244 533 1453 569 coinquinatus
1468 533 1652 562 criminibus.
1663 535 1788 562 Verum-

962 577 1062 604 tamen
1073 577 1208 612 quamvis
1217 577 1336 605 tonitrui
1349 577 1383 605 ad
1396 578 1602 613 instar,vccem
1618 578 1648 605 in
1661 578 1789 606 sublime

963 620 1107 655 tollerem,
1137 621 1355 657 clamaremque
1377 621 1575 656 vehementer,
1601 630 1788 658 nequaquam

964 665 1092 693 audirer.
1109 665 1244 694 Christus
1254 667 1362 694 etenim
1378 666 1547 702 unigenitus
1562 666 1613 694 Dei
1624 667 1726 701 Filius,
1738 667 1789 703 qui

963 709 1052 737 oculos
1076 712 1108 737 ut
1132 710 1272 738 fornicem
1289 711 1447 746 compegit,
1468 710 1659 746 fundavitque
1680 713 1788 739 terram

963 761 1052 789 super
1071 754 1167 789 squis,
1183 757 1212 782 et
1230 754 1359 782 firmavit
1383 762 1464 782 mare
1480 762 1486 782 :
1504 755 1555 790 qui
1571 755 1669 790 ignem
1685 758 1713 783 et
1728 755 1789 783 sul-

962 798 1040 834 phur
1048 800 1076 826 et
1091 799 1298 834 gehennam,et
1308 801 1419 827 metum
1439 799 1647 835 horroremque
1662 801 1788 828 interno-

963 851 1027 871 rum
1044 842 1257 878 suppliciorum
1273 844 1448 880 praeparavit
1463 843 1499 871 iis
1510 843 1560 879 qui
1570 846 1709 880 peccant:
1725 844 1789 880 ipse

963 895 1015 923 per
1042 888 1197 923 Evangelia
1219 888 1350 916 clamans
1376 890 1406 916 et
1432 888 1553 923 jubens,
1582 887 1790 916 contemnitur.

964 931 1095 968 Apostoli
1111 932 1199 960 etiam
1215 933 1319 965 sancti,
1335 932 1455 968 perfecti
1471 932 1580 960 Christi
1598 932 1747 968 discipuli.
1764 935 1792 961 et

964 976 1015 1004 lilii
1033 976 1154 1004 tonitrui
1170 977 1317 1012 appellati,
1330 985 1381 1013 per
1400 976 1539 1012 epistolas
1556 976 1718 1005 scribentes
1741 985 1790 1005 ex—

963 1021 1173 1056 hortantesque
1185 1024 1375 1057 spernuntur.
1390 1021 1464 1053 Quin
1474 1020 1534 1049 imo
1547 1029 1598 1048 nec
1610 1023 1729 1049 sanctos
1741 1021 1793 1049 Dei

964 1065 1132 1101 prophetas,
1149 1073 1202 1093 nec
1217 1065 1321 1101 legem,
1335 1074 1387 1094 nec
1409 1066 1543 1094 homines
1567 1068 1788 1094 commonentes

963 1112 1133 1137 reverentur
1149 1118 1156 1137 :
1169 1110 1270 1146 ecquis
1285 1109 1362 1137 alius
1375 1110 1481 1145 poterit
1495 1118 1564 1146 ergo
1579 1118 1641 1138 rem
1656 1112 1717 1138 tam
1733 1110 1788 1137 im-

964 1162 1080 1182 manem
1096 1156 1124 1181 et
1139 1154 1287 1182 ell‘eratam
1303 1155 1332 1181 in
1357 1163 1473 1190 aequum
1490 1157 1601 1182 statum
1625 1162 1760 1182 revocare
1773 1154 1788 1182 ?

964 1201 1106 1226 Praeterea
1121 1198 1293 1234 hujusmodi
1307 1199 1416 1227 vulnus
1429 1199 1596 1227 unisersum
1612 1199 1712 1227 orbem
1724 1206 1789 1235 per-

963 1243 1038 1271 vasit
1050 1251 1056 1271 :
1069 1243 1201 1279 mihique
1215 1243 1314 1272 videor
1327 1244 1415 1272 verba
1425 1243 1612 1279 ingeminans
1623 1244 1708 1280 quasi
1721 1251 1789 1271 cau-

964 1288 1038 1316 teria
1053 1287 1120 1316 huic
1143 1289 1226 1316 malae
1255 1288 1398 1316 afl'ectioni
1422 1288 1571 1316 adhibere.
1598 1288 1725 1316 Diffusus
1746 1290 1790 1316 est

964 1333 1043 1360 enim
1059 1333 1191 1366 morbus,
1207 1333 1410 1369 plurimosque
1424 1333 1560 1366 obtinuit,
1578 1334 1610 1360 ut
1632 1340 1669 1360 ne
1692 1332 1786 1359 dicam

965 1385 1086 1411 omnes;
1109 1380 1138 1404 et
1152 1377 1242 1405 veluti
1258 1377 1351 1413 caligo
1368 1377 1500 1413 qmednm
1520 1376 1702 1404 tenebricosa
1718 1375 1789 1404 aciei

965 1422 1072 1449 mentis
1089 1421 1286 1457 plurimorum
1303 1422 1396 1449 otl‘usa
1411 1423 1464 1449 est.
1483 1423 1539 1457 Ego
1555 1423 1653 1449 tamen
1669 1429 1736 1448 cum
1754 1419 1792 1446 li-

965 1465 1077 1493 bertate
1101 1465 1214 1501 loquar,
1238 1466 1405 1502 lampadem
1430 1465 1548 1501 pietatis
1566 1465 1663 1493 verbis
1679 1464 1790 1492 sanctis

966 1518 1015 1538 ore
1030 1510 1203 1544 accendens,
1219 1513 1247 1538 et
1260 1510 1424 1538 venerenda
1440 1518 1554 1538 morum
1571 1509 1688 1537 virtutis
1699 1517 1795 1537 exem-

967 1554 1015 1590 pla
1031 1562 1172 1582 enarrans
1189 1563 1196 1582 :
1212 1562 1270 1582 non
1285 1554 1421 1582 homines
1441 1554 1520 1582 684
1538 1554 1659 1588 veritus,
1675 1553 1727 1581 sed
1757 1554 1794 1580 ob

92 1600 158 1637 μετᾶ
185 1589 350 1637 παρρησιας,
379 1595 510 1634 λαμπάδα
539 1593 676 1627 εὗσεϐιίας
705 1594 750 1622 διὰ
777 1595 912 1632 στόματος

969 1589 1070 1627 oculos
1082 1599 1191 1627 habens
1202 1599 1335 1636 eum,qui
1346 1599 1409 1627 sine
1420 1607 1612 1636 personarum
1623 1598 1796 1626 discrimine

93 1645 211 1682 ῥήμασιν
236 1642 325 1680 ἁγίοις
353 1641 483 1677 ἐξάπτων,
498 1641 543 1668 καὶ
569 1641 652 1676 σιμνὰ
679 1640 787 1677 τρόπων
814 1640 911 1678 ἀρετῆς

969 1644 1081 1679 iudicat
1094 1643 1174 1672 vivos
1189 1646 1218 1672 et
1231 1647 1362 1672 mortuos
1376 1653 1383 1678 ;
1399 1652 1433 1672 eo
1450 1644 1527 1680 quod
1543 1643 1633 1671 nolim
1650 1643 1799 1679 particeps

90 1687 297 1726 παραδείγματα
322 1685 514 1723 διηγούμενος,
546 1685 584 1721 μὴ
610 1684 752 1722 ἄνθρωπον
780 1682 912 1712 ιῦλαϐού-

94 1744 184 1770 μενος,
209 1731 284 1760 ἀλλὰ
311 1732 364 1769 πρὸ
394 1729 545 1769 ὀφθαλμῶν
576 1728 648 1767 ἔχων
675 1729 721 1756 τὸν
750 1729 915 1766 ἀπροσωπο-

93 1778 206 1813 λήπτως
221 1777 349 1814 κρίνοντα
365 1778 467 1810 ζῶντας
482 1775 525 1802 καὶ
543 1773 665 1809 νεκροὺς,
690 1773 734 1801 καὶ
765 1774 797 1801 οὐ
816 1774 915 1812 βουλό-

96 1833 174 1859 μενος
202 1821 335 1851 κοινωνὸς
361 1821 485 1857 γενέσθαι
511 1821 565 1846 τῶν
593 1817 619 1845 ἐν
646 1820 686 1853 τῷ
713 1821 789 1855 κακῷ
815 1817 916 1855 δικτύῳ

94 1866 322 1904 σαγηνευθέντων,
340 1865 414 1895 ὅπως
428 1862 504 1898 δίκην
521 1862 607 1897 ἡλίου
623 1863 637 1890 ὁ
666 1860 750 1900 λόγος
774 1863 822 1893 τὰς
838 1863 916 1890 dmi—

969 1688 1030 1716 ﬁeri
1048 1697 1160 1724 eorum,
1177 1689 1227 1725 qui
1244 1688 1321 1716 malo
1346 1689 1401 1716 hoc
1416 1688 1470 1716 reti
1486 1688 1689 1724 comprehensi
1704 1689 1775 1714 sunt
1791 1695 1798 1715 :

970 1735 1003 1760 ut
1018 1732 1089 1760 solis
1114 1733 1142 1760 in
1167 1733 1287 1761 modum
1313 1733 1407 1760 oratio
1430 1732 1528 1760 radios
1544 1731 1799 1764 circumfundens,

971 1777 1099 1812 disjiciat
1113 1778 1250 1806 tenebras
1265 1777 1372 1805 mentis
1387 1785 1498 1810 eorum,
1511 1777 1562 1812 qui
1576 1785 1610 1804 ex
1625 1784 1698 1812 puro
1713 1776 1800 1803 corde

971 1822 1104 1856 audiunt,
1121 1826 1145 1849 el
1163 1822 1319 1850 infirmitas
1334 1822 1396 1850 haec
1415 1821 1598 1849 convalescat
1612 1820 1676 1856 ipse
1691 1819 1799 1848 oratio-

971 1866 1018 1894 nis
1035 1867 1209 1902 fulgoribus.

92 1923 138 1942 νας
149 1909 308 1944 ἐκπετάσας,
325 1907 439 1945 διαλύσῃ
453 1908 484 1936 τὸ
500 1904 621 1946 ζοφῶδες
635 1909 684 1939 τῆς
699 1905 818 1939 διανοίας
828 1910 882 1935 τῶν
898 1907 1095 1937 ιῖσικουόντων
1112 1909 1141 1937 ἐκ
1155 1912 1273 1947 καθαρᾶς
1285 1908 1408 1946 καρδίας,
1425 1909 1470 1936 καὶ
1485 1909 1516 1936 τὸ
1538 1908 1623 1939 πάθος
1638 1908 1727 1945 παύσῃ
1741 1909 1802 1938 ταῖς

95 1956 177 1984 αὐτοῦ
193 1965 246 1992 μαρ
252 1957 396 1992 μαρυγαῖς.

127 2002 156 2029 2,
183 2000 257 2034 Ῥίζα
292 1999 342 2036 γὰρ
381 1997 486 2025 πάντων
523 1999 577 2024 τῶν
613 1998 703 2023 κακῶν
735 1997 752 2030 ὴ
783 1995 919 2034 φιλαργυ.

95 2046 150 2082 pia,
175 2044 257 2082 φησὶν
285 2043 298 2070 ὁ
323 2043 393 2073 Osis:
409 2041 598 2072 Ἀπόστολος·
616 2040 727 2075 ἀληθῶς
758 2040 818 2079 ῥίζα
847 2041 919 2069 πολ-

96 2089 161 2120 λοὶις
172 2087 291 2118 κλάδους
319 2086 453 2123 πονηρίας
478 2085 636 2124 ἐκφέρουσα,
653 2084 688 2112 δι’
712 2085 743 2119 ἣν
773 2085 807 2112 τὰ
834 2086 921 2113 πάντα

97 2134 121 2161 ἰν
153 2135 194 2169 τῷ
221 2134 335 2170 πονηρῷ
366 2131 417 2168 βίῳ
453 2129 626 2158 ἐπιτελεῖται.
657 2128 732 2163 Ῥίζα
762 2128 791 2156 δὲ
811 2130 920 2157 πάντων

98 2181 149 2206 τῶν
174 2180 264 2205 κανῶν
281 2178 299 2211 ἡ
316 2175 471 2214 φιλογυνία,
485 2174 529 2202 καὶ
559 2174 670 2211 ἡγεμὼν
697 2177 747 2208 τῆς
769 2174 920 2207 ἀπωλείας,

97 2225 181 2257 ἡτῶν
198 2220 391 2259 ἆγαπητρίδων
421 2219 494 2256 λέγω
519 2217 552 2252 δὴ
580 2218 672 2254 μανία,
697 2217 757 2255 ῥίζα
782 2218 922 2246 ἀπώλειαν

102 2267 296 2305 βλαστάνουσαι,
327 2265 371 2292 καὶ
397 2264 540 2299 ἐξανθοῦσα
567 2263 673 2299 μανίαν.
702 2261 839 2296 Ἰουδαϊκή
869 2264 922 2301 γὰρ

99 2312 225 2349 τυγχάνει
251 2310 280 2337 ἐκ
299 2309 431 2345 Σοδόμων
459 2310 660 2345 μίτενεχῆεἳσα,
680 2307 774 2339 καθότι
799 2307 922 2335 ὕπουλον

100 2367 155 2384 τινα
183 2355 229 2383 καὶ
255 2354 444 2390 πεποιημένην
473 2354 522 2386 τῆς
551 2350 646 2387 ἔξωθεν
671 2351 840 2379 ἰπιπλάστου
856 2353 921 2389 ἀγά-

102 2412 154 2436 πης
167 2401 217 2434 τήν
234 2399 377 2438 φαντασίαν
398 2397 538 2431 κέκτηται.
557 2396 605 2423 Καί
634 2407 679 2432 μοι
706 2394 797 2423 λαϐὼν
825 2397 924 2432 κόμιζε

104 2445 199 2472 λοιπὸν
220 2444 258 2475 εἷς
286 2444 365 2479 μέσον
389 2442 421 2469 τὸ
448 2443 496 2468 τοῦ
512 2439 682 2469 Ἀποστόλου
710 2440 805 2477 λόγιον
825 2441 923 2477 ἐκεῖνο,

103 2491 132 2516 τὸ
167 2490 288 2527 φὲσκον·
319 2487 362 2521 Μὴ
406 2486 456 2513 οὐκ
496 2484 597 2522 ἔχομεν
640 2485 758 2521 ἐξουσίαν
802 2485 924 2524 ἀδελφὴν

104 2536 216 2570 γυναῖκα
244 2531 406 2568 περιάγειν,
435 2531 473 2560 ὡς
500 2530 544 2557 καὶ
573 2530 599 2556 οἱ
640 2529 732 2557 λοιποί
776 2530 926 2557 ἀπόστολοι

107 2578 149 2604 καὶ
163 2579 279 2616 Κηφᾶςς
296 2575 319 2612 ᾦ
338 2573 519 2611 ἐπερείδοντοιι
545 2575 571 2601 οἱ
596 2576 636 2610 τῷ
662 2577 711 2608 τῆς
740 2574 928 2612 ταλαιπωρίας

109 2622 183 2649 πάθιι
210 2619 424 2656 δεδουλωμένοι,
439 2619 470 2646 τὸ
496 2618 589 2650 καλῶς
617 2619 684 2656 πρὸς
707 2617 840 2656 ὠφέλειαν
862 2629 927 2656 γρα-

109 2666 164 2703 qh,
192 2667 227 2702 τῇ
257 2665 358 2691 ἑαυτῶν
391 2662 589 2700 ματαιοφρονίᾳ
618 2663 684 2700 πρὸς
711 2662 848 2690 ἀπώλειαν
877 2665 927 2700 ψυ-

144 2738 166 2756 ‘°
180 2739 191 2766 Ι
205 2738 281 2765 Tim.
296 2744 337 2772 vx,
353 2737 397 2764 10.
436 2736 457 2754 ⁸¹
474 2737 538 2764 Cor.
552 2743 591 2771 ιχ,
606 2735 634 2762 5.

143 2810 199 2846 (83)
218 2807 414 2846 Παρακοῦεται.
431 2807 520 2843 Editi,
543 2805 752 2844 παρακούσιται.
770 2807 846 2835 Εῠιτ.

1008 2001 1036 2027 2.
1053 1999 1142 2027 Radix
1156 2007 1275 2036 namque
1289 2001 1414 2028 omnium
1427 1999 1566 2027 malorum
1576 2001 1618 2026 cst
1635 1999 1759 2026 avaritia
1770 1999 1802 2033 ",

975 2045 1017 2072 ait
1032 2044 1148 2072 divinus
1167 2044 1320 2080 Apostolus
1337 2053 1344 2071 :
1361 2044 1443 2071 radix
1459 2044 1587 2080 profecto
1603 2043 1677 2070 bene
1693 2042 1804 2070 multos

976 2089 1127 2124 proferens
1143 2088 1280 2124 nequitias
1295 2096 1404 2120 ramos,
1422 2096 1472 2123 per
1489 2095 1575 2123 quam
1593 2086 1692 2114 omnia
1703 2086 1731 2113 in
1745 2086 1804 2113 vila

977 2141 1102 2169 nequam
1119 2132 1297 2161 efﬁciuntur.
1316 2134 1451 2160 Attamen
1467 2131 1549 2159 radix
1565 2131 1698 2158 omnium
1715 2130 1805 2157 melo-

976 2186 1040 2205 rum
1059 2177 1258 2205 mulierositas
1281 2179 1336 2210 est,
1353 2179 1381 2204 et
1406 2176 1465 2204 dux
1486 2175 1633 2209 interitus,
1650 2175 1732 2202 furor
1745 2174 1806 2208 ille,

977 2222 1111 2258 inquam,
1128 2221 1421 2249 amasiuncularum:
1440 2221 1522 2248 radix
1537 2220 1688 2248 interitum
1706 2219 1806 2256 pullu-

978 2266 1053 2301 lans,
1070 2269 1098 2294 et
1114 2266 1241 2294 furorem
1262 2266 1427 2302 geminans.
1452 2265 1576 2293 Judaica
1600 2267 1645 2292 est
1669 2264 1747 2292 enim
1772 2264 1808 2292 de

979 2311 1114 2339 Sodomis
1130 2310 1236 2344 delata,
1254 2311 1330 2346 quod
1348 2310 1541 2338 adulterinum
1558 2309 1718 2346 quamdam
1731 2312 1760 2337 et
1776 2309 1808 2336 li-

980 2355 1090 2382 ctitinm
1101 2355 1230 2382 exterius
1242 2354 1378 2382 sublestaa
1387 2353 1541 2382 charitatis
1550 2353 1678 2390 speciem
1690 2353 1808 2380 habeat.

980 2401 1130 2433 Caeterum,
1148 2400 1245 2435 profer
1259 2402 1291 2426 tu
1315 2399 1386 2426 mihi
1411 2399 1453 2427 sis
1475 2399 1506 2426 in
1523 2398 1653 2426 medium
1673 2397 1808 2425 testimo-

981 2444 1062 2472 nium
1085 2443 1158 2471 illud
1185 2443 1313 2479 Apostcli
1330 2444 1406 2479 quod
1426 2444 1467 2471 ait
1483 2451 1490 2470 :
1511 2443 1642 2478 Nunquid
1655 2450 1711 2470 non
1725 2442 1810 2469 habe-

980 2497 1041 2516 mus
1065 2490 1240 2524 parissimam
1264 2489 1409 2516 mulierem
1435 2496 1555 2516 sororem
1577 2486 1810 2519 cirrumducendi,

981 2533 1053 2560 sicut
1068 2535 1094 2559 et
1103 2533 1198 2559 ceteri
1207 2532 1324 2568 apostoli
1338 2537 1363 2560 ει
1380 2532 1482 2567 (Σειιιιηε
1490 2531 1509 2548 ⁵¹
1521 2531 1535 2557 ‘?
1550 2531 1601 2557 Cui
1618 2537 1722 2565 nempe
1734 2528 1811 2554 inni-

982 2579 1085 2604 tuntur
1099 2576 1128 2604 hi
1145 2576 1194 2612 qui
1225 2576 1399 2604 miserandm
1415 2575 1484 2603 huic
1500 2583 1581 2602 noxae
1597 2571 1808 2604 deserviunt,id

983 2620 1060 2657 quod
1086 2621 1195 2656 optime
1220 2621 1257 2649 ad
1283 2620 1440 2648 utilitatem
1465 2619 1607 2654 scriptum
1630 2618 1684 2649 est,
1708 2615 1811 2642 insana

984 2667 1082 2693 mente
1097 2674 1152 2693 sua
1175 2666 1210 2693 ad
1236 2665 1390 2693 interitum
1416 2663 1583 2691 animarum
1606 2663 1809 2693 ussumentes;

1027 2810 1100 2845 (83‘)
1115 2809 1164 2836 Καὶ
1182 2819 1239 2844 μοι.
1259 2809 1339 2843 Lege,
1351 2806 1394 2833 καὶ
1411 2805 1483 2841 ἰμοί.
1500 2806 1579 2834 Enn.
