2011 3142
200 138 259 169 815

674 132 864 163 ΑΡΡΕΝΟΙΧ
891 129 1053 160 OPttftUM
1077 129 1109 159 S.
1133 128 1274 159 BASILII
1296 128 1432 160 MAGNI.

1848 131 1909 161 816

199 206 229 232 et
242 203 429 232 conferamus
444 200 569 228 invicem
595 207 628 228 ea
644 207 707 235 quae
732 197 767 226 ab
788 196 941 234 apostolis,
958 203 1025 223 cum

1085 195 1144 232 χῶν
1178 191 1408 230 ἐκλαμϐάνοντες.
1438 195 1489 222 Καὶ
1532 194 1698 232 ἐξετάσωμεν
1743 194 1915 231 παράλληλα

201 248 238 277 iis
254 256 318 283 quas
335 254 413 274 nunc
428 253 444 273 a
465 244 655 273 credentibus
672 243 733 271 ﬁeri
749 242 977 270 consueverunt.
992 240 1032 267 Ac

203 292 333 329 primum
349 290 486 326 quisnam
513 289 600 316 fuerit
624 288 751 323 scriptor
776 287 964 314 attendamus
982 292 989 312 ς
1007 286 1034 311 et

202 340 302 365 utrum
316 343 367 371 per
377 333 531 370 epistolam
544 334 648 361 beatus
658 331 816 368 Apostolus
832 338 891 358 rem
905 329 1033 357 indulse-

202 382 250 415 rit,
280 380 324 408 vel
354 387 411 406 non
440 378 538 414 potius
567 385 616 404 eos
647 376 817 410 coercuerit,
851 376 944 402 semet
971 373 1034 409 ipse

204 424 354 460 exemplar
368 423 509 451 exhibens
525 421 609 449 nobis
621 421 776 449 universis.
788 419 930 447 Novimus
946 417 1032 445 nimi-

205 478 270 498 rum
287 477 354 496 eum
366 475 432 496 cum
449 467 520 494 viris
536 465 768 500 religiosissimis
783 473 834 500 per
848 465 942 491 totum
960 465 1034 489 tem-

205 522 261 549 pus
277 513 367 540 fuisse
383 513 601 544 conversatum,
619 517 671 537 nec
687 517 753 536 cum
770 507 952 544 turpissimis
966 515 1033 534 mu-

203 558 326 586 lieribus
341 555 468 592 degisse,
485 563 521 582 ne
536 562 567 582 se
583 554 661 582 istud
683 553 802 589 quidem
823 552 918 579 dicere
931 551 1034 578 erube-

204 604 296 631 scant.
312 601 424 628 Pudore
437 599 647 627 suﬁ‘undantur
662 598 711 634 qui
729 606 760 626 se
773 597 853 633 ipsos
870 597 951 624 Petro
965 604 1033 632 apo-

203 646 345 675 stolorum
358 644 495 681 principi,
507 646 535 671 et
547 643 627 679 regni
644 642 782 670 cmlorum
798 642 941 676 clavigero
952 648 1034 668 com-

203 692 316 728 parant,
335 692 364 717 et
379 689 482 717 dicunt
499 696 505 717 :
522 687 552 715 Si
575 687 624 715 ille
649 687 746 715 habuit
770 686 914 720 dilectam,
935 687 962 713 et
984 693 1034 712 nos

201 736 320 772 vestigia
339 734 396 769 ejus
424 737 578 760 sectamur.
595 731 674 759 Belle
699 731 776 758 enim
804 738 880 757 vero.
898 729 1033 757 Resusci-

201 782 278 808 tatu
295 778 367 806 mihi
382 785 463 813 ergo,
480 775 729 812 quemadmodum
754 774 803 802 ille
829 773 981 802 Tabitham
998 781 1032 800 ex

202 823 327 852 mortuis
349 830 401 858 per
428 822 515 849 ﬁdem
541 821 572 848 in
597 820 756 848 Dominum
779 821 913 846 nostrum
929 817 1030 845 Jesum

202 869 352 896 Christum
368 867 403 900 ",
419 868 453 894 ut
467 865 584 893 credam
600 864 664 898 tibi,
681 864 758 900 quod
775 866 803 891 et
817 866 848 890 tu
864 862 974 898 Spiritu
991 862 1031 890 sis

202 912 318 949 plenus,
341 910 470 947 repletus
497 910 597 937 divina
620 909 739 936 virtute.
766 907 884 943 Expelle
907 909 938 934 tu
956 906 1028 934 mihi

203 958 348 984 dazmones
377 963 451 991 quos
474 954 522 982 ille
543 952 658 989 expulit
685 955 714 980 et
741 953 870 987 morbos,
900 951 1029 986 aliasque

202 1002 284 1030 efﬁce
299 1001 474 1032 curationes,
485 1001 557 1036 quot
571 998 666 1026 et‘tecit
680 997 728 1025 ille
744 998 771 1025 in
785 997 902 1025 nomine
916 995 1028 1024 Domini

203 1046 296 1074 nostri
311 1046 381 1073 Jesu
396 1044 503 1073 Christi
520 1052 527 1071 :
545 1044 629 1071 mitto
648 1043 724 1070 enim
742 1041 864 1077 reliqua.
889 1042 947 1069 lloc
962 1049 1027 1068 cum

203 1090 276 1118 mihi
289 1089 464 1123 ostenderis,
481 1091 554 1116 tunc
569 1087 622 1115 tibi
636 1087 764 1120 credam,
783 1087 860 1122 quod
878 1094 935 1113 non
951 1086 1030 1121 igneo

202 1143 299 1163 sceres
323 1135 359 1162 ad
386 1133 462 1161 hanc
484 1134 656 1161 venenatam
673 1131 809 1159 bestiam.
825 1132 928 1158 Annon
944 1130 1029 1158 audis

203 1179 272 1215 quid
289 1179 368 1207 dicat
389 1178 532 1206 Dominus
557 1179 657 1205 noster
675 1176 760 1204 Jesus
784 1175 918 1203 Christus
943 1183 951 1202 ι
977 1175 1030 1208 Qui

204 1225 332 1252 intuetur
345 1223 488 1250 mulierem
503 1229 538 1249 ea:
551 1220 780 1256 concupisrentia,
798 1220 859 1255 jam
877 1219 1029 1248 multatus

200 1271 242 1296 est
260 1276 321 1296 eam
336 1268 367 1294 in
379 1267 461 1295 corde
475 1274 527 1294 suo
535 1264 580 1292 "‘1
595 1264 742 1293 Fabulane
757 1263 893 1291 videntur
906 1264 958 1291 tibi
971 1263 1029 1290 haec

202 1314 290 1340 verba
318 1310 497 1347 Evangelii?
521 1309 623 1338 Viden’
652 1317 709 1345 quo
739 1311 824 1344 pacto
855 1316 913 1336 non
943 1308 1028 1335 modo

202 1359 301 1385 actum
316 1355 510 1388 interdixerit,
523 1354 572 1382 sed
589 1356 617 1381 et
630 1353 772 1381 rationem
790 1351 916 1380 intuitus
931 1351 1029 1387 prohi-

201 1401 309 1434 buerit,
333 1400 431 1428 sciens
459 1398 597 1427 seandalo
622 1405 686 1426 esse
699 1398 805 1425 animm
820 1397 948 1424 hominis
964 1396 1029 1424 illas

201 1444 349 1474 insidias?
364 1445 400 1472 At
415 1443 469 1471 tibi
482 1442 584 1470 morbo
596 1442 699 1470 atl‘ecto
711 1442 794 1469 lusus
804 1449 838 1469 ea
847 1449 894 1468 res
904 1441 1028 1468 videtur.

201 1489 350 1518 Hebetasti
365 1489 443 1516 enim
460 1487 591 1515 animum
606 1486 798 1522 impudentia,
815 1485 903 1513 veluti
918 1485 1027 1512 larvam

1088 240 1147 268 τοῖς
1164 237 1340 272 ἀποστόλοις,
1362 238 1407 265 καὶ
1429 241 1488 270 τοῖς
1515 238 1561 266 νῦν
1589 239 1744 267 πιστεύουσι
1773 241 1806 267 τὰ
1830 250 1916 277 πρατο

1088 281 1199 318 τόμενα.
1216 282 1266 313 Τίς
1295 283 1328 317 ἦν
1345 283 1359 310 ὁ
1375 283 1488 322 γράφων
1518 286 1626 321 πρῶτον
1658 284 1798 320 μάθωμεν,
1817 284 1862 312 καὶ
1891 284 1915 311 εἷ

1090 325 1124 354 δι’
1140 325 1287 361 ἐπιστολῆς
1309 327 1323 354 ὁ
1348 328 1481 364 μακάριος
1510 327 1680 359 Ἀπόστολος
1709 328 1849 366 ἐπέτρεψε,
1869 329 1915 356 καὶ

1089 370 1153 408 οὗχῖ
1187 370 1294 407 μᾶλλον
1321 371 1456 399 ἐκώλυσεν
1487 372 1596 409 αὐτοὺς,
1610 373 1702 400 ἑαυτὸν
1732 373 1817 400 τύπον
1848 384 1916 411 παρ-

1090 415 1224 453 εχόμενος
1240 418 1319 443 πᾶσιν
1345 417 1424 452 ἡμῖν’
1443 415 1555 453 οἵδαμεν
1583 417 1633 455 γὰρ
1663 417 1743 445 αὐτὸν
1775 418 1843 454 μετᾶ
1870 417 1916 445 ἇν-

1089 458 1160 498 δρῶν
1175 457 1379 488 εὐλαϐεο-τὰτων
1403 460 1490 489 πάντα
1511 461 1557 489 τὸν
1576 461 1676 499 χρόνον
1702 462 1916 501 ἀναπραφέντα,

1088 505 1133 532 καί
1163 504 1227 542 οὐχὶ
1257 505 1326 541 μετᾶ
1366 508 1501 542 γυναικῶν
1532 506 1741 544 ἆπρεπεστάτων
1773 505 1918 544 διάγοντα·

1089 547 1152 576 οὔτε
1180 548 1228 576 κᾶν
1258 548 1396 577 αἰδοῦνται
1420 552 1501 578 τοῦτο
1530 549 1664 588 λέγοντει.
1681 551 1824 589 Αἶσχύνην
1841 562 1920 578 κατα-

1088 594 1244 631 χεὲσθωσαν
1273 594 1299 620 οἱ
1328 593 1439 626 ἑαυτοὺς
1467 595 1563 633 Πέτρῳ
1592 597 1632 631 τῷ
1660 596 1842 633 πρωτοστάτῃ
1863 598 1915 623 τῶν

1087 637 1323 672 ἀποστόλων,καὶ
1350 637 1511 676 κλειδούχῳ
1540 642 1590 674 τῆς
1621 639 1762 677 βασιλείας
1787 642 1842 667 τῶν
1871 640 1916 667 οὖ-

1089 685 1176 720 ρανῶν
1221 683 1421 720 συγκρίνοντες,
1451 683 1497 711 καὶ
1546 683 1693 723 φάσκοντες
1711 693 1718 700 ·
1744 684 1776 712 Εί
1816 683 1915 715 ἐκεῖνος

1088 727 1158 764 εἶχεν
1189 726 1341 765 ἀγαπητὴν,
1371 727 1416 754 καὶ
1447 729 1530 764 ἡμεῖς
1569 731 1627 759 τοῖς
1671 728 1773 756 ἐκείνου
1812 727 1913 766 ἴχνεσιν

1087 770 1338 808 ὲπακολουθοῦμεν.
1370 771 1418 799 Καὶ
1446 773 1520 810 τάχα
1552 772 1643 804 καλῶς
1672 771 1757 810 ἔχεις.
1787 773 1913 811 Ἕγειρὸν

1089 827 1136 853 μοι
1147 818 1210 854 γοῦν
1228 816 1265 847 ὡς
1282 816 1363 848 αὐτὸς
1379 817 1428 851 τήν
1453 814 1572 845 Ταϐιθὰν
1601 817 1632 845 ἐκ
1659 819 1759 853 νεκρῶν
1791 816 1837 845 διὰ
1864 820 1913 850 τῆς

1086 860 1202 893 πίστεως
1215 864 1264 895 τῆς
1279 860 1317 893 εἰς
1330 861 1376 888 τὸν
1407 861 1507 899 Κύριον
1536 863 1616 898 ἡμῶν
1650 860 1755 897 Ἰησοῦν
1785 862 1914 900 Χριστὸν,

1082 905 1128 933 ’ίνα
1152 905 1287 933 πιστεύσω
1312 916 1365 941 σοι,
1382 906 1423 933 ὅτι
1444 905 1490 934 καὶ
1516 905 1547 934 σὺ
1572 904 1798 946 πνευματοφόρος
1820 907 1853 942 εἴ,
1869 907 1913 934 ἐκ·

1084 949 1276 986 πεπλησμένος
1303 950 1376 982 θείας
1406 949 1558 987 δυνάμεως.
1586 950 1730 986 Ἐξὲλασόν
1766 962 1813 988 μοι
1851 952 1913 982 τοὺς

1085 993 1226 1031 δαίμονας,
1243 993 1288 1026 οὓς
1316 995 1418 1026 ἐκεῖνος
1443 994 1568 1031 ἐξήλασε,
1595 996 1643 1027 τὰς
1671 995 1778 1028 νόσους.
1791 996 1839 1023 καὶ
1867 997 1913 1027 τὰς

1086 1039 1177 1076 ἑτέρας
1206 1037 1316 1077 ἔργασαι
1346 1040 1500 1077 θεραπείας,
1532 1039 1595 1071 ὅσας
1630 1039 1784 1077 ἔπετιλεσεν
1812 1039 1913 1072 ἐκεῖνος

1084 1082 1110 1110 ἐν
1140 1085 1179 1119 οῷ
1209 1083 1322 1119 ὀνόματι
1351 1085 1401 1110 τοῦ
1430 1083 1530 1121 Κυρίου
1557 1085 1637 1120 ἡμῶν
1665 1084 1754 1119 Ἰησοῦ
1781 1085 1908 1122 Χριστοῦ·

1084 1127 1120 1154 ἐῶ
1136 1127 1188 1166 γὰρ
1201 1126 1300 1156 τᾶλλα.
1321 1129 1404 1156 ’Ὀταν
1423 1139 1470 1164 μοι
1487 1126 1588 1165 δείξῃς,
1603 1127 1664 1156 τότε
1691 1139 1734 1156 σοι
1763 1128 1909 1163 πιστεύσω,

1084 1171 1126 1199 ὅτι
1157 1171 1187 1199 οὐ
1215 1174 1347 1208 πυροῦσαι
1372 1172 1441 1210 πρὸς
1468 1172 1500 1200 τὸ
1530 1173 1638 1209 θηρίον.
1666 1176 1699 1200 Ἥ
1726 1173 1778 1201 οὐκ
1805 1173 1910 1205 ἀκούεις

1084 1217 1110 1244 τί
1127 1216 1200 1254 λέγει
1215 1217 1230 1244 ὁ
1246 1216 1344 1255 Κύριος
1369 1217 1450 1253 ἡμῶν
1474 1218 1580 1252 Ἰησοῦς
1605 1218 1732 1255 Χριστὸς,
1747 1217 1789 1245 δτι
1805 1218 1836 1247 Ὁ
1861 1217 1909 1254 ἐμ-

1085 1258 1187 1298 ϐλέψας
1224 1261 1330 1298 γυναικὶ
1370 1262 1439 1298 πρὸς
1476 1262 1508 1289 τὸ
1543 1261 1720 1298 ἐπιθυμῆσαι,
1745 1261 1800 1298 ἤδη
1831 1262 1908 1299 ἐμοί-

1084 1315 1180 1343 χευσεν
1207 1305 1290 1339 αὐτὴν
1314 1305 1341 1333 ἐν
1369 1307 1404 1343 τῇ
1431 1304 1530 1344 καρδίᾳ
1558 1306 1662 1341 αὐτοῦ;
1692 1307 1726 1333 Ἣ
1757 1307 1842 1343 μῦθός
1867 1317 1908 1334 σοι

1083 1350 1274 1388 καταφαίνεται
1302 1349 1336 1377 τὰ
1371 1352 1419 1377 τοῦ
1459 1350 1626 1388 Εὖαγγελίου
1657 1351 1787 1389 ῥήματα;
1818 1352 1907 1389 Ὁρᾷς,

1084 1394 1160 1425 ὅπως
1175 1394 1206 1422 οὐ
1228 1394 1310 1431 μόνον
1332 1395 1364 1422 τὸ
1383 1394 1511 1432 πράττειν
1535 1394 1681 1430 ἐκώλυσεν,
1697 1395 1771 1424 ἀλλᾶ
1789 1396 1835 1423 καὶ
1863 1397 1907 1424 τὸν

1083 1442 1246 1477 χαρακτῆρα
1274 1442 1323 1474 τῆς
1352 1437 1440 1476 ὅψεως
1473 1439 1536 1475 ὁρᾷν
1571 1439 1729 1477 ἀπέτρεψεν,
1756 1438 1838 1471 εἰδὼς
1868 1440 1907 1468 ὅτι

1084 1481 1234 1511 σκάνδαλον
1259 1483 1294 1520 τῇ
1321 1485 1369 1511 τοῦ
1399 1482 1497 1521 ἀνδρὸς
1521 1485 1598 1521 ψυχῇ
1625 1484 1655 1511 τὸ
1679 1482 1806 1522 ἔνιόρον;
1823 1484 1909 1513 Ἀλλά

200 1534 285 1563 faciei
300 1533 456 1569 imponens
467 1534 534 1560 tuis.
551 1531 672 1567 Ignoras
696 1538 823 1566 namque
838 1530 867 1557 in
884 1532 1027 1566 quantum

1084 1538 1126 1555 σοι
1140 1530 1180 1563 τῷ
1203 1527 1338 1565 πάσχοντι
1358 1527 1484 1566 παίγνιον
1507 1528 1697 1567 καταφαίνεται
1726 1528 1757 1556 τὸ
1786 1531 1906 1567 πρᾶγμα·

201 1578 388 1613 naufragium
411 1576 560 1604 incideris.
578 1577 770 1603 Revertamur
794 1575 830 1602 ad
858 1576 1026 1602 sanctorum

201 1622 410 1659 prophetarum
427 1620 574 1654 instituta,
586 1628 643 1655 quo
655 1619 741 1647 modo
757 1627 844 1647 omne
857 1621 974 1654 tempus
987 1620 1029 1647 vi-

201 1670 237 1696 tae
254 1667 282 1694 in
300 1665 452 1693 montibus
466 1667 495 1692 et
509 1664 641 1692 cavernis
656 1665 861 1699 transegerth
873 1675 881 1697 ς
892 1663 1000 1691 nedum
1012 1672 1029 1691 a

200 1710 338 1743 videnda,
353 1717 454 1737 verum
470 1708 557 1736 etiam
583 1716 600 1735 a
623 1707 780 1744 cogitanda
804 1706 927 1735 muliere
947 1707 976 1734 in
993 1707 1028 1734 li-

203 1756 345 1783 bertatem
359 1753 473 1781 asserti.
485 1752 562 1781 Num
574 1754 602 1779 et
614 1752 656 1779 hee
668 1751 719 1779 tibi
733 1759 816 1787 nugs
828 1751 948 1780 omnino
959 1759 1029 1779 cen-

204 1800 349 1828 sebuntur
362 1801 374 1826 P
388 1798 486 1825 Sentio
501 1796 580 1824 enim
606 1798 634 1824 te
659 1795 848 1832 opinionibus
868 1795 1028 1824 multarum

205 1844 339 1873 inanium
352 1842 499 1871 rationum
514 1841 646 1869 animum
664 1839 853 1868 delinientem
869 1843 964 1868 tuum.
975 1841 1030 1868 Be—

205 1897 276 1917 voca
290 1889 320 1916 in
338 1887 509 1915 memoriam
525 1886 697 1921 ejectionem
714 1893 729 1912 e
745 1884 891 1920 paradiso,
906 1885 1031 1913 ruinam-

204 1941 261 1969 que
289 1931 403 1965 diluvii,
428 1933 456 1958 et
477 1931 671 1958 Sodomorum
696 1930 858 1956 versionem
888 1930 968 1965 (quia
993 1930 1030 1957 ob

205 1977 357 2005 mulierem
375 1974 451 2003 mala
471 1974 570 2002 omnia
593 1974 628 2001 ab
652 1973 735 2001 initio
760 1974 796 2001 ad
822 1982 916 2010 usque
942 1974 1030 2002 ﬁnem

203 2021 398 2057 contingunt),
416 2019 568 2047 Samsonis
579 2018 655 2054 justi
672 2018 895 2054 proditiones,et
905 2021 1031 2047 structas

202 2067 342 2095 adversus
357 2064 464 2100 Ioseph
480 2063 652 2100 praeclarum
680 2062 763 2090 illum
790 2063 938 2090 hominem
963 2063 1031 2093 insi.

201 2112 275 2139 dies.
286 2111 391 2139 Veniat
405 2109 458 2136 tibi
474 2109 503 2136 in
521 2110 648 2136 mentem
665 2106 802 2135 interitus
817 2107 901 2135 electi
916 2109 1031 2143 generis

200 2157 380 2184 Judaaorum.
394 2155 427 2182 Et
443 2154 467 2181 si
483 2153 545 2180 haec
559 2152 613 2180 tibi
630 2160 687 2180 non
705 2152 889 2188 persuadent,
907 2159 1030 2187 persua-

201 2201 267 2251 deat
283 2199 400 2235 sapiens
417 2197 554 2225 Salomon
581 2197 610 2224 in
637 2190 711 2224 hanc
728 2196 903 2224 sententiam
921 2196 1027 2233 alicubi
1045 2218 1068 2251 D

201 2244 347 2280 loquens:
368 2243 464 2270 Vinum
487 2244 512 2269 et
535 2242 638 2269 mulier
660 2241 864 2269 abalienabun!
887 2241 971 2269 corda
981 2251 1029 2270 sa-

199 2290 325 2325 pientum
339 2288 370 2315 “.
388 2287 570 2323 Sapientum,
587 2286 695 2322 inquit,
710 2293 746 2314 ne
762 2288 791 2313 et
806 2286 875 2313 huic
897 2295 1029 2322 opponas

200 2333 362 2369 quidpiam,
379 2334 407 2360 et
422 2331 569 2366 abjectum
596 2330 708 2366 aliquid
735 2329 845 2358 sentias
870 2331 906 2358 de
929 2331 1026 2359 verbo.

199 2378 305 2405 Vinum
327 2376 406 2405 enim
433 2375 582 2403 hominem
609 2374 787 2411 ingrediens,
817 2377 1028 2412 stuporemque

199 2421 351 2451 ebrietatis
366 2420 396 2448 in
413 2419 462 2448 illo
478 2419 618 2454 efﬁciens,
634 2418 725 2448 veluti
741 2418 846 2446 ﬂuvius
863 2420 1026 2454 exundans,

199 2468 328 2494 mentem
344 2473 461 2493 omnem
478 2464 589 2499 impetu
607 2471 660 2491 suo
675 2463 793 2499 abripit,
809 2465 837 2491 et
852 2463 882 2491 in
898 2463 1026 2492 furorem

198 2510 347 2539 hominem
365 2508 498 2545 impellit.
515 2508 621 2535 Eadem
636 2515 700 2542 quae
715 2507 828 2542 vinum,
845 2507 905 2544 agit
921 2508 1028 2536 mulier

196 2556 226 2584 in
243 2555 403 2584 hominem.
416 2552 614 2586 Quamobrem
627 2551 832 2588 parcemiastes
848 2553 1028 2588 comparavit

197 2601 296 2629 vinum
311 2609 377 2628 cum
394 2598 514 2627 muliere
526 2607 534 2633 ;
548 2600 576 2625 et
587 2605 690 2625 omnes
700 2596 786 2624 etiam
803 2597 949 2633 propheta:
961 2606 1026 2626 cum

198 2645 264 2674 aliis
279 2649 367 2681 atque
382 2644 448 2672 aliis
463 2642 559 2677 malis,
572 2644 600 2670 et
615 2641 765 2669 venenatis
778 2641 884 2669 belluis
895 2642 1025 2670 contule-

197 2687 660 2726 runtgenusmulierum,virorum
667 2685 817 2714 animabus
825 2686 1024 2722 perniciosum.

231 2797 253 2814 "
268 2797 330 2822 Act.
348 2804 387 2830 ix,
402 2796 446 2824 40.
484 2796 506 2813 ⁵³
521 2794 621 2823 Matth.
638 2803 666 2828 v,
682 2794 728 2822 28.
767 2794 790 2812 "
805 2793 893 2822 Eccli.
910 2802 969 2828 xix,
982 2794 1010 2821 2.

1085 1572 1228 1609 ἐπήρωσας
1257 1571 1308 1609 γάρ
1339 1582 1386 1599 σου
1420 1571 1451 1599 τὸ
1490 1571 1618 1611 φρόνημα
1649 1574 1684 1610 τῇ
1721 1572 1908 1611 ἀναισχυντίᾳ,

1083 1616 1257 1653 προσωπείου
1274 1615 1352 1651 δίκην
1378 1618 1418 1652 τῷ
1447 1617 1587 1654 προσώπῳ
1613 1627 1661 1644 σου
1687 1616 1907 1655 ἐμπεριθὲμενος¹

1084 1661 1189 1699 ἀγνοεῖς
1218 1661 1270 1699 γὰρ
1300 1660 1391 1697 ἡλίκῳ
1418 1661 1542 1698 ναυαγίῳ
1567 1662 1788 1699 περιπέπτωκας.
1814 1663 1909 1690 Ἐπαν-

1084 1706 1207 1742 ἔλθωμεν
1223 1704 1267 1733 ἐπὶ
1282 1705 1346 1737 τοὺς
1361 1707 1415 1733 τῶν
1432 1705 1516 1743 ἁγίων
1545 1708 1693 1744 προφητῶν
1720 1710 1908 1745 χαρακτῆρας,

1084 1749 1159 1782 ὅπως
1184 1749 1230 1777 τὸν
1261 1750 1365 1777 ἅπαντα
1390 1750 1490 1788 χρόνον
1525 1753 1575 1785 τῆς
1607 1753 1679 1785 ζωῆς
1708 1750 1734 1778 ἄν
1761 1749 1837 1788 ὄρεσι
1865 1752 1908 1779 καί

1085 1794 1233 1830 σπηλαίοις
1259 1791 1406 1831 διέτριϐον,
1437 1794 1469 1821 οὗ
1497 1793 1579 1831 μόνον
1609 1797 1658 1822 τοῦ
1698 1795 1762 1833 ὁρᾷν
1799 1799 1909 1834 γυναῖκα

1084 1837 1334 1876 ἀπαλλαττόμενοι,
1361 1837 1435 1866 ἀλλὰ
1453 1839 1503 1877 γὰρ
1532 1839 1577 1867 καὶ
1599 1842 1651 1867 τοῦ
1676 1839 1859 1876 ἐνθυμεῖσθαι.
1875 1841 1906 1869 Ἦ

1084 1883 1130 1911 καὶ
1144 1883 1225 1911 τοῦτό
1243 1893 1284 1910 σοι
1312 1883 1422 1914 πάντως
1447 1882 1534 1921 λῆρος
1557 1885 1773 1923 καταφανήσεται
1788 1898 1796 1919 ;
1812 1884 1907 1913 Βλέπω

1085 1928 1136 1966 γάρ
1153 1938 1182 1956 σε
1205 1929 1249 1955 καὶ
1276 1927 1423 1955 ἀντιθέσεσι
1446 1926 1561 1956 πολλῶν
1587 1927 1676 1966 λόγων
1699 1931 1785 1957 κενῶν
1814 1930 1907 1958 σαυτὸν

1085 1972 1343 2010 παραμυθούμενον.
1370 1973 1512 2008 Μνήσθητι
1536 1976 1588 2008 τῆς
1611 1972 1641 2001 ἰκ
1667 1975 1716 2001 τοῦ
1744 1974 1907 2012 παραδείσου

1086 2015 1215 2052 ἐκϐολῆς,
1245 2017 1290 2044 καὶ
1317 2019 1366 2044 τοῦ
1393 2017 1508 2055 ὀλέθρου
1550 2019 1600 2044 τοῦ
1635 2017 1842 2055 κατακλυσμοῦ,
1866 2018 1907 2046 καί

1085 2066 1135 2096 τῆς
1159 2064 1212 2089 τῶν
1240 2060 1401 2098 Σοδομιτῶν
1427 2065 1628 2100 καταστροφῆς,
1653 2062 1694 2089 ὅτι
1723 2061 1769 2090 διὰ
1796 2066 1907 2101 γυναῖκα

1085 2106 1172 2133 πάντα
1198 2106 1232 2133 τὰ
1259 2105 1329 2133 κακὰ
1357 2105 1382 2141 ἐξ
1407 2106 1496 2144 ἀρχῆς
1521 2105 1604 2144 μέχρι
1618 2105 1716 2138 τέλους
1731 2106 1846 2144 γίνεται,
1861 2111 1907 2142 τῆς

1084 2153 1132 2178 τοῦ
1149 2150 1269 2187 Σαμψὼν
1285 2152 1333 2178 τοῦ
1349 2149 1454 2178 δικαίου
1469 2149 1679 2188 προδοσίας,καὶ
1689 2154 1739 2186 τῆς
1750 2153 1799 2179 τοῦ
1808 2153 1906 2189 Ἰωσήφ

1085 2194 1189 2223 ἐκείνου
1218 2197 1266 2222 τοῦ
1291 2194 1416 2232 ἐναρὶτου
1445 2193 1606 2230 ἐπιϐουλῆς.
1633 2195 1830 2232 Μνημόνευσον
1860 2200 1909 2230 τῆς

1083 2242 1131 2267 τοῦ
1148 2239 1275 2267 ἰκλεκτοῦ
1299 2238 1393 2275 γένους
1417 2241 1472 2267 τῶν
1495 2237 1633 2267 Ἰουδαίων
1653 2239 1802 2271 ἀπωλείας.
1822 2241 1854 2269 Et
1881 2240 1908 2268 δὲ

1082 2284 1165 2311 ταῦτά
1194 2294 1222 2311 σε
1249 2283 1280 2312 οὗ
1308 2283 1406 2317 πείθει,
1438 2282 1571 2320 Σολομὼν
1601 2284 1616 2311 ὁ
1641 2284 1724 2322 σοφός
1744 2295 1774 2312 σε
1788 2285 1907 2313 πεισάτω

1084 2327 1137 2356 ὢδέ
1181 2339 1220 2364 πη
1263 2327 1350 2365 λέγων
1368 2337 1374 2344 ·
1405 2329 1483 2358 Οἶνος
1524 2328 1568 2355 καὶ
1610 2329 1678 2365 γυνὴ
1721 2328 1906 2366 ἆποστήσουσι

1083 2372 1194 2412 καρδίας
1219 2375 1319 2411 σοφῶν.
1351 2375 1458 2412 Σοφῶν,
1488 2373 1571 2407 εἶπεν,
1595 2371 1642 2400 ’ίνα
1672 2373 1710 2410 μὴ
1743 2374 1790 2401 καί
1819 2375 1906 2410 τούτῳ

1083 2419 1219 2455 παρινθῇς
1233 2428 1270 2452 τι,
1285 2417 1329 2445 καὶ
1345 2417 1463 2449 εὐτελῶς
1490 2418 1626 2456 φρονήσῃς
1647 2418 1709 2454 περὶ
1738 2420 1788 2446 τοῦ
1811 2418 1905 2457 ῥητοῦ.

1081 2464 1112 2492 Ὁ
1140 2463 1191 2500 γὰρ
1221 2463 1292 2494 οἶνος
1319 2461 1358 2493 είς
1386 2462 1432 2489 τὸν
1461 2460 1602 2500 ἄνθρωπον
1631 2461 1834 2496 εἴσδύνων,καὶ
1862 2464 1906 2491 κα-

1083 2518 1165 2546 ρωσιν
1197 2508 1281 2544 μέθης
1310 2506 1336 2534 ἐν
1357 2506 1430 2542 αὐτῷ
1459 2506 1650 2544 ἔργαζόμενος,
1668 2506 1758 2544 ὥσπερ
1781 2509 1905 2545 ποταμὸς

1081 2551 1271 2589 πλημμυρῶν,
1289 2551 1354 2579 ὅλον
1369 2552 1400 2579 τὸ
1425 2551 1554 2590 φρόνημα
1571 2553 1611 2587 τῷ
1636 2551 1731 2579 ἑαυτοῦ
1759 2551 1906 2590 ῥοιζήματι

1081 2597 1239 2635 παρασύρει,
1268 2596 1313 2624 καὶ
1343 2596 1381 2628 εἷς
1411 2595 1503 2632 μανίαν
1530 2596 1589 2633 ἄγει
1616 2596 1661 2623 τὸν
1690 2596 1846 2634 ἄνθρωπον.
1868 2597 1906 2627 Τὰ

1081 2641 1149 2670 αὐτά
1175 2642 1220 2669 καὶ
1244 2642 1261 2676 ἡ
1286 2641 1353 2679 γυνή
1379 2643 1419 2677 τῷ
1448 2639 1514 2677 ο¹ίνῳ
1542 2639 1732 2678 διαπράττεται
1761 2642 1832 2669 κιτᾶ⁵
1859 2644 1903 2670 τοῦ

1081 2687 1236 2725 ἀνθρώπου.
1253 2686 1299 2713 Διὸ
1315 2684 1349 2720 δή
1369 2685 1413 2713 καὶ
1438 2686 1452 2712 ὁ
1473 2686 1676 2722 παροιμιαστὴς
1696 2685 1902 2724 παρεπλησίασε
