2011 3142
99 190 157 219 81⁵7

647 189 780 220 SERMO
803 190 853 220 DE
876 191 1271 224 CONTUBERNALIBUS.

1750 192 1811 222 818

99 256 144 283 τὸν
162 257 238 283 οἶνον
253 257 289 292 τῇ
305 255 426 293 γυναικί·
442 255 487 283 καὶ
500 257 598 287 πάντες
614 254 642 283 δὲ
657 257 683 283 οὶ
697 259 836 294 προφῆται
849 255 991 295 διαφόροις
1003 261 1098 289 κακοῖς
1111 258 1156 286 καὶ
1173 259 1281 296 Θηρίοις
1299 257 1423 290 ΐοὸόλοις
1442 257 1665 297 παριπλησίασαν
1681 257 1713 286 τὸ
1731 257 1810 296 γένος

103 302 156 327 τῶν
171 302 320 337 γυναικῶν,
335 300 367 327 τὸ
382 298 505 328 ἀπόλλον
520 300 568 331 τὰς
584 300 675 338 ψυχὰς
690 302 743 328 τῶν
760 301 919 339 ἀνθρώπων,

135 346 162 373 3.
180 344 260 372 Ἀλλ’
291 343 354 372 οὖδὶ
377 345 460 372 ταῦτά
483 356 510 372 σε
531 345 626 372 πείθει·
656 345 779 382 παίγνιον
807 346 857 384 γὰρ
888 346 922 377 ὡς

1016 348 1043 375 2.
1071 349 1106 376 At
1122 356 1216 384 neque
1233 349 1289 377 ista
1307 348 1357 376 tibi
1375 349 1571 384 persuadent;
1596 347 1709 376 ludicra
1728 348 1807 376 enim

104 389 175 416 ἱοικε
203 389 291 417 πάντα
320 400 362 417 σοι
391 389 584 427 καταφαίνεται
601 410 607 417 .
640 388 759 421 Ἒϐυσας
787 391 838 427 γὰρ
863 390 926 417 ὡσεὶ

100 433 215 465 ἀσπίδος
239 438 336 472 κωφῆς
369 435 403 462 τὰ
427 435 484 462 ὦτά
512 445 576 469 σου,
615 435 653 471 μὴ
689 434 836 462 εἴσακούων
872 437 926 462 τῶν

101 478 180 506 θείων
196 481 323 518 Γραφῶν.
341 479 388 506 Καὶ
415 477 512 506 λοιπὸν
529 477 558 506 δὲ
572 479 618 506 καὶ
634 479 714 510 αὐτὸς
740 478 778 510 εἲς
802 478 925 517 θηριώδη

99 523 202 559 τρόπον
228 521 401 559 μετήλλαξας
427 533 475 550 σου
498 523 549 557 τήν
572 522 668 561 φύσιν,
696 525 731 560 τῇ
755 525 804 551 τοῦ
829 524 927 562 θηρίου

100 568 224 603 συνοικίᾳ
252 567 408 604 ὁμότροπος
439 567 507 605 αὐτῇ
540 567 706 605 γενόμενος·
743 568 777 602 ἧς
811 569 845 595 τὰ
879 568 926 604 μὶν

101 611 212 650 ῥήματα
231 610 345 646 εῧλαλα,
361 612 405 639 καὶ
422 613 439 647 ὴ
456 613 533 650 φωνή
556 610 646 647 ἡδεῖα,
662 613 680 646 ἡ
697 610 726 639 δὲ
741 613 817 649 ψυχῆ
833 611 926 650 ἀγρία,

99 657 192 684 καὶτὸ
217 656 347 696 φρόνημα
370 656 535 694 δρακόντων,
560 657 605 684 καὶ
626 657 644 691 ἡ
658 655 816 695 προαίρεσις
841 655 926 694 ἐρπη-

99 703 212 735 στικῶν,
240 700 285 728 καὶ
313 701 345 728 τὸ
375 701 489 739 βλέμμα
519 701 684 737 πυρίπνουν,
713 701 803 728 καὶτὸ
819 699 927 740 φίλημα

101 743 222 773 ἰοϐόλον·
245 745 290 773 καὶ
314 745 388 783 ἀγὼν
413 745 494 782 αὐτῇ,
511 745 588 776 ὅπως
611 747 645 782 τῇ
664 747 717 773 τῶν
734 744 825 783 λόγων
839 744 926 772 κολα-

99 789 178 825 κεία,
202 789 248 818 καὶ
276 791 311 827 τῇ
341 793 391 822 τῆς
420 790 583 827 προσόψεως
612 789 710 827 ἀπάτῃ,
740 791 784 817 καὶ
814 791 849 827 τῇ
877 791 925 818 τοῦ

100 833 258 873 φιλήματος
287 832 431 873 προσϐολῇ
459 833 577 872 ἐκπτῦσῃ
599 835 631 862 τὸ
651 834 744 871 θηρίον
759 835 804 862 τὸν
832 834 872 862 ίὸν
887 834 925 866 εἲς

97 879 142 906 τὸν
163 881 213 906 τοῦ
229 878 326 906 ἀθλίου
340 878 475 917 λάρυγγα.
505 880 656 917 Παρασύριι
671 881 735 916 γοῦν
752 878 850 906 λοιπὸν
875 880 924 914 τὴν

99 922 232 956 διάνοιαν,
254 923 299 950 καὶ
324 926 406 961 καροῖ
427 923 459 951 τό
484 924 623 963 φρόνημα,
648 924 694 951 καὶ
717 923 782 951 αὐτὸ
801 924 832 951 τὸ
858 924 924 961 ἠγε-

100 968 210 1005 μονικὸν
238 967 447 1006 ἀκρωτηριάζει,
470 968 516 995 καὶ
539 968 655 1004 ἐξίστησι
689 969 736 996 τὸν
770 971 844 996 νοῦν·
879 967 924 995 καὶ

99 1013 190 1051 ὥσπερ
229 1013 263 1040 τὰ
298 1013 428 1052 φάρμακα
465 1013 500 1040 τὰ
537 1011 666 1049 διδόμενα
693 1013 761 1051 πρὸς
790 1012 922 1050 ἀναίρεσιν

96 1060 154 1088 τοῖς
185 1057 353 1095 ἀνθρώποις,
384 1060 478 1085 σκοτοῖ
501 1058 551 1093 τὴν
581 1057 695 1094 σύνεσιν,
723 1059 767 1085 καί
792 1057 856 1085 ὅλον
875 1058 921 1085 τὸν

97 1102 241 1140 ἄνθρωπον
257 1102 296 1133 εἷς
323 1102 498 1138 ἀναισθησίαν
523 1102 671 1140 παρασύριι
697 1104 731 1139 τῇ
757 1104 806 1130 τοῦ
832 1101 922 1138 δηλη-

95 1146 193 1184 τηρίου
209 1146 361 1182 ἀποτομία,
376 1148 416 1183 τῷ
432 1146 506 1183 αὖτῷ
523 1145 599 1184 λόγῳ
613 1146 657 1174 καὶ
673 1148 690 1182 ἡ
707 1148 775 1185 γυνὴ
803 1145 847 1174 διὰ
872 1149 922 1174 τοῦ

96 1192 255 1228 φιλήματος
270 1188 454 1219 καταϐλάπτει
467 1191 513 1218 τὸν
530 1189 644 1228 λογικὸν
660 1190 801 1230 ἄνθρωπον
826 1190 922 1229 ἀλόγῳ

95 1236 171 1273 ὁρμῇ
200 1235 368 1273 ὑπαχθέντα,
395 1235 440 1263 καὶ
467 1236 499 1263 τὸ
529 1235 573 1263 διὰ
595 1235 709 1264 πολλῶν
738 1234 848 1274 χορδῶν
876 1235 921 1263 καὶ

96 1280 196 1317 ἀρετῶν
239 1279 414 1317 συγκείμενον
452 1280 591 1315 κινητικὸν
630 1279 757 1318 ὄργανον,
790 1281 821 1308 τὸ
859 1280 922 1308 αὖτ-

95 1324 227 1360 ιξούσιον,
242 1325 274 1352 τὸ
286 1324 403 1356 θεοειδὲς
416 1328 466 1360 τῆς
481 1326 584 1363 ψυχῆς,
608 1323 643 1352 δι’
658 1325 717 1357 ἐνὸς
732 1323 846 1363 δολεροῦ
872 1324 921 1363 ῥή-

97 1380 193 1406 ματος,
223 1368 241 1403 ἢ
266 1369 385 1406 χιιλέων
406 1369 581 1407 συρίσματος,
607 1370 624 1406 ἢ
648 1369 798 1408 ὀφθαλμῶν
821 1370 921 1407 νεύμα-

95 1424 151 1446 τος,
178 1414 270 1452 ὥσπερ
294 1424 321 1441 τι
346 1413 454 1452 ἄψυχον
488 1412 604 1452 ὄργανον
634 1413 687 1442 ὦδε
719 1414 827 1442 κάκεῖσι
853 1415 921 1442 ὅπου

98 1457 226 1495 βοῦλεται
257 1459 418 1496 περιφέρει,
454 1458 499 1486 καὶ
536 1458 626 1496 ὥσπερ
663 1457 783 1491 θάλασσα
819 1458 921 1495 κυμαί-

95 1512 187 1537 νουσα,
213 1502 279 1530 ὅλον
300 1502 332 1530 τὸ
358 1505 438 1539 σῶμα
459 1506 519 1534 ταῖς
543 1503 627 1539 αὑτῆς
642 1504 740 1541 ὁρμαῖς
761 1503 920 1541 παρασύρει.

98 1547 146 1575 Καὶ
161 1546 236 1575 ἔστιν
250 1546 316 1575 ἰδεῖν
333 1547 430 1575 λοιπὸν
446 1548 492 1576 τὸν
518 1546 624 1584 ἄθλιον,
650 1548 696 1576 τὸν
722 1547 848 1580 ἐλεεινὸν.
873 1548 919 1576 τὸν

96 1592 193 1622 παντὸς
209 1590 304 1619 οἴκτου
328 1591 412 1628 ἄξιον,
441 1593 488 1620 τὸν
518 1593 625 1620 συνετὸν
653 1592 679 1620 ἐν
708 1594 849 1632 φρονήσει,
874 1592 920 1620 τὸν

97 1636 134 1668 εἷς
163 1635 248 1670 ἄκρον
282 1639 478 1674 γραμματικῆς
508 1637 664 1674 ἐπιστήμης
698 1635 838 1674 ἔμπειρον,
874 1637 920 1664 καὶ

97 1684 257 1720 σοφιστικῆς
281 1681 406 1719 τεχνίτην
428 1680 615 1718 διδασκαλίας,
635 1683 681 1710 τὸν
707 1681 831 1720 ἰατρικῆς
859 1691 920 1718 μετ-

96 1718 193 1763 ἐχοντα
222 1718 389 1762 ἐπιστήμης,
418 1726 464 1754 τὸν
499 1726 634 1754 παντοίων
664 1718 795 1764 ἔμπειρον
827 1736 917 1764 γραμ-
935 1718 955 1752 C

98 1770 199 1806 μάτων,
228 1770 246 1805 ἢ
275 1771 319 1797 καὶ
347 1772 402 1798 τῶν
429 1770 507 1798 θείων
536 1770 627 1809 λόγων
656 1771 805 1809 ἀναγνώσει
825 1771 918 1798 ἐαυτὸν

96 1813 291 1849 ἐπιδεδωκότα,
318 1814 362 1842 καὶ
391 1815 437 1842 τὸν
455 1816 562 1854 μονήρη
584 1816 643 1851 βίον
670 1816 807 1848 πολλάκις
837 1815 920 1844 ἐπαν-

97 1858 238 1895 ιλόμενον,
262 1859 306 1887 καὶ
334 1859 497 1895 Ἐκκλησίας
513 1859 680 1898 προῦχοντα,
701 1860 791 1898 ὥσπερ
808 1871 832 1888 τι
850 1863 919 1895 ζῶον

96 1903 203 1935 εὐτελὶς
217 1903 335 1941 σχοινίῳ
357 1902 511 1941 δεδεμένον,
532 1905 578 1932 καὶ
601 1904 655 1933 ὦδε
679 1906 756 1933 κάκεῖ
777 1905 919 1944 ῥιπιζόμε-

95 1958 150 1975 νον·
167 1946 252 1982 ἔδησε
270 1948 320 1986 γὰρ
337 1947 382 1976 διὰ
405 1952 455 1984 τῆς
477 1948 646 1977 ἐπιπλάστου
670 1950 785 1988 ἀγάπης,
813 1949 918 1987 μᾶλλον

97 1991 133 2026 δὶ,
150 1992 174 2021 εἰ
188 1992 232 2021 δεῖ
254 1992 373 2028 τάληθὲς
398 1992 500 2032 λέγειν,
517 1998 566 2029 τῆς
589 1994 716 2032 αἲσχρᾶς,
742 1994 792 2023 Καὶ
818 1993 919 2032 γίνεται

97 2036 194 2065 λοιπὸν
218 2037 363 2077 ἐπιταφίου
389 2039 490 2076 θρήνου
506 2039 520 2066 ὁ
540 2039 665 2071 τοιοῦτος
680 2038 763 2075 ἇίξιος,
793 2039 837 2066 καὶ
868 2041 919 2074 ζῶν

96 2081 271 2119 κλαιόμενος,
301 2081 346 2109 καὶ
385 2083 526 2111 ἄποθανὼν
559 2083 742 2120 πενθούμενος
760 2105 766 2112 .
797 2083 844 2110 Καὶ
869 2084 919 2121 γὰρ

99 2129 148 2160 ζῶν
178 2126 323 2162 ἀπέθανεν,
359 2127 451 2166 ὥσπερ
490 2127 517 2156 ἐν
550 2128 628 2166 τάφῳ
655 2131 694 2165 τῷ
723 2128 785 2165 ἰδίῳ
814 2129 920 2165 σώματι

96 2173 240 2198 κατοικῶν·
280 2172 324 2199 καὶ
363 2172 517 2209 ἀποθανὼν,
557 2171 656 2204 δισσῶς
684 2173 806 2202 ἀπέθανε.
834 2173 920 2212 κρίσει

97 2216 205 2252 γιὲννης
221 2216 308 2254 πυρὸς
325 2215 434 2244 αἰωνίου
449 2216 645 2254 κολαζόμενος.

132 2261 158 2288 4.
172 2259 206 2288 Τί
222 2262 267 2287 νῦν
297 2261 396 2299 Λέγεις,
410 2262 433 2289 ὦ
446 2264 502 2289 τῶν
518 2262 619 2290 ἀθλίων
634 2262 793 2301 ἀθλιώτερε,
822 2263 845 2290 ὦ
870 2266 920 2298 τῆς

98 2303 191 2336 κακίας
220 2307 332 2342 γιῖτον;
360 2307 418 2333 Ποῦ
445 2316 494 2334 σου
520 2307 554 2335 τὰ
569 2306 653 2344 σεμνὰ
670 2305 842 2345 βαδίσματας
868 2310 922 2335 ποῦ

99 2359 146 2376 σου
167 2350 227 2386 (84)
253 2347 293 2380 εἷς
319 2348 400 2388 ἄκρον
425 2349 556 2386 «acacia;
580 2354 634 2380 ποῦ
663 2350 692 2379 δὲ
720 2352 734 2380 ὁ
761 2355 795 2387 τῆ
826 2352 921 2392 σοφίας

985 393 1107 420 fortasse
1130 393 1230 421 omnia
1253 393 1306 420 tibi
1328 393 1475 420 videntur.
1503 393 1653 421 Obturasti
1682 400 1808 428 namque

982 437 1214 471 quemadmodum
1230 437 1332 473 aspidis
1346 437 1438 465 surda:
1453 437 1474 454 ⁸⁵
1490 445 1575 465 aures
1591 439 1669 470 tuas,
1685 445 1742 464 non
1759 445 1808 464 ex-

982 481 1106 508 audiens
1119 481 1232 509 divinas
1249 482 1416 518 Scripturas
1431 491 1437 509 :
1454 490 1487 509 ac
1512 483 1652 517 prmterea
1674 483 1733 509 tute
1748 481 1810 517 ipse

984 524 1108 553 ferinum
1136 526 1165 553 in
1191 526 1311 554 modum
1335 528 1470 554 naturam
1493 525 1615 554 mutasti
1633 528 1726 561 tuam,
1745 526 1812 553 ferae

981 569 1172 598 contubernio
1189 570 1320 598 moribus
1336 569 1443 598 similis
1465 570 1546 598 illius
1570 570 1709 598 effectus:
1727 570 1812 605 cujus

982 614 1101 649 quidem
1117 615 1205 642 verba
1220 614 1365 651 elegantia
1380 617 1461 650 sunt,
1475 618 1505 643 et
1518 623 1572 642 vox
1583 615 1728 650 jucunda,
1745 615 1812 642 ani—

982 666 1030 686 ma
1046 666 1112 686 vero
1128 659 1263 695 agrestis,
1280 662 1310 687 et
1325 667 1408 687 mens
1428 660 1602 693 draconum,
1625 659 1811 696 propositum

981 703 1196 739 strpentinum,
1211 704 1333 732 obtutus
1357 704 1453 740 ignem
1479 704 1605 740 spirans,
1626 706 1654 732 et
1674 703 1810 732 osculum

980 755 1125 776 venenum
1141 748 1291 784 ejaculans
1307 749 1391 784 cujus
1416 749 1546 777 studium
1570 756 1657 776 omne
1680 750 1733 782 est,
1752 756 1809 784 quo

981 793 1069 820 modo
1087 793 1146 820 fera
1161 794 1314 821 verborum
1330 793 1593 827 assentationibus,
1610 793 1711 820 fraude
1727 800 1809 829 aspe-

981 838 1059 869 ctus,
1075 839 1104 865 et
1116 837 1208 865 osculi
1223 838 1416 873 impressione
1425 846 1570 866 venenum
1582 838 1611 865 in
1629 837 1727 865 miseri
1741 839 1808 873 gut-

980 883 1029 908 tur
1045 882 1189 910 infundat.
1205 881 1318 918 Abripit
1341 891 1409 919 ergo
1434 884 1566 910 actutum
1587 881 1807 918 cogitationem,

980 925 1159 954 intellectum
1176 926 1323 960 obtundit,
1341 927 1482 955 rationem
1500 927 1595 962 ipsam
1611 926 1809 960 obtruncat,et

980 972 1108 998 mentem
1125 971 1265 1007 percellit.
1282 971 1316 999 Et
1334 971 1422 999 veluti
1440 970 1636 999 medicamina
1650 978 1715 1006 quae
1734 970 1808 998 dan-

979 1016 1028 1042 tur
1042 1015 1212 1043 hominibus
1224 1018 1256 1043 ut
1270 1024 1285 1044 e
1302 1016 1398 1044 medio
1410 1015 1666 1050 tollantur,veneni
1683 1014 1810 1043 acrimo-

979 1059 1027 1087 nia
1042 1060 1147 1088 rationi
1163 1061 1298 1088 tenebras
1309 1061 1477 1091 offundunt,
1490 1062 1647 1096 totumque
1657 1059 1809 1087 hominem

978 1104 1008 1131 in
1025 1106 1174 1140 stuporem
1192 1107 1302 1141 agunt:
1316 1105 1393 1133 haud
1411 1113 1496 1132 secus
1512 1104 1617 1132 mulier
1632 1111 1809 1140 quoqueper

977 1148 1111 1176 osculum
1128 1149 1204 1177 male
1219 1149 1310 1177 afﬁcit
1326 1149 1500 1177 rationalem
1523 1148 1675 1176 hominem
1691 1147 1814 1175 irratio-i

977 1193 1036 1220 nali
1052 1193 1163 1229 impetu
1180 1193 1315 1228 delatum,
1332 1193 1492 1230 ipsumque
1515 1193 1618 1221 multis
1643 1192 1763 1220 chordis
1778 1194 1808 1220 et

977 1238 1088 1266 viribus
1103 1240 1242 1266 constans
1251 1238 1359 1266 mobile
1370 1237 1684 1274 organum,arbitrium
1696 1236 1805 1273 ipsum,

977 1285 1006 1310 et
1020 1283 1148 1311 divinam
1164 1283 1268 1310 animae
1295 1282 1452 1319 imaginem
1468 1282 1554 1310 unico
1578 1282 1680 1309 doloso
1706 1281 1804 1316 verbo,

977 1329 1028 1355 aut
1045 1327 1189 1355 labiorum
1205 1327 1303 1360 sibilo,
1313 1327 1358 1355 vel
1374 1326 1526 1355 oculorum
1537 1326 1629 1360 nictu,
1643 1334 1695 1354 ceu
1711 1326 1805 1361 quod-

976 1372 1043 1399 dam
1057 1372 1186 1400 inanime
1202 1380 1345 1408 organum
1357 1371 1414 1399 huc
1425 1371 1505 1403 illuc,
1518 1379 1574 1407 quo
1590 1370 1663 1403 vult,
1677 1369 1804 1397 circum-

977 1416 1048 1452 agit,
1065 1419 1093 1444 et
1106 1416 1195 1444 veluti
1211 1425 1291 1445 mare
1310 1418 1486 1448 exaestuans,
1502 1417 1595 1443 totum
1612 1422 1717 1450 corpus
1733 1422 1802 1449 pro-

977 1462 1039 1497 prio
1055 1461 1163 1497 abripit
1179 1461 1299 1497 impetu.
1317 1461 1410 1493 Quare
1425 1460 1494 1488 licet
1514 1459 1613 1487 videre
1629 1459 1706 1486 hunc
1721 1460 1804 1486 crate.

975 1505 1081 1541 roquin
1098 1505 1249 1538 miserum,
1263 1505 1341 1533 hunc
1359 1505 1504 1532 infelicem
1518 1503 1710 1536 hominem,et
1723 1503 1802 1531 omni

975 1550 1097 1586 dignum
1112 1549 1321 1582 misericordia,
1335 1549 1413 1577 hunc
1424 1549 1587 1585 sapientem
1600 1547 1804 1584 intelligentia,

976 1595 1148 1631 huncquam
1162 1595 1288 1622 maxime
1299 1594 1491 1630 grammatica
1502 1593 1661 1630 pollentem
1671 1592 1805 1629 scientia,

975 1642 1003 1668 et
1017 1640 1183 1676 sophisticae
1197 1639 1372 1675 magistrum
1384 1638 1638 1675 disciplinm,huno
1650 1637 1803 1666 medicinae

975 1684 1079 1721 peritia
1093 1683 1257 1718 callentem,
1275 1683 1352 1712 hunc
1367 1683 1455 1711 variis
1476 1683 1625 1711 imbutum
1639 1682 1756 1716 litteris,
1773 1684 1802 1710 et

975 1729 1024 1765 qui
1041 1737 1072 1757 se
1086 1728 1131 1757 vel
1147 1729 1311 1757 divinorum
1328 1735 1496 1757 sermonum
1512 1727 1631 1756 lectioni
1643 1727 1799 1763 dediderit,

975 1782 1007 1802 ac
1024 1774 1216 1802 monasticam
1232 1773 1319 1801 vitam
1337 1773 1444 1809 saepius
1460 1772 1547 1801 fuerit
1568 1772 1729 1808 professus,
1745 1772 1799 1799 Ec-

974 1818 1069 1847 clesia)
1083 1819 1152 1847 item
1169 1818 1326 1854 praefuerit,
1337 1825 1389 1846 ceu
1400 1817 1456 1844 vile
1465 1817 1612 1852 quoddam
1625 1816 1796 1851 jumentum

975 1866 1052 1891 reste
1067 1863 1244 1895 devinctum,
1257 1867 1283 1890 et
1299 1862 1357 1890 huc
1370 1861 1499 1897 illucque
1509 1861 1698 1897 exagitatam.
1711 1859 1797 1887 Illum

974 1908 1052 1935 enim
1073 1906 1419 1945 devincivilgadulterina
1442 1905 1595 1941 charitate,
1616 1906 1703 1941 atque
1727 1904 1800 1932 adeo

974 1952 1063 1988 turpi,
1080 1951 1105 1980 si
1120 1951 1186 1979 licet
1205 1951 1283 1987 quod
1299 1959 1398 1979 verum
1421 1951 1466 1978 est
1483 1950 1588 1978 dicere.
1604 1949 1801 1982 Quamobrem

974 1997 1007 2024 fit
1022 1996 1077 2024 iste
1095 1995 1210 2024 funebri
1234 1995 1440 2023 lamentatione
1455 1994 1579 2031 dignus;
1608 1996 1639 2021 ut
1664 1996 1693 2021 et
1718 1993 1802 2020 vivus

973 2041 1124 2074 defleatur,
1141 2043 1172 2069 ot
1186 2042 1320 2068 mortuus
1339 2039 1485 2075 lugeatur.
1510 2038 1600 2065 Vivus
1617 2038 1696 2065 enim
1725 2044 1804 2064 mor-

975 2089 1043 2113 tuus
1058 2087 1131 2118 erat,
1147 2085 1297 2121 proprium
1312 2092 1418 2119 corpus
1433 2082 1517 2119 quasi
1533 2082 1703 2118 sepulcrum
1719 2080 1804 2108 inbu-

975 2131 1074 2158 bitans
1085 2137 1092 2157 :
1102 2130 1163 2158 vita
1176 2137 1243 2157 vero
1259 2129 1417 2157 defunctus
1432 2126 1589 2163 dupliciter
1603 2127 1737 2154 mortuus
1747 2126 1804 2159 est,

976 2184 1061 2212 poena
1074 2175 1214 2212 gehennae
1230 2174 1307 2210 ignis
1319 2173 1418 2201 aeterni
1435 2173 1605 2200 damnatus.

1011 2264 1038 2292 4.
1054 2264 1128 2298 Quid
1144 2272 1221 2292 nunc
1247 2263 1303 2296 ais,
1318 2271 1334 2290 ο
1359 2261 1520 2290 infelicium
1545 2260 1701 2289 hominum
1730 2259 1806 2287 infe-

975 2309 1128 2342 licissimo,
1145 2317 1161 2337 ο
1177 2307 1295 2336 sceleris
1314 2306 1518 2336 contermina?
1535 2305 1588 2334 Ubi
1604 2307 1674 2333 sunt
1698 2304 1741 2332 tui
1763 2303 1806 2332 illi

977 2362 1080 2390 graves
1092 2353 1225 2381 incessus
1236 2352 1250 2380 ?
1261 2352 1310 2380 ubi
1323 2354 1375 2380 tua
1390 2351 1441 2379 illa
1456 2358 1574 2379 summa
1589 2349 1714 2378 eruditio
1725 2349 1740 2377 ?
1755 2347 1807 2377 ubi

99 2393 238 2430 κάματοςς
267 2396 320 2422 ποῦ
349 2405 397 2423 σου
425 2396 457 2423 τὸ
486 2397 583 2433 σεμνὸν
599 2398 653 2425 τῶν
680 2396 806 2435 τρόπων;
822 2399 876 2425 ποῦ
889 2399 921 2426 τὸ

981 2399 1010 2426 in
1025 2397 1200 2434 sapientiam
1217 2397 1371 2433 lmpensus
1386 2395 1491 2424 labor?
1507 2394 1557 2422 ubi
1572 2392 1732 2422 venerandi
1749 2400 1808 2420 mo-

101 2436 247 2473 ιῦτακτον;
276 2440 330 2466 ποῦ
368 2439 396 2466 αἱ
433 2439 590 2472 πλειστάκις
629 2441 840 2474 ἐπιτελεσθεῖσαι
871 2442 922 2470 ὑπὸ

101 2484 148 2509 σοῦ
163 2482 313 2520 χαμευνίαι
328 2487 378 2519 τῆς
392 2483 555 2524 φιλοσοφίας
569 2484 668 2524 χοίρως
699 2488 752 2514 ποῦ
766 2487 783 2521 ἡ
799 2487 902 2518 σύνεσις
915 2496 922 2522 ;

100 2528 151 2554 ποῦ
165 2527 198 2555 τὸ
223 2526 374 2566 φιλόθεονς
398 2531 451 2557 ποῦ
478 2530 510 2557 τὸ
535 2530 714 2568 φιλόχριστόν
739 2542 808 2566 σου;
837 2530 926 2560 Ἀλλὰ

103 2570 209 2599 τούτων
227 2572 332 2609 μακρὰν
347 2572 440 2612 ἐγένου
463 2573 538 2611 κακῷ
557 2575 645 2612 θηρίῳ
661 2577 831 2611 συνοικήσας,
858 2575 927 2613 μᾶλ-

103 2614 148 2643 λον
165 2615 195 2644 δὶ
219 2616 314 2645 ἑαυτὸν
340 2617 378 2650 εἰς
398 2619 444 2646 τὸν
468 2622 520 2654 τῆς
541 2619 679 2652 ἀπωλείας
698 2621 830 2658 τάρταρον
857 2620 928 2659 ἐνέρο

105 2659 195 2696 ῥίψας.
226 2660 272 2692 Τίς
299 2661 352 2700 γάρ
380 2673 409 2690 σε
438 2663 586 2701 ἠνάγκασεν
615 2664 654 2695 εἰς
677 2665 708 2692 τὸ
733 2666 783 2698 τῆς
809 2675 928 2702 παρανο-

107 2704 168 2740 μίας
196 2705 374 2744 ἐργαστήριον
402 2706 528 2743 stativum;
545 2708 594 2737 Τίς
618 2707 647 2736 δέ
675 2709 866 2748 σιήνάγκασεν
892 2710 931 2741 εἰς

104 2748 150 2775 τὸν
179 2748 264 2785 αὐτῆς
293 2749 415 2789 κόλπον,
445 2751 536 2790 ὥσπερ
568 2752 606 2784 εἷς
632 2753 711 2792 βυθὸν
740 2753 932 2792 ἆγριαινούσης

141 2807 164 2824 ⁵⁵
178 2807 258 2836 Psal.
275 2817 342 2845 Lvn,
357 2810 386 2838 5.

142 2855 201 2891 (84)
217 2856 406 2888 Desideratur
419 2858 562 2888 articulus
578 2859 608 2894 ἡ.
623 2859 701 2888 Enn.

978 2451 1024 2471 res
1035 2443 1049 2470 ‘I
1065 2442 1114 2470 ubi
1131 2441 1297 2470 modestia?
1312 2441 1376 2474 ubi,
1393 2448 1468 2477 quas
1494 2446 1696 2475 szepenumero
1713 2437 1808 2465 fecisti

979 2487 1062 2516 humi
1077 2487 1248 2515 cubationes
1264 2487 1383 2521 propter
1398 2483 1612 2521 philosOpbiam
1623 2483 1638 2511 7
1653 2483 1701 2510 ubi
1718 2481 1805 2509 intel-

978 2531 1124 2568 ligentia?
1138 2530 1186 2559 ubi
1203 2530 1296 2566 pietas
1311 2529 1340 2557 in
1358 2530 1448 2557 Deum
1459 2529 1473 2555 ν
1488 2529 1538 2556 ubi
1563 2535 1646 2555 amor
1670 2527 1701 2554 in
1725 2525 1809 2553 Chri-

981 2579 1060 2605 stum
1070 2576 1084 2604 ?
1100 2577 1132 2603 At
1147 2575 1224 2603 enim
1233 2575 1268 2602 ab
1281 2574 1361 2602 hisce
1372 2573 1459 2602 rebus
1470 2573 1554 2608 longe
1569 2570 1713 2600 recessisti
1725 2568 1808 2596 mala!

982 2621 1047 2648 ferae
1063 2629 1136 2649 usus
1152 2618 1354 2652 contubernio,
1371 2620 1458 2653 atque
1475 2617 1547 2644 adeo
1570 2618 1597 2643 te
1614 2616 1676 2651 ipse
1691 2614 1720 2640 in
1739 2620 1809 2648 per-

983 2665 1106 2693 ditionis
1127 2665 1272 2692 tartarum
1301 2662 1479 2699 precipitem
1507 2659 1602 2695 egisti.
1633 2658 1704 2691 Quis
1729 2656 1809 2685 enim

985 2709 1080 2744 coegit
1095 2711 1135 2744 te,
1153 2709 1194 2737 uti
1218 2705 1463 2744 prevaricationis
1485 2706 1610 2731 intrares
1634 2701 1782 2730 ofﬁcinam
1798 2702 1810 2728 Ρ

986 2754 1096 2790 Ecquis
1109 2761 1176 2782 vero
1192 2751 1311 2788 impulit
1324 2753 1363 2784 te,
1378 2751 1410 2778 ut
1424 2749 1524 2777 sinum
1539 2747 1619 2776 illius
1642 2746 1727 2783 quasi
1745 2754 1813 2783 pro-
