2011 3142
232 174 290 204 819

702 171 899 202 APPENDIX
922 171 1084 202 OPERUM
1110 171 1141 201 S.
1168 171 1310 201 BASILll
1335 171 1471 201 MAGNI.

1864 173 1914 204 820

231 239 357 267 fundum
373 238 477 266 iuriosi
495 237 585 266 maris
600 238 716 266 subires
729 239 739 265 ε)
754 238 829 267 685
847 238 995 266 Numnam
1027 237 1063 264 li-

1122 235 1259 272 θαλάσσης
1275 234 1395 264 εἰσδῦναι
1411 246 1418 271 ;
1449 236 1494 271 Μὴ
1523 236 1575 274 γὰρ
1592 235 1641 264 οὐκ
1655 237 1724 271 ἦσθα
1750 236 1899 272 αὖτεξούσιος

170 304 178 312 .
233 283 357 312 bertatis
372 283 494 311 carebas
509 283 629 311 arbitrio
640 283 654 310 ‘2
676 285 736 311 Tuo
752 286 780 311 te
796 282 893 319 gladio
905 281 1061 319 jugulasti.

234 329 378 362 Quoniam
394 328 528 363 noluisti,
545 330 707 363 antequam
731 328 853 356 morbus
868 328 944 355 vires
966 326 1066 363 acqui-

237 375 324 408 reret,
340 372 487 400 dimittere
510 381 526 400 a
542 374 570 400 te
585 372 659 400 hanc
679 381 784 400 noxam
798 382 805 407 ;
823 372 930 400 veritus
945 372 1065 400 omnino

236 426 267 445 es
284 426 320 445 ne
336 419 449 445 secreta
459 420 510 444 tua
521 416 570 444 illa
581 417 611 444 in
623 417 808 453 triumphum
826 419 923 453 ageret
933 416 1065 453 expulsa.

241 465 277 489 At
292 462 432 498 quianam
448 461 489 489 illi
506 462 712 489 committebas
728 464 850 496 secreta,
868 470 930 498 qua
946 461 1023 497 apud
1039 463 1067 489 te

241 507 350 542 optime
375 506 504 542 reposita
527 506 632 534 erant?
655 505 791 540 Nunquid
816 506 970 534 arctabant
994 509 1021 534 te
1036 506 1066 533 in

236 551 384 579 thesauris
409 551 558 587 sapientia:
583 553 641 578 tua:
665 550 840 579 recondita?
864 550 982 586 Deinde,
999 558 1066 578 eum

238 595 289 631 qui
304 595 340 623 ab
357 594 440 623 oculo
456 595 574 623 dextero
591 604 644 623 suo
660 595 832 623 scandalum
845 595 1069 631 patiaturJubet

237 640 403 675 Sospitator
417 648 451 667 ac
462 640 605 668 Dominus
618 642 716 668 noster
724 640 810 667 Jesus
822 639 956 667 Christus
970 639 1068 675 unige-

238 684 320 712 nitus
333 684 383 712 Dei
399 683 500 717 Filius,
513 687 546 712 ut
556 693 608 720 per
618 685 722 719 seipse
736 683 891 712 abscindat
902 684 1068 712 membrum

240 729 317 764 quod
335 729 509 757 scandalum
526 729 621 765 parit;
639 732 666 757 et
681 732 711 756 tu
729 737 790 756 rem
806 729 945 756 iniestam
963 731 991 756 et
1011 728 1068 756 ini-

241 772 355 807 micam,
372 781 435 809 qua:
452 782 510 800 non
527 773 611 801 modo
635 773 809 802 scandalum
826 773 875 801 sed
893 775 921 801 et
947 774 1070 801 mortem

242 817 331 844 infert
345 816 461 851 animae,
478 825 535 845 non
552 817 632 853 ejicis
649 818 701 845 abs
716 817 767 845 te?
782 817 894 845 Dilecta
916 817 993 845 enim
1008 820 1070 845 esto

243 870 296 898 per
319 860 468 889 Christum
493 861 670 890 salutatione
694 864 805 890 tenus:
827 862 905 897 quod
926 861 950 889 si
967 862 1070 890 anima:

246 904 335 941 obsit,
351 913 388 933 ne
403 905 549 934 salutetur
563 915 596 934 ea
611 906 739 942 quidem.
757 906 876 941 lnvisat,
892 905 970 940 licet,
981 914 1071 942 aegro-

246 951 331 986 tum;
355 958 408 978 nec
431 952 530 978 tamen
554 951 628 979 bene
642 950 751 979 valenti
767 950 940 979 oﬂ'endiculo
954 951 1003 985 sit,
1020 959 1072 979 seu

253 997 385 1030 tempore
408 996 550 1032 angustiae
574 997 603 1024 et
626 995 848 1031 persecutionis,
864 995 924 1023 sive
939 995 1072 1023 etiamin

251 1038 383 1067 ecclesia.
400 1039 542 1072 Quoniam
559 1048 661 1068 omnes
681 1049 758 1068 unus
781 1048 885 1068 sumus
901 1039 931 1068 in
947 1039 1072 1075 Christo,

250 1083 302 1111 sed
318 1092 396 1112 nunc
412 1092 468 1112 non
484 1093 597 1113 sumus.
609 1085 645 1113 Ut
656 1085 748 1121 quid?
761 1084 898 1121 quoniam
911 1093 964 1113 nos
975 1084 1072 1112 renui-

250 1136 326 1162 mus,
341 1129 526 1164 praeferentes
543 1130 675 1158 fraterna:
690 1129 837 1158 dilectioni
851 1130 951 1158 odium
968 1129 1073 1157 frater-

214 1167 218 1172 ’
247 1181 329 1201 num.
345 1174 386 1201 Ne
401 1174 573 1202 scandalum
593 1175 714 1211 parietis
726 1176 871 1208 mundo,o
882 1183 934 1203 vos
945 1175 995 1210 qui
1007 1182 1070 1202 mu-

244 1216 331 1245 lieres
347 1218 376 1245 in
392 1219 584 1247 contubernio
600 1219 725 1247 habetis.
751 1219 892 1255 Nunquid
916 1219 994 1247 enim
1018 1218 1072 1246 tibi

244 1270 363 1290 uxorem
379 1262 485 1290 ducere
501 1263 653 1299 Scriptura
668 1272 726 1291 non
744 1263 891 1291 indulsit?
907 1263 985 1291 Facti
1000 1263 1072 1291 estis

243 1306 389 1334 etJudaeie
400 1308 428 1334 et
436 1307 596 1343 gentilibus
605 1310 634 1335 et
645 1307 778 1335 Ecclesia:
792 1307 842 1335 Dei
853 1307 1070 1335 oﬂ‘endiculum.

229 1383 231 1385 ι
243 1350 346 1378 Utrum
362 1351 510 1379 adversari
528 1352 637 1380 divinis
646 1352 776 1380 nitimini
789 1352 959 1388 Scripturis,
972 1361 1005 1380 ac
1015 1352 1071 1380 Do-

243 1394 357 1423 minum
373 1395 587 1424 exstimulatis?
597 1399 641 1423 An
656 1396 788 1424 fortiores
799 1396 871 1424 estis
887 1395 936 1424 illo
945 1396 958 1424 ?
968 1396 1070 1432 Respi-

241 1439 296 1467 cite
311 1439 513 1468 infirmitatem
529 1443 668 1476 vestram,
688 1441 851 1469 erubescite
872 1441 1006 1469 morbum
1022 1448 1071 1469 ve-

241 1486 347 1519 strum,
357 1487 454 1513 curate
465 1493 516 1513 vos
531 1487 663 1522 tempore
674 1488 1011 1522 opportuno,antequam
1024 1493 1070 1513 re-

240 1530 326 1564 pente
341 1529 426 1564 quasi
442 1529 541 1566 fulgur
556 1530 743 1566 ingeminans
759 1530 910 1566 contingat
925 1530 1070 1558 adventus

238 1572 320 1608 ejus;
334 1575 401 1601 ante
417 1573 566 1602 ﬂammam
583 1574 671 1611 ignis,
697 1577 764 1602 ante
784 1575 919 1603 tenebras
945 1574 1068 1602 exterio-

1121 280 1353 318 Δύτοκατάκριτον
1393 281 1489 309 σαυτὸν
1529 280 1699 316 πεποίηκας.
1736 280 1839 316 Ἐπειδὴ
1876 282 1916 309 οὐκ

1120 323 1282 361 ἠϐουλήθης
1316 326 1369 363 πρὸ
1397 329 1447 361 τῆς
1477 327 1527 352 τοῦ
1555 325 1658 358 πάθους
1685 327 1773 363 ἀκμῆς
1799 325 1915 354 ἀπολῦσαι

1121 370 1173 397 ἀπὸ
1203 373 1250 397 σοῦ
1279 371 1309 398 τὸ
1340 370 1484 408 ἀργαλέον,
1512 370 1603 402 πάτως
1628 381 1680 398 που
1709 368 1860 407 ηὐλαϐήῢης
1885 373 1915 407 μὴ

1121 425 1168 442 σου
1206 415 1238 442 τὰ
1269 416 1406 452 μυστήρια
1441 413 1609 453 θριαμϐεόσῃ
1642 413 1809 450 ἐκϐληθεῖσα.
1843 415 1870 442 Τί
1894 415 1916 443 δὲ

1122 460 1190 496 αὐτῇ
1206 459 1251 487 καὶ
1274 459 1397 487 ἀνετίθου
1422 461 1558 497 μυστήρια
1581 461 1614 487 τὰ
1637 459 1664 488 ἐν
1691 460 1732 488 σοὶ
1756 459 1841 491 καλῶς
1861 460 1917 487 ἆπο-

1121 504 1245 540 κείμενα;
1261 505 1306 539 Μή
1332 504 1383 542 γὰρ
1412 504 1595 543 στενοχωρίαν
1619 505 1734 542 παρεῖχὲ
1762 515 1802 531 σοι
1832 503 1854 531 ἐν
1879 505 1917 539 θη-

1105 552 1230 587 ,σαυροῖς
1247 548 1341 588 σοφίας
1357 560 1404 577 σου
1420 548 1630 586 φυλαττόμενας
1658 549 1723 578 Εἶτα
1740 549 1785 577 τὸν
1812 549 1854 585 μὶν
1879 549 1919 576 ὑπό

1121 595 1169 621 τοῦ
1190 592 1260 621 ἰδίου
1285 592 1372 629 δεξιοῦ
1404 593 1549 631 ὀφθαλμοῦ
1574 592 1825 630 σκανδαλιζόμενον,
1849 603 1919 629 παρα-

1122 638 1260 666 κελεύεται
1283 638 1296 666 ὀ
1325 639 1422 676 Σωτὴρ
1447 639 1492 666 καὶ
1515 638 1617 676 Κύριος
1638 639 1719 675 ἡμῶν
1747 639 1846 673 Ἰησοῦς
1867 639 1908 675 Χρι

1123 683 1185 714 στὸς
1211 683 1225 710 ὁ
1256 683 1405 721 μονογενὴς
1435 683 1497 714 Υἱὸς
1524 685 1572 711 τοῦ
1588 685 1665 718 Θεοῦ,
1681 683 1759 710 αὐτὸν
1785 681 1818 710 δι’
1843 683 1921 710 ἑαυτοῦ

1123 727 1263 755 ἐκκόπτειν
1291 727 1323 755 τὸ
1352 725 1529 762 σκανδαλίζον
1562 726 1655 764 μέλος.
1680 727 1718 754 Σὺ
1733 726 1761 754 δὲ
1776 727 1868 764 ἐχθρὸν
1887 726 1921 754 καὶ

1124 771 1241 799 ἐναντίον
1266 775 1388 810 πρᾶγμα,
1417 771 1449 799 τὸ
1475 772 1513 808 μὴ
1544 772 1625 809 μόνον
1656 770 1837 807 σκανδαλίζον,
1863 770 1922 798 ἀλλὰ

1123 817 1168 845 καὶ
1185 817 1315 844 θανατοῦν
1339 817 1388 851 τὴν
1414 817 1516 854 ψυχὴν,
1545 816 1594 844 οὐκ
1623 814 1766 848 ἐκϐάλλεις
1794 816 1843 843 ἀπὸ
1867 817 1920 849 σοῦ;

1125 862 1268 899 Ἀγαπητή
1299 862 1350 899 γὰρ
1376 860 1436 896 ἤτω
1461 860 1505 889 διὰ
1534 861 1648 899 Χριστὸν
1672 860 1725 893 ἓως
1751 863 1798 888 τοῦ
1824 860 1920 898 χαίρειν·

1125 906 1169 934 ἰὰν
1186 905 1214 934 δὲ
1240 905 1348 944 βλάπτῃ
1373 907 1477 944 ψυχήν,
1512 904 1581 943 μηδὲ
1594 905 1626 933 τὸ
1640 905 1746 944 χαίρειν
1762 905 1838 942 αὐτῇ·
1858 904 1923 941 μόνον

1128 951 1320 987 ἐπισκέψασθαι
1359 951 1541 986 ἀσθενοῦντα,
1571 949 1616 977 καὶ
1649 950 1687 986 μὴ
1715 950 1762 977 τὸν
1792 949 1923 986 ὑγιαίνοντα

1127 993 1314 1030 σκανδαλίσαι,
1342 994 1359 1029 ἢ
1388 993 1414 1022 ἐν
1443 997 1529 1032 καιρῷ
1554 993 1683 1032 θλίψεως,
1711 993 1843 1031 διωγμοῦ,
1867 992 1882 1027 ἢ
1904 991 1923 1018 ἐν

1127 1038 1269 1075 ἓκκλησίᾳ’
1308 1038 1402 1073 ἐπειδή
1441 1040 1537 1070 πάντες
1575 1040 1614 1070 εἷς
1654 1039 1733 1075 ἐσμεν
1770 1038 1795 1065 ἐν
1826 1039 1924 1075 Χριστῷ,

1127 1083 1199 1112 ἀλλὰ
1221 1086 1267 1111 νῦν
1284 1083 1336 1111 οὐκ
1363 1083 1452 1120 ἐσμὲν.
1479 1083 1528 1111 Διὰ
1552 1083 1599 1119 τί,
1626 1082 1721 1117 ἐπειδὴ
1739 1083 1816 1119 ἡμεῖς
1830 1081 1860 1109 οὗ
1874 1082 1924 1119 βου-

1127 1127 1241 1165 λόμεθα,
1272 1128 1491 1166 προτιμήσαντες
1516 1128 1567 1162 τήν
1596 1126 1776 1166 μισαδελφίαν
1802 1130 1849 1162 τῆς
1874 1125 1924 1164 φιλ-

1126 1171 1266 1211 αδελφίας.
1283 1173 1328 1207 Μὴ
1346 1171 1533 1207 σκινδαλίζετε
1558 1172 1604 1200 τὸν
1635 1173 1751 1209 κόσμον,
1768 1172 1793 1199 οἱ
1816 1172 1859 1201 τὰς
1878 1181 1924 1198 συν-

1127 1217 1266 1249 εισάκτους
1288 1214 1410 1254 ἔχοντες.
1442 1218 1488 1252 Μὴ
1513 1217 1564 1255 γὰρ
1586 1216 1675 1254 γῆμαί
1698 1227 1728 1244 σε
1742 1218 1760 1252 ἡ
1776 1217 1862 1253 Γραφὴ
1885 1214 1924 1242 οὐκ

1127 1262 1274 1300 ἑπέτρεψες
1304 1261 1432 1300 Γεγόνατε
1463 1261 1508 1289 καὶ
1535 1260 1678 1293 Ἰουδαίοις
1695 1284 1703 1297 ,
1743 1261 1787 1289 καὶ
1813 1260 1924 1294 Ἕλλησι,

1126 1306 1170 1334 καὶ
1199 1308 1234 1343 τῇ
1259 1305 1408 1342 Ἐκκλησίᾳ
1426 1308 1474 1333 τοῦ
1491 1308 1557 1334 Θεοῦ
1572 1306 1751 1344 πρόσκομμα.
1775 1307 1810 1334 Ἦ
1835 1304 1924 1332 ἀντιπί-

1125 1361 1200 1378 πτειν
1215 1354 1275 1383 ταῖς
1291 1350 1380 1389 ἁγίαις
1405 1354 1523 1390 Γραφαῖς
1548 1351 1722 1389 ἰπιχειρεῐτι,
1753 1350 1794 1379 καὶ
1822 1351 1924 1386 παραζη-

1126 1395 1207 1423 λοῦτε
1229 1396 1275 1423 τὸν
1311 1395 1428 1433 Κύριον;
1463 1397 1507 1431 Μὴ
1542 1394 1717 1434 ἰσχυρότεροι
1757 1394 1835 1422 αὐτοῦ
1864 1393 1924 1426 tm;

1126 1439 1298 1477 Ἑμϐλὲῴαιτε
1331 1440 1370 1472 εἰς
1401 1441 1450 1475 τήν
1484 1441 1585 1468 ἑαυτῶν
1607 1439 1757 1476 ἀσθένειαν,
1785 1438 1926 1476 αἰσχύνθητε

1124 1484 1155 1512 τὸ
1185 1485 1286 1512 ἑαυτῶν
1314 1485 1411 1520 πάθος,
1441 1484 1621 1522 θεραπεύσατε
1646 1484 1779 1519 ἑαυτοὺς,
1806 1484 1830 1511 ἐν
1854 1483 1926 1518 καιρῷ

1125 1528 1236 1566 εὐθέτῳ,
1264 1529 1327 1566 πρέν
1356 1529 1374 1564 ἢ
1407 1529 1517 1565 ἕξάπινα
1532 1530 1569 1561 ὡς
1598 1530 1722 1567 ἀστραπὴ
1750 1528 1830 1567 ἀθρόα
1842 1526 1926 1562 ἤξειὴ

1125 1574 1208 1601 αὐτοῦ
1224 1573 1368 1612 παρουσία.
1394 1574 1457 1612 πρὶν
1479 1573 1496 1608 ἢ
1522 1573 1672 1612 πυρφόρος,
1703 1574 1769 1612 πρὶν
1798 1573 1884 1602 σκότος
1902 1570 1925 1597 τὸ

237 1624 295 1652 res,
308 1619 376 1645 ante
400 1619 696 1653 consummationem,
713 1621 780 1647 ante
795 1627 923 1647 vermem
940 1619 991 1655 qui
1007 1627 1066 1647 non

1123 1617 1264 1656 ἐξώτερον,
1304 1619 1368 1656 πρὶν
1406 1618 1545 1647 συντέλεια
1573 1619 1616 1646 καὶ
1647 1617 1760 1654 σκώληξ
1784 1617 1924 1654 ἀκοίμητος.

237 1661 372 1690 moritur.
389 1663 557 1691 Trementes
573 1664 700 1693 dicimus
714 1673 720 1698 ;
743 1673 809 1692 cum
834 1665 939 1692 timore
954 1664 1064 1699 audite,

237 1714 291 1734 nec
305 1714 357 1742 pro
374 1707 533 1735 deridiculo
549 1716 595 1736 res
610 1708 753 1737 habeatur
769 1717 776 1737 :
795 1708 847 1736 fllii
871 1709 923 1736 Dei
945 1710 1067 1737 tartare-

236 1758 302 1778 rum
318 1749 444 1779 vinculis
458 1751 618 1780 traduntur
630 1755 748 1789 propter
764 1753 930 1781 mulierem.

271 1804 298 1832 5.
314 1806 353 1832 At
366 1805 444 1833 enim
463 1805 543 1834 dices
560 1814 565 1833 :
589 1806 663 1834 Cum
679 1807 733 1835 hac
748 1807 897 1841 habitans,
917 1815 974 1834 non
992 1807 1065 1835 mihi

237 1849 413 1877 detrimento
428 1853 482 1878 est.
502 1852 530 1878 Si
547 1851 666 1879 draconi
681 1860 749 1879 cum
766 1851 868 1888 aspide
882 1852 999 1888 degenti
1016 1853 1064 1880 de-

236 1893 409 1921 trimentum
425 1894 540 1922 nullum
555 1898 610 1929 est,
623 1896 743 1923 omnino
758 1904 810 1924 nec
826 1895 878 1924 tibi
893 1896 959 1924 erit.
972 1896 1064 1924 Draco

236 1937 314 1964 enim
329 1937 380 1973 qui
395 1946 462 1965 cum
487 1939 621 1967 dracaena
635 1940 725 1968 simul
740 1931 829 1977 degit,
847 1944 970 1968 mortem
987 1941 1063 1969 acci-

236 1981 278 2016 pit
292 1981 339 2009 sui
354 1983 518 2011 mercedem
534 1984 684 2012 convictus
700 1993 707 2013 :
731 1984 903 2020 bujusmodl
918 1988 964 2013 est
985 1986 1063 2014 enim

234 2025 315 2053 illius
331 2026 397 2054 ferale
413 2026 528 2055 feminae
543 2030 659 2056 natura.
682 2029 753 2057 Vide
778 2037 858 2065 ergo,
875 2038 911 2057 ne
935 2030 1006 2066 quid
1023 2030 1062 2058 si-

233 2069 302 2098 mile
317 2070 426 2099 habeat
449 2073 478 2099 et
504 2071 638 2101 mulieris
653 2073 816 2109 negotium.
834 2073 1020 2102 Proferamus
1036 2075 1064 2101 et

234 2115 384 2150 specimen
400 2116 559 2151 quoddam,
579 2119 610 2145 ut
621 2118 778 2146 rationales
794 2118 929 2146 homines
941 2118 1062 2146 convin-

234 2167 335 2186 camus
351 2160 501 2188 :Tametsi
524 2161 603 2197 ignis
626 2162 765 2198 stipulam
781 2170 839 2189 non
855 2163 998 2197 accendit,
1015 2164 1062 2190 at—

233 2205 332 2231 tamen
348 2203 374 2231 si
389 2203 433 2231 vel
448 2212 559 2232 marem
571 2205 700 2241 lapidem
714 2206 828 2234 femina
845 2207 1062 2242 asperseris,in-

235 2247 372 2275 oendium
398 2248 440 2276 ﬁt.
465 2249 520 2276 Sed
546 2250 685 2284 quoniam
715 2251 823 2283 dicitis,
847 2254 876 2279 et
907 2251 1060 2279 mulierem

1121 1663 1272 1701 Τρὲμοντες
1288 1662 1416 1701 λὲγομεν·
1444 1663 1512 1700 μετὰ
1537 1660 1625 1702 φόϐου
1640 1663 1764 1699 ἀκούετε,
1781 1661 1842 1700 μηδ’
1854 1661 1877 1688 ὶν
1889 1670 1925 1697 γε·

1121 1706 1192 1743 λοίῳ
1206 1708 1388 1746 καταφανήτω
1402 1707 1433 1735 τὸ
1448 1710 1570 1746 πρᾶγμα·
1591 1707 1645 1735 υἱοὶ
1669 1710 1751 1744 Θεοῦ,
1767 1709 1861 1745 σειραῖς
1874 1714 1925 1742 ταρ-

1119 1752 1204 1790 τάρου
1219 1751 1412 1789 παραδίδονται
1428 1751 1473 1780 διὰ
1483 1755 1605 1790 γυναῖκα.

1155 1807 1182 1833 5,
1199 1803 1278 1832 Ἀλλ’
1293 1805 1363 1843 ἐρεῖς
1380 1816 1437 1842 μοι,
1466 1806 1507 1833 ὁτι
1524 1808 1662 1833 Συνοικῶν
1677 1805 1764 1842 ταύτῃ
1778 1805 1808 1833 οὗ
1826 1803 1925 1842 βλαπτο-

1123 1858 1183 1884 μαι.
1204 1849 1236 1877 Εἰ
1262 1849 1275 1877 ὁ
1301 1846 1406 1888 δράκων
1431 1852 1562 1878 συνοικῶν
1591 1852 1626 1887 τῇ
1655 1849 1750 1878 ἀσπίδι
1768 1849 1798 1877 οὐ
1823 1847 1924 1886 βλάπτε-

1118 1903 1173 1929 ται,
1201 1892 1310 1924 πάντως
1337 1894 1382 1921 καὶ
1405 1893 1437 1922 σὺ
1452 1893 1484 1921 οὐ
1510 1891 1649 1932 βλαϐήσῃ·
1676 1895 1690 1922 ὁ
1715 1895 1771 1932 γὰρ
1787 1893 1883 1931 δράκων
1896 1892 1923 1926 τῇ

1120 1936 1248 1976 δρακαίνῃ
1263 1938 1466 1976 συγγινόμενος,
1481 1937 1592 1966 θάνατον
1619 1935 1755 1975 λαμϐάνει
1778 1938 1821 1966 τὸν
1844 1935 1923 1973 μισθὸν

1117 1986 1168 2017 τῆς
1192 1980 1381 2018 συμϐιώσεως,
1405 1982 1534 2018 τοιαύτης
1557 1982 1662 2022 φύσεως
1687 1983 1866 2021 τυγχάνοντος
1885 1980 1924 2007 διοῧ

1119 2026 1217 2062 θήλεος
1242 2026 1350 2064 θηρίου.
1366 2028 1436 2064 Ὅρα
1448 2029 1525 2064 γοῦν,
1545 2028 1651 2064 μήποτε
1667 2028 1767 2064 ὅμοιόν
1782 2027 1834 2054 ἐστι
1847 2025 1886 2052 καὶ
1899 2023 1923 2050 τὸ

1116 2075 1166 2106 τῆς
1192 2072 1321 2109 γυναικὸς
1345 2075 1469 2109 πρᾶγμα.
1506 2072 1695 2110 Παραθώμεθα
1729 2071 1758 2100 δὲ
1782 2069 1923 2106 ἀποδείξεις.

1117 2115 1276 2154 ἆλέγχοντες
1291 2116 1356 2148 τοὺς
1370 2115 1498 2154 λογικοὺς
1521 2116 1690 2154 ἀνθρώπους.
1708 2116 1742 2144 Εἴ
1763 2117 1795 2144 τὸ
1815 2117 1863 2151 πῦρ
1883 2113 1922 2147 τήν

1115 2160 1244 2197 καλάμην
1264 2161 1314 2188 οὑκ
1335 2160 1457 2196 ἀνάπτει,
1483 2160 1557 2189 ἀλλὰ
1579 2161 1625 2188 καὶ
1649 2161 1695 2188 τὸν
1715 2160 1802 2200 ἅρῥην
1815 2159 1883 2191 λίθον
1905 2156 1923 2184 si

1115 2205 1232 2237 σπείσεις
1261 2207 1295 2242 τῇ
1320 2205 1428 2242 Θηλείᾳ,
1455 2206 1576 2243 πυρκαϊὰ
1601 2205 1714 2243 γίνεται.
1742 2205 1817 2234 Ἀλλ’
1844 2200 1922 2235 ἐπειδὴ

1116 2249 1210 2287 λέγετε
1225 2250 1270 2277 καὶ
1285 2253 1401 2288 γυναῖκα
1417 2253 1564 2290 σωφρονεῖν
1581 2249 1720 2283 δύνασθαι·
1745 2253 1823 2278 τοῦτο
1844 2249 1920 2286 daein:

236 2299 324 2327 posse
337 2292 468 2320 modeste
483 2301 568 2329 agere
581 2302 587 2327 ;
609 2294 664 2322 hoc
679 2294 791 2330 liquido
807 2296 873 2323 novi
890 2304 897 2323 :
914 2298 942 2323 et
956 2295 1000 2324 vir
1014 2305 1061 2324 so-

1121 2294 1270 2331 ίπίσταμαι.
1297 2294 1346 2322 Καὶ
1372 2295 1439 2332 ἀνὴρ
1464 2295 1551 2331 μένων
1572 2295 1633 2327 καθ’
1648 2295 1743 2323 ἑαυτὸν
1758 2294 1921 2332 εὐσχημονεῖν

236 2335 284 2364 lus
312 2336 421 2372 degens
449 2337 572 2366 honeste
597 2346 682 2374 agere
708 2341 823 2375 potest;
844 2340 921 2368 istud
953 2340 1062 2376 optime

237 2383 422 2417 compertum
435 2382 537 2410 habeo.
553 2382 601 2410 Vir
613 2386 710 2412 autem
723 2393 790 2413 cum
801 2385 1060 2421 muliere,malum;

235 2427 264 2452 et
279 2425 384 2452 mulier
398 2434 465 2453 cum
483 2427 555 2462 viro,
573 2427 777 2457 vehementius
794 2430 914 2457 malum.
939 2430 1019 2462 Quod
1037 2430 1061 2458 si

233 2478 338 2497 rursus
349 2470 465 2504 mulier,
477 2472 705 2508 consanguineis
721 2474 784 2502 suis
799 2474 918 2508 relictis,
929 2482 996 2502 cum
1013 2483 1061 2502 ex-

231 2517 314 2542 terno
330 2514 448 2544 homine
465 2515 573 2544 habere
588 2518 815 2546 contubernium
831 2518 899 2546 velit
922 2518 1061 2547 sublesta;

231 2559 384 2588 charitatis
400 2569 507 2595 causa;
524 2555 699 2590 istud'enim
714 2571 780 2591 vero
801 2563 898 2591 mistio
915 2565 959 2591 est
973 2563 1060 2591 illici—

230 2606 265 2632 ιω
277 2604 390 2641 οοριιιῑο
402 2604 572 2633 incendium
585 2606 750 2634 excitantis.
764 2607 891 2635 Lubente
901 2607 980 2635 enim
991 2610 1060 2635 tem-

230 2656 310 2684 pore,
325 2656 361 2676 ex
374 2647 424 2676 illo
445 2649 647 2677 contubernali
670 2650 803 2678 convictu
824 2652 963 2686 concepta
979 2650 1060 2678 ﬂam-

231 2701 289 2726 ma,
297 2693 451 2721 materiem
464 2693 627 2721 incendunt
638 2703 646 2728 ;
658 2697 686 2722 et
697 2694 899 2722 habitaculum
914 2697 1057 2730 exurunt;

231 2738 319 2772 atque
333 2737 404 2764 adeo
421 2737 538 2773 propria
552 2739 731 2767 comburunt
744 2747 866 2775 corpora
880 2739 911 2767 in
926 2739 1060 2775 gehenna

233 2782 433 2817 perpetuoque
446 2781 600 2818 supplicio.

269 2834 297 2862 6.
326 2833 378 2862 Dic
393 2833 476 2868 mihi,
505 2835 660 2865 vaferrima
692 2838 833 2867 venenata
861 2836 966 2874 bestia,
995 2846 1057 2875 quae

1117 2338 1237 2367 δύναται·
1268 2341 1349 2367 τοῦτο
1373 2336 1495 2376 ἀκριϐῶς
1519 2339 1674 2376 ἐπίσταμαι.
1705 2340 1789 2376 Ἀνὴρ
1817 2337 1844 2366 δί
1866 2335 1921 2373 μετᾶ

1115 2384 1248 2421 γυναικὸς,
1272 2384 1365 2412 κακόν·
1394 2384 1438 2412 καὶ
1463 2385 1530 2421 γυνή
1558 2384 1625 2420 μετὰ
1654 2383 1763 2422 ἀνδρὸς,
1788 2381 1921 2418 δεινότερον

1115 2429 1209 2457 κακόν.
1234 2429 1281 2456 Ἀν
1302 2427 1386 2456 πάλιν
1411 2428 1478 2466 γυνή
1501 2430 1556 2456 τῶν
1582 2427 1659 2456 ἰδίων
1674 2428 1812 2456 ἀποστᾶσα
1840 2434 1920 2462 συγγε-

1115 2471 1167 2499 νῶν
1191 2472 1255 2508 ξένῳ
1278 2471 1353 2511 ἀνδρὶ
1379 2475 1513 2500 συνοικεῖν
1537 2473 1665 2510 ἐπιχειρῇ
1692 2477 1742 2508 τῆς
1771 2470 1920 2500 ἐπιπλάστθυ

1115 2516 1220 2553 ἀγάπης
1233 2517 1332 2551 ἕνεκεν,
1346 2520 1426 2545 τοῦτο
1446 2517 1517 2554 μίξις
1543 2517 1640 2545 λοιπὸν
1661 2517 1786 2555 συζυγίας
1807 2514 1919 2551 ἀθεμίτου

1114 2562 1247 2599 πυρκαϊὰν
1290 2561 1483 2599 ἰργαζομὲνης,
1527 2563 1573 2598 Τῷ
1611 2562 1704 2600 χρόνῳ
1742 2562 1794 2600 γὰρ
1821 2561 1919 2594 ἀναθαρ-

1117 2607 1276 2643 μαινόμενοι
1301 2608 1336 2643 τῇ
1353 2607 1503 2643 ὁμοσκήνῳ
1532 2604 1694 2643 συμϐιώσει,
1722 2606 1864 2634 ἀνάπτουσι
1877 2602 1917 2636 τὴν

1114 2649 1195 2686 ὕλην,
1217 2650 1262 2678 καὶ
1292 2650 1472 2688 ἐμπυρίζουσι
1495 2651 1545 2685 τήν
1575 2651 1674 2688 οὶκίαν,
1704 2650 1809 2688 μᾶλλον
1842 2648 1867 2676 δὲ
1891 2646 1918 2674 τὶ

1113 2696 1214 2722 ἑαυτῶν
1229 2695 1343 2732 σώματα
1358 2696 1480 2723 καίουσιν
1495 2695 1533 2727 εἷς
1546 2695 1652 2733 γέενναν
1682 2695 1726 2723 καὶ
1756 2693 1861 2722 αἰωνίαν
1881 2701 1918 2718 κο-

1114 2738 1202 2767 λασιν.

1146 2838 1174 2865 6.
1190 2835 1258 2875 Λέγε
1273 2846 1332 2874 μοι,
1348 2837 1371 2865 ὦ
1385 2836 1588 2877 πολυμήχανον
1604 2838 1708 2876 θηρίον,
1723 2838 1742 2874 ἡ
1757 2838 1788 2866 τὸ
1798 2839 1845 2866 τοῦ
1857 2843 1917 2873 προ·
