  <div class='ocr_page' id='page_1' title='image "/cluster/home/n/w/nwhite01/storage/ocr_20150623/30/njp.32101013202591/424.png"; bbox 0 0 2011 3142; ppageno 0'>
   <div class='ocr_carea' id='block_1_1' title="bbox 108 159 161 188">
    <p class='ocr_par' dir='ltr' id='par_1_1' title="bbox 108 159 161 188">
     <span class='ocr_line' id='line_1_1' title="bbox 108 159 161 188; baseline 0 0"><span class='ocrx_word' id='word_1_1' title='bbox 108 159 161 188; x_wconf 68' lang='grc' dir='ltr'><strong>8ὶ1</strong></span> 
     </span>
    </p>
   </div>
   <div class='ocr_carea' id='block_1_2' title="bbox 651 158 1270 192">
    <p class='ocr_par' dir='ltr' id='par_1_2' title="bbox 651 158 1270 192">
     <span class='ocr_line' id='line_1_2' title="bbox 651 158 1270 192; baseline 0.003 -2"><span class='ocrx_word' id='word_1_2' title='bbox 651 158 785 190; x_wconf 82' lang='lat' dir='ltr'><strong>SERMO</strong></span> <span class='ocrx_word' id='word_1_3' title='bbox 806 158 857 189; x_wconf 88' lang='lat' dir='ltr'><strong>DE</strong></span> <span class='ocrx_word' id='word_1_4' title='bbox 880 159 1270 192; x_wconf 73' lang='lat' dir='ltr'><strong>CONTUBERNALIBUS.</strong></span> 
     </span>
    </p>
   </div>
   <div class='ocr_carea' id='block_1_3' title="bbox 1760 164 1819 194">
    <p class='ocr_par' dir='ltr' id='par_1_3' title="bbox 1760 164 1819 194">
     <span class='ocr_line' id='line_1_3' title="bbox 1760 164 1819 194; baseline -0.017 0"><span class='ocrx_word' id='word_1_5' title='bbox 1760 164 1819 194; x_wconf 69' lang='grc'><strong>829</strong></span> 
     </span>
    </p>
   </div>
   <div class='ocr_carea' id='block_1_4' title="bbox 111 219 932 264">
    <p class='ocr_par' dir='ltr' id='par_1_4' title="bbox 111 219 932 262">
     <span class='ocr_line' id='line_1_4' title="bbox 111 219 932 262; baseline 0.001 -13"><span class='ocrx_word' id='word_1_6' title='bbox 111 219 194 250; x_wconf 72' lang='grc' dir='ltr'>ϐάτου</span> <span class='ocrx_word' id='word_1_7' title='bbox 219 220 324 259; x_wconf 79' lang='grc' dir='ltr'>ἔνδυμα</span> <span class='ocrx_word' id='word_1_8' title='bbox 346 220 457 260; x_wconf 80' lang='grc' dir='ltr'>ἔχουσα,</span> <span class='ocrx_word' id='word_1_9' title='bbox 483 223 527 250; x_wconf 79' lang='grc' dir='ltr'><strong>καὶ</strong></span> <span class='ocrx_word' id='word_1_10' title='bbox 552 223 585 251; x_wconf 83' lang='grc' dir='ltr'>τὸ</span> <span class='ocrx_word' id='word_1_11' title='bbox 608 227 659 258; x_wconf 85' lang='grc' dir='ltr'><strong>τῆς</strong></span> <span class='ocrx_word' id='word_1_12' title='bbox 678 222 792 254; x_wconf 79' lang='grc' dir='ltr'>ἀσπίδος</span> <span class='ocrx_word' id='word_1_13' title='bbox 807 223 932 262; x_wconf 73' lang='grc' dir='ltr'>φρόνημα</span> 
     </span>
    </p>
   </div>
   <div class='ocr_carea' id='block_1_5' title="bbox 988 219 1819 264">
    <p class='ocr_par' dir='ltr' id='par_1_5' title="bbox 993 225 1819 264">
     <span class='ocr_line' id='line_1_5' title="bbox 993 225 1819 264; baseline 0.007 -13"><span class='ocrx_word' id='word_1_14' title='bbox 993 225 1198 252; x_wconf 76' lang='lat' dir='ltr'><strong>vestimentum</strong></span> <span class='ocrx_word' id='word_1_15' title='bbox 1215 225 1277 253; x_wconf 86' lang='lat' dir='ltr'><strong>ovis</strong></span> <span class='ocrx_word' id='word_1_16' title='bbox 1293 225 1393 259; x_wconf 77' lang='lat' dir='ltr'><strong>habes,</strong></span> <span class='ocrx_word' id='word_1_17' title='bbox 1409 228 1439 253; x_wconf 89' lang='lat' dir='ltr'><strong>et</strong></span> <span class='ocrx_word' id='word_1_18' title='bbox 1451 226 1562 262; x_wconf 88' lang='lat' dir='ltr'><strong>aspidis</strong></span> <span class='ocrx_word' id='word_1_19' title='bbox 1579 229 1705 256; x_wconf 88' lang='lat' dir='ltr'><strong>mentem</strong></span> <span class='ocrx_word' id='word_1_20' title='bbox 1722 228 1752 256; x_wconf 90' lang='lat' dir='ltr'><strong>in</strong></span> <span class='ocrx_word' id='word_1_21' title='bbox 1766 237 1819 264; x_wconf 88' lang='lat' dir='ltr'><strong>pe-</strong></span> 
     </span>
    </p>
   </div>
   <div class='ocr_carea' id='block_1_6' title="bbox 111 266 935 306">
    <p class='ocr_par' dir='ltr' id='par_1_6' title="bbox 111 266 935 306">
     <span class='ocr_line' id='line_1_6' title="bbox 111 266 935 306; baseline 0 -12"><span class='ocrx_word' id='word_1_22' title='bbox 111 266 331 304; x_wconf 77' lang='grc' dir='ltr'>ὲνστερνισμένη·</span> <span class='ocrx_word' id='word_1_23' title='bbox 355 267 381 294; x_wconf 89' lang='grc' dir='ltr'><strong>τί</strong></span> <span class='ocrx_word' id='word_1_24' title='bbox 406 268 569 305; x_wconf 85' lang='grc' dir='ltr'>περιχρίεις,</span> <span class='ocrx_word' id='word_1_25' title='bbox 594 267 620 295; x_wconf 86' lang='grc' dir='ltr'><strong>τί</strong></span> <span class='ocrx_word' id='word_1_26' title='bbox 640 267 782 306; x_wconf 78' lang='grc' dir='ltr'>ὑποχρίεις</span> <span class='ocrx_word' id='word_1_27' title='bbox 798 269 910 303; x_wconf 78' lang='grc' dir='ltr'>σεαυτήν</span> <span class='ocrx_word' id='word_1_28' title='bbox 928 277 935 302; x_wconf 85' lang='lat'><strong>;</strong></span> 
     </span>
    </p>
   </div>
   <div class='ocr_carea' id='block_1_7' title="bbox 110 310 937 351">
    <p class='ocr_par' dir='ltr' id='par_1_7' title="bbox 110 310 937 351">
     <span class='ocr_line' id='line_1_7' title="bbox 110 310 937 351; baseline 0.002 -13"><span class='ocrx_word' id='word_1_29' title='bbox 110 310 136 339; x_wconf 89' lang='grc' dir='ltr'><strong>τί</strong></span> <span class='ocrx_word' id='word_1_30' title='bbox 151 311 300 349; x_wconf 80' lang='grc' dir='ltr'>χρώμασιν</span> <span class='ocrx_word' id='word_1_31' title='bbox 316 311 476 350; x_wconf 73' lang='grc' dir='ltr'>ἀλλοτρίοις</span> <span class='ocrx_word' id='word_1_32' title='bbox 491 311 610 350; x_wconf 81' lang='grc' dir='ltr'><strong>ἀψύχοις</strong></span> <span class='ocrx_word' id='word_1_33' title='bbox 629 310 849 351; x_wconf 77' lang='grc' dir='ltr'>προσλαμϐάνεις</span> <span class='ocrx_word' id='word_1_34' title='bbox 867 322 937 350; x_wconf 86' lang='grc' dir='ltr'>μορ-</span> 
     </span>
    </p>
   </div>
   <div class='ocr_carea' id='block_1_8' title="bbox 111 355 936 395">
    <p class='ocr_par' dir='ltr' id='par_1_8' title="bbox 111 355 936 395">
     <span class='ocr_line' id='line_1_8' title="bbox 111 355 936 395; baseline 0.001 -12"><span class='ocrx_word' id='word_1_35' title='bbox 111 356 162 395; x_wconf 67' lang='grc' dir='ltr'><strong>ῳήν</strong></span> <span class='ocrx_word' id='word_1_36' title='bbox 191 355 340 392; x_wconf 81' lang='grc' dir='ltr'>είδωλικήν</span> <span class='ocrx_word' id='word_1_37' title='bbox 359 357 407 392; x_wconf 87' lang='grc' dir='ltr'><strong>,τί</strong></span> <span class='ocrx_word' id='word_1_38' title='bbox 439 357 589 395; x_wconf 79' lang='grc' dir='ltr'><strong>βασανίζεις</strong></span> <span class='ocrx_word' id='word_1_39' title='bbox 617 368 664 384; x_wconf 87' lang='grc' dir='ltr'><strong>σου</strong></span> <span class='ocrx_word' id='word_1_40' title='bbox 693 358 740 389; x_wconf 81' lang='grc' dir='ltr'><strong>τὰς</strong></span> <span class='ocrx_word' id='word_1_41' title='bbox 768 357 884 395; x_wconf 83' lang='grc' dir='ltr'>τρίχας;</span> <span class='ocrx_word' id='word_1_42' title='bbox 910 356 936 384; x_wconf 91' lang='grc' dir='ltr'><strong>τί</strong></span> 
     </span>
    </p>
   </div>
   <div class='ocr_carea' id='block_1_9' title="bbox 109 399 935 440">
    <p class='ocr_par' dir='ltr' id='par_1_9' title="bbox 109 399 935 440">
     <span class='ocr_line' id='line_1_9' title="bbox 109 399 935 440; baseline 0 -12"><span class='ocrx_word' id='word_1_43' title='bbox 109 400 276 438; x_wconf 70' lang='grc' dir='ltr'>προσθίτους</span> <span class='ocrx_word' id='word_1_44' title='bbox 299 400 473 438; x_wconf 81' lang='grc' dir='ltr'><strong>πλοκάμους,</strong></span> <span class='ocrx_word' id='word_1_45' title='bbox 496 401 542 429; x_wconf 85' lang='grc' dir='ltr'><strong>καὶ</strong></span> <span class='ocrx_word' id='word_1_46' title='bbox 567 399 734 440; x_wconf 75' lang='grc' dir='ltr'>κορύϐαντας</span> <span class='ocrx_word' id='word_1_47' title='bbox 754 402 798 429; x_wconf 78' lang='grc' dir='ltr'><strong>ἐπὶ</strong></span> <span class='ocrx_word' id='word_1_48' title='bbox 812 400 935 439; x_wconf 79' lang='grc' dir='ltr'>κεφαλῆς</span> 
     </span>
    </p>
   </div>
   <div class='ocr_carea' id='block_1_10' title="bbox 109 445 934 484">
    <p class='ocr_par' dir='ltr' id='par_1_10' title="bbox 109 445 934 484">
     <span class='ocr_line' id='line_1_10' title="bbox 109 445 934 484; baseline 0.002 -12"><span class='ocrx_word' id='word_1_49' title='bbox 109 445 267 483; x_wconf 80' lang='grc' dir='ltr'>ἀλλοτρίων</span> <span class='ocrx_word' id='word_1_50' title='bbox 297 447 494 483; x_wconf 86' lang='grc' dir='ltr'>προσθεμάτων</span> <span class='ocrx_word' id='word_1_51' title='bbox 528 446 572 474; x_wconf 83' lang='grc' dir='ltr'><strong>καὶ</strong></span> <span class='ocrx_word' id='word_1_52' title='bbox 610 449 711 484; x_wconf 80' lang='grc' dir='ltr'>νεκρῶν</span> <span class='ocrx_word' id='word_1_53' title='bbox 745 447 790 474; x_wconf 86' lang='grc' dir='ltr'><strong>καὶ</strong></span> <span class='ocrx_word' id='word_1_54' title='bbox 825 446 934 483; x_wconf 80' lang='grc' dir='ltr'>ἀλόγων</span> 
     </span>
    </p>
   </div>
   <div class='ocr_carea' id='block_1_11' title="bbox 110 489 936 529">
    <p class='ocr_par' dir='ltr' id='par_1_11' title="bbox 110 489 936 529">
     <span class='ocr_line' id='line_1_11' title="bbox 110 489 936 529; baseline 0 -12"><span class='ocrx_word' id='word_1_55' title='bbox 110 490 187 525; x_wconf 84' lang='grc' dir='ltr'>ζώων</span> <span class='ocrx_word' id='word_1_56' title='bbox 203 490 324 526; x_wconf 77' lang='grc' dir='ltr'>ἄνιστᾷς,</span> <span class='ocrx_word' id='word_1_57' title='bbox 347 489 391 518; x_wconf 76' lang='grc' dir='ltr'>διὰ</span> <span class='ocrx_word' id='word_1_58' title='bbox 413 494 465 526; x_wconf 87' lang='grc' dir='ltr'>τῆς</span> <span class='ocrx_word' id='word_1_59' title='bbox 488 489 622 529; x_wconf 75' lang='grc' dir='ltr'>κεφαλῆς,</span> <span class='ocrx_word' id='word_1_60' title='bbox 647 492 691 519; x_wconf 85' lang='grc' dir='ltr'><strong>καὶ</strong></span> <span class='ocrx_word' id='word_1_61' title='bbox 715 489 816 528; x_wconf 80' lang='grc' dir='ltr'>ὅψεως,</span> <span class='ocrx_word' id='word_1_62' title='bbox 831 489 936 518; x_wconf 83' lang='grc' dir='ltr'>καὶδιά</span> 
     </span>
    </p>
   </div>
   <div class='ocr_carea' id='block_1_12' title="bbox 107 534 935 572">
    <p class='ocr_par' dir='ltr' id='par_1_12' title="bbox 107 534 935 572">
     <span class='ocr_line' id='line_1_12' title="bbox 107 534 935 572; baseline 0.001 -10"><span class='ocrx_word' id='word_1_63' title='bbox 107 538 158 570; x_wconf 82' lang='grc' dir='ltr'>τῆς</span> <span class='ocrx_word' id='word_1_64' title='bbox 174 537 231 562; x_wconf 81' lang='grc' dir='ltr'><strong>τῶν</strong></span> <span class='ocrx_word' id='word_1_65' title='bbox 247 534 404 572; x_wconf 83' lang='grc' dir='ltr'>ἀλλοτρίων</span> <span class='ocrx_word' id='word_1_66' title='bbox 422 535 538 572; x_wconf 74' lang='grc' dir='ltr'>ἱματίων</span> <span class='ocrx_word' id='word_1_67' title='bbox 564 535 704 567; x_wconf 78' lang='grc' dir='ltr'>ποικιλίας</span> <span class='ocrx_word' id='word_1_68' title='bbox 718 536 876 572; x_wconf 71' lang='grc' dir='ltr'>ἐξαπατῶσα</span> <span class='ocrx_word' id='word_1_69' title='bbox 890 536 935 563; x_wconf 85' lang='grc' dir='ltr'><strong>καὶ</strong></span> 
     </span>
    </p>
   </div>
   <div class='ocr_carea' id='block_1_13' title="bbox 109 577 936 618">
    <p class='ocr_par' dir='ltr' id='par_1_13' title="bbox 109 577 936 618">
     <span class='ocr_line' id='line_1_13' title="bbox 109 577 936 618; baseline 0.001 -12"><span class='ocrx_word' id='word_1_70' title='bbox 109 578 321 616; x_wconf 72' lang='grc' dir='ltr'>ἰκμαλάσσουσα</span> <span class='ocrx_word' id='word_1_71' title='bbox 340 579 386 607; x_wconf 75' lang='grc' dir='ltr'><strong>καὶ</strong></span> <span class='ocrx_word' id='word_1_72' title='bbox 414 577 627 618; x_wconf 70' lang='grc' dir='ltr'>ὶλλεϐορίζουσα</span> <span class='ocrx_word' id='word_1_73' title='bbox 650 581 697 612; x_wconf 75' lang='grc' dir='ltr'><strong>τὰς</strong></span> <span class='ocrx_word' id='word_1_74' title='bbox 716 581 808 618; x_wconf 71' lang='grc' dir='ltr'>ψυχὰς</span> <span class='ocrx_word' id='word_1_75' title='bbox 822 582 877 607; x_wconf 86' lang='grc' dir='ltr'><strong>τῶν</strong></span> <span class='ocrx_word' id='word_1_76' title='bbox 893 581 936 607; x_wconf 87' lang='grc' dir='ltr'>ἀν-</span> 
     </span>
    </p>
   </div>
   <div class='ocr_carea' id='block_1_14' title="bbox 109 624 934 663">
    <p class='ocr_par' dir='ltr' id='par_1_14' title="bbox 109 624 934 663">
     <span class='ocr_line' id='line_1_14' title="bbox 109 624 934 663; baseline 0.001 -12"><span class='ocrx_word' id='word_1_77' title='bbox 109 624 229 661; x_wconf 79' lang='grc' dir='ltr'>θρώπων</span> <span class='ocrx_word' id='word_1_78' title='bbox 248 624 299 659; x_wconf 84' lang='grc' dir='ltr'><strong>;Ἣ</strong></span> <span class='ocrx_word' id='word_1_79' title='bbox 313 624 363 662; x_wconf 80' lang='grc' dir='ltr'><strong>γὰρ</strong></span> <span class='ocrx_word' id='word_1_80' title='bbox 377 624 489 655; x_wconf 73' lang='grc' dir='ltr'>ἄπιστος</span> <span class='ocrx_word' id='word_1_81' title='bbox 503 626 571 662; x_wconf 86' lang='grc' dir='ltr'>γυνὴ</span> <span class='ocrx_word' id='word_1_82' title='bbox 597 624 790 663; x_wconf 81' lang='grc' dir='ltr'>πολυτρόπους</span> <span class='ocrx_word' id='word_1_83' title='bbox 810 625 934 662; x_wconf 80' lang='grc' dir='ltr'>ἀψύχους</span> 
     </span>
    </p>
   </div>
   <div class='ocr_carea' id='block_1_15' title="bbox 108 667 932 707">
    <p class='ocr_par' dir='ltr' id='par_1_15' title="bbox 108 667 932 707">
     <span class='ocr_line' id='line_1_15' title="bbox 108 667 932 707; baseline 0.001 -12"><span class='ocrx_word' id='word_1_84' title='bbox 108 667 176 700; x_wconf 74' lang='grc' dir='ltr'>ὕλας</span> <span class='ocrx_word' id='word_1_85' title='bbox 191 668 356 706; x_wconf 80' lang='grc' dir='ltr'>συνάγουσα,</span> <span class='ocrx_word' id='word_1_86' title='bbox 380 669 426 696; x_wconf 87' lang='grc' dir='ltr'><strong>καὶ</strong></span> <span class='ocrx_word' id='word_1_87' title='bbox 453 669 611 707; x_wconf 81' lang='grc' dir='ltr'><strong>χρωμάτων</strong></span> <span class='ocrx_word' id='word_1_88' title='bbox 630 669 769 701; x_wconf 80' lang='grc' dir='ltr'>ποικιλίας</span> <span class='ocrx_word' id='word_1_89' title='bbox 795 668 839 697; x_wconf 77' lang='grc' dir='ltr'>διὰ</span> <span class='ocrx_word' id='word_1_90' title='bbox 866 679 932 696; x_wconf 87' lang='grc' dir='ltr'>παν-</span> 
     </span>
    </p>
   </div>
   <div class='ocr_carea' id='block_1_16' title="bbox 106 712 934 751">
    <p class='ocr_par' dir='ltr' id='par_1_16' title="bbox 106 712 934 751">
     <span class='ocr_line' id='line_1_16' title="bbox 106 712 934 751; baseline 0.001 -11"><span class='ocrx_word' id='word_1_91' title='bbox 106 712 234 741; x_wconf 82' lang='grc' dir='ltr'>τοδαπῶν</span> <span class='ocrx_word' id='word_1_92' title='bbox 260 714 417 751; x_wconf 82' lang='grc' dir='ltr'>χρωμάτων</span> <span class='ocrx_word' id='word_1_93' title='bbox 442 714 487 742; x_wconf 77' lang='grc' dir='ltr'>καὶ</span> <span class='ocrx_word' id='word_1_94' title='bbox 516 712 637 749; x_wconf 75' lang='grc' dir='ltr'>ἀσϐόλης</span> <span class='ocrx_word' id='word_1_95' title='bbox 663 715 708 742; x_wconf 74' lang='grc' dir='ltr'><strong>καὶ</strong></span> <span class='ocrx_word' id='word_1_96' title='bbox 739 712 868 742; x_wconf 71' lang='grc' dir='ltr'>ἀσϐέστου</span> <span class='ocrx_word' id='word_1_97' title='bbox 889 713 934 742; x_wconf 79' lang='grc' dir='ltr'><strong>καί</strong></span> 
     </span>
    </p>
   </div>
   <div class='ocr_carea' id='block_1_17' title="bbox 109 756 934 796">
    <p class='ocr_par' dir='ltr' id='par_1_17' title="bbox 109 756 934 796">
     <span class='ocr_line' id='line_1_17' title="bbox 109 756 934 796; baseline 0.001 -11"><span class='ocrx_word' id='word_1_98' title='bbox 109 758 243 795; x_wconf 75' lang='grc' dir='ltr'>βοτανῶν,</span> <span class='ocrx_word' id='word_1_99' title='bbox 260 758 277 785; x_wconf 75' lang='grc' dir='ltr'>ἃ</span> <span class='ocrx_word' id='word_1_100' title='bbox 290 760 329 794; x_wconf 82' lang='grc' dir='ltr'><strong>τῷ</strong></span> <span class='ocrx_word' id='word_1_101' title='bbox 343 757 405 795; x_wconf 80' lang='grc' dir='ltr'>ἰδίῳ</span> <span class='ocrx_word' id='word_1_102' title='bbox 425 759 530 795; x_wconf 85' lang='grc' dir='ltr'>σώματι</span> <span class='ocrx_word' id='word_1_103' title='bbox 555 756 650 794; x_wconf 79' lang='grc' dir='ltr'>ἔξωθέν</span> <span class='ocrx_word' id='word_1_104' title='bbox 673 759 740 793; x_wconf 74' lang='lat' dir='ltr'><strong>im,</strong></span> <span class='ocrx_word' id='word_1_105' title='bbox 756 758 934 796; x_wconf 72' lang='grc' dir='ltr'>προσκολλη-</span> 
     </span>
    </p>
   </div>
   <div class='ocr_carea' id='block_1_18' title="bbox 107 801 935 842">
    <p class='ocr_par' dir='ltr' id='par_1_18' title="bbox 107 801 935 842">
     <span class='ocr_line' id='line_1_18' title="bbox 107 801 935 842; baseline 0.001 -12"><span class='ocrx_word' id='word_1_106' title='bbox 107 813 188 837; x_wconf 85' lang='grc' dir='ltr'>σασα,</span> <span class='ocrx_word' id='word_1_107' title='bbox 213 801 394 839; x_wconf 73' lang='grc' dir='ltr'>πολύμορφον</span> <span class='ocrx_word' id='word_1_108' title='bbox 421 803 510 841; x_wconf 83' lang='grc' dir='ltr'>ὥσπερ</span> <span class='ocrx_word' id='word_1_109' title='bbox 525 814 551 831; x_wconf 90' lang='grc' dir='ltr'><strong>τι</strong></span> <span class='ocrx_word' id='word_1_110' title='bbox 567 803 673 842; x_wconf 78' lang='grc' dir='ltr'>θηρίον,</span> <span class='ocrx_word' id='word_1_111' title='bbox 696 804 792 839; x_wconf 71' lang='grc' dir='ltr'>ἓαυτήν</span> <span class='ocrx_word' id='word_1_112' title='bbox 809 803 935 841; x_wconf 78' lang='grc' dir='ltr'>ἀπειργά-</span> 
     </span>
    </p>
   </div>
   <div class='ocr_carea' id='block_1_19' title="bbox 108 846 932 887">
    <p class='ocr_par' dir='ltr' id='par_1_19' title="bbox 108 846 932 887">
     <span class='ocr_line' id='line_1_19' title="bbox 108 846 932 887; baseline 0.001 -13"><span class='ocrx_word' id='word_1_113' title='bbox 108 857 182 876; x_wconf 84' lang='grc' dir='ltr'>σατο.</span> <span class='ocrx_word' id='word_1_114' title='bbox 197 848 230 876; x_wconf 85' lang='grc' dir='ltr'>Ἣ</span> <span class='ocrx_word' id='word_1_115' title='bbox 249 846 278 875; x_wconf 73' lang='grc' dir='ltr'><strong>δὶ</strong></span> <span class='ocrx_word' id='word_1_116' title='bbox 300 848 383 882; x_wconf 80' lang='grc' dir='ltr'>πιστή</span> <span class='ocrx_word' id='word_1_117' title='bbox 410 848 490 885; x_wconf 76' lang='grc' dir='ltr'>γυνὴ,</span> <span class='ocrx_word' id='word_1_118' title='bbox 506 848 610 876; x_wconf 86' lang='grc' dir='ltr'>τούτων</span> <span class='ocrx_word' id='word_1_119' title='bbox 633 847 738 887; x_wconf 80' lang='grc' dir='ltr'>ὀφείλει</span> <span class='ocrx_word' id='word_1_120' title='bbox 754 849 814 885; x_wconf 74' lang='grc' dir='ltr'>ξένη</span> <span class='ocrx_word' id='word_1_121' title='bbox 831 848 932 886; x_wconf 86' lang='grc' dir='ltr'>τυγχά-</span> 
     </span>
    </p>
   </div>
   <div class='ocr_carea' id='block_1_20' title="bbox 106 891 974 945">
    <p class='ocr_par' dir='ltr' id='par_1_20' title="bbox 106 891 974 945">
     <span class='ocr_line' id='line_1_20' title="bbox 106 891 974 945; baseline 0.002 -27"><span class='ocrx_word' id='word_1_122' title='bbox 106 902 172 926; x_wconf 82' lang='grc' dir='ltr'>νειν,</span> <span class='ocrx_word' id='word_1_123' title='bbox 189 891 238 920; x_wconf 74' lang='grc' dir='ltr'><strong>καῖ</strong></span> <span class='ocrx_word' id='word_1_124' title='bbox 255 891 373 945; x_wconf 67' lang='grc' dir='ltr'>μάλιστα</span> <span class='ocrx_word' id='word_1_125' title='bbox 394 893 411 926; x_wconf 85' lang='grc' dir='ltr'><strong>ἡ</strong></span> <span class='ocrx_word' id='word_1_126' title='bbox 437 891 665 945; x_wconf 49' lang='grc' dir='ltr'>ἐπαγγελνλομένη</span> <span class='ocrx_word' id='word_1_127' title='bbox 683 893 749 920; x_wconf 72' lang='grc' dir='ltr'>εἶναι</span> <span class='ocrx_word' id='word_1_128' title='bbox 770 893 930 930; x_wconf 78' lang='grc' dir='ltr'>Χριστιανή.</span> <span class='ocrx_word' id='word_1_129' title='bbox 950 912 974 945; x_wconf 82' lang='grc' dir='ltr'><strong>Β</strong></span> 
     </span>
    </p>
   </div>
   <div class='ocr_carea' id='block_1_21' title="bbox 106 936 933 975">
    <p class='ocr_par' dir='ltr' id='par_1_21' title="bbox 106 936 933 975">
     <span class='ocr_line' id='line_1_21' title="bbox 106 936 933 975; baseline 0.001 -11"><span class='ocrx_word' id='word_1_130' title='bbox 106 939 138 964; x_wconf 87' lang='grc' dir='ltr'><em>Ἦ</em></span> <span class='ocrx_word' id='word_1_131' title='bbox 152 936 364 974; x_wconf 78' lang='grc' dir='ltr'>καταγινώσκεις</span> <span class='ocrx_word' id='word_1_132' title='bbox 378 938 426 964; x_wconf 73' lang='grc' dir='ltr'><strong>τοῦ</strong></span> <span class='ocrx_word' id='word_1_133' title='bbox 450 937 527 971; x_wconf 74' lang='grc' dir='ltr'>Θεοῦ,</span> <span class='ocrx_word' id='word_1_134' title='bbox 545 936 567 964; x_wconf 83' lang='grc' dir='ltr'><strong><em>ὦ</em></strong></span> <span class='ocrx_word' id='word_1_135' title='bbox 585 938 673 975; x_wconf 88' lang='grc' dir='ltr'>γύναι,</span> <span class='ocrx_word' id='word_1_136' title='bbox 695 938 736 965; x_wconf 80' lang='grc' dir='ltr'>δτι</span> <span class='ocrx_word' id='word_1_137' title='bbox 759 937 887 973; x_wconf 82' lang='grc' dir='ltr'>τοιαύτην</span> <span class='ocrx_word' id='word_1_138' title='bbox 904 947 933 965; x_wconf 85' lang='grc' dir='ltr'><strong>σε</strong></span> 
     </span>
    </p>
   </div>
   <div class='ocr_carea' id='block_1_22' title="bbox 108 980 930 1020">
    <p class='ocr_par' dir='ltr' id='par_1_22' title="bbox 108 980 930 1020">
     <span class='ocr_line' id='line_1_22' title="bbox 108 980 930 1020; baseline -0.001 -11"><span class='ocrx_word' id='word_1_139' title='bbox 108 980 222 1009; x_wconf 76' lang='grc' dir='ltr'>ἔπλασεν</span> <span class='ocrx_word' id='word_1_140' title='bbox 237 991 244 1016; x_wconf 85' lang='grc'>;</span> <span class='ocrx_word' id='word_1_141' title='bbox 260 981 342 1020; x_wconf 74' lang='grc' dir='ltr'>Ἄφες</span> <span class='ocrx_word' id='word_1_142' title='bbox 368 981 405 1012; x_wconf 85' lang='grc' dir='ltr'>ὡς</span> <span class='ocrx_word' id='word_1_143' title='bbox 431 980 570 1016; x_wconf 77' lang='grc' dir='ltr'>ἰπλάσθης</span> <span class='ocrx_word' id='word_1_144' title='bbox 594 982 672 1009; x_wconf 72' lang='grc' dir='ltr'>εἶναι’</span> <span class='ocrx_word' id='word_1_145' title='bbox 690 981 775 1018; x_wconf 74' lang='grc' dir='ltr'>μηδὲν</span> <span class='ocrx_word' id='word_1_146' title='bbox 798 982 880 1018; x_wconf 75' lang='grc' dir='ltr'>ἑαυτῇ</span> <span class='ocrx_word' id='word_1_147' title='bbox 897 980 930 1008; x_wconf 79' lang='grc' dir='ltr'>δι’</span> 
     </span>
    </p>
   </div>
   <div class='ocr_carea' id='block_1_23' title="bbox 109 1025 932 1064">
    <p class='ocr_par' dir='ltr' id='par_1_23' title="bbox 109 1025 932 1064">
     <span class='ocr_line' id='line_1_23' title="bbox 109 1025 932 1064; baseline -0.001 -10"><span class='ocrx_word' id='word_1_148' title='bbox 109 1025 280 1064; x_wconf 75' lang='grc' dir='ltr'>εὐμηχανίας</span> <span class='ocrx_word' id='word_1_149' title='bbox 306 1027 447 1063; x_wconf 78' lang='grc' dir='ltr'>προσθῇς.</span> <span class='ocrx_word' id='word_1_150' title='bbox 477 1026 515 1062; x_wconf 81' lang='grc' dir='ltr'>μή</span> <span class='ocrx_word' id='word_1_151' title='bbox 543 1026 595 1063; x_wconf 84' lang='grc' dir='ltr'><strong>γὰρ</strong></span> <span class='ocrx_word' id='word_1_152' title='bbox 625 1026 804 1064; x_wconf 73' lang='grc' dir='ltr'>ἐμπειροτὲρα</span> <span class='ocrx_word' id='word_1_153' title='bbox 831 1026 856 1053; x_wconf 79' lang='grc' dir='ltr'>εἴ</span> <span class='ocrx_word' id='word_1_154' title='bbox 881 1028 932 1053; x_wconf 77' lang='grc' dir='ltr'><strong>τοῦ</strong></span> 
     </span>
    </p>
   </div>
   <div class='ocr_carea' id='block_1_24' title="bbox 108 1069 930 1109">
    <p class='ocr_par' dir='ltr' id='par_1_24' title="bbox 108 1069 930 1109">
     <span class='ocr_line' id='line_1_24' title="bbox 108 1069 930 1109; baseline 0 -11"><span class='ocrx_word' id='word_1_155' title='bbox 108 1069 366 1109; x_wconf 74' lang='grc' dir='ltr'>δημιουργήσαντός</span> <span class='ocrx_word' id='word_1_156' title='bbox 391 1081 429 1099; x_wconf 78' lang='grc' dir='ltr'>σε.</span> <span class='ocrx_word' id='word_1_157' title='bbox 452 1070 511 1098; x_wconf 82' lang='grc' dir='ltr'>Τίνι</span> <span class='ocrx_word' id='word_1_158' title='bbox 537 1069 566 1098; x_wconf 77' lang='grc' dir='ltr'><strong>δὲ</strong></span> <span class='ocrx_word' id='word_1_159' title='bbox 589 1070 635 1098; x_wconf 86' lang='grc' dir='ltr'><strong>καὶ</strong></span> <span class='ocrx_word' id='word_1_160' title='bbox 659 1070 752 1108; x_wconf 71' lang='grc' dir='ltr'>ἀρέσαι</span> <span class='ocrx_word' id='word_1_161' title='bbox 773 1070 930 1108; x_wconf 72' lang='grc' dir='ltr'>βουλομένη</span> 
     </span>
    </p>
   </div>
   <div class='ocr_carea' id='block_1_25' title="bbox 105 1112 932 1153">
    <p class='ocr_par' dir='ltr' id='par_1_25' title="bbox 105 1112 932 1153">
     <span class='ocr_line' id='line_1_25' title="bbox 105 1112 932 1153; baseline 0 -11"><span class='ocrx_word' id='word_1_162' title='bbox 105 1118 188 1143; x_wconf 83' lang='grc' dir='ltr'>ταῦτα</span> <span class='ocrx_word' id='word_1_163' title='bbox 215 1117 327 1149; x_wconf 61' lang='lat' dir='ltr'><strong>«meis;</strong></span> <span class='ocrx_word' id='word_1_164' title='bbox 352 1116 400 1151; x_wconf 81' lang='grc' dir='ltr'><strong>Τῷ</strong></span> <span class='ocrx_word' id='word_1_165' title='bbox 425 1114 501 1153; x_wconf 79' lang='grc' dir='ltr'>ἀνδρί</span> <span class='ocrx_word' id='word_1_166' title='bbox 519 1125 526 1149; x_wconf 84' lang='lat'><strong>;</strong></span> <span class='ocrx_word' id='word_1_167' title='bbox 543 1115 593 1142; x_wconf 78' lang='grc' dir='ltr'>οὐκ</span> <span class='ocrx_word' id='word_1_168' title='bbox 618 1112 692 1153; x_wconf 77' lang='grc' dir='ltr'>ἔχεις</span> <span class='ocrx_word' id='word_1_169' title='bbox 717 1114 810 1152; x_wconf 79' lang='grc' dir='ltr'>ἄνδρα,</span> <span class='ocrx_word' id='word_1_170' title='bbox 841 1115 879 1146; x_wconf 82' lang='grc' dir='ltr'>ὥς</span> <span class='ocrx_word' id='word_1_171' title='bbox 901 1125 932 1153; x_wconf 87' lang='grc' dir='ltr'><strong>γε</strong></span> 
     </span>
    </p>
   </div>
   <div class='ocr_carea' id='block_1_26' title="bbox 106 1157 931 1198">
    <p class='ocr_par' dir='ltr' id='par_1_26' title="bbox 106 1157 931 1198">
     <span class='ocr_line' id='line_1_26' title="bbox 106 1157 931 1198; baseline 0 -11"><span class='ocrx_word' id='word_1_172' title='bbox 106 1158 183 1195; x_wconf 68' lang='grc' dir='ltr'>ἔφης,</span> <span class='ocrx_word' id='word_1_173' title='bbox 201 1160 224 1187; x_wconf 83' lang='grc' dir='ltr'><strong>ὧ</strong></span> <span class='ocrx_word' id='word_1_174' title='bbox 250 1159 376 1197; x_wconf 74' lang='grc' dir='ltr'>παρθένε·</span> <span class='ocrx_word' id='word_1_175' title='bbox 392 1159 415 1187; x_wconf 80' lang='grc' dir='ltr'><strong>εἰ</strong></span> <span class='ocrx_word' id='word_1_176' title='bbox 432 1158 460 1187; x_wconf 64' lang='grc' dir='ltr'><strong>δὲ</strong></span> <span class='ocrx_word' id='word_1_177' title='bbox 483 1159 528 1187; x_wconf 79' lang='grc' dir='ltr'><strong>καὶ</strong></span> <span class='ocrx_word' id='word_1_178' title='bbox 553 1157 637 1198; x_wconf 78' lang='grc' dir='ltr'>ἔχεις,</span> <span class='ocrx_word' id='word_1_179' title='bbox 663 1158 720 1187; x_wconf 72' lang='grc' dir='ltr'><strong>οἴδὲ</strong></span> <span class='ocrx_word' id='word_1_180' title='bbox 744 1170 792 1187; x_wconf 89' lang='grc' dir='ltr'><strong>σου</strong></span> <span class='ocrx_word' id='word_1_181' title='bbox 814 1160 864 1194; x_wconf 74' lang='grc' dir='ltr'>τὴν</span> <span class='ocrx_word' id='word_1_182' title='bbox 880 1170 931 1187; x_wconf 88' lang='grc' dir='ltr'>πο-</span> 
     </span>
    </p>
   </div>
   <div class='ocr_carea' id='block_1_27' title="bbox 106 1203 931 1243">
    <p class='ocr_par' dir='ltr' id='par_1_27' title="bbox 106 1203 931 1243">
     <span class='ocr_line' id='line_1_27' title="bbox 106 1203 931 1243; baseline -0.001 -11"><span class='ocrx_word' id='word_1_183' title='bbox 106 1203 271 1243; x_wconf 79' lang='grc' dir='ltr'>λυμήχανον</span> <span class='ocrx_word' id='word_1_184' title='bbox 287 1204 418 1233; x_wconf 88' lang='grc' dir='ltr'>σύνθεσιν.</span> <span class='ocrx_word' id='word_1_185' title='bbox 437 1203 470 1232; x_wconf 90' lang='grc' dir='ltr'>Τί</span> <span class='ocrx_word' id='word_1_186' title='bbox 493 1203 658 1241; x_wconf 81' lang='grc' dir='ltr'>δελεάσμασι</span> <span class='ocrx_word' id='word_1_187' title='bbox 682 1204 869 1242; x_wconf 83' lang='grc' dir='ltr'>πολυτρόποις</span> <span class='ocrx_word' id='word_1_188' title='bbox 885 1204 931 1242; x_wconf 84' lang='grc' dir='ltr'>ὀρ-</span> 
     </span>
    </p>
   </div>
   <div class='ocr_carea' id='block_1_28' title="bbox 103 1248 930 1287">
    <p class='ocr_par' dir='ltr' id='par_1_28' title="bbox 103 1248 930 1287">
     <span class='ocr_line' id='line_1_28' title="bbox 103 1248 930 1287; baseline -0.001 -10"><span class='ocrx_word' id='word_1_189' title='bbox 103 1250 245 1287; x_wconf 76' lang='grc' dir='ltr'>γανώσασα</span> <span class='ocrx_word' id='word_1_190' title='bbox 258 1250 290 1276; x_wconf 89' lang='grc' dir='ltr'><strong>τὸ</strong></span> <span class='ocrx_word' id='word_1_191' title='bbox 310 1251 401 1285; x_wconf 79' lang='grc' dir='ltr'>σῶμα,</span> <span class='ocrx_word' id='word_1_192' title='bbox 423 1248 545 1286; x_wconf 77' lang='grc' dir='ltr'>Θηρεύεις</span> <span class='ocrx_word' id='word_1_193' title='bbox 570 1249 618 1280; x_wconf 80' lang='grc' dir='ltr'><strong>τὰς</strong></span> <span class='ocrx_word' id='word_1_194' title='bbox 644 1248 733 1287; x_wconf 79' lang='grc' dir='ltr'>ψυχὰς</span> <span class='ocrx_word' id='word_1_195' title='bbox 757 1251 810 1276; x_wconf 82' lang='grc' dir='ltr'>τῶν</span> <span class='ocrx_word' id='word_1_196' title='bbox 826 1249 930 1285; x_wconf 80' lang='grc' dir='ltr'>ἀνθρώ-</span> 
     </span>
    </p>
   </div>
   <div class='ocr_carea' id='block_1_29' title="bbox 105 1292 931 1331">
    <p class='ocr_par' dir='ltr' id='par_1_29' title="bbox 105 1292 931 1331">
     <span class='ocr_line' id='line_1_29' title="bbox 105 1292 931 1331; baseline -0.001 -10"><span class='ocrx_word' id='word_1_197' title='bbox 105 1303 163 1321; x_wconf 86' lang='grc' dir='ltr'>πων</span> <span class='ocrx_word' id='word_1_198' title='bbox 181 1293 250 1331; x_wconf 83' lang='grc' dir='ltr'>πρὸς</span> <span class='ocrx_word' id='word_1_199' title='bbox 265 1292 425 1329; x_wconf 80' lang='grc' dir='ltr'>ἀπώλειαν;</span> <span class='ocrx_word' id='word_1_200' title='bbox 448 1293 492 1320; x_wconf 78' lang='grc' dir='ltr'>καὶ</span> <span class='ocrx_word' id='word_1_201' title='bbox 507 1295 567 1325; x_wconf 83' lang='grc' dir='ltr'>πῶς</span> <span class='ocrx_word' id='word_1_202' title='bbox 580 1293 626 1321; x_wconf 87' lang='grc' dir='ltr'>τὸν</span> <span class='ocrx_word' id='word_1_203' title='bbox 652 1293 767 1330; x_wconf 79' lang='grc' dir='ltr'>Χριστόν</span> <span class='ocrx_word' id='word_1_204' title='bbox 793 1293 931 1321; x_wconf 70' lang='grc' dir='ltr'>ίπικαλιῖ-</span> 
     </span>
    </p>
   </div>
   <div class='ocr_carea' id='block_1_30' title="bbox 106 1336 931 1376">
    <p class='ocr_par' dir='ltr' id='par_1_30' title="bbox 106 1336 931 1376">
     <span class='ocr_line' id='line_1_30' title="bbox 106 1336 931 1376; baseline 0 -11"><span class='ocrx_word' id='word_1_205' title='bbox 106 1339 165 1365; x_wconf 78' lang='grc' dir='ltr'>σθαι</span> <span class='ocrx_word' id='word_1_206' title='bbox 181 1337 301 1374; x_wconf 76' lang='grc' dir='ltr'>τολμᾷς,</span> <span class='ocrx_word' id='word_1_207' title='bbox 317 1338 335 1374; x_wconf 77' lang='grc' dir='ltr'><strong>ἢ</strong></span> <span class='ocrx_word' id='word_1_208' title='bbox 352 1337 498 1373; x_wconf 77' lang='grc' dir='ltr'>ἐκκλησίας</span> <span class='ocrx_word' id='word_1_209' title='bbox 514 1336 592 1365; x_wconf 81' lang='grc' dir='ltr'>ούὸὸν</span> <span class='ocrx_word' id='word_1_210' title='bbox 609 1340 712 1372; x_wconf 79' lang='grc' dir='ltr'>πατεῖν,</span> <span class='ocrx_word' id='word_1_211' title='bbox 736 1338 836 1373; x_wconf 76' lang='grc' dir='ltr'>ξοάνων</span> <span class='ocrx_word' id='word_1_212' title='bbox 864 1347 931 1376; x_wconf 84' lang='grc' dir='ltr'>μορ-</span> 
     </span>
    </p>
   </div>
   <div class='ocr_carea' id='block_1_31' title="bbox 106 1381 931 1422">
    <p class='ocr_par' dir='ltr' id='par_1_31' title="bbox 106 1381 931 1422">
     <span class='ocr_line' id='line_1_31' title="bbox 106 1381 931 1422; baseline 0 -13"><span class='ocrx_word' id='word_1_213' title='bbox 106 1383 155 1422; x_wconf 68' lang='grc' dir='ltr'>φὰς</span> <span class='ocrx_word' id='word_1_214' title='bbox 185 1383 301 1420; x_wconf 84' lang='grc' dir='ltr'>ἀψύχων</span> <span class='ocrx_word' id='word_1_215' title='bbox 336 1382 362 1410; x_wconf 72' lang='grc' dir='ltr'>ἰν</span> <span class='ocrx_word' id='word_1_216' title='bbox 391 1381 450 1419; x_wconf 76' lang='grc' dir='ltr'>ὅλῳ</span> <span class='ocrx_word' id='word_1_217' title='bbox 478 1384 517 1418; x_wconf 83' lang='grc' dir='ltr'>τῷ</span> <span class='ocrx_word' id='word_1_218' title='bbox 545 1383 652 1419; x_wconf 84' lang='grc' dir='ltr'>σώματι</span> <span class='ocrx_word' id='word_1_219' title='bbox 681 1381 726 1410; x_wconf 78' lang='grc' dir='ltr'>διὰ</span> <span class='ocrx_word' id='word_1_220' title='bbox 751 1384 855 1420; x_wconf 81' lang='grc' dir='ltr'>χρυσοῦ</span> <span class='ocrx_word' id='word_1_221' title='bbox 883 1384 931 1410; x_wconf 76' lang='grc' dir='ltr'>τοῦ</span> 
     </span>
    </p>
   </div>
   <div class='ocr_carea' id='block_1_32' title="bbox 107 1425 932 1466">
    <p class='ocr_par' dir='ltr' id='par_1_32' title="bbox 107 1425 932 1466">
     <span class='ocr_line' id='line_1_32' title="bbox 107 1425 932 1466; baseline -0.001 -11"><span class='ocrx_word' id='word_1_222' title='bbox 107 1425 303 1463; x_wconf 68' lang='grc' dir='ltr'>ἀπολλυμένου</span> <span class='ocrx_word' id='word_1_223' title='bbox 330 1426 457 1466; x_wconf 73' lang='grc' dir='ltr'>φέρουσα,</span> <span class='ocrx_word' id='word_1_224' title='bbox 490 1426 597 1463; x_wconf 73' lang='grc' dir='ltr'>μᾶλλον</span> <span class='ocrx_word' id='word_1_225' title='bbox 630 1425 658 1454; x_wconf 78' lang='grc' dir='ltr'><strong>δὲ</strong></span> <span class='ocrx_word' id='word_1_226' title='bbox 672 1427 870 1463; x_wconf 75' lang='grc' dir='ltr'>πομπευομὲνη</span> <span class='ocrx_word' id='word_1_227' title='bbox 887 1427 932 1454; x_wconf 81' lang='grc' dir='ltr'>ὑπ’</span> 
     </span>
    </p>
   </div>
   <div class='ocr_carea' id='block_1_33' title="bbox 109 1470 931 1510">
    <p class='ocr_par' dir='ltr' id='par_1_33' title="bbox 109 1470 931 1510">
     <span class='ocr_line' id='line_1_33' title="bbox 109 1470 931 1510; baseline 0 -11"><span class='ocrx_word' id='word_1_228' title='bbox 109 1472 210 1508; x_wconf 74' lang='grc' dir='ltr'>αὐτῶν,</span> <span class='ocrx_word' id='word_1_229' title='bbox 221 1472 266 1499; x_wconf 77' lang='grc' dir='ltr'><strong>καὶ</strong></span> <span class='ocrx_word' id='word_1_230' title='bbox 278 1470 388 1506; x_wconf 85' lang='grc' dir='ltr'>πολλὴν</span> <span class='ocrx_word' id='word_1_231' title='bbox 403 1471 557 1510; x_wconf 77' lang='grc' dir='ltr'>συστροφὴν</span> <span class='ocrx_word' id='word_1_232' title='bbox 568 1471 726 1499; x_wconf 79' lang='grc' dir='ltr'>ἀκολάστων</span> <span class='ocrx_word' id='word_1_233' title='bbox 743 1470 846 1510; x_wconf 80' lang='grc' dir='ltr'>ἀνδρῶν</span> <span class='ocrx_word' id='word_1_234' title='bbox 862 1471 931 1509; x_wconf 83' lang='grc' dir='ltr'>πρὸς</span> 
     </span>
    </p>
   </div>
   <div class='ocr_carea' id='block_1_34' title="bbox 106 1514 698 1555">
    <p class='ocr_par' dir='ltr' id='par_1_34' title="bbox 106 1514 698 1555">
     <span class='ocr_line' id='line_1_34' title="bbox 106 1514 698 1555; baseline -0.002 -12"><span class='ocrx_word' id='word_1_235' title='bbox 106 1517 155 1551; x_wconf 84' lang='grc' dir='ltr'><strong>τήν</strong></span> <span class='ocrx_word' id='word_1_236' title='bbox 172 1516 271 1550; x_wconf 57' lang='grc' dir='ltr'>εαυτῆς</span> <span class='ocrx_word' id='word_1_237' title='bbox 282 1514 413 1552; x_wconf 76' lang='grc' dir='ltr'>ἔκθεσμον</span> <span class='ocrx_word' id='word_1_238' title='bbox 430 1515 492 1543; x_wconf 69' lang='grc' dir='ltr'>θέαν</span> <span class='ocrx_word' id='word_1_239' title='bbox 507 1515 677 1555; x_wconf 70' lang='grc' dir='ltr'>ἐφελκομένη</span> <span class='ocrx_word' id='word_1_240' title='bbox 691 1525 698 1550; x_wconf 83' lang='lat'><strong>;</strong></span> 
     </span>
    </p>
   </div>
   <div class='ocr_carea' id='block_1_35' title="bbox 139 1559 930 1598">
    <p class='ocr_par' dir='ltr' id='par_1_35' title="bbox 139 1559 930 1598">
     <span class='ocr_line' id='line_1_35' title="bbox 139 1559 930 1598; baseline 0 -10"><span class='ocrx_word' id='word_1_241' title='bbox 139 1563 167 1589; x_wconf 86' lang='lat'><strong>7.</strong></span> <span class='ocrx_word' id='word_1_242' title='bbox 180 1559 271 1588; x_wconf 73' lang='grc' dir='ltr'><strong>Ἀλλὰ</strong></span> <span class='ocrx_word' id='word_1_243' title='bbox 293 1559 346 1588; x_wconf 88' lang='grc' dir='ltr'>τίνι</span> <span class='ocrx_word' id='word_1_244' title='bbox 370 1562 453 1588; x_wconf 75' lang='grc' dir='ltr'>ταῦτα</span> <span class='ocrx_word' id='word_1_245' title='bbox 473 1559 631 1596; x_wconf 82' lang='grc' dir='ltr'>λαλοῦμιν;</span> <span class='ocrx_word' id='word_1_246' title='bbox 649 1562 757 1598; x_wconf 88' lang='grc' dir='ltr'>Λογικῷ</span> <span class='ocrx_word' id='word_1_247' title='bbox 773 1560 835 1597; x_wconf 89' lang='grc' dir='ltr'><strong>ζώῳ</strong></span> <span class='ocrx_word' id='word_1_248' title='bbox 846 1560 930 1597; x_wconf 63' lang='grc' dir='ltr'>ἕρπη-</span> 
     </span>
    </p>
   </div>
   <div class='ocr_carea' id='block_1_36' title="bbox 992 269 1820 308">
    <p class='ocr_par' dir='ltr' id='par_1_36' title="bbox 992 269 1820 308">
     <span class='ocr_line' id='line_1_36' title="bbox 992 269 1820 308; baseline 0.005 -12"><span class='ocrx_word' id='word_1_249' title='bbox 992 271 1071 296; x_wconf 90' lang='lat' dir='ltr'><strong>ctore</strong></span> <span class='ocrx_word' id='word_1_250' title='bbox 1086 269 1164 297; x_wconf 83' lang='lat' dir='ltr'><strong>foves</strong></span> <span class='ocrx_word' id='word_1_251' title='bbox 1181 277 1188 296; x_wconf 88' lang='lat'><strong>:</strong></span> <span class='ocrx_word' id='word_1_252' title='bbox 1205 270 1275 304; x_wconf 89' lang='lat' dir='ltr'><strong>quid</strong></span> <span class='ocrx_word' id='word_1_253' title='bbox 1289 273 1317 298; x_wconf 91' lang='lat' dir='ltr'><strong>te</strong></span> <span class='ocrx_word' id='word_1_254' title='bbox 1332 270 1538 298; x_wconf 81' lang='lat' dir='ltr'><strong>circumlinis?</strong></span> <span class='ocrx_word' id='word_1_255' title='bbox 1552 271 1621 306; x_wconf 87' lang='lat' dir='ltr'><strong>quid</strong></span> <span class='ocrx_word' id='word_1_256' title='bbox 1646 274 1675 300; x_wconf 82' lang='lat' dir='ltr'><strong>te</strong></span> <span class='ocrx_word' id='word_1_257' title='bbox 1699 272 1795 308; x_wconf 78' lang='lat' dir='ltr'><strong>pingis</strong></span> <span class='ocrx_word' id='word_1_258' title='bbox 1805 273 1820 300; x_wconf 84' lang='lat'><strong>?</strong></span> 
     </span>
    </p>
   </div>
   <div class='ocr_carea' id='block_1_37' title="bbox 992 313 1819 353">
    <p class='ocr_par' dir='ltr' id='par_1_37' title="bbox 992 313 1819 353">
     <span class='ocr_line' id='line_1_37' title="bbox 992 313 1819 353; baseline 0.006 -13"><span class='ocrx_word' id='word_1_259' title='bbox 992 313 1062 349; x_wconf 89' lang='lat' dir='ltr'><strong>quid</strong></span> <span class='ocrx_word' id='word_1_260' title='bbox 1078 313 1182 342; x_wconf 87' lang='lat' dir='ltr'><strong>alienis</strong></span> <span class='ocrx_word' id='word_1_261' title='bbox 1197 313 1345 342; x_wconf 88' lang='lat' dir='ltr'><strong>coloribus</strong></span> <span class='ocrx_word' id='word_1_262' title='bbox 1359 314 1499 343; x_wconf 83' lang='lat' dir='ltr'><strong>inanimis</strong></span> <span class='ocrx_word' id='word_1_263' title='bbox 1519 316 1644 351; x_wconf 80' lang='lat' dir='ltr'><strong>speciem</strong></span> <span class='ocrx_word' id='word_1_264' title='bbox 1660 320 1760 353; x_wconf 84' lang='lat' dir='ltr'><strong>captas</strong></span> <span class='ocrx_word' id='word_1_265' title='bbox 1775 318 1819 345; x_wconf 80' lang='lat' dir='ltr'><strong>si-</strong></span> 
     </span>
    </p>
   </div>
   <div class='ocr_carea' id='block_1_38' title="bbox 993 358 1820 396">
    <p class='ocr_par' dir='ltr' id='par_1_38' title="bbox 993 358 1820 396">
     <span class='ocr_line' id='line_1_38' title="bbox 993 358 1820 396; baseline 0.005 -11"><span class='ocrx_word' id='word_1_266' title='bbox 993 358 1140 386; x_wconf 88' lang='lat' dir='ltr'><strong>mulacri?</strong></span> <span class='ocrx_word' id='word_1_267' title='bbox 1154 358 1226 394; x_wconf 88' lang='lat' dir='ltr'><strong>quid</strong></span> <span class='ocrx_word' id='word_1_268' title='bbox 1251 361 1372 394; x_wconf 80' lang='lat' dir='ltr'><strong>torques</strong></span> <span class='ocrx_word' id='word_1_269' title='bbox 1397 359 1494 387; x_wconf 90' lang='lat' dir='ltr'><strong>crines</strong></span> <span class='ocrx_word' id='word_1_270' title='bbox 1519 359 1610 388; x_wconf 81' lang='lat' dir='ltr'><strong>tuos?</strong></span> <span class='ocrx_word' id='word_1_271' title='bbox 1625 360 1694 396; x_wconf 88' lang='lat' dir='ltr'><strong>quid</strong></span> <span class='ocrx_word' id='word_1_272' title='bbox 1710 362 1820 389; x_wconf 88' lang='lat' dir='ltr'><strong>cincin-</strong></span> 
     </span>
    </p>
   </div>
   <div class='ocr_carea' id='block_1_39' title="bbox 992 403 1818 440">
    <p class='ocr_par' dir='ltr' id='par_1_39' title="bbox 992 403 1818 440">
     <span class='ocr_line' id='line_1_39' title="bbox 992 403 1818 440; baseline 0.005 -10"><span class='ocrx_word' id='word_1_273' title='bbox 992 411 1045 430; x_wconf 86' lang='lat' dir='ltr'><strong>nos</strong></span> <span class='ocrx_word' id='word_1_274' title='bbox 1058 403 1232 439; x_wconf 87' lang='lat' dir='ltr'><strong>adscititios,</strong></span> <span class='ocrx_word' id='word_1_275' title='bbox 1247 403 1399 438; x_wconf 83' lang='lat' dir='ltr'><strong>cirrosque</strong></span> <span class='ocrx_word' id='word_1_276' title='bbox 1410 403 1498 439; x_wconf 82' lang='lat' dir='ltr'><strong>capiti</strong></span> <span class='ocrx_word' id='word_1_277' title='bbox 1509 404 1639 440; x_wconf 80' lang='lat' dir='ltr'><strong>imponis</strong></span> <span class='ocrx_word' id='word_1_278' title='bbox 1654 405 1818 434; x_wconf 85' lang='lat' dir='ltr'><strong>alienorum</strong></span> 
     </span>
    </p>
   </div>
   <div class='ocr_carea' id='block_1_40' title="bbox 991 448 1818 483">
    <p class='ocr_par' dir='ltr' id='par_1_40' title="bbox 991 448 1818 483">
     <span class='ocr_line' id='line_1_40' title="bbox 991 448 1818 483; baseline 0.004 -8"><span class='ocrx_word' id='word_1_279' title='bbox 991 450 1244 483; x_wconf 74' lang='lat' dir='ltr'><strong>ornamentorum,</strong></span> <span class='ocrx_word' id='word_1_280' title='bbox 1269 448 1462 476; x_wconf 85' lang='lat' dir='ltr'><strong>animantium</strong></span> <span class='ocrx_word' id='word_1_281' title='bbox 1488 451 1672 477; x_wconf 87' lang='lat' dir='ltr'><strong>mortuorum</strong></span> <span class='ocrx_word' id='word_1_282' title='bbox 1697 452 1726 478; x_wconf 88' lang='lat' dir='ltr'><strong>et</strong></span> <span class='ocrx_word' id='word_1_283' title='bbox 1744 450 1818 478; x_wconf 86' lang='lat' dir='ltr'><strong>irra-</strong></span> 
     </span>
    </p>
   </div>
   <div class='ocr_carea' id='block_1_41' title="bbox 990 491 1815 529">
    <p class='ocr_par' dir='ltr' id='par_1_41' title="bbox 990 491 1815 529">
     <span class='ocr_line' id='line_1_41' title="bbox 990 491 1815 529; baseline 0.004 -10"><span class='ocrx_word' id='word_1_284' title='bbox 990 491 1142 520; x_wconf 86' lang='lat' dir='ltr'><strong>tionalium</strong></span> <span class='ocrx_word' id='word_1_285' title='bbox 1158 501 1165 526; x_wconf 87' lang='lat'><strong>;</strong></span> <span class='ocrx_word' id='word_1_286' title='bbox 1182 491 1287 527; x_wconf 88' lang='lat' dir='ltr'><strong>capite,</strong></span> <span class='ocrx_word' id='word_1_287' title='bbox 1304 493 1513 529; x_wconf 86' lang='lat' dir='ltr'><strong>obtutu,atque</strong></span> <span class='ocrx_word' id='word_1_288' title='bbox 1527 493 1711 522; x_wconf 80' lang='lat' dir='ltr'><strong>exoticorum</strong></span> <span class='ocrx_word' id='word_1_289' title='bbox 1728 495 1815 522; x_wconf 90' lang='lat' dir='ltr'><strong>indu-</strong></span> 
     </span>
    </p>
   </div>
   <div class='ocr_carea' id='block_1_42' title="bbox 991 536 1819 572">
    <p class='ocr_par' dir='ltr' id='par_1_42' title="bbox 991 536 1819 572">
     <span class='ocr_line' id='line_1_42' title="bbox 991 536 1819 572; baseline 0.005 -9"><span class='ocrx_word' id='word_1_290' title='bbox 991 538 1156 564; x_wconf 78' lang='lat' dir='ltr'><strong>mentorum</strong></span> <span class='ocrx_word' id='word_1_291' title='bbox 1172 536 1310 564; x_wconf 85' lang='lat' dir='ltr'><strong>verietate</strong></span> <span class='ocrx_word' id='word_1_292' title='bbox 1319 537 1617 572; x_wconf 82' lang='lat' dir='ltr'><strong>decipiens,mulcens</strong></span> <span class='ocrx_word' id='word_1_293' title='bbox 1629 541 1658 566; x_wconf 88' lang='lat' dir='ltr'><strong>et</strong></span> <span class='ocrx_word' id='word_1_294' title='bbox 1669 538 1819 567; x_wconf 82' lang='lat' dir='ltr'><strong>fascinans</strong></span> 
     </span>
    </p>
   </div>
   <div class='ocr_carea' id='block_1_43' title="bbox 990 580 1815 617">
    <p class='ocr_par' dir='ltr' id='par_1_43' title="bbox 990 580 1815 617">
     <span class='ocr_line' id='line_1_43' title="bbox 990 580 1815 617; baseline 0.004 -9"><span class='ocrx_word' id='word_1_295' title='bbox 990 580 1106 608; x_wconf 85' lang='lat' dir='ltr'><strong>animos</strong></span> <span class='ocrx_word' id='word_1_296' title='bbox 1123 581 1275 608; x_wconf 87' lang='lat' dir='ltr'><strong>hominum</strong></span> <span class='ocrx_word' id='word_1_297' title='bbox 1287 581 1300 608; x_wconf 68' lang='grc' dir='ltr'><strong>Ῥ</strong></span> <span class='ocrx_word' id='word_1_298' title='bbox 1316 581 1445 609; x_wconf 90' lang='lat' dir='ltr'><strong>Inﬁdelis</strong></span> <span class='ocrx_word' id='word_1_299' title='bbox 1460 581 1568 610; x_wconf 89' lang='lat' dir='ltr'><strong>etenim</strong></span> <span class='ocrx_word' id='word_1_300' title='bbox 1594 582 1711 617; x_wconf 88' lang='lat' dir='ltr'><strong>mulier,</strong></span> <span class='ocrx_word' id='word_1_301' title='bbox 1741 583 1815 611; x_wconf 87' lang='lat' dir='ltr'><strong>alias</strong></span> 
     </span>
    </p>
   </div>
   <div class='ocr_carea' id='block_1_44' title="bbox 989 624 1819 662">
    <p class='ocr_par' dir='ltr' id='par_1_44' title="bbox 989 624 1819 662">
     <span class='ocr_line' id='line_1_44' title="bbox 989 624 1819 662; baseline 0.004 -10"><span class='ocrx_word' id='word_1_302' title='bbox 989 627 1078 661; x_wconf 87' lang='lat' dir='ltr'><strong>atque</strong></span> <span class='ocrx_word' id='word_1_303' title='bbox 1093 624 1166 652; x_wconf 85' lang='lat' dir='ltr'><strong>alias</strong></span> <span class='ocrx_word' id='word_1_304' title='bbox 1181 625 1328 653; x_wconf 82' lang='lat' dir='ltr'><strong>inanimes</strong></span> <span class='ocrx_word' id='word_1_305' title='bbox 1353 625 1492 654; x_wconf 88' lang='lat' dir='ltr'><strong>materias</strong></span> <span class='ocrx_word' id='word_1_306' title='bbox 1515 626 1668 662; x_wconf 82' lang='lat' dir='ltr'><strong>colligens,</strong></span> <span class='ocrx_word' id='word_1_307' title='bbox 1693 629 1723 655; x_wconf 86' lang='lat' dir='ltr'><strong>et</strong></span> <span class='ocrx_word' id='word_1_308' title='bbox 1739 627 1819 655; x_wconf 81' lang='lat' dir='ltr'><strong>fuco-</strong></span> 
     </span>
    </p>
   </div>
   <div class='ocr_carea' id='block_1_45' title="bbox 990 670 1815 707">
    <p class='ocr_par' dir='ltr' id='par_1_45' title="bbox 990 670 1815 707">
     <span class='ocr_line' id='line_1_45' title="bbox 990 670 1815 707; baseline 0.004 -10"><span class='ocrx_word' id='word_1_309' title='bbox 990 678 1055 697; x_wconf 87' lang='lat' dir='ltr'><strong>rum</strong></span> <span class='ocrx_word' id='word_1_310' title='bbox 1071 670 1218 697; x_wconf 85' lang='lat' dir='ltr'><strong>ascissens</strong></span> <span class='ocrx_word' id='word_1_311' title='bbox 1239 670 1408 702; x_wconf 80' lang='lat' dir='ltr'><strong>varietates,</strong></span> <span class='ocrx_word' id='word_1_312' title='bbox 1432 678 1484 706; x_wconf 89' lang='lat' dir='ltr'><strong>per</strong></span> <span class='ocrx_word' id='word_1_313' title='bbox 1506 671 1680 707; x_wconf 84' lang='lat' dir='ltr'><strong>omnigenos</strong></span> <span class='ocrx_word' id='word_1_314' title='bbox 1702 671 1815 700; x_wconf 87' lang='lat' dir='ltr'><strong>colores</strong></span> 
     </span>
    </p>
   </div>
   <div class='ocr_carea' id='block_1_46' title="bbox 988 713 1815 751">
    <p class='ocr_par' dir='ltr' id='par_1_46' title="bbox 988 713 1815 751">
     <span class='ocr_line' id='line_1_46' title="bbox 988 713 1815 751; baseline 0.004 -10"><span class='ocrx_word' id='word_1_315' title='bbox 988 716 1018 742; x_wconf 89' lang='lat' dir='ltr'><strong>et</strong></span> <span class='ocrx_word' id='word_1_316' title='bbox 1033 713 1186 749; x_wconf 80' lang='lat' dir='ltr'><strong>fuliginem</strong></span> <span class='ocrx_word' id='word_1_317' title='bbox 1203 716 1231 742; x_wconf 82' lang='lat' dir='ltr'><strong>et</strong></span> <span class='ocrx_word' id='word_1_318' title='bbox 1241 714 1350 742; x_wconf 83' lang='lat' dir='ltr'><strong>calcem</strong></span> <span class='ocrx_word' id='word_1_319' title='bbox 1367 717 1395 742; x_wconf 87' lang='lat' dir='ltr'><strong>et</strong></span> <span class='ocrx_word' id='word_1_320' title='bbox 1409 714 1515 743; x_wconf 78' lang='lat' dir='ltr'><strong>herbas</strong></span> <span class='ocrx_word' id='word_1_321' title='bbox 1531 716 1606 751; x_wconf 67' lang='lat' dir='ltr'><strong>(quae</strong></span> <span class='ocrx_word' id='word_1_322' title='bbox 1622 716 1659 744; x_wconf 90' lang='lat' dir='ltr'><strong>ab</strong></span> <span class='ocrx_word' id='word_1_323' title='bbox 1672 716 1737 751; x_wconf 85' lang='lat' dir='ltr'><strong>ejus</strong></span> <span class='ocrx_word' id='word_1_324' title='bbox 1752 724 1815 744; x_wconf 84' lang='lat' dir='ltr'><strong>cor-</strong></span> 
     </span>
    </p>
   </div>
   <div class='ocr_carea' id='block_1_47' title="bbox 989 758 1815 794">
    <p class='ocr_par' dir='ltr' id='par_1_47' title="bbox 989 758 1815 794">
     <span class='ocr_line' id='line_1_47' title="bbox 989 758 1815 794; baseline 0.004 -9"><span class='ocrx_word' id='word_1_325' title='bbox 989 766 1058 794; x_wconf 86' lang='lat' dir='ltr'><strong>pore</strong></span> <span class='ocrx_word' id='word_1_326' title='bbox 1071 761 1208 786; x_wconf 81' lang='lat' dir='ltr'><strong>extranea</strong></span> <span class='ocrx_word' id='word_1_327' title='bbox 1223 761 1304 792; x_wconf 89' lang='lat' dir='ltr'><strong>sunt)</strong></span> <span class='ocrx_word' id='word_1_328' title='bbox 1319 758 1410 786; x_wconf 82' lang='lat' dir='ltr'><strong>veluti</strong></span> <span class='ocrx_word' id='word_1_329' title='bbox 1423 759 1548 787; x_wconf 80' lang='lat' dir='ltr'><strong>bestiam</strong></span> <span class='ocrx_word' id='word_1_330' title='bbox 1561 760 1717 794; x_wconf 80' lang='lat' dir='ltr'><strong>quamdam</strong></span> <span class='ocrx_word' id='word_1_331' title='bbox 1734 761 1815 788; x_wconf 90' lang='lat' dir='ltr'><strong>mul-</strong></span> 
     </span>
    </p>
   </div>
   <div class='ocr_carea' id='block_1_48' title="bbox 988 802 1813 839">
    <p class='ocr_par' dir='ltr' id='par_1_48' title="bbox 988 802 1813 839">
     <span class='ocr_line' id='line_1_48' title="bbox 988 802 1813 839; baseline 0.002 -9"><span class='ocrx_word' id='word_1_332' title='bbox 988 802 1137 830; x_wconf 77' lang='lat' dir='ltr'><strong>tiformem</strong></span> <span class='ocrx_word' id='word_1_333' title='bbox 1153 811 1184 831; x_wconf 84' lang='lat' dir='ltr'><strong>se</strong></span> <span class='ocrx_word' id='word_1_334' title='bbox 1198 802 1263 838; x_wconf 88' lang='lat' dir='ltr'><strong>ipsa</strong></span> <span class='ocrx_word' id='word_1_335' title='bbox 1277 803 1376 831; x_wconf 82' lang='lat' dir='ltr'><strong>efﬁcit.</strong></span> <span class='ocrx_word' id='word_1_336' title='bbox 1392 804 1428 831; x_wconf 83' lang='lat' dir='ltr'><strong>At</strong></span> <span class='ocrx_word' id='word_1_337' title='bbox 1442 811 1506 839; x_wconf 71' lang='lat' dir='ltr'><strong>quae</strong></span> <span class='ocrx_word' id='word_1_338' title='bbox 1523 804 1618 832; x_wconf 90' lang='lat' dir='ltr'><strong>ﬁdelis</strong></span> <span class='ocrx_word' id='word_1_339' title='bbox 1633 807 1678 832; x_wconf 88' lang='lat' dir='ltr'><strong>est</strong></span> <span class='ocrx_word' id='word_1_340' title='bbox 1696 804 1813 838; x_wconf 84' lang='lat' dir='ltr'><strong>mulier,</strong></span> 
     </span>
    </p>
   </div>
   <div class='ocr_carea' id='block_1_49' title="bbox 988 846 1812 884">
    <p class='ocr_par' dir='ltr' id='par_1_49' title="bbox 988 846 1812 884">
     <span class='ocr_line' id='line_1_49' title="bbox 988 846 1812 884; baseline 0.004 -10"><span class='ocrx_word' id='word_1_341' title='bbox 988 847 1025 875; x_wconf 90' lang='lat' dir='ltr'><strong>ab</strong></span> <span class='ocrx_word' id='word_1_342' title='bbox 1041 847 1088 875; x_wconf 89' lang='lat' dir='ltr'><strong>bis</strong></span> <span class='ocrx_word' id='word_1_343' title='bbox 1101 846 1201 882; x_wconf 87' lang='lat' dir='ltr'><strong>procul</strong></span> <span class='ocrx_word' id='word_1_344' title='bbox 1217 855 1280 875; x_wconf 91' lang='lat' dir='ltr'><strong>esse</strong></span> <span class='ocrx_word' id='word_1_345' title='bbox 1295 847 1391 882; x_wconf 88' lang='lat' dir='ltr'><strong>debet,</strong></span> <span class='ocrx_word' id='word_1_346' title='bbox 1407 850 1436 876; x_wconf 87' lang='lat' dir='ltr'><strong>et</strong></span> <span class='ocrx_word' id='word_1_347' title='bbox 1455 848 1581 876; x_wconf 81' lang='lat' dir='ltr'><strong>maxime</strong></span> <span class='ocrx_word' id='word_1_348' title='bbox 1596 857 1661 884; x_wconf 62' lang='lat' dir='ltr'><strong>quas</strong></span> <span class='ocrx_word' id='word_1_349' title='bbox 1682 856 1714 876; x_wconf 91' lang='lat' dir='ltr'><strong>se</strong></span> <span class='ocrx_word' id='word_1_350' title='bbox 1729 849 1812 877; x_wconf 89' lang='lat' dir='ltr'><strong>Chri-</strong></span> 
     </span>
    </p>
   </div>
   <div class='ocr_carea' id='block_1_50' title="bbox 989 891 1811 928">
    <p class='ocr_par' dir='ltr' id='par_1_50' title="bbox 989 891 1811 928">
     <span class='ocr_line' id='line_1_50' title="bbox 989 891 1811 928; baseline 0.002 -9"><span class='ocrx_word' id='word_1_351' title='bbox 989 891 1115 919; x_wconf 89' lang='lat' dir='ltr'><strong>stianam</strong></span> <span class='ocrx_word' id='word_1_352' title='bbox 1131 900 1196 920; x_wconf 90' lang='lat' dir='ltr'><strong>esse</strong></span> <span class='ocrx_word' id='word_1_353' title='bbox 1211 892 1393 928; x_wconf 88' lang='lat' dir='ltr'><strong>proﬁteatur.</strong></span> <span class='ocrx_word' id='word_1_354' title='bbox 1410 893 1452 920; x_wconf 88' lang='lat' dir='ltr'><strong>An</strong></span> <span class='ocrx_word' id='word_1_355' title='bbox 1468 892 1697 928; x_wconf 87' lang='lat' dir='ltr'><strong>Deumincusae,</strong></span> <span class='ocrx_word' id='word_1_356' title='bbox 1713 901 1729 921; x_wconf 93' lang='grc' dir='ltr'><strong>ο</strong></span> <span class='ocrx_word' id='word_1_357' title='bbox 1745 902 1811 921; x_wconf 90' lang='lat' dir='ltr'><strong>mu-</strong></span> 
     </span>
    </p>
   </div>
   <div class='ocr_carea' id='block_1_51' title="bbox 990 935 1810 973">
    <p class='ocr_par' dir='ltr' id='par_1_51' title="bbox 990 935 1810 973">
     <span class='ocr_line' id='line_1_51' title="bbox 990 935 1810 973; baseline 0.004 -10"><span class='ocrx_word' id='word_1_358' title='bbox 990 935 1052 969; x_wconf 89' lang='lat' dir='ltr'><strong>lier,</strong></span> <span class='ocrx_word' id='word_1_359' title='bbox 1069 936 1147 972; x_wconf 91' lang='lat' dir='ltr'><strong>quod</strong></span> <span class='ocrx_word' id='word_1_360' title='bbox 1163 938 1192 964; x_wconf 88' lang='lat' dir='ltr'><strong>ts</strong></span> <span class='ocrx_word' id='word_1_361' title='bbox 1206 936 1351 971; x_wconf 83' lang='lat' dir='ltr'><strong>ejusmodi</strong></span> <span class='ocrx_word' id='word_1_362' title='bbox 1375 936 1476 964; x_wconf 79' lang='lat' dir='ltr'><strong>iecerit</strong></span> <span class='ocrx_word' id='word_1_363' title='bbox 1490 936 1504 964; x_wconf 87' lang='lat'><strong>?</strong></span> <span class='ocrx_word' id='word_1_364' title='bbox 1528 939 1642 971; x_wconf 86' lang='lat' dir='ltr'><strong>Patere,</strong></span> <span class='ocrx_word' id='word_1_365' title='bbox 1663 938 1689 965; x_wconf 82' lang='lat' dir='ltr'><strong>si</strong></span> <span class='ocrx_word' id='word_1_366' title='bbox 1712 937 1810 973; x_wconf 85' lang='lat' dir='ltr'><strong>qualis</strong></span> 
     </span>
    </p>
   </div>
   <div class='ocr_carea' id='block_1_52' title="bbox 987 979 1805 1010">
    <p class='ocr_par' dir='ltr' id='par_1_52' title="bbox 987 979 1805 1010">
     <span class='ocr_line' id='line_1_52' title="bbox 987 979 1805 1010; baseline 0.002 -2"><span class='ocrx_word' id='word_1_367' title='bbox 987 983 1084 1008; x_wconf 86' lang='lat' dir='ltr'><strong>creata</strong></span> <span class='ocrx_word' id='word_1_368' title='bbox 1100 979 1192 1008; x_wconf 78' lang='lat' dir='ltr'><strong>fuisti.</strong></span> <span class='ocrx_word' id='word_1_369' title='bbox 1208 979 1286 1008; x_wconf 88' lang='lat' dir='ltr'><strong>Nihil</strong></span> <span class='ocrx_word' id='word_1_370' title='bbox 1302 980 1356 1008; x_wconf 86' lang='lat' dir='ltr'><strong>tibi</strong></span> <span class='ocrx_word' id='word_1_371' title='bbox 1382 981 1628 1009; x_wconf 78' lang='lat' dir='ltr'><strong>machinamentis</strong></span> <span class='ocrx_word' id='word_1_372' title='bbox 1653 982 1780 1010; x_wconf 87' lang='lat' dir='ltr'><strong>asciscas</strong></span> <span class='ocrx_word' id='word_1_373' title='bbox 1799 991 1805 1010; x_wconf 96' lang='lat'><strong>:</strong></span> 
     </span>
    </p>
   </div>
   <div class='ocr_carea' id='block_1_53' title="bbox 986 1024 1806 1060">
    <p class='ocr_par' dir='ltr' id='par_1_53' title="bbox 986 1024 1806 1060">
     <span class='ocr_line' id='line_1_53' title="bbox 986 1024 1806 1060; baseline 0.002 -8"><span class='ocrx_word' id='word_1_374' title='bbox 986 1032 1081 1060; x_wconf 90' lang='lat' dir='ltr'><strong>neque</strong></span> <span class='ocrx_word' id='word_1_375' title='bbox 1095 1024 1173 1052; x_wconf 90' lang='lat' dir='ltr'><strong>enim</strong></span> <span class='ocrx_word' id='word_1_376' title='bbox 1189 1024 1350 1060; x_wconf 79' lang='lat' dir='ltr'><strong>sapientior</strong></span> <span class='ocrx_word' id='word_1_377' title='bbox 1363 1033 1394 1053; x_wconf 91' lang='lat' dir='ltr'><strong>es</strong></span> <span class='ocrx_word' id='word_1_378' title='bbox 1409 1026 1558 1054; x_wconf 82' lang='lat' dir='ltr'><strong>conditore</strong></span> <span class='ocrx_word' id='word_1_379' title='bbox 1573 1026 1692 1054; x_wconf 85' lang='lat' dir='ltr'><strong>tuo.Gui</strong></span> <span class='ocrx_word' id='word_1_380' title='bbox 1707 1029 1806 1055; x_wconf 90' lang='lat' dir='ltr'><strong>autem</strong></span> 
     </span>
    </p>
   </div>
   <div class='ocr_carea' id='block_1_54' title="bbox 986 1068 1809 1104">
    <p class='ocr_par' dir='ltr' id='par_1_54' title="bbox 986 1068 1809 1104">
     <span class='ocr_line' id='line_1_54' title="bbox 986 1068 1809 1104; baseline 0.004 -8"><span class='ocrx_word' id='word_1_381' title='bbox 986 1068 1098 1104; x_wconf 84' lang='lat' dir='ltr'><strong>placere</strong></span> <span class='ocrx_word' id='word_1_382' title='bbox 1114 1071 1252 1104; x_wconf 73' lang='lat' dir='ltr'><strong>satagens</strong></span> <span class='ocrx_word' id='word_1_383' title='bbox 1268 1069 1369 1097; x_wconf 66' lang='lat' dir='ltr'><strong>iathezc</strong></span> <span class='ocrx_word' id='word_1_384' title='bbox 1382 1070 1498 1098; x_wconf 82' lang='lat' dir='ltr'><strong>efﬁcis?</strong></span> <span class='ocrx_word' id='word_1_385' title='bbox 1511 1069 1617 1098; x_wconf 83' lang='lat' dir='ltr'><strong>Viros?</strong></span> <span class='ocrx_word' id='word_1_386' title='bbox 1631 1073 1662 1099; x_wconf 87' lang='lat' dir='ltr'><strong>at</strong></span> <span class='ocrx_word' id='word_1_387' title='bbox 1681 1079 1740 1099; x_wconf 89' lang='lat' dir='ltr'><strong>non</strong></span> <span class='ocrx_word' id='word_1_388' title='bbox 1755 1071 1809 1099; x_wconf 87' lang='lat' dir='ltr'><strong>ha-</strong></span> 
     </span>
    </p>
   </div>
   <div class='ocr_carea' id='block_1_55' title="bbox 986 1113 1810 1152">
    <p class='ocr_par' dir='ltr' id='par_1_55' title="bbox 986 1113 1810 1152">
     <span class='ocr_line' id='line_1_55' title="bbox 986 1113 1810 1152; baseline 0.005 -12"><span class='ocrx_word' id='word_1_389' title='bbox 986 1113 1047 1148; x_wconf 87' lang='lat' dir='ltr'><strong>bes,</strong></span> <span class='ocrx_word' id='word_1_390' title='bbox 1064 1115 1096 1140; x_wconf 92' lang='lat' dir='ltr'><strong>ut</strong></span> <span class='ocrx_word' id='word_1_391' title='bbox 1110 1113 1229 1149; x_wconf 90' lang='lat' dir='ltr'><strong>quidem</strong></span> <span class='ocrx_word' id='word_1_392' title='bbox 1245 1114 1299 1149; x_wconf 91' lang='lat' dir='ltr'><strong>ais,</strong></span> <span class='ocrx_word' id='word_1_393' title='bbox 1321 1114 1413 1150; x_wconf 87' lang='lat' dir='ltr'><strong>virgo.</strong></span> <span class='ocrx_word' id='word_1_394' title='bbox 1436 1114 1517 1146; x_wconf 90' lang='lat' dir='ltr'><strong>Quod</strong></span> <span class='ocrx_word' id='word_1_395' title='bbox 1546 1114 1571 1142; x_wconf 91' lang='lat' dir='ltr'><strong>si</strong></span> <span class='ocrx_word' id='word_1_396' title='bbox 1592 1115 1681 1143; x_wconf 86' lang='lat' dir='ltr'><strong>etiam</strong></span> <span class='ocrx_word' id='word_1_397' title='bbox 1708 1115 1810 1152; x_wconf 82' lang='lat' dir='ltr'><strong>habes,</strong></span> 
     </span>
    </p>
   </div>
   <div class='ocr_carea' id='block_1_56' title="bbox 987 1158 1811 1194">
    <p class='ocr_par' dir='ltr' id='par_1_56' title="bbox 987 1158 1811 1194">
     <span class='ocr_line' id='line_1_56' title="bbox 987 1158 1811 1194; baseline 0.004 -9"><span class='ocrx_word' id='word_1_398' title='bbox 987 1158 1132 1194; x_wconf 84' lang='lat' dir='ltr'><strong>perpendo</strong></span> <span class='ocrx_word' id='word_1_399' title='bbox 1147 1160 1296 1185; x_wconf 88' lang='lat' dir='ltr'><strong>versutam</strong></span> <span class='ocrx_word' id='word_1_400' title='bbox 1307 1160 1399 1186; x_wconf 87' lang='lat' dir='ltr'><strong>artem</strong></span> <span class='ocrx_word' id='word_1_401' title='bbox 1412 1158 1582 1191; x_wconf 84' lang='lat' dir='ltr'><strong>tuam.0uid</strong></span> <span class='ocrx_word' id='word_1_402' title='bbox 1598 1159 1751 1188; x_wconf 79' lang='lat' dir='ltr'><strong>fomitibus</strong></span> <span class='ocrx_word' id='word_1_403' title='bbox 1761 1169 1811 1188; x_wconf 91' lang='lat' dir='ltr'><strong>va-</strong></span> 
     </span>
    </p>
   </div>
   <div class='ocr_carea' id='block_1_57' title="bbox 986 1202 1811 1237">
    <p class='ocr_par' dir='ltr' id='par_1_57' title="bbox 986 1202 1811 1237">
     <span class='ocr_line' id='line_1_57' title="bbox 986 1202 1811 1237; baseline 0.005 -8"><span class='ocrx_word' id='word_1_404' title='bbox 986 1202 1037 1230; x_wconf 89' lang='lat' dir='ltr'><strong>riis</strong></span> <span class='ocrx_word' id='word_1_405' title='bbox 1053 1210 1160 1237; x_wconf 88' lang='lat' dir='ltr'><strong>corpus</strong></span> <span class='ocrx_word' id='word_1_406' title='bbox 1175 1202 1337 1237; x_wconf 81' lang='lat' dir='ltr'><strong>instruens,</strong></span> <span class='ocrx_word' id='word_1_407' title='bbox 1353 1203 1468 1231; x_wconf 87' lang='lat' dir='ltr'><strong>venaris</strong></span> <span class='ocrx_word' id='word_1_408' title='bbox 1483 1203 1600 1231; x_wconf 83' lang='lat' dir='ltr'><strong>animas</strong></span> <span class='ocrx_word' id='word_1_409' title='bbox 1615 1204 1768 1232; x_wconf 89' lang='lat' dir='ltr'><strong>hominum</strong></span> <span class='ocrx_word' id='word_1_410' title='bbox 1781 1205 1811 1234; x_wconf 94' lang='lat' dir='ltr'><strong>in</strong></span> 
     </span>
    </p>
   </div>
   <div class='ocr_carea' id='block_1_58' title="bbox 987 1246 1812 1283">
    <p class='ocr_par' dir='ltr' id='par_1_58' title="bbox 987 1246 1812 1283">
     <span class='ocr_line' id='line_1_58' title="bbox 987 1246 1812 1283; baseline 0.004 -9"><span class='ocrx_word' id='word_1_411' title='bbox 987 1246 1180 1282; x_wconf 87' lang='lat' dir='ltr'><strong>perditionem</strong></span> <span class='ocrx_word' id='word_1_412' title='bbox 1192 1246 1206 1273; x_wconf 67' lang='grc' dir='ltr'><strong>’ἶ</strong></span> <span class='ocrx_word' id='word_1_413' title='bbox 1217 1247 1274 1275; x_wconf 86' lang='lat' dir='ltr'><strong>Aut</strong></span> <span class='ocrx_word' id='word_1_414' title='bbox 1288 1255 1348 1283; x_wconf 86' lang='lat' dir='ltr'><strong>qua</strong></span> <span class='ocrx_word' id='word_1_415' title='bbox 1367 1247 1478 1276; x_wconf 79' lang='lat' dir='ltr'><strong>ratione</strong></span> <span class='ocrx_word' id='word_1_416' title='bbox 1502 1248 1652 1277; x_wconf 85' lang='lat' dir='ltr'><strong>Christum</strong></span> <span class='ocrx_word' id='word_1_417' title='bbox 1676 1249 1812 1278; x_wconf 78' lang='lat' dir='ltr'><strong>invocare</strong></span> 
     </span>
    </p>
   </div>
   <div class='ocr_carea' id='block_1_59' title="bbox 986 1291 1813 1328">
    <p class='ocr_par' dir='ltr' id='par_1_59' title="bbox 986 1291 1813 1328">
     <span class='ocr_line' id='line_1_59' title="bbox 986 1291 1813 1328; baseline 0.004 -10"><span class='ocrx_word' id='word_1_418' title='bbox 986 1291 1089 1325; x_wconf 86' lang='lat' dir='ltr'><strong>audes,</strong></span> <span class='ocrx_word' id='word_1_419' title='bbox 1105 1291 1149 1318; x_wconf 85' lang='lat' dir='ltr'><strong>vel</strong></span> <span class='ocrx_word' id='word_1_420' title='bbox 1164 1291 1295 1319; x_wconf 74' lang='lat' dir='ltr'><strong>ecclesias</strong></span> <span class='ocrx_word' id='word_1_421' title='bbox 1310 1291 1405 1320; x_wconf 90' lang='lat' dir='ltr'><strong>solum</strong></span> <span class='ocrx_word' id='word_1_422' title='bbox 1422 1291 1534 1321; x_wconf 85' lang='lat' dir='ltr'><strong>calcare</strong></span> <span class='ocrx_word' id='word_1_423' title='bbox 1542 1294 1657 1328; x_wconf 78' lang='lat' dir='ltr'><strong>tu,qusa</strong></span> <span class='ocrx_word' id='word_1_424' title='bbox 1667 1293 1813 1322; x_wconf 88' lang='lat' dir='ltr'><strong>inanima-</strong></span> 
     </span>
    </p>
   </div>
   <div class='ocr_carea' id='block_1_60' title="bbox 986 1336 1810 1374">
    <p class='ocr_par' dir='ltr' id='par_1_60' title="bbox 986 1336 1810 1374">
     <span class='ocr_line' id='line_1_60' title="bbox 986 1336 1810 1374; baseline 0.002 -11"><span class='ocrx_word' id='word_1_425' title='bbox 986 1343 1052 1363; x_wconf 89' lang='lat' dir='ltr'><strong>rum</strong></span> <span class='ocrx_word' id='word_1_426' title='bbox 1069 1339 1232 1364; x_wconf 79' lang='lat' dir='ltr'><strong>statuarum</strong></span> <span class='ocrx_word' id='word_1_427' title='bbox 1247 1336 1357 1364; x_wconf 83' lang='lat' dir='ltr'><strong>formas</strong></span> <span class='ocrx_word' id='word_1_428' title='bbox 1368 1338 1428 1364; x_wconf 86' lang='lat' dir='ltr'><strong>toto</strong></span> <span class='ocrx_word' id='word_1_429' title='bbox 1443 1345 1564 1373; x_wconf 88' lang='lat' dir='ltr'><strong>corpore</strong></span> <span class='ocrx_word' id='word_1_430' title='bbox 1574 1338 1665 1366; x_wconf 87' lang='lat' dir='ltr'><strong>refers</strong></span> <span class='ocrx_word' id='word_1_431' title='bbox 1680 1346 1732 1374; x_wconf 90' lang='lat' dir='ltr'><strong>per</strong></span> <span class='ocrx_word' id='word_1_432' title='bbox 1747 1346 1810 1366; x_wconf 90' lang='lat' dir='ltr'><strong>cor-</strong></span> 
     </span>
    </p>
   </div>
   <div class='ocr_carea' id='block_1_61' title="bbox 986 1379 1808 1418">
    <p class='ocr_par' dir='ltr' id='par_1_61' title="bbox 986 1379 1808 1418">
     <span class='ocr_line' id='line_1_61' title="bbox 986 1379 1808 1418; baseline 0.005 -11"><span class='ocrx_word' id='word_1_433' title='bbox 986 1379 1125 1416; x_wconf 87' lang='lat' dir='ltr'><strong>ruptibils</strong></span> <span class='ocrx_word' id='word_1_434' title='bbox 1141 1388 1248 1408; x_wconf 89' lang='lat' dir='ltr'><strong>aurum</strong></span> <span class='ocrx_word' id='word_1_435' title='bbox 1263 1389 1269 1414; x_wconf 91' lang='lat'><strong>;</strong></span> <span class='ocrx_word' id='word_1_436' title='bbox 1286 1383 1374 1416; x_wconf 84' lang='lat' dir='ltr'><strong>atque</strong></span> <span class='ocrx_word' id='word_1_437' title='bbox 1388 1381 1460 1409; x_wconf 89' lang='lat' dir='ltr'><strong>adeo</strong></span> <span class='ocrx_word' id='word_1_438' title='bbox 1479 1382 1515 1410; x_wconf 88' lang='lat' dir='ltr'><strong>ab</strong></span> <span class='ocrx_word' id='word_1_439' title='bbox 1531 1382 1591 1410; x_wconf 90' lang='lat' dir='ltr'><strong>illis</strong></span> <span class='ocrx_word' id='word_1_440' title='bbox 1615 1382 1644 1409; x_wconf 89' lang='lat' dir='ltr'><strong>in</strong></span> <span class='ocrx_word' id='word_1_441' title='bbox 1669 1390 1808 1418; x_wconf 91' lang='lat' dir='ltr'><strong>pompam</strong></span> 
     </span>
    </p>
   </div>
   <div class='ocr_carea' id='block_1_62' title="bbox 985 1424 1808 1461">
    <p class='ocr_par' dir='ltr' id='par_1_62' title="bbox 985 1424 1808 1461">
     <span class='ocr_line' id='line_1_62' title="bbox 985 1424 1808 1461; baseline 0.002 -9"><span class='ocrx_word' id='word_1_442' title='bbox 985 1425 1149 1457; x_wconf 87' lang='lat' dir='ltr'><strong>deduceris,</strong></span> <span class='ocrx_word' id='word_1_443' title='bbox 1163 1427 1192 1452; x_wconf 88' lang='lat' dir='ltr'><strong>et</strong></span> <span class='ocrx_word' id='word_1_444' title='bbox 1207 1424 1403 1460; x_wconf 90' lang='lat' dir='ltr'><strong>plurimorum</strong></span> <span class='ocrx_word' id='word_1_445' title='bbox 1425 1426 1685 1461; x_wconf 87' lang='lat' dir='ltr'><strong>intemperantium</strong></span> <span class='ocrx_word' id='word_1_446' title='bbox 1711 1426 1808 1454; x_wconf 90' lang='lat' dir='ltr'><strong>homi-</strong></span> 
     </span>
    </p>
   </div>
   <div class='ocr_carea' id='block_1_63' title="bbox 986 1468 1810 1506">
    <p class='ocr_par' dir='ltr' id='par_1_63' title="bbox 986 1468 1810 1506">
     <span class='ocr_line' id='line_1_63' title="bbox 986 1468 1810 1506; baseline 0.002 -10"><span class='ocrx_word' id='word_1_447' title='bbox 986 1477 1058 1496; x_wconf 91' lang='lat' dir='ltr'><strong>num</strong></span> <span class='ocrx_word' id='word_1_448' title='bbox 1072 1468 1199 1496; x_wconf 86' lang='lat' dir='ltr'><strong>intuitus</strong></span> <span class='ocrx_word' id='word_1_449' title='bbox 1214 1468 1251 1496; x_wconf 86' lang='lat' dir='ltr'><strong>ad</strong></span> <span class='ocrx_word' id='word_1_450' title='bbox 1264 1471 1292 1497; x_wconf 90' lang='lat' dir='ltr'><strong>te</strong></span> <span class='ocrx_word' id='word_1_451' title='bbox 1307 1469 1433 1505; x_wconf 86' lang='lat' dir='ltr'><strong>turpiter</strong></span> <span class='ocrx_word' id='word_1_452' title='bbox 1447 1470 1685 1505; x_wconf 74' lang='lat' dir='ltr'><strong>conspiciendam</strong></span> <span class='ocrx_word' id='word_1_453' title='bbox 1707 1479 1810 1506; x_wconf 92' lang='lat' dir='ltr'><strong>provo-</strong></span> 
     </span>
    </p>
   </div>
   <div class='ocr_carea' id='block_1_64' title="bbox 985 1512 1059 1541">
    <p class='ocr_par' dir='ltr' id='par_1_64' title="bbox 985 1512 1059 1541">
     <span class='ocr_line' id='line_1_64' title="bbox 985 1512 1059 1541; baseline -0.014 0"><span class='ocrx_word' id='word_1_454' title='bbox 985 1521 1034 1541; x_wconf 86' lang='lat' dir='ltr'><strong>cas</strong></span> <span class='ocrx_word' id='word_1_455' title='bbox 1045 1512 1059 1540; x_wconf 82' lang='lat'><strong>?</strong></span> 
     </span>
    </p>
   </div>
   <div class='ocr_carea' id='block_1_65' title="bbox 1019 1557 1809 1596">
    <p class='ocr_par' dir='ltr' id='par_1_65' title="bbox 1019 1557 1809 1596">
     <span class='ocr_line' id='line_1_65' title="bbox 1019 1557 1809 1596; baseline 0.004 -11"><span class='ocrx_word' id='word_1_456' title='bbox 1019 1559 1046 1586; x_wconf 88' lang='lat'><strong>7.</strong></span> <span class='ocrx_word' id='word_1_457' title='bbox 1063 1558 1098 1585; x_wconf 83' lang='lat' dir='ltr'><strong>At</strong></span> <span class='ocrx_word' id='word_1_458' title='bbox 1112 1557 1159 1585; x_wconf 90' lang='lat' dir='ltr'><strong>cui</strong></span> <span class='ocrx_word' id='word_1_459' title='bbox 1174 1557 1274 1585; x_wconf 67' lang='lat' dir='ltr'><strong>isthmc</strong></span> <span class='ocrx_word' id='word_1_460' title='bbox 1292 1557 1441 1592; x_wconf 86' lang='lat' dir='ltr'><strong>loquimur</strong></span> <span class='ocrx_word' id='word_1_461' title='bbox 1452 1557 1466 1585; x_wconf 75' lang='lat' dir='ltr'><strong>‘I</strong></span> <span class='ocrx_word' id='word_1_462' title='bbox 1480 1558 1608 1587; x_wconf 82' lang='lat' dir='ltr'><strong>Animali</strong></span> <span class='ocrx_word' id='word_1_463' title='bbox 1630 1567 1737 1596; x_wconf 86' lang='lat' dir='ltr'><strong>nempe</strong></span> <span class='ocrx_word' id='word_1_464' title='bbox 1761 1569 1809 1588; x_wconf 71' lang='lat' dir='ltr'><strong>ra~</strong></span> 
     </span>
    </p>
   </div>
   <div class='ocr_carea' id='block_1_66' title="bbox 108 1596 932 1643">
    <p class='ocr_par' dir='ltr' id='par_1_66' title="bbox 108 1596 927 1643">
     <span class='ocr_line' id='line_1_66' title="bbox 108 1596 927 1643; baseline -0.001 -11"><span class='ocrx_word' id='word_1_465' title='bbox 108 1607 206 1632; x_wconf 70' lang='grc' dir='ltr'>πικῶν</span> <span class='ocrx_word' id='word_1_466' title='bbox 223 1604 376 1643; x_wconf 80' lang='grc' dir='ltr'>δρακόντων</span> <span class='ocrx_word' id='word_1_467' title='bbox 391 1604 550 1643; x_wconf 84' lang='grc' dir='ltr'>προαίρεσιν</span> <span class='ocrx_word' id='word_1_468' title='bbox 563 1603 666 1642; x_wconf 71' lang='grc' dir='ltr'>ἔχοντι.</span> <span class='ocrx_word' id='word_1_469' title='bbox 691 1596 760 1634; x_wconf 69' lang='grc' dir='ltr'>Οὔτε</span> <span class='ocrx_word' id='word_1_470' title='bbox 775 1615 803 1632; x_wconf 84' lang='grc' dir='ltr'><strong>σε</strong></span> <span class='ocrx_word' id='word_1_471' title='bbox 818 1605 846 1632; x_wconf 79' lang='grc' dir='ltr'>αἱ</span> <span class='ocrx_word' id='word_1_472' title='bbox 861 1596 927 1642; x_wconf 66' lang='grc' dir='ltr'>Γραη</span> 
     </span>
    </p>
   </div>
   <div class='ocr_carea' id='block_1_67' title="bbox 988 1596 1809 1643">
    <p class='ocr_par' dir='ltr' id='par_1_67' title="bbox 988 1602 1809 1638">
     <span class='ocr_line' id='line_1_67' title="bbox 988 1602 1809 1638; baseline 0.004 -8"><span class='ocrx_word' id='word_1_473' title='bbox 988 1602 1063 1630; x_wconf 90' lang='lat' dir='ltr'><strong>tione</strong></span> <span class='ocrx_word' id='word_1_474' title='bbox 1078 1602 1184 1635; x_wconf 87' lang='lat' dir='ltr'><strong>utenti,</strong></span> <span class='ocrx_word' id='word_1_475' title='bbox 1199 1603 1277 1638; x_wconf 87' lang='lat' dir='ltr'><strong>quod</strong></span> <span class='ocrx_word' id='word_1_476' title='bbox 1301 1603 1483 1638; x_wconf 81' lang='lat' dir='ltr'><strong>reptantium</strong></span> <span class='ocrx_word' id='word_1_477' title='bbox 1502 1604 1664 1632; x_wconf 83' lang='lat' dir='ltr'><strong>draconum</strong></span> <span class='ocrx_word' id='word_1_478' title='bbox 1687 1604 1809 1632; x_wconf 88' lang='lat' dir='ltr'><strong>institu-</strong></span> 
     </span>
    </p>
   </div>
   <div class='ocr_carea' id='block_1_68' title="bbox 106 1647 929 1688">
    <p class='ocr_par' dir='ltr' id='par_1_68' title="bbox 106 1647 929 1688">
     <span class='ocr_line' id='line_1_68' title="bbox 106 1647 929 1688; baseline -0.001 -11"><span class='ocrx_word' id='word_1_479' title='bbox 106 1650 150 1687; x_wconf 76' lang='grc' dir='ltr'><strong>φαῖ</strong></span> <span class='ocrx_word' id='word_1_480' title='bbox 167 1649 316 1686; x_wconf 82' lang='grc' dir='ltr'>πείθουσιν,</span> <span class='ocrx_word' id='word_1_481' title='bbox 345 1648 437 1684; x_wconf 75' lang='grc' dir='ltr'>οὖτεὴ</span> <span class='ocrx_word' id='word_1_482' title='bbox 452 1649 545 1687; x_wconf 77' lang='grc' dir='ltr'>γὲεννα</span> <span class='ocrx_word' id='word_1_483' title='bbox 560 1647 648 1688; x_wconf 73' lang='grc' dir='ltr'>φοϐεῖ,</span> <span class='ocrx_word' id='word_1_484' title='bbox 677 1648 738 1677; x_wconf 64' lang='grc' dir='ltr'>οὔτε</span> <span class='ocrx_word' id='word_1_485' title='bbox 761 1651 778 1684; x_wconf 84' lang='grc' dir='ltr'><strong>ἡ</strong></span> <span class='ocrx_word' id='word_1_486' title='bbox 805 1651 858 1677; x_wconf 86' lang='grc' dir='ltr'><strong>τῶν</strong></span> <span class='ocrx_word' id='word_1_487' title='bbox 883 1649 929 1677; x_wconf 84' lang='grc' dir='ltr'><strong>ἆν-</strong></span> 
     </span>
    </p>
   </div>
   <div class='ocr_carea' id='block_1_69' title="bbox 104 1693 930 1732">
    <p class='ocr_par' dir='ltr' id='par_1_69' title="bbox 104 1693 930 1732">
     <span class='ocr_line' id='line_1_69' title="bbox 104 1693 930 1732; baseline 0 -11"><span class='ocrx_word' id='word_1_488' title='bbox 104 1694 222 1732; x_wconf 81' lang='grc' dir='ltr'>θρώπων</span> <span class='ocrx_word' id='word_1_489' title='bbox 235 1693 361 1726; x_wconf 81' lang='grc' dir='ltr'>νουθεσία</span> <span class='ocrx_word' id='word_1_490' title='bbox 382 1694 562 1729; x_wconf 83' lang='grc' dir='ltr'>κατανύσσει;</span> <span class='ocrx_word' id='word_1_491' title='bbox 590 1693 644 1723; x_wconf 74' lang='grc' dir='ltr'>Κᾶν</span> <span class='ocrx_word' id='word_1_492' title='bbox 663 1695 712 1729; x_wconf 77' lang='grc' dir='ltr'>τὴν</span> <span class='ocrx_word' id='word_1_493' title='bbox 730 1694 826 1729; x_wconf 76' lang='grc' dir='ltr'>ἑαυτῆς</span> <span class='ocrx_word' id='word_1_494' title='bbox 852 1693 930 1732; x_wconf 78' lang='grc' dir='ltr'>φύσιν</span> 
     </span>
    </p>
   </div>
   <div class='ocr_carea' id='block_1_70' title="bbox 105 1735 930 1776">
    <p class='ocr_par' dir='ltr' id='par_1_70' title="bbox 105 1735 930 1776">
     <span class='ocr_line' id='line_1_70' title="bbox 105 1735 930 1776; baseline 0 -10"><span class='ocrx_word' id='word_1_495' title='bbox 105 1737 256 1774; x_wconf 59' lang='lat' dir='ltr'><strong>«lateam,</strong></span> <span class='ocrx_word' id='word_1_496' title='bbox 285 1735 421 1774; x_wconf 78' lang='grc' dir='ltr'>μετάϐαλὲ</span> <span class='ocrx_word' id='word_1_497' title='bbox 446 1748 493 1766; x_wconf 86' lang='grc' dir='ltr'><strong>σου</strong></span> <span class='ocrx_word' id='word_1_498' title='bbox 523 1739 573 1773; x_wconf 80' lang='grc' dir='ltr'><strong>τήν</strong></span> <span class='ocrx_word' id='word_1_499' title='bbox 607 1736 680 1775; x_wconf 75' lang='grc' dir='ltr'>ὄψιν,</span> <span class='ocrx_word' id='word_1_500' title='bbox 708 1739 745 1776; x_wconf 80' lang='grc' dir='ltr'>μὴ</span> <span class='ocrx_word' id='word_1_501' title='bbox 775 1738 930 1776; x_wconf 81' lang='grc' dir='ltr'>ἀπεργάζου</span> 
     </span>
    </p>
   </div>
   <div class='ocr_carea' id='block_1_71' title="bbox 104 1781 930 1821">
    <p class='ocr_par' dir='ltr' id='par_1_71' title="bbox 104 1781 930 1821">
     <span class='ocr_line' id='line_1_71' title="bbox 104 1781 930 1821; baseline -0.001 -10"><span class='ocrx_word' id='word_1_502' title='bbox 104 1783 206 1818; x_wconf 82' lang='grc' dir='ltr'>ταύτην</span> <span class='ocrx_word' id='word_1_503' title='bbox 223 1781 368 1811; x_wconf 38' lang='grc' dir='ltr'>εἴδωλικὸν</span> <span class='ocrx_word' id='word_1_504' title='bbox 383 1786 556 1821; x_wconf 75' lang='grc' dir='ltr'>χαρακτῆρα,</span> <span class='ocrx_word' id='word_1_505' title='bbox 574 1783 611 1819; x_wconf 87' lang='grc' dir='ltr'>μή</span> <span class='ocrx_word' id='word_1_506' title='bbox 630 1785 717 1820; x_wconf 77' lang='grc' dir='ltr'>μιμοῦ</span> <span class='ocrx_word' id='word_1_507' title='bbox 730 1783 779 1814; x_wconf 80' lang='grc' dir='ltr'><strong>τὰς</strong></span> <span class='ocrx_word' id='word_1_508' title='bbox 793 1783 843 1818; x_wconf 76' lang='grc' dir='ltr'><strong>τὴν</strong></span> <span class='ocrx_word' id='word_1_509' title='bbox 859 1783 930 1810; x_wconf 67' lang='grc' dir='ltr'>ἑται-</span> 
     </span>
    </p>
   </div>
   <div class='ocr_carea' id='block_1_72' title="bbox 107 1827 930 1865">
    <p class='ocr_par' dir='ltr' id='par_1_72' title="bbox 107 1827 930 1865">
     <span class='ocr_line' id='line_1_72' title="bbox 107 1827 930 1865; baseline 0 -10"><span class='ocrx_word' id='word_1_510' title='bbox 107 1828 185 1865; x_wconf 85' lang='grc' dir='ltr'>ρικήν</span> <span class='ocrx_word' id='word_1_511' title='bbox 201 1827 246 1855; x_wconf 79' lang='grc' dir='ltr'><strong>καὶ</strong></span> <span class='ocrx_word' id='word_1_512' title='bbox 262 1827 402 1865; x_wconf 86' lang='grc' dir='ltr'>μοιχιαίαν</span> <span class='ocrx_word' id='word_1_513' title='bbox 426 1827 558 1865; x_wconf 75' lang='grc' dir='ltr'>αἰσχύνην</span> <span class='ocrx_word' id='word_1_514' title='bbox 584 1827 783 1865; x_wconf 77' lang='grc' dir='ltr'>ὑπιρχομίνας.</span> <span class='ocrx_word' id='word_1_515' title='bbox 814 1828 930 1856; x_wconf 77' lang='grc' dir='ltr'>Ἐκιῖναι</span> 
     </span>
    </p>
   </div>
   <div class='ocr_carea' id='block_1_73' title="bbox 105 1870 931 1910">
    <p class='ocr_par' dir='ltr' id='par_1_73' title="bbox 105 1870 931 1910">
     <span class='ocr_line' id='line_1_73' title="bbox 105 1870 931 1910; baseline -0.001 -10"><span class='ocrx_word' id='word_1_516' title='bbox 105 1872 157 1910; x_wconf 70' lang='grc' dir='ltr'><strong>γὰρ</strong></span> <span class='ocrx_word' id='word_1_517' title='bbox 171 1876 222 1907; x_wconf 88' lang='grc' dir='ltr'><strong>τῆς</strong></span> <span class='ocrx_word' id='word_1_518' title='bbox 237 1872 351 1908; x_wconf 78' lang='grc' dir='ltr'>ἀνομίας</span> <span class='ocrx_word' id='word_1_519' title='bbox 367 1872 511 1909; x_wconf 75' lang='grc' dir='ltr'>θυγατέρες</span> <span class='ocrx_word' id='word_1_520' title='bbox 531 1871 722 1910; x_wconf 83' lang='grc' dir='ltr'>τυγχάνουσαι,</span> <span class='ocrx_word' id='word_1_521' title='bbox 751 1870 812 1904; x_wconf 72' lang='grc' dir='ltr'>ἔθος</span> <span class='ocrx_word' id='word_1_522' title='bbox 837 1871 931 1899; x_wconf 81' lang='grc' dir='ltr'>τοιοῦ-</span> 
     </span>
    </p>
   </div>
   <div class='ocr_carea' id='block_1_74' title="bbox 107 1915 930 1955">
    <p class='ocr_par' dir='ltr' id='par_1_74' title="bbox 107 1915 930 1955">
     <span class='ocr_line' id='line_1_74' title="bbox 107 1915 930 1955; baseline -0.001 -11"><span class='ocrx_word' id='word_1_523' title='bbox 107 1927 154 1944; x_wconf 87' lang='grc' dir='ltr'><strong>σον</strong></span> <span class='ocrx_word' id='word_1_524' title='bbox 169 1916 297 1955; x_wconf 78' lang='grc' dir='ltr'>πράττειν</span> <span class='ocrx_word' id='word_1_525' title='bbox 312 1915 417 1954; x_wconf 77' lang='grc' dir='ltr'>ἔχουσι.</span> <span class='ocrx_word' id='word_1_526' title='bbox 435 1917 484 1944; x_wconf 85' lang='grc' dir='ltr'>Σοὶ</span> <span class='ocrx_word' id='word_1_527' title='bbox 505 1915 534 1944; x_wconf 76' lang='grc' dir='ltr'><strong>δὶ</strong></span> <span class='ocrx_word' id='word_1_528' title='bbox 556 1916 597 1948; x_wconf 85' lang='grc' dir='ltr'><strong>τίς</strong></span> <span class='ocrx_word' id='word_1_529' title='bbox 621 1916 750 1951; x_wconf 82' lang='grc' dir='ltr'>τοιαύτην</span> <span class='ocrx_word' id='word_1_530' title='bbox 779 1915 930 1944; x_wconf 79' lang='grc' dir='ltr'>ἐνετείλατο</span> 
     </span>
    </p>
   </div>
   <div class='ocr_carea' id='block_1_75' title="bbox 105 1959 930 2000">
    <p class='ocr_par' dir='ltr' id='par_1_75' title="bbox 105 1959 930 2000">
     <span class='ocr_line' id='line_1_75' title="bbox 105 1959 930 2000; baseline 0 -12"><span class='ocrx_word' id='word_1_531' title='bbox 105 1962 155 1996; x_wconf 78' lang='grc' dir='ltr'><strong>τὴν</strong></span> <span class='ocrx_word' id='word_1_532' title='bbox 172 1960 377 1999; x_wconf 84' lang='grc' dir='ltr'>παραγγελίαν;</span> <span class='ocrx_word' id='word_1_533' title='bbox 401 1959 452 1999; x_wconf 80' lang='grc' dir='ltr'><strong>ἄρα</strong></span> <span class='ocrx_word' id='word_1_534' title='bbox 473 1963 550 1988; x_wconf 78' lang='grc' dir='ltr'>ποῖαι</span> <span class='ocrx_word' id='word_1_535' title='bbox 580 1961 683 1999; x_wconf 80' lang='grc' dir='ltr'>Γραφαὶ</span> <span class='ocrx_word' id='word_1_536' title='bbox 707 1960 886 2000; x_wconf 77' lang='grc' dir='ltr'>προφητικαὶ,</span> <span class='ocrx_word' id='word_1_537' title='bbox 912 1960 930 1995; x_wconf 80' lang='grc' dir='ltr'><strong>ἢ</strong></span> 
     </span>
    </p>
   </div>
   <div class='ocr_carea' id='block_1_76' title="bbox 106 2004 930 2044">
    <p class='ocr_par' dir='ltr' id='par_1_76' title="bbox 106 2004 930 2044">
     <span class='ocr_line' id='line_1_76' title="bbox 106 2004 930 2044; baseline -0.001 -11"><span class='ocrx_word' id='word_1_538' title='bbox 106 2008 173 2033; x_wconf 80' lang='grc' dir='ltr'>ποῖα</span> <span class='ocrx_word' id='word_1_539' title='bbox 188 2004 356 2044; x_wconf 73' lang='grc' dir='ltr'>Βύαγγὲλια,</span> <span class='ocrx_word' id='word_1_540' title='bbox 379 2008 456 2033; x_wconf 90' lang='grc' dir='ltr'>ποῖαι</span> <span class='ocrx_word' id='word_1_541' title='bbox 484 2004 513 2033; x_wconf 74' lang='grc' dir='ltr'><strong>δὲ</strong></span> <span class='ocrx_word' id='word_1_542' title='bbox 527 2005 708 2033; x_wconf 75' lang='grc' dir='ltr'>ἀποστολικιὶ</span> <span class='ocrx_word' id='word_1_543' title='bbox 736 2004 930 2043; x_wconf 79' lang='grc' dir='ltr'>παραγγελίαι;</span> 
     </span>
    </p>
   </div>
   <div class='ocr_carea' id='block_1_77' title="bbox 106 2047 930 2089">
    <p class='ocr_par' dir='ltr' id='par_1_77' title="bbox 106 2047 930 2089">
     <span class='ocr_line' id='line_1_77' title="bbox 106 2047 930 2089; baseline -0.001 -12"><span class='ocrx_word' id='word_1_544' title='bbox 106 2050 179 2087; x_wconf 81' lang='grc' dir='ltr'><strong>Ἐγὼ</strong></span> <span class='ocrx_word' id='word_1_545' title='bbox 206 2048 278 2086; x_wconf 74' lang='grc' dir='ltr'>οἴδα,</span> <span class='ocrx_word' id='word_1_546' title='bbox 307 2050 349 2078; x_wconf 83' lang='grc' dir='ltr'>δτι</span> <span class='ocrx_word' id='word_1_547' title='bbox 378 2050 406 2077; x_wconf 75' lang='grc' dir='ltr'>αἱ</span> <span class='ocrx_word' id='word_1_548' title='bbox 430 2050 499 2077; x_wconf 84' lang='grc' dir='ltr'>θεῖαι</span> <span class='ocrx_word' id='word_1_549' title='bbox 525 2049 627 2089; x_wconf 72' lang='grc' dir='ltr'>Γραφαὶ</span> <span class='ocrx_word' id='word_1_550' title='bbox 657 2049 702 2077; x_wconf 79' lang='grc' dir='ltr'><strong>καὶ</strong></span> <span class='ocrx_word' id='word_1_551' title='bbox 729 2048 826 2089; x_wconf 16' lang='grc' dir='ltr'>τὰςίᾶξ</span> <span class='ocrx_word' id='word_1_552' title='bbox 854 2047 930 2081; x_wconf 79' lang='grc' dir='ltr'>ἔθους</span> 
     </span>
    </p>
   </div>
   <div class='ocr_carea' id='block_1_78' title="bbox 106 2093 930 2132">
    <p class='ocr_par' dir='ltr' id='par_1_78' title="bbox 106 2093 930 2132">
     <span class='ocr_line' id='line_1_78' title="bbox 106 2093 930 2132; baseline -0.001 -10"><span class='ocrx_word' id='word_1_553' title='bbox 106 2093 223 2132; x_wconf 67' lang='grc' dir='ltr'>ἐχούσας</span> <span class='ocrx_word' id='word_1_554' title='bbox 262 2096 342 2122; x_wconf 77' lang='grc' dir='ltr'>τοῦτο</span> <span class='ocrx_word' id='word_1_555' title='bbox 378 2094 504 2132; x_wconf 73' lang='grc' dir='ltr'>πράττειν</span> <span class='ocrx_word' id='word_1_556' title='bbox 543 2094 702 2132; x_wconf 80' lang='grc' dir='ltr'>ἀπείργουσι</span> <span class='ocrx_word' id='word_1_557' title='bbox 738 2096 787 2121; x_wconf 83' lang='grc' dir='ltr'>τοῦ</span> <span class='ocrx_word' id='word_1_558' title='bbox 833 2093 930 2130; x_wconf 77' lang='grc' dir='ltr'>μηκίτι</span> 
     </span>
    </p>
   </div>
   <div class='ocr_carea' id='block_1_79' title="bbox 107 2137 931 2179">
    <p class='ocr_par' dir='ltr' id='par_1_79' title="bbox 107 2137 931 2179">
     <span class='ocr_line' id='line_1_79' title="bbox 107 2137 931 2179; baseline 0 -13"><span class='ocrx_word' id='word_1_559' title='bbox 107 2138 241 2167; x_wconf 70' lang='grc' dir='ltr'>ἐπιτελεῖν</span> <span class='ocrx_word' id='word_1_560' title='bbox 269 2139 317 2170; x_wconf 66' lang='grc' dir='ltr'>τὰς</span> <span class='ocrx_word' id='word_1_561' title='bbox 345 2138 572 2179; x_wconf 81' lang='grc' dir='ltr'>είδωλομόρφους</span> <span class='ocrx_word' id='word_1_562' title='bbox 598 2139 785 2176; x_wconf 74' lang='grc' dir='ltr'>ἐξομοιώσεις,</span> <span class='ocrx_word' id='word_1_563' title='bbox 815 2137 931 2174; x_wconf 67' lang='grc' dir='ltr'>Εἴρηται</span> 
     </span>
    </p>
   </div>
   <div class='ocr_carea' id='block_1_80' title="bbox 109 2183 932 2222">
    <p class='ocr_par' dir='ltr' id='par_1_80' title="bbox 109 2183 932 2222">
     <span class='ocr_line' id='line_1_80' title="bbox 109 2183 932 2222; baseline -0.001 -11"><span class='ocrx_word' id='word_1_564' title='bbox 109 2184 175 2220; x_wconf 85' lang='grc' dir='ltr'><strong>μετά</strong></span> <span class='ocrx_word' id='word_1_565' title='bbox 188 2183 354 2222; x_wconf 71' lang='grc' dir='ltr'>παρρησίας,</span> <span class='ocrx_word' id='word_1_566' title='bbox 379 2183 444 2212; x_wconf 79' lang='grc' dir='ltr'>ἀλλ’</span> <span class='ocrx_word' id='word_1_567' title='bbox 469 2183 545 2212; x_wconf 73' lang='grc' dir='ltr'>οὐδὶν</span> <span class='ocrx_word' id='word_1_568' title='bbox 571 2184 630 2211; x_wconf 81' lang='grc' dir='ltr'>κατ’</span> <span class='ocrx_word' id='word_1_569' title='bbox 656 2183 731 2220; x_wconf 82' lang='grc' dir='ltr'>ἀξίαν</span> <span class='ocrx_word' id='word_1_570' title='bbox 743 2185 798 2211; x_wconf 83' lang='grc' dir='ltr'><strong>τῶν</strong></span> <span class='ocrx_word' id='word_1_571' title='bbox 814 2193 932 2221; x_wconf 83' lang='grc' dir='ltr'>πραττο-</span> 
     </span>
    </p>
   </div>
   <div class='ocr_carea' id='block_1_81' title="bbox 110 2228 209 2264">
    <p class='ocr_par' dir='ltr' id='par_1_81' title="bbox 110 2228 209 2264">
     <span class='ocr_line' id='line_1_81' title="bbox 110 2228 209 2264; baseline 0.01 -8"><span class='ocrx_word' id='word_1_572' title='bbox 110 2228 209 2264; x_wconf 72' lang='grc' dir='ltr'>μίνων.</span> 
     </span>
    </p>
   </div>
   <div class='ocr_carea' id='block_1_82' title="bbox 142 2316 932 2356">
    <p class='ocr_par' dir='ltr' id='par_1_82' title="bbox 142 2316 932 2356">
     <span class='ocr_line' id='line_1_82' title="bbox 142 2316 932 2356; baseline -0.001 -11"><span class='ocrx_word' id='word_1_573' title='bbox 142 2318 169 2346; x_wconf 90' lang='grc'><strong>8.</strong></span> <span class='ocrx_word' id='word_1_574' title='bbox 195 2317 275 2346; x_wconf 83' lang='grc' dir='ltr'>Ἀλλ’</span> <span class='ocrx_word' id='word_1_575' title='bbox 303 2317 359 2353; x_wconf 69' lang='grc' dir='ltr'>ἀρεῖ</span> <span class='ocrx_word' id='word_1_576' title='bbox 384 2327 438 2349; x_wconf 74' lang='grc' dir='ltr'>τιςο</span> <span class='ocrx_word' id='word_1_577' title='bbox 474 2317 600 2356; x_wconf 82' lang='grc' dir='ltr'>Σκληρὸς</span> <span class='ocrx_word' id='word_1_578' title='bbox 628 2318 642 2345; x_wconf 81' lang='grc' dir='ltr'>ὁ</span> <span class='ocrx_word' id='word_1_579' title='bbox 672 2316 757 2355; x_wconf 87' lang='grc' dir='ltr'>λόγος</span> <span class='ocrx_word' id='word_1_580' title='bbox 784 2317 872 2348; x_wconf 84' lang='grc' dir='ltr'>οὗτος·</span> <span class='ocrx_word' id='word_1_581' title='bbox 891 2316 932 2349; x_wconf 87' lang='grc' dir='ltr'><strong>τίς</strong></span> 
     </span>
    </p>
   </div>
   <div class='ocr_carea' id='block_1_83' title="bbox 110 2359 931 2399">
    <p class='ocr_par' dir='ltr' id='par_1_83' title="bbox 110 2359 931 2399">
     <span class='ocr_line' id='line_1_83' title="bbox 110 2359 931 2399; baseline -0.001 -10"><span class='ocrx_word' id='word_1_582' title='bbox 110 2359 218 2390; x_wconf 79' lang='grc' dir='ltr'>δύναται</span> <span class='ocrx_word' id='word_1_583' title='bbox 251 2362 337 2390; x_wconf 79' lang='grc' dir='ltr'>αὐτοῦ</span> <span class='ocrx_word' id='word_1_584' title='bbox 370 2361 497 2396; x_wconf 67' lang='grc' dir='ltr'>ἀκούειν,</span> <span class='ocrx_word' id='word_1_585' title='bbox 534 2361 585 2390; x_wconf 82' lang='grc' dir='ltr'><strong>Καὶ</strong></span> <span class='ocrx_word' id='word_1_586' title='bbox 622 2362 653 2389; x_wconf 86' lang='grc' dir='ltr'>τὸ</span> <span class='ocrx_word' id='word_1_587' title='bbox 683 2361 857 2399; x_wconf 78' lang='grc' dir='ltr'>ὑποκριτικὸν</span> <span class='ocrx_word' id='word_1_588' title='bbox 885 2361 931 2389; x_wconf 79' lang='grc' dir='ltr'><strong>καὶ</strong></span> 
     </span>
    </p>
   </div>
   <div class='ocr_carea' id='block_1_84' title="bbox 109 2404 932 2444">
    <p class='ocr_par' dir='ltr' id='par_1_84' title="bbox 109 2404 932 2444">
     <span class='ocr_line' id='line_1_84' title="bbox 109 2404 932 2444; baseline -0.001 -10"><span class='ocrx_word' id='word_1_589' title='bbox 109 2405 309 2444; x_wconf 75' lang='grc' dir='ltr'>ἁπεχθὲστατον</span> <span class='ocrx_word' id='word_1_590' title='bbox 337 2405 415 2444; x_wconf 73' lang='grc' dir='ltr'>γένος</span> <span class='ocrx_word' id='word_1_591' title='bbox 434 2408 515 2434; x_wconf 69' lang='grc' dir='ltr'>τοῦτο</span> <span class='ocrx_word' id='word_1_592' title='bbox 531 2404 624 2444; x_wconf 74' lang='grc' dir='ltr'>εἴρηκὲ</span> <span class='ocrx_word' id='word_1_593' title='bbox 639 2417 705 2434; x_wconf 85' lang='grc' dir='ltr'>ποτε</span> <span class='ocrx_word' id='word_1_594' title='bbox 718 2406 786 2444; x_wconf 69' lang='grc' dir='ltr'>πρὸς</span> <span class='ocrx_word' id='word_1_595' title='bbox 802 2406 846 2433; x_wconf 85' lang='grc' dir='ltr'><strong>τὸν</strong></span> <span class='ocrx_word' id='word_1_596' title='bbox 872 2409 932 2433; x_wconf 87' lang='grc' dir='ltr'><strong>Σω-</strong></span> 
     </span>
    </p>
   </div>
   <div class='ocr_carea' id='block_1_85' title="bbox 107 2449 932 2489">
    <p class='ocr_par' dir='ltr' id='par_1_85' title="bbox 107 2449 932 2489">
     <span class='ocr_line' id='line_1_85' title="bbox 107 2449 932 2489; baseline 0.001 -12"><span class='ocrx_word' id='word_1_597' title='bbox 107 2453 186 2489; x_wconf 82' lang='grc' dir='ltr'>τῆρα·</span> <span class='ocrx_word' id='word_1_598' title='bbox 204 2450 270 2479; x_wconf 83' lang='grc' dir='ltr'>ἀλλ’</span> <span class='ocrx_word' id='word_1_599' title='bbox 286 2449 342 2478; x_wconf 56' lang='grc' dir='ltr'>ἴστε</span> <span class='ocrx_word' id='word_1_600' title='bbox 357 2450 482 2484; x_wconf 68' lang='grc' dir='ltr'>ἅπαντες,</span> <span class='ocrx_word' id='word_1_601' title='bbox 498 2451 558 2478; x_wconf 82' lang='grc' dir='ltr'>τίνα</span> <span class='ocrx_word' id='word_1_602' title='bbox 583 2450 675 2482; x_wconf 75' lang='grc' dir='ltr'>αὐτοῖς</span> <span class='ocrx_word' id='word_1_603' title='bbox 697 2451 839 2489; x_wconf 86' lang='grc' dir='ltr'>ἀπόκρισιν</span> <span class='ocrx_word' id='word_1_604' title='bbox 863 2449 932 2478; x_wconf 81' lang='grc' dir='ltr'>ἔδω-</span> 
     </span>
    </p>
   </div>
   <div class='ocr_carea' id='block_1_86' title="bbox 108 2494 932 2533">
    <p class='ocr_par' dir='ltr' id='par_1_86' title="bbox 108 2494 932 2533">
     <span class='ocr_line' id='line_1_86' title="bbox 108 2494 932 2533; baseline 0 -11"><span class='ocrx_word' id='word_1_605' title='bbox 108 2504 160 2524; x_wconf 77' lang='grc' dir='ltr'>κεν.</span> <span class='ocrx_word' id='word_1_606' title='bbox 179 2494 276 2526; x_wconf 73' lang='grc' dir='ltr'>Οὕτως</span> <span class='ocrx_word' id='word_1_607' title='bbox 291 2494 336 2522; x_wconf 88' lang='grc' dir='ltr'>καὶ</span> <span class='ocrx_word' id='word_1_608' title='bbox 352 2495 474 2523; x_wconf 67' lang='grc' dir='ltr'>ενταῦθα·</span> <span class='ocrx_word' id='word_1_609' title='bbox 491 2495 505 2522; x_wconf 84' lang='grc' dir='ltr'>ὁ</span> <span class='ocrx_word' id='word_1_610' title='bbox 523 2494 692 2533; x_wconf 78' lang='grc' dir='ltr'>βουλόμενος</span> <span class='ocrx_word' id='word_1_611' title='bbox 717 2496 932 2527; x_wconf 75' lang='grc' dir='ltr'>κατανυσσὲσθω.</span> 
     </span>
    </p>
   </div>
   <div class='ocr_carea' id='block_1_87' title="bbox 109 2538 933 2578">
    <p class='ocr_par' dir='ltr' id='par_1_87' title="bbox 109 2538 933 2578">
     <span class='ocr_line' id='line_1_87' title="bbox 109 2538 933 2578; baseline 0.001 -13"><span class='ocrx_word' id='word_1_612' title='bbox 109 2539 188 2576; x_wconf 81' lang='grc' dir='ltr'>Λόγοι</span> <span class='ocrx_word' id='word_1_613' title='bbox 202 2538 253 2575; x_wconf 71' lang='grc' dir='ltr'><strong>γὰρ</strong></span> <span class='ocrx_word' id='word_1_614' title='bbox 271 2542 374 2578; x_wconf 76' lang='grc' dir='ltr'>σοφῶν,</span> <span class='ocrx_word' id='word_1_615' title='bbox 390 2539 428 2570; x_wconf 88' lang='grc' dir='ltr'><strong>ὡς</strong></span> <span class='ocrx_word' id='word_1_616' title='bbox 442 2539 476 2567; x_wconf 82' lang='grc' dir='ltr'><strong>τά</strong></span> <span class='ocrx_word' id='word_1_617' title='bbox 492 2539 650 2577; x_wconf 85' lang='grc' dir='ltr'>βούκεντρα,</span> <span class='ocrx_word' id='word_1_618' title='bbox 673 2539 718 2566; x_wconf 86' lang='grc' dir='ltr'><strong>καὶ</strong></span> <span class='ocrx_word' id='word_1_619' title='bbox 734 2539 771 2570; x_wconf 82' lang='grc' dir='ltr'>ὡς</span> <span class='ocrx_word' id='word_1_620' title='bbox 794 2538 860 2573; x_wconf 83' lang='grc' dir='ltr'>ἧλοι</span> <span class='ocrx_word' id='word_1_621' title='bbox 886 2549 933 2566; x_wconf 85' lang='grc' dir='ltr'>πε-</span> 
     </span>
    </p>
   </div>
   <div class='ocr_carea' id='block_1_88' title="bbox 108 2583 934 2623">
    <p class='ocr_par' dir='ltr' id='par_1_88' title="bbox 108 2583 934 2623">
     <span class='ocr_line' id='line_1_88' title="bbox 108 2583 934 2623; baseline 0.001 -14"><span class='ocrx_word' id='word_1_622' title='bbox 108 2584 279 2620; x_wconf 66' lang='grc' dir='ltr'>πυρωμένοι,</span> <span class='ocrx_word' id='word_1_623' title='bbox 295 2583 378 2621; x_wconf 82' lang='grc' dir='ltr'>φησὶν</span> <span class='ocrx_word' id='word_1_624' title='bbox 395 2585 412 2618; x_wconf 74' lang='grc' dir='ltr'><strong>ἡ</strong></span> <span class='ocrx_word' id='word_1_625' title='bbox 429 2585 534 2623; x_wconf 80' lang='grc' dir='ltr'>Γραφή.</span> <span class='ocrx_word' id='word_1_626' title='bbox 550 2584 666 2620; x_wconf 81' lang='grc' dir='ltr'>Νομίζω</span> <span class='ocrx_word' id='word_1_627' title='bbox 688 2583 829 2619; x_wconf 81' lang='grc' dir='ltr'>ἀξιόπιστα</span> <span class='ocrx_word' id='word_1_628' title='bbox 850 2585 934 2611; x_wconf 81' lang='grc' dir='ltr'>ταῦτα</span> 
     </span>
    </p>
   </div>
   <div class='ocr_carea' id='block_1_89' title="bbox 110 2627 935 2666">
    <p class='ocr_par' dir='ltr' id='par_1_89' title="bbox 110 2627 935 2666">
     <span class='ocr_line' id='line_1_89' title="bbox 110 2627 935 2666; baseline 0.001 -12"><span class='ocrx_word' id='word_1_629' title='bbox 110 2628 267 2665; x_wconf 74' lang='grc' dir='ltr'>τυγχάνειν,</span> <span class='ocrx_word' id='word_1_630' title='bbox 284 2627 310 2655; x_wconf 75' lang='grc' dir='ltr'>εἴ</span> <span class='ocrx_word' id='word_1_631' title='bbox 324 2628 369 2656; x_wconf 84' lang='grc' dir='ltr'><strong>καὶ</strong></span> <span class='ocrx_word' id='word_1_632' title='bbox 388 2627 483 2666; x_wconf 66' lang='grc' dir='ltr'>μέτρια</span> <span class='ocrx_word' id='word_1_633' title='bbox 497 2631 537 2664; x_wconf 83' lang='grc' dir='ltr'>τῷ</span> <span class='ocrx_word' id='word_1_634' title='bbox 551 2628 638 2666; x_wconf 84' lang='grc' dir='ltr'>λόγῳ,</span> <span class='ocrx_word' id='word_1_635' title='bbox 655 2628 723 2665; x_wconf 80' lang='grc' dir='ltr'>πρὸς</span> <span class='ocrx_word' id='word_1_636' title='bbox 737 2629 787 2662; x_wconf 88' lang='grc' dir='ltr'>τὴν</span> <span class='ocrx_word' id='word_1_637' title='bbox 809 2630 863 2655; x_wconf 83' lang='grc' dir='ltr'><strong>τῶν</strong></span> <span class='ocrx_word' id='word_1_638' title='bbox 887 2628 935 2660; x_wconf 75' lang='grc' dir='ltr'><strong>τὰς</strong></span> 
     </span>
    </p>
   </div>
   <div class='ocr_carea' id='block_1_90' title="bbox 111 2672 935 2711">
    <p class='ocr_par' dir='ltr' id='par_1_90' title="bbox 111 2672 935 2711">
     <span class='ocr_line' id='line_1_90' title="bbox 111 2672 935 2711; baseline 0.001 -13"><span class='ocrx_word' id='word_1_639' title='bbox 111 2673 300 2704; x_wconf 78' lang='grc' dir='ltr'>συνεισάκτους</span> <span class='ocrx_word' id='word_1_640' title='bbox 330 2672 451 2711; x_wconf 76' lang='grc' dir='ltr'>ἐχόντων</span> <span class='ocrx_word' id='word_1_641' title='bbox 484 2673 592 2710; x_wconf 85' lang='grc' dir='ltr'>μανίαν.</span> <span class='ocrx_word' id='word_1_642' title='bbox 613 2672 802 2701; x_wconf 62' lang='grc' dir='ltr'>Ἀνακοπτὲτα)</span> <span class='ocrx_word' id='word_1_643' title='bbox 817 2672 906 2700; x_wconf 88' lang='grc' dir='ltr'>τοίνυν</span> <span class='ocrx_word' id='word_1_644' title='bbox 920 2672 935 2699; x_wconf 85' lang='grc' dir='ltr'><strong>ὁ</strong></span> 
     </span>
    </p>
   </div>
   <div class='ocr_carea' id='block_1_91' title="bbox 112 2714 933 2756">
    <p class='ocr_par' dir='ltr' id='par_1_91' title="bbox 112 2714 933 2756">
     <span class='ocr_line' id='line_1_91' title="bbox 112 2714 933 2756; baseline 0 -12"><span class='ocrx_word' id='word_1_645' title='bbox 112 2714 194 2754; x_wconf 85' lang='grc' dir='ltr'>λόγος</span> <span class='ocrx_word' id='word_1_646' title='bbox 210 2717 257 2745; x_wconf 85' lang='grc' dir='ltr'>τὸν</span> <span class='ocrx_word' id='word_1_647' title='bbox 273 2718 461 2755; x_wconf 84' lang='grc' dir='ltr'>χρεμετισμὸν</span> <span class='ocrx_word' id='word_1_648' title='bbox 484 2716 600 2756; x_wconf 71' lang='grc' dir='ltr'>χαλινοῦ</span> <span class='ocrx_word' id='word_1_649' title='bbox 615 2715 705 2753; x_wconf 82' lang='grc' dir='ltr'>δίκην,</span> <span class='ocrx_word' id='word_1_650' title='bbox 721 2716 766 2744; x_wconf 80' lang='grc' dir='ltr'><strong>καὶ</strong></span> <span class='ocrx_word' id='word_1_651' title='bbox 791 2716 829 2748; x_wconf 74' lang='grc' dir='ltr'><strong>είς</strong></span> <span class='ocrx_word' id='word_1_652' title='bbox 861 2716 933 2752; x_wconf 80' lang='grc' dir='ltr'>τάξιν</span> 
     </span>
    </p>
   </div>
   <div class='ocr_carea' id='block_1_92' title="bbox 146 2826 675 2863">
    <p class='ocr_par' dir='ltr' id='par_1_92' title="bbox 146 2826 675 2863">
     <span class='ocr_line' id='line_1_92' title="bbox 146 2826 675 2863; baseline -0.002 -7"><span class='ocrx_word' id='word_1_653' title='bbox 146 2826 168 2844; x_wconf 77' lang='grc'><strong><em>⁵³</em></strong></span> <span class='ocrx_word' id='word_1_654' title='bbox 181 2826 268 2856; x_wconf 85' lang='lat' dir='ltr'><strong>Joan.</strong></span> <span class='ocrx_word' id='word_1_655' title='bbox 282 2835 320 2863; x_wconf 72' lang='lat' dir='ltr'><strong>vr,</strong></span> <span class='ocrx_word' id='word_1_656' title='bbox 335 2827 380 2855; x_wconf 81' lang='grc'><strong>61.</strong></span> <span class='ocrx_word' id='word_1_657' title='bbox 418 2827 439 2845; x_wconf 75' lang='grc'><strong>³⁷</strong></span> <span class='ocrx_word' id='word_1_658' title='bbox 453 2827 548 2857; x_wconf 84' lang='lat' dir='ltr'><strong>Eccle.</strong></span> <span class='ocrx_word' id='word_1_659' title='bbox 563 2835 615 2861; x_wconf 83' lang='lat' dir='ltr'><strong>xu,</strong></span> <span class='ocrx_word' id='word_1_660' title='bbox 632 2827 675 2856; x_wconf 81' lang='lat' dir='ltr'><strong>tt.</strong></span> 
     </span>
    </p>
   </div>
   <div class='ocr_carea' id='block_1_93' title="bbox 983 1647 1810 1685">
    <p class='ocr_par' dir='ltr' id='par_1_93' title="bbox 983 1647 1810 1685">
     <span class='ocr_line' id='line_1_93' title="bbox 983 1647 1810 1685; baseline 0.004 -11"><span class='ocrx_word' id='word_1_661' title='bbox 983 1649 1047 1674; x_wconf 84' lang='lat' dir='ltr'><strong>tum</strong></span> <span class='ocrx_word' id='word_1_662' title='bbox 1063 1655 1120 1682; x_wconf 63' lang='lat' dir='ltr'><strong>pra:</strong></span> <span class='ocrx_word' id='word_1_663' title='bbox 1135 1654 1167 1674; x_wconf 91' lang='lat' dir='ltr'><strong>se</strong></span> <span class='ocrx_word' id='word_1_664' title='bbox 1191 1647 1255 1675; x_wconf 82' lang='lat' dir='ltr'><strong>fert.</strong></span> <span class='ocrx_word' id='word_1_665' title='bbox 1278 1647 1336 1674; x_wconf 91' lang='lat' dir='ltr'><strong>Neo</strong></span> <span class='ocrx_word' id='word_1_666' title='bbox 1360 1647 1414 1675; x_wconf 82' lang='lat' dir='ltr'><strong>tibi</strong></span> <span class='ocrx_word' id='word_1_667' title='bbox 1437 1647 1595 1684; x_wconf 63' lang='lat' dir='ltr'><strong>Scriptura;</strong></span> <span class='ocrx_word' id='word_1_668' title='bbox 1621 1649 1810 1685; x_wconf 78' lang='lat' dir='ltr'><strong>persuadent,</strong></span> 
     </span>
    </p>
   </div>
   <div class='ocr_carea' id='block_1_94' title="bbox 984 1690 1813 1728">
    <p class='ocr_par' dir='ltr' id='par_1_94' title="bbox 984 1690 1813 1728">
     <span class='ocr_line' id='line_1_94' title="bbox 984 1690 1813 1728; baseline 0.005 -10"><span class='ocrx_word' id='word_1_669' title='bbox 984 1699 1080 1727; x_wconf 86' lang='lat' dir='ltr'><strong>neque</strong></span> <span class='ocrx_word' id='word_1_670' title='bbox 1095 1690 1229 1727; x_wconf 82' lang='lat' dir='ltr'><strong>gehenna</strong></span> <span class='ocrx_word' id='word_1_671' title='bbox 1245 1690 1385 1726; x_wconf 86' lang='lat' dir='ltr'><strong>percellit,</strong></span> <span class='ocrx_word' id='word_1_672' title='bbox 1403 1700 1501 1728; x_wconf 86' lang='lat' dir='ltr'><strong>neque</strong></span> <span class='ocrx_word' id='word_1_673' title='bbox 1520 1691 1675 1721; x_wconf 88' lang='lat' dir='ltr'><strong>hominum</strong></span> <span class='ocrx_word' id='word_1_674' title='bbox 1701 1694 1813 1722; x_wconf 87' lang='lat' dir='ltr'><strong>monita</strong></span> 
     </span>
    </p>
   </div>
   <div class='ocr_carea' id='block_1_95' title="bbox 984 1735 1813 1772">
    <p class='ocr_par' dir='ltr' id='par_1_95' title="bbox 984 1735 1813 1772">
     <span class='ocr_line' id='line_1_95' title="bbox 984 1735 1813 1772; baseline 0.004 -9"><span class='ocrx_word' id='word_1_675' title='bbox 984 1735 1202 1772; x_wconf 82' lang='lat' dir='ltr'><strong>compungunt?</strong></span> <span class='ocrx_word' id='word_1_676' title='bbox 1215 1735 1324 1764; x_wconf 81' lang='lat' dir='ltr'><strong>Saltem</strong></span> <span class='ocrx_word' id='word_1_677' title='bbox 1339 1738 1476 1764; x_wconf 89' lang='lat' dir='ltr'><strong>naturam</strong></span> <span class='ocrx_word' id='word_1_678' title='bbox 1491 1738 1573 1765; x_wconf 90' lang='lat' dir='ltr'><strong>tuam</strong></span> <span class='ocrx_word' id='word_1_679' title='bbox 1589 1740 1813 1766; x_wconf 82' lang='lat' dir='ltr'><strong>reverere.Muta</strong></span> 
     </span>
    </p>
   </div>
   <div class='ocr_carea' id='block_1_96' title="bbox 985 1781 1810 1816">
    <p class='ocr_par' dir='ltr' id='par_1_96' title="bbox 985 1781 1810 1816">
     <span class='ocr_line' id='line_1_96' title="bbox 985 1781 1810 1816; baseline 0.002 -8"><span class='ocrx_word' id='word_1_680' title='bbox 985 1783 1137 1816; x_wconf 82' lang='lat' dir='ltr'><strong>aspectum</strong></span> <span class='ocrx_word' id='word_1_681' title='bbox 1155 1785 1237 1808; x_wconf 85' lang='lat' dir='ltr'><strong>tuum</strong></span> <span class='ocrx_word' id='word_1_682' title='bbox 1253 1789 1261 1808; x_wconf 90' lang='lat'><strong>:</strong></span> <span class='ocrx_word' id='word_1_683' title='bbox 1278 1789 1333 1809; x_wconf 88' lang='lat' dir='ltr'><strong>neu</strong></span> <span class='ocrx_word' id='word_1_684' title='bbox 1350 1781 1440 1809; x_wconf 86' lang='lat' dir='ltr'><strong>istum</strong></span> <span class='ocrx_word' id='word_1_685' title='bbox 1454 1781 1561 1809; x_wconf 84' lang='lat' dir='ltr'><strong>feceris</strong></span> <span class='ocrx_word' id='word_1_686' title='bbox 1571 1781 1641 1809; x_wconf 89' lang='lat' dir='ltr'><strong>idoli</strong></span> <span class='ocrx_word' id='word_1_687' title='bbox 1653 1782 1810 1810; x_wconf 88' lang='lat' dir='ltr'><strong>indicium:</strong></span> 
     </span>
    </p>
   </div>
   <div class='ocr_carea' id='block_1_97' title="bbox 985 1825 1809 1861">
    <p class='ocr_par' dir='ltr' id='par_1_97' title="bbox 985 1825 1809 1861">
     <span class='ocr_line' id='line_1_97' title="bbox 985 1825 1809 1861; baseline 0.001 -8"><span class='ocrx_word' id='word_1_688' title='bbox 985 1834 1040 1853; x_wconf 88' lang='lat' dir='ltr'><strong>neu</strong></span> <span class='ocrx_word' id='word_1_689' title='bbox 1057 1825 1181 1853; x_wconf 85' lang='lat' dir='ltr'><strong>imiteris</strong></span> <span class='ocrx_word' id='word_1_690' title='bbox 1195 1833 1321 1861; x_wconf 75' lang='lat' dir='ltr'><strong>eas,quaa</strong></span> <span class='ocrx_word' id='word_1_691' title='bbox 1337 1825 1532 1853; x_wconf 88' lang='lat' dir='ltr'><strong>meretriciam</strong></span> <span class='ocrx_word' id='word_1_692' title='bbox 1549 1825 1609 1854; x_wconf 87' lang='lat' dir='ltr'><strong>sive</strong></span> <span class='ocrx_word' id='word_1_693' title='bbox 1622 1826 1809 1854; x_wconf 85' lang='lat' dir='ltr'><strong>fornicariam</strong></span> 
     </span>
    </p>
   </div>
   <div class='ocr_carea' id='block_1_98' title="bbox 984 1869 1809 1906">
    <p class='ocr_par' dir='ltr' id='par_1_98' title="bbox 984 1869 1809 1906">
     <span class='ocr_line' id='line_1_98' title="bbox 984 1869 1809 1906; baseline -0.001 -8"><span class='ocrx_word' id='word_1_694' title='bbox 984 1870 1198 1905; x_wconf 87' lang='lat' dir='ltr'><strong>turpitudinem</strong></span> <span class='ocrx_word' id='word_1_695' title='bbox 1214 1869 1461 1906; x_wconf 70' lang='lat' dir='ltr'><strong>proﬁtenturJllm</strong></span> <span class='ocrx_word' id='word_1_696' title='bbox 1472 1869 1550 1897; x_wconf 89' lang='lat' dir='ltr'><strong>enim</strong></span> <span class='ocrx_word' id='word_1_697' title='bbox 1566 1869 1732 1905; x_wconf 85' lang='lat' dir='ltr'><strong>iniquitatis</strong></span> <span class='ocrx_word' id='word_1_698' title='bbox 1743 1870 1809 1898; x_wconf 70' lang='lat' dir='ltr'><strong>ﬁliis</strong></span> 
     </span>
    </p>
   </div>
   <div class='ocr_carea' id='block_1_99' title="bbox 985 1913 1809 1948">
    <p class='ocr_par' dir='ltr' id='par_1_99' title="bbox 985 1913 1809 1948">
     <span class='ocr_line' id='line_1_99' title="bbox 985 1913 1809 1948; baseline 0.001 -7"><span class='ocrx_word' id='word_1_699' title='bbox 985 1922 1052 1942; x_wconf 90' lang='lat' dir='ltr'><strong>cum</strong></span> <span class='ocrx_word' id='word_1_700' title='bbox 1067 1913 1220 1948; x_wconf 71' lang='lat' dir='ltr'><strong>sint,istud</strong></span> <span class='ocrx_word' id='word_1_701' title='bbox 1232 1914 1327 1942; x_wconf 83' lang='lat' dir='ltr'><strong>facere</strong></span> <span class='ocrx_word' id='word_1_702' title='bbox 1338 1914 1367 1941; x_wconf 93' lang='lat' dir='ltr'><strong>in</strong></span> <span class='ocrx_word' id='word_1_703' title='bbox 1380 1913 1512 1942; x_wconf 89' lang='lat' dir='ltr'><strong>moribus</strong></span> <span class='ocrx_word' id='word_1_704' title='bbox 1525 1914 1635 1942; x_wconf 88' lang='lat' dir='ltr'><strong>habent</strong></span> <span class='ocrx_word' id='word_1_705' title='bbox 1650 1922 1657 1942; x_wconf 89' lang='lat'><strong>:</strong></span> <span class='ocrx_word' id='word_1_706' title='bbox 1674 1914 1728 1942; x_wconf 84' lang='lat' dir='ltr'><strong>tibi</strong></span> <span class='ocrx_word' id='word_1_707' title='bbox 1743 1922 1809 1943; x_wconf 89' lang='lat' dir='ltr'><strong>vero</strong></span> 
     </span>
    </p>
   </div>
   <div class='ocr_carea' id='block_1_100' title="bbox 986 1958 1810 1995">
    <p class='ocr_par' dir='ltr' id='par_1_100' title="bbox 986 1958 1810 1995">
     <span class='ocr_line' id='line_1_100' title="bbox 986 1958 1810 1995; baseline 0.001 -9"><span class='ocrx_word' id='word_1_708' title='bbox 986 1959 1123 1995; x_wconf 87' lang='lat' dir='ltr'><strong>quisnam</strong></span> <span class='ocrx_word' id='word_1_709' title='bbox 1134 1958 1303 1994; x_wconf 88' lang='lat' dir='ltr'><strong>hujusmodi</strong></span> <span class='ocrx_word' id='word_1_710' title='bbox 1315 1958 1460 1986; x_wconf 76' lang='lat' dir='ltr'><strong>ambitum</strong></span> <span class='ocrx_word' id='word_1_711' title='bbox 1472 1958 1593 1987; x_wconf 81' lang='lat' dir='ltr'><strong>detulit?</strong></span> <span class='ocrx_word' id='word_1_712' title='bbox 1603 1958 1672 1991; x_wconf 65' lang='lat' dir='ltr'><strong>Quae</strong></span> <span class='ocrx_word' id='word_1_713' title='bbox 1687 1961 1758 1987; x_wconf 90' lang='lat' dir='ltr'><strong>sunt</strong></span> <span class='ocrx_word' id='word_1_714' title='bbox 1767 1968 1810 1988; x_wconf 89' lang='lat' dir='ltr'><strong>er-</strong></span> 
     </span>
    </p>
   </div>
   <div class='ocr_carea' id='block_1_101' title="bbox 985 2002 1810 2040">
    <p class='ocr_par' dir='ltr' id='par_1_101' title="bbox 985 2002 1810 2040">
     <span class='ocr_line' id='line_1_101' title="bbox 985 2002 1810 2040; baseline 0.001 -9"><span class='ocrx_word' id='word_1_715' title='bbox 985 2011 1022 2040; x_wconf 80' lang='lat' dir='ltr'><strong>go</strong></span> <span class='ocrx_word' id='word_1_716' title='bbox 1036 2003 1211 2039; x_wconf 71' lang='lat' dir='ltr'><strong>prepheticm</strong></span> <span class='ocrx_word' id='word_1_717' title='bbox 1230 2002 1396 2038; x_wconf 67' lang='lat' dir='ltr'><strong>Scriptura,</strong></span> <span class='ocrx_word' id='word_1_718' title='bbox 1413 2005 1463 2030; x_wconf 90' lang='lat' dir='ltr'><strong>aut</strong></span> <span class='ocrx_word' id='word_1_719' title='bbox 1477 2011 1542 2038; x_wconf 68' lang='lat' dir='ltr'><strong>quia</strong></span> <span class='ocrx_word' id='word_1_720' title='bbox 1563 2003 1729 2040; x_wconf 80' lang='lat' dir='ltr'><strong>Evangelia,</strong></span> <span class='ocrx_word' id='word_1_721' title='bbox 1746 2012 1810 2040; x_wconf 74' lang='lat' dir='ltr'><strong>quea</strong></span> 
     </span>
    </p>
   </div>
   <div class='ocr_carea' id='block_1_102' title="bbox 985 2047 1811 2084">
    <p class='ocr_par' dir='ltr' id='par_1_102' title="bbox 985 2047 1811 2084">
     <span class='ocr_line' id='line_1_102' title="bbox 985 2047 1811 2084; baseline 0 -8"><span class='ocrx_word' id='word_1_722' title='bbox 985 2049 1102 2076; x_wconf 89' lang='lat' dir='ltr'><strong>demum</strong></span> <span class='ocrx_word' id='word_1_723' title='bbox 1119 2048 1286 2083; x_wconf 67' lang='lat' dir='ltr'><strong>apostolicis</strong></span> <span class='ocrx_word' id='word_1_724' title='bbox 1302 2047 1512 2075; x_wconf 84' lang='lat' dir='ltr'><strong>obtestationes</strong></span> <span class='ocrx_word' id='word_1_725' title='bbox 1522 2048 1536 2075; x_wconf 84' lang='lat'><strong>?</strong></span> <span class='ocrx_word' id='word_1_726' title='bbox 1547 2048 1612 2076; x_wconf 84' lang='lat' dir='ltr'><strong>Scio</strong></span> <span class='ocrx_word' id='word_1_727' title='bbox 1627 2049 1811 2084; x_wconf 81' lang='lat' dir='ltr'><strong>ego,divinas</strong></span> 
     </span>
    </p>
   </div>
   <div class='ocr_carea' id='block_1_103' title="bbox 986 2092 1811 2129">
    <p class='ocr_par' dir='ltr' id='par_1_103' title="bbox 986 2092 1811 2129">
     <span class='ocr_line' id='line_1_103' title="bbox 986 2092 1811 2129; baseline 0 -9"><span class='ocrx_word' id='word_1_728' title='bbox 986 2093 1163 2129; x_wconf 83' lang='lat' dir='ltr'><strong>Scripturas,</strong></span> <span class='ocrx_word' id='word_1_729' title='bbox 1179 2092 1246 2121; x_wconf 90' lang='lat' dir='ltr'><strong>illas</strong></span> <span class='ocrx_word' id='word_1_730' title='bbox 1260 2092 1348 2120; x_wconf 85' lang='lat' dir='ltr'><strong>etiam</strong></span> <span class='ocrx_word' id='word_1_731' title='bbox 1378 2092 1518 2120; x_wconf 88' lang='lat' dir='ltr'><strong>mulieres</strong></span> <span class='ocrx_word' id='word_1_732' title='bbox 1547 2101 1610 2129; x_wconf 66' lang='lat' dir='ltr'><strong>qua</strong></span> <span class='ocrx_word' id='word_1_733' title='bbox 1639 2093 1695 2120; x_wconf 86' lang='lat' dir='ltr'><strong>hoc</strong></span> <span class='ocrx_word' id='word_1_734' title='bbox 1717 2093 1811 2121; x_wconf 82' lang='lat' dir='ltr'><strong>facere</strong></span> 
     </span>
    </p>
   </div>
   <div class='ocr_carea' id='block_1_104' title="bbox 987 2136 1810 2173">
    <p class='ocr_par' dir='ltr' id='par_1_104' title="bbox 987 2136 1810 2173">
     <span class='ocr_line' id='line_1_104' title="bbox 987 2136 1810 2173; baseline -0.001 -8"><span class='ocrx_word' id='word_1_735' title='bbox 987 2139 1211 2171; x_wconf 84' lang='lat' dir='ltr'><strong>consueverunt,</strong></span> <span class='ocrx_word' id='word_1_736' title='bbox 1223 2136 1542 2173; x_wconf 87' lang='lat' dir='ltr'><strong>deterrere,quominus</strong></span> <span class='ocrx_word' id='word_1_737' title='bbox 1557 2137 1654 2165; x_wconf 85' lang='lat' dir='ltr'><strong>adhuc</strong></span> <span class='ocrx_word' id='word_1_738' title='bbox 1663 2136 1810 2165; x_wconf 89' lang='lat' dir='ltr'><strong>idolorum</strong></span> 
     </span>
    </p>
   </div>
   <div class='ocr_carea' id='block_1_105' title="bbox 986 2180 1810 2218">
    <p class='ocr_par' dir='ltr' id='par_1_105' title="bbox 986 2180 1810 2218">
     <span class='ocr_line' id='line_1_105' title="bbox 986 2180 1810 2218; baseline -0.002 -8"><span class='ocrx_word' id='word_1_739' title='bbox 986 2182 1016 2210; x_wconf 85' lang='lat' dir='ltr'><strong>in</strong></span> <span class='ocrx_word' id='word_1_740' title='bbox 1031 2190 1062 2210; x_wconf 87' lang='lat' dir='ltr'><strong>se</strong></span> <span class='ocrx_word' id='word_1_741' title='bbox 1077 2182 1288 2210; x_wconf 84' lang='lat' dir='ltr'><strong>similitudines</strong></span> <span class='ocrx_word' id='word_1_742' title='bbox 1303 2182 1478 2218; x_wconf 85' lang='lat' dir='ltr'><strong>exprimant.</strong></span> <span class='ocrx_word' id='word_1_743' title='bbox 1494 2181 1609 2210; x_wconf 89' lang='lat' dir='ltr'><strong>Dictum</strong></span> <span class='ocrx_word' id='word_1_744' title='bbox 1626 2190 1694 2210; x_wconf 90' lang='lat' dir='ltr'><strong>cum</strong></span> <span class='ocrx_word' id='word_1_745' title='bbox 1722 2180 1810 2209; x_wconf 82' lang='lat' dir='ltr'><strong>liber-</strong></span> 
     </span>
    </p>
   </div>
   <div class='ocr_carea' id='block_1_106' title="bbox 987 2226 1809 2263">
    <p class='ocr_par' dir='ltr' id='par_1_106' title="bbox 987 2226 1809 2263">
     <span class='ocr_line' id='line_1_106' title="bbox 987 2226 1809 2263; baseline 0 -9"><span class='ocrx_word' id='word_1_746' title='bbox 987 2228 1046 2255; x_wconf 87' lang='lat' dir='ltr'><strong>tate</strong></span> <span class='ocrx_word' id='word_1_747' title='bbox 1074 2228 1138 2261; x_wconf 89' lang='lat' dir='ltr'><strong>est;</strong></span> <span class='ocrx_word' id='word_1_748' title='bbox 1169 2226 1243 2254; x_wconf 89' lang='lat' dir='ltr'><strong>nihil</strong></span> <span class='ocrx_word' id='word_1_749' title='bbox 1273 2228 1370 2255; x_wconf 86' lang='lat' dir='ltr'><strong>tamen</strong></span> <span class='ocrx_word' id='word_1_750' title='bbox 1400 2234 1452 2263; x_wconf 92' lang='lat' dir='ltr'><strong>pro</strong></span> <span class='ocrx_word' id='word_1_751' title='bbox 1481 2226 1586 2255; x_wconf 87' lang='lat' dir='ltr'><strong>merito</strong></span> <span class='ocrx_word' id='word_1_752' title='bbox 1615 2234 1716 2254; x_wconf 87' lang='lat' dir='ltr'><strong>eorum</strong></span> <span class='ocrx_word' id='word_1_753' title='bbox 1746 2234 1809 2262; x_wconf 76' lang='lat' dir='ltr'><strong>quas</strong></span> 
     </span>
    </p>
   </div>
   <div class='ocr_carea' id='block_1_107' title="bbox 947 2272 1072 2314">
    <p class='ocr_par' dir='ltr' id='par_1_107' title="bbox 947 2272 1072 2314">
     <span class='ocr_line' id='line_1_107' title="bbox 947 2272 1072 2314; baseline -0.008 -15"><span class='ocrx_word' id='word_1_754' title='bbox 947 2281 972 2314; x_wconf 70' lang='grc' dir='ltr'><strong>Β</strong></span> <span class='ocrx_word' id='word_1_755' title='bbox 987 2272 1072 2299; x_wconf 83' lang='lat' dir='ltr'><strong>ﬁunt.</strong></span> 
     </span>
    </p>
   </div>
   <div class='ocr_carea' id='block_1_108' title="bbox 1020 2316 1810 2352">
    <p class='ocr_par' dir='ltr' id='par_1_108' title="bbox 1020 2316 1810 2352">
     <span class='ocr_line' id='line_1_108' title="bbox 1020 2316 1810 2352; baseline 0.001 -9"><span class='ocrx_word' id='word_1_756' title='bbox 1020 2317 1048 2343; x_wconf 87' lang='lat'><strong>8.</strong></span> <span class='ocrx_word' id='word_1_757' title='bbox 1074 2317 1108 2344; x_wconf 80' lang='lat' dir='ltr'><strong>At</strong></span> <span class='ocrx_word' id='word_1_758' title='bbox 1136 2316 1213 2344; x_wconf 88' lang='lat' dir='ltr'><strong>dicet</strong></span> <span class='ocrx_word' id='word_1_759' title='bbox 1241 2316 1389 2352; x_wconf 85' lang='lat' dir='ltr'><strong>quispiam</strong></span> <span class='ocrx_word' id='word_1_760' title='bbox 1417 2324 1424 2344; x_wconf 90' lang='lat'><strong>:</strong></span> <span class='ocrx_word' id='word_1_761' title='bbox 1454 2316 1545 2344; x_wconf 71' lang='lat' dir='ltr'><strong>Durus</strong></span> <span class='ocrx_word' id='word_1_762' title='bbox 1573 2320 1611 2344; x_wconf 77' lang='lat' dir='ltr'><strong>est</strong></span> <span class='ocrx_word' id='word_1_763' title='bbox 1637 2316 1682 2344; x_wconf 79' lang='lat' dir='ltr'><strong>hic</strong></span> <span class='ocrx_word' id='word_1_764' title='bbox 1709 2323 1810 2350; x_wconf 72' lang='lat' dir='ltr'><strong>sermo,</strong></span> 
     </span>
    </p>
   </div>
   <div class='ocr_carea' id='block_1_109' title="bbox 986 2360 1809 2397">
    <p class='ocr_par' dir='ltr' id='par_1_109' title="bbox 986 2360 1809 2397">
     <span class='ocr_line' id='line_1_109' title="bbox 986 2360 1809 2397; baseline -0.001 -8"><span class='ocrx_word' id='word_1_765' title='bbox 986 2361 1048 2397; x_wconf 74' lang='lat' dir='ltr'><strong>quis</strong></span> <span class='ocrx_word' id='word_1_766' title='bbox 1062 2361 1149 2394; x_wconf 67' lang='lat' dir='ltr'><strong>potest</strong></span> <span class='ocrx_word' id='word_1_767' title='bbox 1164 2368 1226 2388; x_wconf 74' lang='lat' dir='ltr'><strong>eum</strong></span> <span class='ocrx_word' id='word_1_768' title='bbox 1238 2361 1336 2389; x_wconf 77' lang='lat' dir='ltr'><strong>audire</strong></span> <span class='ocrx_word' id='word_1_769' title='bbox 1358 2360 1403 2388; x_wconf 76' lang='lat' dir='ltr'><strong>“‘l</strong></span> <span class='ocrx_word' id='word_1_770' title='bbox 1427 2360 1520 2389; x_wconf 88' lang='lat' dir='ltr'><strong>Etiam</strong></span> <span class='ocrx_word' id='word_1_771' title='bbox 1545 2360 1672 2397; x_wconf 87' lang='lat' dir='ltr'><strong>populus</strong></span> <span class='ocrx_word' id='word_1_772' title='bbox 1693 2360 1742 2388; x_wconf 92' lang='lat' dir='ltr'><strong>ille</strong></span> <span class='ocrx_word' id='word_1_773' title='bbox 1757 2360 1809 2396; x_wconf 82' lang='lat' dir='ltr'><strong>hy-</strong></span> 
     </span>
    </p>
   </div>
   <div class='ocr_carea' id='block_1_110' title="bbox 986 2404 1810 2442">
    <p class='ocr_par' dir='ltr' id='par_1_110' title="bbox 986 2404 1810 2442">
     <span class='ocr_line' id='line_1_110' title="bbox 986 2404 1810 2442; baseline 0 -9"><span class='ocrx_word' id='word_1_774' title='bbox 986 2405 1100 2442; x_wconf 90' lang='lat' dir='ltr'><strong>pocrita</strong></span> <span class='ocrx_word' id='word_1_775' title='bbox 1113 2405 1392 2441; x_wconf 83' lang='lat' dir='ltr'><strong>infensissimusque</strong></span> <span class='ocrx_word' id='word_1_776' title='bbox 1402 2405 1480 2433; x_wconf 86' lang='lat' dir='ltr'><strong>istud</strong></span> <span class='ocrx_word' id='word_1_777' title='bbox 1493 2405 1652 2441; x_wconf 87' lang='lat' dir='ltr'><strong>aliquando</strong></span> <span class='ocrx_word' id='word_1_778' title='bbox 1663 2405 1737 2433; x_wconf 79' lang='lat' dir='ltr'><strong>dixit</strong></span> <span class='ocrx_word' id='word_1_779' title='bbox 1746 2404 1810 2432; x_wconf 90' lang='lat' dir='ltr'><strong>Sal-</strong></span> 
     </span>
    </p>
   </div>
   <div class='ocr_carea' id='block_1_111' title="bbox 985 2449 1810 2486">
    <p class='ocr_par' dir='ltr' id='par_1_111' title="bbox 985 2449 1810 2486">
     <span class='ocr_line' id='line_1_111' title="bbox 985 2449 1810 2486; baseline -0.004 -7"><span class='ocrx_word' id='word_1_780' title='bbox 985 2450 1088 2479; x_wconf 86' lang='lat' dir='ltr'><strong>vatori.</strong></span> <span class='ocrx_word' id='word_1_781' title='bbox 1104 2449 1160 2477; x_wconf 88' lang='lat' dir='ltr'><strong>Sed</strong></span> <span class='ocrx_word' id='word_1_782' title='bbox 1175 2450 1269 2477; x_wconf 86' lang='lat' dir='ltr'><strong>nostis</strong></span> <span class='ocrx_word' id='word_1_783' title='bbox 1283 2457 1386 2478; x_wconf 90' lang='lat' dir='ltr'><strong>omnes</strong></span> <span class='ocrx_word' id='word_1_784' title='bbox 1402 2450 1569 2486; x_wconf 88' lang='lat' dir='ltr'><strong>cujusmodi</strong></span> <span class='ocrx_word' id='word_1_785' title='bbox 1586 2457 1760 2486; x_wconf 79' lang='lat' dir='ltr'><strong>responsum</strong></span> <span class='ocrx_word' id='word_1_786' title='bbox 1776 2449 1810 2477; x_wconf 88' lang='lat' dir='ltr'><strong>il-</strong></span> 
     </span>
    </p>
   </div>
   <div class='ocr_carea' id='block_1_112' title="bbox 987 2493 1812 2530">
    <p class='ocr_par' dir='ltr' id='par_1_112' title="bbox 987 2493 1812 2530">
     <span class='ocr_line' id='line_1_112' title="bbox 987 2493 1812 2530; baseline -0.001 -8"><span class='ocrx_word' id='word_1_787' title='bbox 987 2495 1023 2523; x_wconf 84' lang='lat' dir='ltr'><strong>lis</strong></span> <span class='ocrx_word' id='word_1_788' title='bbox 1039 2494 1164 2522; x_wconf 87' lang='lat' dir='ltr'><strong>dederit.</strong></span> <span class='ocrx_word' id='word_1_789' title='bbox 1180 2493 1262 2522; x_wconf 83' lang='lat' dir='ltr'><strong>Haud</strong></span> <span class='ocrx_word' id='word_1_790' title='bbox 1279 2493 1365 2522; x_wconf 86' lang='lat' dir='ltr'><strong>aliter</strong></span> <span class='ocrx_word' id='word_1_791' title='bbox 1379 2497 1407 2522; x_wconf 92' lang='lat' dir='ltr'><strong>et</strong></span> <span class='ocrx_word' id='word_1_792' title='bbox 1422 2495 1488 2528; x_wconf 88' lang='lat' dir='ltr'><strong>hic;</strong></span> <span class='ocrx_word' id='word_1_793' title='bbox 1506 2495 1556 2530; x_wconf 88' lang='lat' dir='ltr'><strong>qui</strong></span> <span class='ocrx_word' id='word_1_794' title='bbox 1578 2495 1642 2522; x_wconf 89' lang='lat' dir='ltr'><strong>vult</strong></span> <span class='ocrx_word' id='word_1_795' title='bbox 1667 2502 1812 2530; x_wconf 86' lang='lat' dir='ltr'><strong>compun-</strong></span> 
     </span>
    </p>
   </div>
   <div class='ocr_carea' id='block_1_113' title="bbox 987 2539 1816 2576">
    <p class='ocr_par' dir='ltr' id='par_1_113' title="bbox 987 2539 1816 2576">
     <span class='ocr_line' id='line_1_113' title="bbox 987 2539 1816 2576; baseline -0.002 -9"><span class='ocrx_word' id='word_1_796' title='bbox 987 2541 1084 2576; x_wconf 84' lang='lat' dir='ltr'><strong>gatur.</strong></span> <span class='ocrx_word' id='word_1_797' title='bbox 1100 2539 1246 2566; x_wconf 70' lang='lat' dir='ltr'><strong>Sermones</strong></span> <span class='ocrx_word' id='word_1_798' title='bbox 1260 2539 1335 2566; x_wconf 80' lang='lat' dir='ltr'><strong>enim</strong></span> <span class='ocrx_word' id='word_1_799' title='bbox 1356 2540 1529 2575; x_wconf 75' lang='lat' dir='ltr'><strong>sapientium</strong></span> <span class='ocrx_word' id='word_1_800' title='bbox 1553 2543 1684 2575; x_wconf 82' lang='lat' dir='ltr'><strong>tanquam</strong></span> <span class='ocrx_word' id='word_1_801' title='bbox 1706 2539 1816 2566; x_wconf 73' lang='lat' dir='ltr'><strong>stimuli</strong></span> 
     </span>
    </p>
   </div>
   <div class='ocr_carea' id='block_1_114' title="bbox 990 2582 1815 2619">
    <p class='ocr_par' dir='ltr' id='par_1_114' title="bbox 990 2582 1815 2619">
     <span class='ocr_line' id='line_1_114' title="bbox 990 2582 1815 2619; baseline -0.002 -8"><span class='ocrx_word' id='word_1_802' title='bbox 990 2584 1080 2617; x_wconf 80' lang='lat' dir='ltr'><strong>boum,</strong></span> <span class='ocrx_word' id='word_1_803' title='bbox 1096 2587 1122 2611; x_wconf 79' lang='lat' dir='ltr'><strong>et</strong></span> <span class='ocrx_word' id='word_1_804' title='bbox 1137 2588 1274 2619; x_wconf 83' lang='lat' dir='ltr'><strong>tanquam</strong></span> <span class='ocrx_word' id='word_1_805' title='bbox 1292 2584 1365 2611; x_wconf 83' lang='lat' dir='ltr'><strong>clavi</strong></span> <span class='ocrx_word' id='word_1_806' title='bbox 1392 2583 1538 2610; x_wconf 74' lang='lat' dir='ltr'><strong>candentes</strong></span> <span class='ocrx_word' id='word_1_807' title='bbox 1562 2583 1593 2616; x_wconf 72' lang='grc' dir='ltr'><strong>δτ,</strong></span> <span class='ocrx_word' id='word_1_808' title='bbox 1619 2582 1716 2618; x_wconf 90' lang='lat' dir='ltr'><strong>inquit</strong></span> <span class='ocrx_word' id='word_1_809' title='bbox 1739 2582 1815 2609; x_wconf 87' lang='lat' dir='ltr'><strong>Scri-</strong></span> 
     </span>
    </p>
   </div>
   <div class='ocr_carea' id='block_1_115' title="bbox 989 2626 1815 2664">
    <p class='ocr_par' dir='ltr' id='par_1_115' title="bbox 989 2626 1815 2664">
     <span class='ocr_line' id='line_1_115' title="bbox 989 2626 1815 2664; baseline -0.004 -8"><span class='ocrx_word' id='word_1_810' title='bbox 989 2630 1085 2664; x_wconf 86' lang='lat' dir='ltr'><strong>ptura.</strong></span> <span class='ocrx_word' id='word_1_811' title='bbox 1101 2628 1234 2656; x_wconf 85' lang='lat' dir='ltr'><strong>Arbitror</strong></span> <span class='ocrx_word' id='word_1_812' title='bbox 1258 2628 1330 2656; x_wconf 87' lang='lat' dir='ltr'><strong>satis</strong></span> <span class='ocrx_word' id='word_1_813' title='bbox 1356 2627 1416 2655; x_wconf 67' lang='lat' dir='ltr'><strong>haec</strong></span> <span class='ocrx_word' id='word_1_814' title='bbox 1441 2627 1537 2654; x_wconf 86' lang='lat' dir='ltr'><strong>valere</strong></span> <span class='ocrx_word' id='word_1_815' title='bbox 1561 2634 1656 2661; x_wconf 89' lang='lat' dir='ltr'><strong>posse,</strong></span> <span class='ocrx_word' id='word_1_816' title='bbox 1678 2626 1815 2662; x_wconf 87' lang='lat' dir='ltr'><strong>quamvis</strong></span> 
     </span>
    </p>
   </div>
   <div class='ocr_carea' id='block_1_116' title="bbox 990 2671 1814 2707">
    <p class='ocr_par' dir='ltr' id='par_1_116' title="bbox 990 2671 1814 2707">
     <span class='ocr_line' id='line_1_116' title="bbox 990 2671 1814 2707; baseline -0.004 -7"><span class='ocrx_word' id='word_1_817' title='bbox 990 2672 1134 2700; x_wconf 88' lang='lat' dir='ltr'><strong>mediocri</strong></span> <span class='ocrx_word' id='word_1_818' title='bbox 1150 2680 1286 2700; x_wconf 90' lang='lat' dir='ltr'><strong>sermone</strong></span> <span class='ocrx_word' id='word_1_819' title='bbox 1300 2671 1522 2707; x_wconf 85' lang='lat' dir='ltr'><strong>comprehensa,</strong></span> <span class='ocrx_word' id='word_1_820' title='bbox 1547 2671 1687 2698; x_wconf 82' lang='lat' dir='ltr'><strong>adversus</strong></span> <span class='ocrx_word' id='word_1_821' title='bbox 1711 2678 1814 2698; x_wconf 88' lang='lat' dir='ltr'><strong>eorum</strong></span> 
     </span>
    </p>
   </div>
   <div class='ocr_carea' id='block_1_117' title="bbox 990 2714 1814 2753">
    <p class='ocr_par' dir='ltr' id='par_1_117' title="bbox 990 2714 1814 2753">
     <span class='ocr_line' id='line_1_117' title="bbox 990 2714 1814 2753; baseline 0 -8"><span class='ocrx_word' id='word_1_822' title='bbox 990 2717 1160 2751; x_wconf 86' lang='lat' dir='ltr'><strong>stultitiam,</strong></span> <span class='ocrx_word' id='word_1_823' title='bbox 1185 2717 1236 2753; x_wconf 88' lang='lat' dir='ltr'><strong>qui</strong></span> <span class='ocrx_word' id='word_1_824' title='bbox 1262 2716 1398 2744; x_wconf 89' lang='lat' dir='ltr'><strong>mulieres</strong></span> <span class='ocrx_word' id='word_1_825' title='bbox 1421 2716 1451 2743; x_wconf 91' lang='lat' dir='ltr'><strong>in</strong></span> <span class='ocrx_word' id='word_1_826' title='bbox 1475 2714 1668 2743; x_wconf 84' lang='lat' dir='ltr'><strong>contubernio</strong></span> <span class='ocrx_word' id='word_1_827' title='bbox 1692 2715 1814 2745; x_wconf 87' lang='lat' dir='ltr'><strong>habent.</strong></span> 
     </span>
    </p>
   </div>
  </div>
