2011 3142
222 140 283 171 823

697 147 895 178 APPENDIX
917 148 1079 180 OPERUM
1102 150 1134 180 S.
1159 149 1300 181 BASlLll
1324 151 1456 183 MAGNl.

1857 157 1906 187 εει

223 208 367 237 Inhabeat
381 210 471 246 igitur
485 212 577 240 oratio
594 213 744 242 hinnitum
763 215 841 243 hunc
855 216 927 244 freni
944 217 978 243 ad
1004 217 1045 244 in-

1108 217 1196 247 ἀγέτω
1221 218 1271 251 τὴν
1288 216 1391 255 ἄλογον
1407 219 1498 256 ὁρμὴν
1515 220 1523 255 (
1543 220 1570 253 5)
1598 221 1648 246 τοῦ
1661 220 1807 257 γυναικείου
1821 220 1906 257 ῥεύμα-

223 255 294 286 star,
310 254 383 282 etin
400 255 532 284 ordinem
548 260 635 293 cogat
651 258 827 288 infrunitum
848 261 989 296 impetum
1007 269 1051 288 eo-

224 306 301 332 rum,
318 299 367 334 qui
384 308 400 327 a
414 300 549 328 muliebri
567 305 640 330 metu
658 302 775 340 longius
793 305 989 341 abripiuntur.
1006 305 1051 332 Ti-

226 350 289 370 mor
302 344 472 380 propositus
488 349 532 373 est
546 350 574 373 et
589 349 708 382 tremor,
724 351 752 376 et
768 349 844 385 ignis
866 350 980 377 stridet.
996 352 1049 377 Ne-

227 395 272 414 mo
288 390 456 416 contemnat
481 398 487 416 :
512 392 630 418 tametsi
657 392 734 420 enim
761 394 810 429 qui
837 394 916 422 ferus
939 395 987 427 sit,
1013 395 1049 422 ab

227 430 293 467 igne
309 432 488 468 domabitur,
505 436 622 463 tametsi
641 440 766 465 mentem
784 439 830 473 qui
847 440 982 467 draconis
999 441 1049 467 ha~

224 475 303 511 beat,
317 479 446 506 tartarus
462 482 643 515 praeparatus
665 485 711 510 est
727 491 734 510 :
752 483 870 511 tametsi
894 485 1050 512 Sodomiti-

223 528 290 548 cum
307 530 356 549 cor
370 525 461 559 gerat,
478 524 556 560 ignis
572 525 686 554 caelitus
701 526 786 563 pluit.
803 528 871 555 Coeli
888 529 966 557 enim
985 531 1051 557 nni-

220 565 293 592 versi
309 567 393 601 quasi
411 567 478 603 igne
494 568 663 605 locupletati
686 574 765 599 sunt.
782 572 874 601 Nemo
899 573 1047 609 loquentis

221 617 318 637 vocem
334 611 475 639 obaudire
491 612 642 647 detrectet,
659 615 708 642 sed
721 615 791 650 quid
808 617 929 644 terroris
943 617 1048 645 habeat

218 653 262 680 vis
279 662 448 683 sermonum
466 657 641 693 consideret,
661 659 768 695 Deique
780 661 926 695 judicium
938 662 994 690 sibi
1010 663 1046 690 ob

217 697 319 726 oculos
334 702 424 735 ponat
439 709 446 728 :
462 701 600 730 Iudicium
616 704 719 739 quippe
732 705 792 732 sine
802 706 1007 740 misericordia,
1020 708 1047 735 ei

219 744 269 778 qui
282 751 337 771 non
349 745 416 779 fecit
430 746 650 775 misericordiam
665 748 696 776 ⁵³.

253 787 280 815 9.
297 788 381 816 Nunc
402 791 518 826 tempus
543 795 589 819 est
614 792 700 827 mihi,
725 796 759 821 ut
789 796 817 822 et
838 796 982 824 nonnulla
1007 797 1043 824 ad

217 840 269 860 vos
284 833 371 861 verba
388 834 504 870 faciam,
521 844 537 863 ο
554 836 674 873 viri,qui
691 839 813 867 fratrum
830 840 943 868 inimici
960 842 1041 875 estis,

215 879 246 904 at
262 877 422 906 mulierum
438 880 545 916 amici;
561 882 611 917 qui
629 883 658 909 in
675 883 852 912 feculentum
866 885 1040 914 feminarum
1057 902 1080 934 Β

216 930 347 950 amorem
362 925 588 959 excandescitis,
604 929 633 954 et
646 926 675 955 iu
693 936 797 964 puram
810 929 932 958 fratrum
943 931 1040 959 chari-

215 968 303 994 tatem
319 968 438 1002 penitus
453 969 620 998 refrixistis.
645 972 683 999 At
704 973 794 1008 dices,
817 975 894 1010 quod
921 979 1040 1012 propter

213 1009 363 1040 Christum
381 1012 436 1040 hoc
453 1013 552 1048 facias,
567 1023 668 1044 curam
683 1025 789 1053 gerens
812 1009 921 1047 infirmi
949 1021 1038 1056 vasis,

212 1054 260 1081 Na:
276 1055 354 1084 istud
373 1058 447 1085 novi.
465 1059 523 1086 Cur
538 1068 607 1096 ergo
624 1061 705 1089 fratri
721 1064 772 1090 tuo
788 1064 910 1100 pauperi
922 1054 1041 1101 propter

212 1098 363 1128 Christum
378 1101 455 1130 idem
474 1112 531 1131 non
549 1108 691 1140 praestas;
706 1108 776 1142 quin
793 1098 857 1136 imo
868 1109 973 1137 fratres
987 1118 1037 1138 ceu

213 1143 314 1172 hostes
329 1145 453 1174 insidias
478 1150 625 1177 struentes
645 1151 778 1187 respicis,
804 1155 832 1180 et
853 1162 916 1189 quae
941 1162 1040 1182 revera

214 1188 338 1217 insidias
354 1192 627 1229 struuut,tanquam
640 1204 755 1224 sorores
765 1197 779 1224 ‘I
789 1198 844 1225 Sed
855 1188 934 1226 dices
945 1199 1037 1227 mihi:

213 1233 268 1264 Qui
284 1242 404 1268 possum
419 1236 537 1264 fratrem
550 1246 665 1266 mecum
682 1248 834 1269 assumere
845 1242 859 1269 ‘I
873 1243 924 1270 illa
941 1252 985 1271 me
1000 1244 1038 1271 fo-

213 1277 319 1313 vebat;
335 1279 386 1307 illa
402 1280 474 1308 mihi
490 1281 713 1319 blandiebatur;
730 1285 780 1313 illa
797 1286 868 1314 mihi
884 1290 980 1315 vestes
993 1297 1040 1315 va-

214 1322 273 1349 rias
290 1323 367 1351 086
383 1327 565 1361 praeparabat
581 1337 588 1362 ;
606 1328 1038 1365 placentas,scriblitas,oil‘ulas

213 1365 363 1395 faciebat:
387 1369 469 1397 illius
491 1378 546 1398 vox
566 1372 710 1408 jucunda,
731 1376 760 1401 et
782 1374 908 1404 intuitus
931 1377 1037 1405 mollis.

211 1410 313 1439 Nescis
329 1413 400 1447 quid
417 1414 537 1450 cogites.
554 1416 767 1445 Insanientium
784 1419 844 1446 haac
855 1422 924 1447 sunt
940 1422 1036 1449 verba.

214 1454 297 1483 Illius
313 1456 411 1484 dulcia
426 1459 514 1486 verba
527 1467 593 1487 mox
609 1461 674 1488 felle
690 1463 835 1491 amariora
851 1464 1038 1494 invenientur

211 1499 284 1533 tibi;
301 1500 382 1529 illius
398 1502 496 1530 mollis
522 1507 659 1540 aspectus
675 1506 704 1534 in
729 1509 831 1536 tartari
857 1509 986 1538 claustra
1009 1514 1037 1538 te

210 1545 378 1578 contrudit;
395 1548 425 1573 at
440 1547 563 1576 fratrum
580 1558 662 1577 amor
678 1559 800 1587 regnum
816 1553 868 1580 tibi
886 1557 1036 1590 comparat

211 1588 437 1622 omlorum.Quid
448 1591 586 1627 clypeata:
601 1595 758 1624 testudinis
769 1598 923 1626 subdolam
940 1588 1034 1627 chari-

211 1634 303 1660 tatem
314 1635 441 1663 autefers
450 1636 548 1664 fratris
559 1639 693 1673 genuinis
705 1641 840 1669 charitati
850 1643 863 1669 ‘I
871 1643 1036 1679 Quid,quod

212 1676 318 1711 perdit,
335 1679 467 1713 sectaris,
486 1682 563 1715 quod
580 1682 703 1711 salutem
720 1685 815 1718 affert,
837 1676 996 1721 rejiciens?
1007 1689 1037 1716 Si

213 1720 291 1749 enim
313 1721 367 1749 viri
391 1723 524 1752 Ninitivae
550 1726 600 1761 qui
617 1728 653 1754 ad
680 1729 828 1764 prophetae
853 1720 1036 1766 praedicatio-

215 1773 282 1793 nem
298 1767 496 1801 crediderunt.
512 1773 667 1806 surgentes
684 1772 711 1800 in
724 1773 837 1808 judicio
860 1777 1037 1806 condemna-

215 1809 291 1838 bunt
305 1819 366 1845 eos,
377 1812 427 1847 qui
443 1814 539 1842 verbis
553 1815 669 1844 Domini
681 1818 773 1846 nostri
788 1819 854 1847 .Iesu
872 1820 979 1849 Christi
991 1823 1036 1850 di-

215 1856 260 1881 cto
275 1856 427 1885 audientes
442 1866 507 1886 esse
523 1860 691 1895 noluerunt,
717 1863 837 1892 omnino
859 1865 947 1893 etiam
963 1875 1036 1902 gen-

214 1898 288 1926 tium
304 1901 517 1937 sapientes,qui
534 1904 725 1941 philosophiae
747 1907 891 1937 navaruiit
906 1898 1034 1946 operam,

211 1944 241 1970 et
255 1943 497 1974 mulierositatem
513 1949 638 1976 aversati
655 1943 977 1985 suut,condemnabunt
986 1964 1036 1984 eos

212 1987 262 2022 qui
280 1987 309 2015 in
322 1996 389 2017 vera
405 1990 590 2027 philosophia
604 1998 769 2031 versantur,
796 2001 824 2025 et
846 2007 913 2027 cum
929 2000 1035 2029 intem-

212 2033 383 2066 perantibus
399 2035 581 2065 mulierculis
597 2038 710 2074 seipsos
725 2040 1034 2080 implicant,quoniam

211 2075 252 2104 illi
268 2085 319 2113 per
333 2081 557 2114 grammaticam
575 2082 729 2112 scientiam
746 2075 777 2113 et
798 2075 972 2117 rhetoricam
991 2091 1034 2118 fa-

210 2121 348 2150 cultatem
366 2124 443 2160 (quae
456 2126 582 2154 stultitia
597 2131 641 2156 est
660 2130 736 2165 apud
754 2130 856 2168 Deum)
881 2134 1034 2162 continen-

211 2166 282 2194 tiam
298 2169 400 2196 sectati
417 2173 617 2203 sunt,tametsi
630 2173 768 2203 inanibus
780 2177 866 2205 idolis
882 2179 1032 2208 servirent.

209 2211 263 2238 Sed
279 2212 363 2240 etilli
379 2214 429 2249 qui
444 2214 474 2242 in
491 2216 622 2244 stultitiae
640 2220 734 2247 stadio
750 2225 881 2256 currunt,
898 2232 914 2251 a
932 2233 961 2252 re
978 2224 1032 2252 hu-

1104 261 1151 291 τός
1177 263 1426 299 παρασυρομὲνων.
1453 260 1543 294 Φόϐος
1573 263 1712 300 πρόκειται
1738 263 1782 291 καὶ
1808 266 1906 303 τρόμος,

1104 305 1196 333 καὶτὸ
1210 308 1263 344 πῦρ
1283 307 1397 344 ἀπηχεῖ.
1422 306 1526 342 Μηδεὶς
1548 308 1758 347 καταφρονείτω.
1788 309 1838 336 Κᾶν
1864 311 1906 348 γάρ

1103 360 1146 380 τις
1174 349 1314 388 θηριώδης
1341 352 1485 389 τυγχάνῃ,
1518 353 1570 380 ὑπὸ
1595 353 1680 390 πυρὸς
1709 351 1905 389 δαμασθήσεται·

1104 394 1152 421 κᾶν
1177 395 1228 432 γάρ
1243 406 1284 426 τις
1306 395 1494 432 δρακοντώδης
1522 398 1571 431 τήν
1598 397 1765 434 προαίρεσιν,
1792 399 1908 436 τάρταρος

1104 439 1279 475 ἡτοίμασται·
1297 440 1345 467 κᾶν
1375 439 1561 477 Σοδομιτικῆν
1577 440 1689 478 καρδίαν
1715 443 1850 481 περιφὲρῃ,
1866 446 1909 481 πῦρ

1103 483 1149 510 ἀπ’
1162 483 1275 520 οὐρανοῦ
1290 483 1394 522 βρέχει·
1420 485 1481 512 ὅλοι
1506 486 1557 523 γὰρ
1582 486 1608 513 οἱ
1630 485 1737 523 οὐρανοὶ
1754 487 1817 524 πυρὶ
1842 494 1909 523 τεθη-

1103 528 1288 564 σαυρισμένοι.
1313 528 1414 564 Μηδεὶς
1437 534 1487 564 τῆς
1508 532 1556 558 τοῦ
1582 529 1711 568 λὲγοντος
1736 533 1826 570 φωνῆς
1848 541 1909 567 παρ-

1103 572 1233 607 ακουὲτω,
1249 572 1322 601 ἀλλά
1334 577 1385 608 τῆς
1400 576 1453 601 τῶν
1468 573 1558 612 λόγων
1576 573 1717 612 δυνάμεως
1730 576 1861 603 σκοπείτω
1882 577 1907 604 τὸ

1102 614 1228 654 φοϐερὸν,
1250 617 1295 645 καὶ
1322 619 1372 653 τὴν
1401 621 1449 646 τοῦ
1478 621 1546 646 Θεοῦ
1573 620 1661 656 κρίσιν
1691 620 1743 658 πρὸ
1774 620 1907 659 ὀφθαλμῶν

1101 660 1197 699 ἐχέτω·
1236 662 1280 693 Ὠς
1312 662 1422 694 ἀνέλεος
1461 664 1478 698 ἡ
1519 664 1606 702 κρίσις
1641 666 1680 700 τῷ
1711 665 1749 701 μὴ
1778 666 1908 700 ποιήσαντι

1100 703 1188 735 ἔλεον.

1133 796 1160 823 9.
1192 796 1292 823 Λοιπὸν
1307 795 1335 824 ὂὲ
1352 807 1398 833 μοι
1418 798 1513 834 καιρὸς
1528 797 1655 835 καὶπρὸς
1671 798 1741 834 ὑμᾶς
1758 799 1851 837 μέτρια
1875 799 1907 826 εἶ-

1097 843 1168 872 πεῖν,
1185 839 1207 867 ὦ
1223 839 1372 878 ἅνθρωποι⁷
1398 842 1424 868 οἱ
1448 844 1500 869 τῶν
1525 841 1649 881 ἀδελφῶν
1666 841 1773 880 ἐχθροὶ,
1797 843 1840 870 καὶ
1861 845 1906 870 τῶν

1096 887 1230 922 γυναικῶν
1246 885 1334 923 φίλοι,
1350 886 1376 913 οἱ
1390 885 1428 915 εἷς
1442 887 1490 920 τήν
1505 889 1561 914 τῶν
1576 890 1709 925 γυναικῶν
1736 887 1846 924 θολερᾶν
1869 899 1905 926 φι-

1096 928 1155 957 λίαν
1186 930 1289 964 ζέοντες
1306 952 1314 964 ,
1342 930 1388 958 καὶ
1416 930 1453 963 εἷς
1483 932 1532 966 τὴν
1563 932 1680 968 καθαρὰν
1709 934 1764 959 τῶν
1793 930 1903 970 ἀδελφῶν

1095 974 1201 1011 ἀγάπην
1234 975 1415 1012 ψυχρότατοι.
1444 975 1523 1004 Ἀλλ’
1551 975 1632 1013 ἐρεῖς,
1660 975 1702 1004 ὅτι
1733 975 1777 1003 διὰ
1800 977 1902 1013 Χριστὸν

1095 1018 1160 1046 αὐτὸ
1184 1019 1310 1055 πράττεις
1335 1021 1538 1057 προνοούμενος
1562 1023 1611 1048 τοῦ
1635 1021 1764 1052 ἀσθενοῦς
1796 1021 1904 1054 σκεύους,

1094 1062 1146 1090 Ναὶ
1174 1061 1243 1091 οἶδα.
1267 1064 1316 1091 Διὰ
1339 1064 1366 1092 τί
1379 1064 1469 1091 τοίνυν
1483 1064 1583 1100 καὶτῷ
1599 1064 1709 1104 ἀδελφῷ
1734 1075 1782 1092 σου
1805 1067 1842 1100 τῷ
1866 1063 1904 1092 διὰ

1095 1108 1210 1144 Χριστὸν
1226 1109 1368 1145 πενομένῳ
1382 1109 1413 1136 τὸ
1429 1109 1492 1136 αὐτὸ
1507 1109 1537 1136 οὐ
1553 1112 1652 1144 ποιεῖς,
1673 1108 1748 1136 ἀλλὰ
1761 1109 1822 1140 τοὺς
1835 1107 1903 1136 ἀδελι

1095 1152 1161 1191 φοὺς
1188 1153 1226 1184 ὡς
1250 1150 1414 1184 ἐπιϐούλους
1437 1154 1520 1191 ὁρᾷς,
1545 1153 1592 1184 τάς
1618 1152 1646 1181 δὲ
1674 1151 1846 1189 ἐπιϐούλους,
1872 1153 1903 1185 ὡς

1094 1196 1230 1236 ἀδελφάς;
1261 1197 1337 1226 Ἀλλ’
1352 1197 1422 1235 ἐρεῖς
1440 1207 1498 1234 μοι·
1529 1200 1590 1230 Πῶς
1607 1196 1726 1235 δύναμαι
1740 1199 1786 1226 τὸν
1801 1197 1904 1236 ἀδελφὸν

1096 1242 1153 1277 μετ’
1182 1241 1301 1278 ἐμαυτοῦ
1333 1241 1555 1279 προσλαϐέσθαις
1585 1243 1672 1278 ἐκείνη
1716 1253 1751 1280 με
1783 1241 1903 1275 ἕθαλπεν·

1093 1285 1182 1321 ἐκείνη
1215 1297 1248 1323 με
1277 1286 1454 1314 ἐκολάκευεν·
1489 1287 1576 1322 ἐκείνη
1608 1298 1654 1324 μοι
1683 1287 1781 1324 ἱμάτια
1806 1286 1904 1315 ποικίλα

1093 1331 1279 1366 κατεσκεύαζε,
1323 1332 1427 1369 θρυπτά
1463 1333 1508 1359 καὶ
1548 1331 1695 1370 στρεπτοὺς
1727 1333 1770 1360 καὶ
1800 1332 1904 1368 νεήλατα

1094 1375 1193 1402 ἐποίει·
1212 1375 1316 1411 ἐκείνης
1330 1377 1347 1410 ἡ
1364 1377 1441 1414 φωνή
1454 1375 1545 1412 ἡδεῖα,
1560 1377 1605 1404 καὶ
1628 1377 1660 1404 τὸ
1686 1376 1801 1414 βλέμμα
1823 1387 1904 1415 τρυφε-

1093 1419 1150 1455 ρόν.
1167 1420 1222 1448 Ούκ
1247 1419 1320 1452 οἶδας
1343 1421 1369 1448 τί
1393 1424 1510 1459 φρονεῖς.
1534 1423 1623 1449 Ταῦτα
1639 1422 1859 1457 ἐνθουσιαζόντων
1877 1422 1904 1448 τὰ

1093 1465 1213 1502 ῥήματα.
1231 1465 1351 1501 Ἐκείνης
1366 1466 1399 1493 τὰ
1418 1465 1536 1504 γλυκερὰ
1558 1466 1668 1504 ῥήματα
1683 1466 1798 1505 ὕστερον
1821 1466 1904 1504 πικρό-

1091 1519 1155 1547 τερα
1184 1510 1274 1548 χολῆς
1308 1511 1479 1548 εὑρεθήσεταί
1512 1521 1565 1539 σοι·
1595 1511 1700 1546 ἐκείνης
1729 1513 1761 1540 τὸ
1783 1511 1901 1550 τρυφερὸν

1094 1554 1207 1591 βλέμμα
1234 1554 1272 1585 εἲς
1299 1554 1434 1593 ταρτάρου
1464 1566 1493 1582 σε
1507 1555 1620 1593 κλεῖθρα
1643 1556 1767 1594 κατάγει·
1790 1557 1807 1591 ἡ
1823 1554 1850 1583 δὲ
1862 1557 1901 1582 τοῦ

1093 1597 1213 1638 ἀδελφοῦ
1239 1600 1328 1637 ἀγάπη
1357 1599 1495 1637 βασιλείαν
1520 1599 1638 1638 οὐρανῶν
1666 1611 1708 1628 σοι
1727 1601 1855 1639 προξενεῖ.
1879 1599 1904 1626 Τί

1091 1644 1141 1678 τήν
1167 1645 1216 1676 τῆς
1245 1643 1471 1681 ὰσπιδοχελώνης
1501 1644 1619 1673 ὕπουλον
1643 1645 1754 1682 ἀγάπην
1783 1646 1904 1683 προτιμᾷς

1091 1691 1142 1722 τῆς
1155 1691 1204 1715 τοῦ
1222 1687 1340 1728 ἀδελφοῦ
1355 1689 1466 1726 γνησίας
1482 1689 1590 1727 ἀγάπης
1601 1704 1607 1725 ;
1620 1689 1647 1717 τί
1661 1690 1692 1718 τὸ
1709 1689 1831 1718 ἀπόλλον
1848 1688 1903 1716 διώ-

1092 1743 1147 1768 κες,
1163 1734 1194 1760 τὸ
1218 1736 1303 1768 σῶζον
1324 1734 1536 1771 ἀπωθούμενος;
1560 1734 1591 1761 El
1614 1735 1665 1773 γὰρ
1689 1733 1787 1772 ἄνδρες
1811 1735 1904 1762 Νινευῖ-

1090 1788 1134 1804 ⁴ιάι
1159 1778 1185 1805 οἱ
1209 1777 1253 1805 ἐπὶ
1272 1781 1311 1814 τῷ
1333 1781 1382 1806 τοῦ
1404 1779 1547 1818 προφήτου
1572 1779 1730 1817 κηρύγματι
1755 1778 1903 1807 πιστεύσαν-

1091 1833 1146 1856 τες,
1162 1823 1319 1854 ἀναστάντες
1346 1823 1371 1851 ἐν
1387 1825 1421 1860 τῇ
1437 1824 1523 1861 κρίσει
1537 1826 1730 1861 κατακρινοῦσι
1757 1824 1819 1855 τοὺς
1843 1833 1902 1860 παρ-

1091 1867 1253 1899 ακούσαντας
1281 1870 1334 1896 τῶν
1363 1871 1412 1896 τοῦ
1437 1868 1537 1906 Κυρίου
1565 1870 1645 1905 ἡμῶν
1675 1870 1769 1905 Ἰησοῦ
1796 1868 1902 1906 Χριστοῦ

1092 1913 1232 1950 ῥημάτων,
1247 1914 1356 1944 πάντως
1386 1923 1438 1941 που
1453 1913 1498 1941 καὶ
1528 1914 1554 1941 οἱ
1582 1916 1635 1941 τῶν
1662 1913 1806 1950 Ἐλλήνων
1821 1911 1901 1950 σοφοὶ,

1090 1957 1117 1984 οἱ
1130 1958 1180 1992 τήν
1201 1957 1361 1997 φιλοσοφίαν
1387 1959 1560 1994 ἀσκήσαντες,
1591 1958 1636 1985 καὶ
1670 1959 1722 1994 τὴν
1757 1957 1900 2009 μισογυνίαν

1092 2001 1113 2009 ,η
1130 2002 1136 2009 ,
1397 2005 1410 2009 ..
1496 2002 1502 2009 ι
1546 2002 1553 2009 .
1603 2004 1618 2009 ..
1641 2002 1662 2009 ..
1743 2004 1758 2009 ._
1827 2002 1832 2009 ,
1863 2001 1868 2006 .

1090 2001 1228 2039 ἑλόμενοι,
1249 2005 1439 2041 κατακρινοῠσι
1462 2002 1526 2035 τοὺς
1544 2002 1569 2030 ἐν
1585 2004 1620 2039 τῇ
1635 2002 1758 2039 ἀληθινῇ
1772 2002 1849 2041 σοφίᾳ
1861 2001 1902 2028 ὅν-

1088 2057 1147 2080 τας,
1182 2047 1228 2074 καὶ
1261 2046 1520 2085 συμπεπλεγμένους
1559 2047 1745 2085 γυναικαρίοις
1778 2047 1900 2076 ἀσώτοις·

1089 2091 1130 2119 ὅτι
1147 2091 1243 2119 ἐκεῖνοι
1259 2090 1303 2119 διὰ
1318 2092 1513 2130 γραμματικὴν
1528 2091 1670 2130 ἐμπειρίαν
1693 2093 1738 2119 καὶ
1765 2090 1900 2129 ῥητορικήν

1089 2136 1239 2171 δεινότητα,
1264 2136 1325 2171 ἥτις
1347 2137 1437 2174 μωρία
1460 2137 1533 2174 παρὰ
1555 2138 1595 2172 τῷ
1619 2137 1677 2172 Θεῷ
1702 2136 1786 2173 ἐστιν,
1812 2135 1901 2173 ἐγκρά-

1087 2192 1159 2209 τειαν
1184 2181 1317 2216 ἤσκησαν,
1347 2181 1443 2217 καίπερ
1475 2180 1602 2213 εἷ’δώλοις
1624 2181 1745 2218 ἀψύχοις
1766 2180 1900 2218 λατρεύον-

1086 2238 1139 2258 τες.
1157 2225 1244 2255 Ἀλλά
1266 2226 1311 2254 καὶ
1336 2227 1361 2253 οἱ
1377 2225 1403 2254 ἐν
1418 2228 1458 2262 τῷ
1476 2230 1526 2261 τῆς
1542 2226 1637 2263 μανίας
1651 2225 1754 2262 σταδίῳ
1768 2225 1900 2263 τρέχοντες

205 2254 338 2289 jusmodi
351 2259 526 2294 temperant,
544 2269 579 2288 ne
595 2263 782 2298 respicientes
793 2267 911 2302 quidem
929 2269 1033 2297 mulie-

1094 2274 1284 2309 ιαταφρονοῦσι
1307 2271 1354 2298 τοῦ
1376 2271 1546 2308 πράγματος,
1574 2269 1644 2307 μηδὲ
1667 2271 1700 2298 τὸ
1728 2269 1839 2298 σύνολον
1865 2268 1898 2298 εἷς

209 2307 281 2333 rem,
298 2303 498 2338 corruptibilis
520 2306 632 2340 praemii
657 2309 760 2342 gratia.
787 2310 843 2338 Vos
865 2315 962 2341 autem
979 2314 1029 2350 qui

209 2345 452 2378 mysteriarerum
459 2348 620 2377 cmlestium
632 2353 826 2387 noscitutis,et
833 2356 921 2384 futuri
931 2345 1030 2386 seaculi

208 2388 359 2418 horribilia
370 2391 516 2428 supplicia
529 2395 909 2430 praeaudistis,honestatem
922 2411 1030 2438 nequa-

208 2440 297 2467 quam
313 2436 519 2469 servastis,nec
529 2438 739 2469 continentiam
755 2436 1030 2479 custodistis,stulta

207 2477 320 2506 ratione
331 2479 455 2516 abrepti,
463 2488 548 2510 contu
554 2483 716 2513 bernalium
723 2487 858 2516 videlicet
864 2477 1026 2519 sodalitate.

244 2525 287 2553 10,
304 2526 338 2554 Et
351 2534 480 2562 quonam
497 2533 580 2565 pacto
592 2533 696 2566 poterit
711 2534 778 2568 quis
795 2543 829 2562 ex
844 2537 925 2564 vobis
936 2538 1029 2567 Eccle-

206 2570 255 2597 sia:
271 2571 500 2602 sollicitudinem
519 2583 628 2611 gerere,
655 2580 682 2604 et
702 2578 869 2608 imbuendis
896 2582 1029 2611 doctrina

205 2615 356 2651 religionis
381 2617 549 2647 hominibus
574 2624 674 2656 aptum
703 2622 732 2649 in
766 2624 891 2653 ecclesia
922 2626 1028 2656 habere

205 2667 380 2695 sermonem,
397 2671 462 2690 cum
480 2663 542 2699 ipse
558 2664 587 2691 in
602 2669 788 2694 antecessum
805 2670 953 2705 propriam
969 2680 1027 2700 non

204 2706 374 2741 expurgarit
387 2708 598 2736 conscientiam
615 2710 628 2736 ?
643 2711 684 2738 Ad
701 2719 786 2746 quem
803 2715 907 2743 merito
922 2716 1028 2745 dixerit

239 2762 261 2779 ⁵⁸
274 2762 338 2790 Jac.
354 2772 385 2798 ιι,
403 2765 446 2792 13.

238 2810 296 2847 (85)
305 2811 412 2841 Deesse
426 2814 542 2844 videtur
551 2817 606 2844 τῶν
621 2815 685 2847 ὐπό.
700 2819 779 2849 Enrr.

1083 2319 1195 2354 γυναῖκα
1217 2313 1410 2352 ἐμϐλέποντες,
1437 2317 1631 2365 soi-909106
1659 2312 1790 2365 βραϐείου
1814 2313 1896 2365 χοίρων

1086 2359 1164 2396 ὑμεῖς
1190 2358 1218 2387 δὲ
1248 2360 1281 2387 τὰ
1313 2361 1449 2396 μυστήρια
1468 2358 1522 2386 τῶν
1550 2357 1715 2396 ἐπουρανίων
1741 2357 1896 2396 πραγμάτων

1085 2404 1251 2442 ἐπιγνόντες,
1267 2405 1312 2431 καὶ
1326 2405 1360 2432 τὰ
1373 2406 1421 2431 τοῦ
1439 2403 1587 2441 μέλλοντος
1603 2402 1702 2433 αἰῶνος
1724 2400 1826 2441 φοϐερὰ
1844 2411 1896 2438 κρι-

1084 2450 1166 2487 τήρια
1180 2449 1408 2487 προακούσαντες,
1423 2449 1472 2483 τὴν
1496 2447 1673 2486 σωφροσύνην
1698 2447 1748 2495 ουκ
1772 2446 1897 2495 emptioni-

1082 2504 1122 2528 τε,
1140 2492 1202 2520 οὐδὲ
1213 2494 1262 2528 τὴν
1286 2492 1439 2532 ἐγκράτειαν
1464 2491 1622 2532 ἐφυλάξατε,
1648 2491 1755 2528 ματαίῳ
1780 2490 1896 2528 λογισμῷ

1086 2537 1250 2576 ὑπαχθέντες
1314 2540 1367 2565 τῶν
1384 2538 1544 2574 ὁμοσκήνων
1560 2536 1686 2574 ἑταιρείᾳ.
1807 2579 1817 2587 ς
1863 2577 1868 2587 1

1119 2584 1162 2612 40.
1193 2583 1241 2610 Καὶ
1268 2584 1327 2614 πῶς
1354 2593 1396 2615 τις
1416 2582 1442 2617 ἐξ
1469 2582 1545 2618 ὑμῶν
1575 2580 1716 2616 δυνήσεται
1742 2579 1897 2613 Ἐκκλησία(

1082 2629 1303 2665 προνοήσασθαι,
1328 2627 1373 2654 καὶ
1397 2627 1443 2654 τὸν
1469 2627 1530 2664 περὶ
1558 2626 1739 2664 κατηχήσεως
1767 2622 1848 2662 λόγον
1871 2622 1894 2649 ἂν

1082 2671 1215 2708 ἐκκλησίᾳ
1239 2671 1369 2707 λαλῆσαι,
1392 2672 1482 2722 αὐτὸς,
1496 2669 1761 2722 μήνιπροκαθαρίσας
1778 2668 1894 2722 τήννὲαν-

1081 2718 1129 2743 τοῦ
1159 2715 1330 2752 συνείδησιν;
1359 2717 1431 2752 Πρὸς
1467 2713 1497 2743 ὅν
1534 2715 1564 2742 ἄν
1597 2725 1639 2746 τις
1668 2714 1790 2753 εὐλόγως
1818 2713 1892 2741 εἴποι.
