2011 3142
108 172 166 203 895

656 174 789 204 SERMO
810 173 860 203 DE
882 172 1277 205 CONTUBERNALIBUS.

1759 172 1819 203 826

108 238 256 276 Ὗποκριτὰ
273 260 280 273 ,
310 236 408 266 ἔκϐαλε
455 241 565 277 πρῶτον
608 240 657 274 τὴν
698 239 777 266 δοκὸν
818 238 849 266 ἐκ
888 240 931 265 toi

993 247 1140 267 nonnemo
1155 249 1161 268 :
1178 241 1335 276 llypocrila,
1353 241 1419 274 εἰὶσε
1439 241 1562 276 primum
1583 239 1690 267 trabem
1704 246 1740 267 ea:
1754 247 1819 267 ocu-

109 282 255 320 ὂφθαλμοῦ
304 294 352 310 σου
371 306 377 317 ,
406 283 452 310 καὶ
489 283 552 311 τότε
595 282 696 321 δυνήσῃ
738 281 863 310 ἐκϐαλεῖν
904 281 936 310 τὰ

108 327 210 366 κάρφος
239 328 271 355 τὸ
296 327 323 354 ὲν
348 330 387 363 τῷ
411 327 547 366 ὀφθαλμῷ
572 328 620 355 τόῦ
644 327 764 365 ἀδελφοῦ
794 337 851 354 σου.
874 328 935 357 Πῶς

109 370 137 399 δὲ
166 372 212 399 καὶ
241 372 303 409 περὶ
330 372 507 411 σωφροσύνης
525 371 678 409 τολμήσεις
704 371 834 405 λαλῆσαι,
856 370 935 402 αὐτὸς

107 417 309 454 γυναικομανία
324 415 553 453 δεδουλωμένος;
569 417 587 452 ἢ
601 420 658 448 πῶς
683 418 716 445 τὰ
745 417 806 454 περὶ
830 415 934 443 δικαιο-

107 460 188 496 σύνης
211 459 328 496 διδάξαι,
345 461 426 492 αὐτὸς
452 461 504 488 ὑπὸ
527 465 578 496 τῆς
603 460 709 492 ἀδικίας
731 460 934 498 κρατούμενος;

107 505 283 542 Θεραπιυὲτω
297 505 388 533 τοίνυν
405 508 513 543 πρῶτον
528 507 559 534 τὸ
586 506 681 533 ἑαυτοῦ
708 507 816 543 τραῦμα
842 505 856 532 ὁ
881 514 937 531 τοι-

109 552 202 584 οῦτος,
217 549 263 577 καὶ
278 549 340 578 τότε
355 549 498 585 δυνήσεται
512 550 559 578 τὸν
586 552 636 578 τοῦ
663 548 782 588 ἀδελφοῦ
810 548 936 586 μώλωπα

105 593 244 627 ίάσασθαι,
261 593 357 632 λόγοις
384 594 467 626 θείοις
481 595 532 628 τήν
548 595 641 633 ψυχὴν
667 593 749 621 αὐτοῦ
771 592 933 631 ἐπιρρώσας·

105 639 136 666 τὸ
151 638 204 676 γὰρ
221 641 270 673 τῆς
282 640 377 676 ψυχῆς
402 641 510 676 τραῦμα
530 641 590 671 τοῖς
617 638 706 676 ἁγίοις
730 638 824 676 Λόγοις
851 647 936 674 παρα-

108 684 279 720 μυθούμενον
308 685 480 723 κουφίζεται,
513 683 669 721 Παρακάλει
706 684 794 712 τοίνυν
833 683 933 714 πάντας

102 729 167 760 τοὺς
184 729 355 767 ἀνθρώπους,
370 728 435 760 τοὺς
461 729 509 766 μὶν
532 729 732 766 πυρουμὲνους,
750 728 775 756 εἴ
802 728 934 766 βούλοινο

99 784 143 807 το,
157 776 258 811 γαμιῖν
288 773 316 801 ἐν
347 776 454 810 Χριστῷ
479 774 672 811 (γινώσκοντας
690 773 795 810 μέντοι,
820 773 857 804 ὡς
887 773 934 809 μία

102 818 140 845 ἑνὶ
155 816 292 853 ἰπλάσθη,
308 820 418 856 πρῶτος
434 817 463 846 δὲ
478 818 577 857 Λάμεχ
591 818 629 846 ὢν
650 819 679 846 ἐκ
703 820 751 846 τοῦ
773 819 852 852 Κάΐν,
869 815 933 845 ἕλα-

103 859 147 889 ϐιν
178 862 266 898 ἑαυτῷ
296 861 344 890 δύο
372 865 514 901 γυναῖκας·
537 863 568 891 τὸ
598 863 627 891 δὲ
651 864 738 898 ἑαυτῷ
767 859 860 890 λαϐεῖν
876 861 932 889 ἐστι

102 907 133 934 τὸ
150 907 188 956 μγ)
206 906 275 934 κατὰ
290 907 355 956 (λέλη
363 909 491 956 μοιϋθεοῦζ
508 908 539 935 Ἦ
564 908 621 956 γὰρ
650 906 820 945 πολυγαμία,
837 907 931 944 γάμου
947 924 970 956 Β

105 951 152 987 μὶν
171 949 231 989 ἔχει
243 951 274 979 τὸ
290 949 388 988 ὄνομα,
404 949 461 979 ἔστι
478 950 506 979 δὲ
532 950 762 990 φιλιυπρόσωπος
788 951 910 990 πορνεία)
924 961 930 968 ⁵

102 995 166 1026 τοὺς
181 994 211 1023 δὲ
236 994 494 1033 ὲγκρατιυομὲνους,
510 995 621 1028 τελείως
646 996 672 1024 ἐν
695 997 802 1034 Χριστῷ
830 996 931 1032 ἀσκεῖν,

105 1040 148 1067 καὶ
168 1040 208 1076 μὴ
223 1042 263 1076 τῷ
280 1041 328 1077 μὲν
355 1040 469 1077 ὀνόματι
499 1039 669 1080 φιλοσοφεῖν,
685 1041 716 1068 τὸ
733 1039 760 1068 δὲ
776 1039 855 1078 ἔργον
871 1040 932 1068 ἐπι-

103 1084 320 1122 κεκαλυμμὲνως
341 1085 480 1124 πράττειν.
498 1084 578 1121 Μηδὶ
606 1085 689 1113 πάλιν
718 1088 777 1116 τοῖς
804 1087 858 1113 τῶν
885 1085 930 1112 ἀν-

103 1129 222 1167 Θρώπων
241 1129 398 1168 ὀφθαλμοῖς
413 1131 575 1168 προσέχετι,
586 1130 627 1157 ὅτι
643 1130 697 1168 οὐχ
712 1129 929 1168 ὁρᾶσθε,τοίχων

107 1174 176 1210 ὑμᾶς
192 1173 363 1211 πανταχόθεν
387 1174 608 1212 περικλειόντων·
622 1174 695 1202 ἀλλᾶ
719 1175 769 1209 τήν
793 1176 841 1201 τοῦ
864 1176 931 1202 Θεοῦ

103 1218 220 1252 ἀπειλὴν
251 1215 459 1257 φοϐήθητε,ὅτι
483 1219 570 1247 πάντα
595 1219 695 1256 γυμνὰ,
724 1218 769 1246 καὶ
796 1229 931 1256 τετραχη-

104 1262 221 1299 λισμένα
247 1263 362 1291 ἐνώπιον
394 1263 476 1291 αὐτοῦ
505 1264 567 1298 εἰσι,
582 1264 615 1292 τὰ
639 1263 667 1291 ἐν
691 1263 766 1291 νυκτὶ
781 1263 826 1290 καὶ
841 1263 932 1302 ἡμέρᾳ

106 1307 156 1335 ὑπὸ
171 1310 228 1336 τῶν
245 1308 395 1346 ἀνθρώπων
411 1309 595 1346 πραττόμενα.

139 1398 185 1426 11.
201 1397 250 1425 Καί
268 1407 314 1434 μοι
344 1397 479 1434 θαυμάσαι
504 1396 565 1425 λίαν
590 1395 691 1425 ἔπεισιν
716 1395 931 1434 ίκπληττομένῳ

106 1442 154 1476 τήν
171 1441 348 1477 ἀναισθησίαν
364 1444 418 1470 τῶν
450 1443 663 1478 μυωπαζόντων,
679 1444 738 1474 πῶς
765 1442 792 1469 αἱ
822 1441 930 1477 θήλειαι

105 1485 217 1522 ἑκουσίᾳ
230 1487 328 1525 γνώμῃ
356 1487 451 1518 ἑαυτὰς
478 1486 516 1519 εἷς
540 1485 663 1514 δουλείαν
691 1485 865 1521 ἑκδεδώκασι,
889 1497 930 1513 τι·

106 1534 160 1567 μῆς
193 1531 246 1558 ὑπὸ
269 1533 318 1559 τοῦ
346 1531 531 1568 τετιμηκότος
561 1531 763 1569 ἀγορασοιῖσαι.
791 1530 930 1562 Πολλάκις

106 1575 155 1612 γάρ
169 1586 213 1606 τις
227 1575 298 1613 κόρη
314 1578 372 1607 τοῖς
388 1574 469 1607 ἰδίοις
490 1578 599 1613 γονεῦσι
630 1576 667 1612 μὴ
697 1575 931 1612 ἐξυπηρετησαμε-

104 1609 147 1654 νη,
161 1620 208 1647 καὶ
224 1609 342 1657 ἀμοιϐὰς
357 1619 469 1648 δικαίων
485 1609 574 1648 πόνων
593 1609 635 1657 μὴ.
661 1609 851 1648 άποδεδωκυῖα
874 1609 931 1651 ¹τοῖς
947 1609 968 1642 c

106 1664 202 1699 ἑαυτῆς
217 1665 407 1702 γεννήτορσιν,
423 1665 491 1700 αὕτη
508 1663 641 1693 σπουδαία
656 1664 695 1697 εἷς
714 1665 760 1692 τὸν
790 1665 932 1703 ἀγαπητὸν

106 1709 214 1748 εὑρὲθη,
231 1710 276 1738 καί
303 1710 389 1739 πάντα
417 1711 518 1747 τρόπον
545 1710 703 1748 ἀγωιίζεται
728 1709 801 1747 αὐτῷ
828 1711 931 1748 ἀρέσαι,

104 1755 147 1782 καὶ
164 1755 231 1793 οὐχὶ
246 1757 305 1791 Θιῷ
321 1753 438 1786 εὐσεϐῶς
455 1754 612 1790 δουλεῦσαι,
628 1755 732 1793 νόκτωρ
748 1765 777 1783 τε
799 1755 844 1783 καὶ
874 1756 933 1792 μεθ’

104 1799 208 1837 ἡμέραν
233 1798 458 1838 ταλαιπωροῦσα,
475 1800 519 1827 καὶ
547 1799 646 1831 στολὰς
676 1799 859 1835 ἐξαλάσσουσα
888 1799 933 1827 αὐ-

103 1846 142 1880 τῷ
155 1844 202 1872 καὶ
227 1844 471 1879 κατασκευάζουσα·
488 1844 533 1872 καὶ
561 1843 657 1872 πολλὰ
685 1843 756 1872 ἄλλα
784 1844 933 1883 πράγματά

103 1887 183 1921 ἐστιν,
200 1888 217 1916 ἃ
233 1888 283 1916 οὐκ
297 1888 462 1927 ἀγνοοῦμεν,
478 1888 551 1917 ἀλλὰ
565 1891 610 1916 νῦν
627 1887 717 1926 λέγειν
741 1889 773 1916 οὐ
798 1888 932 1927 βουλόμε-

105 1937 145 1964 θα·
164 1933 194 1960 οὐ
211 1934 264 1971 γὰρ
281 1933 358 1969 θέμις
387 1934 421 1961 τὰ
443 1937 532 1972 κρυφῆ
559 1932 688 1972 γινόμενα
717 1934 761 1960 ὑπ’
776 1933 863 1961 αὐτῶν
894 1933 933 1966 εἰς

105 1977 184 2014 μέσον
202 1978 287 2016 ἄγειν,
304 1978 320 2005 ἃ
335 1977 379 2005 καὶ
394 1980 434 2014 τῷ
458 1978 546 2016 λέγειν
569 1977 671 2015 αἰσχρὰ
694 1978 835 2016 τυγχάνει.
851 1978 880 2004 Ὀ
903 1976 932 2006 δὶ

105 2021 214 2058 λοιπὸν,
231 2022 321 2060 ὥσπερ
340 2033 382 2054 τις
411 2022 491 2060 ἰχθὺς
521 2019 723 2062 ἀμφιϐλήστρῳ
751 2024 827 2058 κακῷ
854 2032 931 2060 περι-

105 2064 231 2102 ϐληθεὶς,
258 2066 303 2095 διὰ
327 2069 381 2095 τῶν
408 2067 525 2103 ἱματίων
566 2066 612 2094 καὶ
653 2069 704 2101 τῆς
742 2065 931 2106 Θανατηφόρου

107 2111 257 2148 ὑπηρεσίας
286 2113 337 2144 τῆς
375 2112 444 2139 κατά
481 2111 733 2150 ἀνθρωπαρὲσκειαν
772 2111 930 2149 γινομένης,

103 2157 147 2183 καὶ
184 2156 216 2183 οὑ
246 2157 314 2184 κατὰ
351 2153 520 2190 θεοσέϐειαν,
550 2154 717 2184 δεδούλωται
751 2157 792 2191 τῷ
818 2155 929 2193 γυναίῳ,

106 2199 213 2236 μεθύων
227 2200 260 2228 τὸ
276 2199 416 2239 φρόνημα,
441 2200 486 2228 καὶ
507 2199 720 2238 κραδαινόμενος
736 2199 808 2230 δλως
836 2199 929 2228 ἐκλύε-

104 2254 144 2271 ται
163 2245 215 2272 ὑπὸ
236 2247 291 2272 τῶν
311 2244 470 2283 γυναικείων
489 2244 629 2283 ῥημάτων,
642 2243 688 2272 καὶ
713 2242 790 2272 οὕττε
812 2254 928 2282 προσευ-

991 286 1016 311 lo
1033 287 1088 316 luo,
1103 285 1129 312 et
1152 287 1217 312 tunc
1235 286 1336 320 poteris
1364 285 1462 320 ejicere
1489 286 1631 320 [es/utam,
1649 291 1711 319 quae
1733 287 1773 311 est
1789 285 1817 311 in

991 328 1070 355 oculo
1084 329 1183 364 fratris
1198 330 1240 357 tui
1264 329 1296 356 ³ο.
1322 329 1474 361 Quomodo
1490 336 1557 356 vero
1573 331 1602 356 et
1616 329 1651 355 de
1668 329 1820 355 honestate

990 371 1069 408 loqui
1087 373 1220 408 nudebis,
1237 374 1300 409 ipse
1311 373 1518 408 intemperanti
1532 372 1688 400 mulierum
1704 372 1819 400 insania

991 420 1143 453 correptus
1155 418 1168 445 ‘I
1182 419 1238 446 Aut
1253 419 1401 454 quomodo
1418 426 1449 444 eo
1467 417 1684 453 quzejustitiam
1703 417 1816 450 decent,

991 462 1121 498 edocere,
1134 463 1196 498 ipse
1211 463 1247 490 ab
1263 462 1409 498 injustitie
1425 461 1820 490 devinctns?Medeaturita-

991 514 1047 542 que
1063 507 1191 542 primum
1215 507 1265 544 qui
1292 506 1465 543 hujusmodi
1480 509 1534 542 est,
1551 506 1621 535 huic
1643 505 1775 539 vulneri;
1792 508 1820 533 et

990 553 1061 578 tunc
1076 551 1182 586 poterit
1202 551 1336 579 fraternae
1360 551 1446 579 vibici
1476 551 1613 580 adhibere
1630 550 1817 583 medicinam,

989 595 1085 623 verbis
1101 596 1207 624 divinis
1223 596 1304 624 illius
1330 597 1458 624 animum
1483 595 1685 624 corroborans.
1708 595 1818 623 Anima:

989 640 1096 668 etenim
1111 640 1218 669 vulnus
1234 640 1345 668 sanctis
1360 640 1456 668 verbis
1478 640 1644 674 delinitum,
1665 639 1816 668 allevatur.

989 685 1184 717 Quamobrem
1201 685 1318 713 hortere
1334 693 1436 713 omnes
1463 685 1608 718 homines,
1624 692 1676 712 eos
1699 684 1816 720 quidem

990 729 1040 765 qui
1057 731 1191 765 uruntur,
1205 732 1238 757 ut
1250 730 1274 758 si
1290 730 1389 763 velint,
1402 738 1521 758 uxorem
1537 730 1648 757 ducant
1663 729 1691 756 in
1701 729 1817 757 Christo

989 774 1126 810 (scientes
1147 777 1246 803 tamen
1270 775 1346 811 quod
1366 783 1424 802 una
1438 775 1489 802 uni
1506 774 1630 802 formata
1644 773 1742 809 fuerit,
1764 776 1815 801 La-

989 819 1072 847 mech
1089 827 1155 847 vero
1172 819 1296 855 primus.
1312 819 1362 856 qui
1376 828 1393 847 ιι
1406 820 1474 847 Cain
1492 827 1585 855 genus
1600 819 1816 852 ducebat,acce-

987 868 1029 900 ρῖι
1052 864 1108 892 sibi
1126 865 1197 892 duo:
1222 871 1321 892 uxores
1335 865 1371 892 ⁸ο.
1398 864 1457 891 Sibi
1483 867 1581 891 autem
1606 863 1747 899 accipere,
1773 865 1818 891 est

989 917 1046 936 non
1062 908 1222 936 secundum
1241 909 1290 936 Dei
1306 908 1531 945 beneplacitum.
1550 907 1714 944 Polygamin
1732 916 1818 936 nam-

987 961 1053 988 que,
1079 953 1209 989 conjugii
1239 953 1358 989 quidem
1386 961 1492 981 nomen
1516 953 1613 986 habet,
1629 953 1679 980 sed
1695 952 1818 980 honesta

988 998 1139 1026 fornicatio
1165 999 1232 1032 est),
1249 1006 1298 1026 eos
1322 1005 1390 1026 vero
1415 998 1465 1034 qui
1491 997 1702 1026 continentiam
1728 997 1815 1033 proti-

986 1043 1096 1074 tentur,
1113 1043 1145 1069 ut
1167 1042 1290 1078 perfecte
1315 1042 1345 1070 in
1368 1042 1483 1070 Christo
1507 1044 1670 1074 exerceant,
1685 1049 1737 1069 nec
1752 1049 1816 1069 ver-

987 1085 1023 1113 bo
1037 1086 1156 1121 quidem
1175 1086 1427 1123 philosophentur,
1444 1095 1504 1114 rem
1518 1088 1616 1114 tamen
1633 1085 1815 1114 clandestino

987 1132 1161 1166 perpetrent.
1181 1131 1278 1166 Neque
1294 1140 1398 1160 rursus
1413 1131 1545 1159 animum
1566 1130 1706 1158 humanis
1721 1130 1814 1159 oculis

986 1175 1136 1209 advertite,
1150 1176 1227 1211 quod
1250 1184 1354 1212 nempe
1377 1185 1433 1204 non
1458 1175 1628 1209 videamini.
1653 1175 1814 1211 parietibus

985 1228 1036 1247 vos
1050 1219 1279 1256 circumquaque
1294 1220 1539 1248 concludentibus
1556 1229 1562 1248 ε
1584 1220 1633 1248 sed
1652 1220 1701 1247 Dei
1718 1219 1815 1248 minas

986 1264 1118 1298 metuite,
1134 1266 1211 1300 quod
1227 1265 1320 1293 omnia
1335 1265 1411 1293 nulla
1434 1269 1460 1293 et
1481 1266 1642 1301 resupinato
1657 1272 1750 1293 coram
1765 1265 1814 1292 illo

984 1311 1049 1337 sunt
1076 1309 1108 1344 ει,
1139 1317 1203 1346 quae
1234 1309 1360 1338 interdiu
1390 1312 1418 1338 et
1453 1312 1539 1338 noctu
1573 1309 1608 1338 ab
1642 1309 1812 1337 hominibus

987 1354 1072 1382 fiunt.

1023 1399 1065 1426 11.
1083 1401 1122 1426 Ae
1143 1399 1215 1426 mihi
1238 1399 1378 1427 admirari
1409 1399 1596 1428 vehementer
1621 1398 1713 1431 subit,
1740 1397 1810 1425 dum

987 1443 1144 1471 stoliditate
1171 1451 1270 1472 eorum
1295 1443 1435 1479 percellor
1463 1443 1513 1480 qui
1544 1445 1693 1478 tantopere
1719 1451 1811 1470 ασσυ-

986 1487 1063 1515 tiunt
1080 1496 1085 1515 :
1103 1496 1232 1523 quanam
1246 1487 1381 1516 videlicet
1404 1488 1515 1516 ratione
1543 1486 1720 1515 mulierculae
1737 1486 1812 1515 ultro

987 1540 1018 1560 se
1039 1531 1109 1568 ipsis
1132 1532 1160 1559 in
1187 1533 1357 1560 servitutem
1382 1533 1501 1568 dedant,
1527 1532 1618 1567 pretio
1644 1532 1680 1559 ab
1706 1540 1739 1559 eo
1764 1531 1814 1568 qui

988 1576 1189 1612 mstimaverit,
1214 1579 1362 1613 coemptas.
1386 1577 1468 1613 Saepe
1489 1577 1567 1605 enim
1599 1576 1755 1613 contingit,
1782 1578 1816 1604 ut

989 1620 1086 1657 puella
1101 1621 1244 1658 quaepiam
1259 1622 1321 1650 suis
1334 1621 1504 1658 parentibus
1516 1629 1701 1657 nequaquam
1720 1621 1815 1649 famu-

989 1666 1057 1700 lata,
1075 1674 1127 1694 nec
1143 1668 1261 1694 mutuas
1274 1666 1420 1701 iustorum
1444 1666 1577 1694 laborum
1593 1665 1671 1694 vices
1688 1665 1815 1702 propriis

988 1710 1169 1746 genitoribus
1186 1711 1321 1745 reddens,
1336 1719 1370 1739 ea
1385 1711 1518 1739 studiosa
1534 1711 1563 1739 in
1579 1710 1718 1738 dilectum
1735 1710 1815 1738 inve-

989 1755 1096 1791 niatur,
1106 1758 1133 1783 et
1148 1764 1250 1784 omnes
1264 1764 1367 1784 nervos
1379 1756 1512 1784 intendat
1523 1758 1555 1784 ut
1569 1755 1595 1784 ei
1612 1755 1743 1792 placeat;
1756 1763 1814 1782 non

987 1803 1085 1828 tamen
1102 1800 1159 1828 Deo
1175 1800 1310 1837 religiose
1324 1800 1487 1834 deserviat;
1503 1800 1552 1828 diu
1569 1802 1718 1836 noctuque
1734 1798 1814 1827 solli-

987 1845 1054 1878 cita,
1071 1845 1156 1881 eique
1182 1845 1354 1873 indumenta.
1369 1845 1494 1873 subinde
1510 1846 1681 1880 permutans
1696 1845 1724 1872 et
1740 1852 1811 1879 pra:-

987 1898 1105 1927 parans.
1122 1889 1200 1926 (Alia:
1221 1891 1291 1917 sunt
1313 1889 1382 1917 item
1408 1897 1455 1917 res
1477 1889 1655 1924 complures,
1671 1896 1745 1924 quas
1762 1896 1814 1916 nc-

986 1933 1322 1970 quaquamignoramus,
1336 1934 1387 1962 sed
1399 1942 1473 1970 quas
1489 1933 1586 1962 dicere
1600 1941 1678 1961 nunc
1691 1932 1813 1961 minime

986 1977 1143 2006 volumus:
1162 1986 1255 2014 neque
1277 1978 1356 2006 enim
1381 1978 1425 2006 fas
1449 1983 1504 2013 est,
1519 1980 1552 2006 ut
1574 1986 1638 2014 quas
1659 1977 1759 2005 furtim
1776 1977 1812 2005 ab

985 2022 1045 2051 illis
1057 2023 1143 2056 fiunt,
1152 2023 1181 2050 in
1198 2023 1326 2051 medium
1343 2023 1539 2059 proferantur,
1551 2031 1616 2050 cum
1628 2030 1662 2050 ea
1674 2022 1717 2050 vel
1733 2022 1813 2049 dictu

985 2067 1046 2096 sint
1060 2067 1181 2104 turpia.)
1198 2067 1247 2095 [lle
1268 2076 1334 2096 vero
1354 2067 1438 2103 quasi
1463 2067 1585 2103 quidam
1611 2066 1700 2102 piscis
1727 2065 1812 2094 malis

986 2112 1080 2149 plagis
1097 2111 1238 2145 irretitus,
1255 2120 1306 2148 per
1320 2111 1494 2139 vestimenta
1514 2112 1542 2138 et
1566 2110 1751 2138 mortiferum
1767 2109 1812 2138 fa-

985 2157 1143 2192 mulatum,
1158 2156 1208 2192 qui
1224 2165 1257 2185 eu
1286 2158 1383 2185 mente
1407 2155 1562 2184 exhibetur
1588 2157 1620 2183 ut
1640 2154 1811 2182 hominibus

983 2201 1143 2238 placentur,
1160 2209 1218 2229 non
1242 2209 1308 2229 vero
1329 2200 1493 2229 secundum
1518 2200 1664 2236 pietatem,
1679 2199 1812 2233 captivus

984 2246 1061 2275 cedit
1076 2245 1208 2280 mulieri;
1226 2248 1323 2273 mente
1336 2245 1564 2279 temulentus,ac
1580 2244 1700 2272 omnino
1716 2243 1813 2280 lapse-

104 2292 157 2326 χῆς
173 2289 269 2326 καιρὸν
295 2288 393 2317 λοιπὸν
423 2288 605 2327 ἐπιγινώσκει,
621 2287 682 2316 οὔτε
710 2288 754 2316 ἐὰν
778 2288 851 2326 κύψῃ
880 2291 929 2317 τοῦ

987 2291 1100 2319 bundus
1116 2292 1271 2318 enervatur
1285 2299 1302 2318 ιι
1317 2289 1453 2318 muliebri
1470 2290 1585 2322 affectu,
1602 2291 1632 2317 et
1655 2297 1708 2317 nec
1729 2289 1812 2317 dein-

105 2333 312 2371 προσεύξασθαι,
339 2333 395 2361 οἵδε
421 2333 448 2362 τί
476 2336 561 2368 ποιεῖ,
584 2333 810 2372 ἐνοπτριζόμενος
839 2343 930 2372 χαρα-

104 2381 192 2416 κτῆρα
207 2378 347 2415 ἑταιρικῆς
362 2377 520 2409 διαθέσεως.
535 2378 573 2406 Τὰ
595 2377 678 2415 ὅμοια
704 2376 732 2406 δὲ
755 2378 800 2405 καὶ
822 2378 854 2406 τὸ
882 2377 928 2416 γύ-

104 2433 177 2450 ναιον
192 2423 351 2460 συμπάσχει
366 2425 406 2459 τῷ
430 2423 574 2461 πάσχοντι.
592 2422 645 2451 Καὶ
668 2425 776 2460 Γραφῆς
799 2422 929 2461 ἀναγινω-

105 2466 239 2504 σκομένης
254 2464 420 2495 ἁϐλεπτοῦσι
446 2467 496 2502 τὴν
525 2466 660 2495 διάνοιαν·
678 2466 722 2494 καί
742 2466 768 2494 ἐν
797 2466 930 2504 ἐκκλησίᾳ

104 2510 296 2548 προσομιλιῶν
312 2511 503 2548 λαλουμένων,
517 2512 568 2540 οὐκ
582 2511 670 2539 οἷ’δασι
687 2511 713 2538 τί
737 2511 875 2548 ἀκούουσι,
889 2512 929 2549 τῷ

105 2556 237 2592 ἀλλήλων
254 2556 363 2594 αἶσχρῷ
378 2556 456 2589 πάθει
473 2555 685 2593 δεδουλωμὲνοι·
703 2556 788 2588 οὕτως
801 2555 850 2584 τοῖ’)
865 2556 932 2595 ἔρω-

105 2603 181 2628 τικοῦ
203 2600 248 2628 καὶ
274 2599 426 2637 μανιώδους
447 2601 550 2633 πάθους
572 2601 622 2636 τήν
649 2601 742 2639 ψυχὴν
763 2603 929 2639 πηροῦντος,

107 2645 152 2680 ὡς,
169 2644 192 2672 εἰ
209 2643 333 2678 δυνατὸν,
348 2645 394 2673 καὶ
405 2647 460 2673 τῶν
485 2644 562 2673 ἰδίων
585 2645 726 2683 ὀνομάτων
751 2644 929 2677 ἰπιλανθάνε-

107 2690 176 2718 σθαι.
191 2691 327 2717 Τοσοῦτον
346 2691 363 2725 ἡ
389 2690 456 2727 γυνή
481 2693 642 2718 συνοικοῦσα
666 2689 706 2727 τῷ
735 2689 811 2727 ἀνδρί
840 2689 930 2727 ἐκτρέ-

107 2744 149 2761 πει
162 2734 208 2761 τὸν
224 2735 286 2761 νοῦν
302 2736 350 2761 τοῦ
375 2735 531 2774 ἀνθρώπουσ
546 2737 676 2763 τοσοῦτον
693 2736 707 2763 ὁ
728 2735 796 2773 ἁνήρ
824 2734 930 2772 γυναικὶ

985 2344 1054 2372 eeps
1068 2335 1210 2363 orationis
1224 2337 1342 2370 tempus
1357 2334 1517 2371 cognoscit,
1530 2342 1594 2368 nec,
1605 2334 1630 2362 si
1646 2334 1765 2370 quidem
1775 2334 1811 2361 ad

985 2380 1129 2409 orandum
1153 2380 1337 2416 procumbat,
1353 2379 1423 2415 quid
1441 2379 1527 2407 faciat
1542 2378 1690 2415 intelligit,
1706 2378 1812 2415 imagi-

985 2433 1052 2453 nem
1077 2424 1176 2452 onimo
1199 2433 1320 2452 versans
1343 2423 1562 2452 contubernalis
1589 2423 1722 2451 rationis.
1749 2424 1811 2457 Quo

985 2470 1072 2498 modo
1089 2468 1137 2497 ille
1157 2468 1294 2502 afﬁcitur,
1309 2468 1388 2496 haud
1409 2468 1494 2497 aliter
1508 2471 1537 2496 et
1550 2467 1726 2496 muliercula:
1742 2475 1814 2495 con~

984 2514 1090 2550 tingit:
1102 2515 1130 2542 et
1145 2514 1215 2542 dum
1228 2513 1381 2550 Scriptura
1393 2513 1510 2550 legitur,
1522 2512 1681 2540 caecutiunt
1691 2511 1789 2540 animo
1804 2521 1810 2545 ;

985 2559 1116 2594 dumque
1125 2558 1154 2586 in
1164 2557 1286 2586 ecclesia
1296 2557 1422 2586 homiliaa
1434 2556 1730 2590 habentur,nesciunt
1740 2555 1811 2591 quid

985 2603 1115 2638 audiant,
1132 2603 1211 2639 turpi
1225 2602 1376 2631 affectione
1391 2602 1515 2630 invicem
1536 2601 1656 2637 captivi,
1672 2600 1714 2628 sic
1730 2607 1812 2627 amo-

985 2648 1025 2675 ris
1037 2647 1205 2684 furorisque
1219 2647 1320 2675 morbo
1333 2647 1461 2674 animum
1473 2645 1702 2677 obtundente,ut
1712 2643 1736 2671 si
1747 2643 1811 2671 ﬁeri

985 2694 1095 2727 posset,
1117 2700 1238 2720 suorum
1269 2691 1357 2720 etiam
1381 2690 1534 2718 nominum
1559 2688 1810 2716 obliviscerentur.

983 2735 1119 2772 Eousque
1139 2735 1244 2764 mulier
1269 2743 1335 2764 cum
1359 2735 1477 2762 homine
1498 2733 1665 2768 convivens,
1682 2731 1810 2761 hominis

140 2833 162 2850 "
176 2834 283 2864 Matth.
296 2844 347 2871 vn,
362 2836 431 2872 3-5;
447 2837 516 2866 Luc.
532 2844 572 2873 vx,
587 2836 632 2872 At,
647 2836 692 2864 42.
729 2835 752 2854 ⁸ο
766 2835 872 2872 Ganeo,
887 2843 925 2872 xv,

1023 2835 1046 2854 ⁸³
1063 2835 1152 2865 Hebr.
1172 2843 1209 2870 xv,
1227 2836 1268 2864 13,
