2011 3142
171 165 230 195 821

175 233 300 258 mentem
324 232 425 259 evertit

176 277 251 308 tans,
263 275 293 302 in
309 276 454 304 insaniam
471 276 713 312 concupiscentia:
729 275 883 303 mulierem
899 274 1000 310 impel-

172 318 207 347 lit
223 329 229 347 :
246 328 375 357 eousque
386 323 481 356 potest
497 321 602 349 mulier
617 329 682 349 cum
699 321 759 348 viro
774 319 999 348 contubernium

172 364 294 400 habens,
307 365 350 393 vel
361 366 410 393 Dei
423 365 516 402 ipsius
528 365 673 394 memoria:
685 365 860 393 oblivionem
878 365 925 392 ind
933 373 1000 392 uce-

174 415 214 435 re.
231 409 424 437 Facessamus
439 411 474 438 ab
491 410 634 446 gehenna,
657 414 685 437 et
708 410 774 446 igne
796 409 974 444 sempiterno
991 408 997 435 l

174 452 209 480 Ut
224 453 293 489 quid
311 454 458 490 spirantes
473 455 569 483 adhuc
579 454 758 490 vosmetipsi
773 454 802 481 in
819 462 920 481 orcum
936 454 1001 481 hor-

174 497 346 534 ribilemque
361 501 504 527 tartarum
521 499 683 527 defoditis?
704 499 758 532 Qui
775 497 1000 526 contubernales

174 542 286 570 habetis
310 545 339 571 et
361 552 426 571 cum
443 543 503 571 illis
524 543 750 576 conversamini,
767 543 908 571 dediscite
923 542 999 570 hanc

173 586 281 614 malam
304 587 478 622 doctrinam,
496 597 558 624 quas
575 588 725 616 interitum
741 588 887 624 propinat,
904 589 932 615 et
952 596 999 615 sa-

172 630 264 659 lutem
281 632 387 667 prodit.
405 633 559 660 Imitemur
569 632 733 669 apostolos;
756 633 908 660 imitemur
930 640 999 668 pro-

173 676 287 711 phetas,
303 679 331 704 et
347 685 397 713 per
412 677 536 714 vestigia
557 685 657 705 eorum
679 677 860 710 incedamns,
877 685 930 704 nec
946 685 999 704 nos

173 720 300 757 decipiat
314 722 456 750 feminina
470 730 546 750 esca.
562 722 620 750 Nos
640 722 696 758 ipsi
711 730 824 755 rursus,
842 729 877 749 ne
893 721 997 749 mulie-

173 773 233 792 rem
255 766 339 801 quasi
356 775 423 794 esca
437 767 467 794 in
483 767 616 795 fraudem
633 767 807 795 inducamus
823 767 859 794 ob
880 766 997 794 inanem

173 809 308 846 gloriam,
325 813 353 838 et
375 811 610 847 superstitiosam
636 811 846 839 humilitatem.
863 811 918 839 Sed
935 819 998 838 om-

173 854 221 882 nia
237 855 400 883 secundum
416 864 514 883 veram
537 856 721 892 solidamque
735 855 932 884 humilitatem
949 863 997 883 so-

172 897 234 926 brie
251 908 267 926 a
283 899 366 927 nobis
382 903 561 936 peragantur
585 901 613 928 in
638 901 753 928 Christo
766 922 772 934 ,
797 902 830 927 ut
850 900 997 936 possimus

172 942 291 971 liberari
303 952 319 970 a
331 945 465 979 prmsenti
480 947 610 981 tempore
625 945 805 981 malo,juxta
819 944 998 972 voluntatem

173 988 278 1021 Patris,
291 991 320 1016 et
334 989 448 1017 Domini
465 991 558 1018 nostri
573 990 643 1018 Jesu
656 989 763 1018 Christi
776 989 838 1017 Filii
856 990 920 1025 ejus
937 988 1000 1016 uni-

172 1032 285 1068 geniti:
302 1041 353 1069 per
368 1042 454 1070 quem
475 1037 503 1062 et
526 1043 594 1062 cum
619 1043 677 1071 quo
700 1034 803 1071 gloria,
829 1033 997 1069 imperium,

173 1076 266 1105 honor
281 1078 419 1106 invisibili
436 1079 512 1107 Patri
530 1087 595 1107 cum
612 1082 712 1107 sancto
727 1081 756 1107 et
771 1078 916 1115 paracleto
934 1078 999 1115 Spi-

173 1121 244 1155 ritu,
262 1131 352 1157 nunc,
368 1126 397 1151 et
412 1123 440 1151 in
458 1124 556 1152 omnia
572 1124 679 1152 secula
693 1123 878 1152 saculorum.
895 1124 998 1151 Amen.

643 164 839 195 APPENDIX
862 162 1023 195 OPERUM
1047 164 1079 193 S.
1102 163 1244 193 BASlLll
1267 163 1402 194 MAGNI.

451 241 457 260 :
484 240 614 267 eousque
638 232 680 259 vir
706 239 773 259 cum
791 230 900 258 femina
914 230 996 258 habi-

1055 228 1192 262 συηηνῶν
1221 228 1291 266 πρὸς
1313 229 1408 264 μανίαν
1432 228 1576 266 ἐπιθυμίας
1598 230 1655 267 ἄγει
1675 231 1725 265 τὴν
1740 233 1875 267 γυναῖκα·

1814 165 1874 195 828

1054 275 1182 300 τοσοῦτον
1199 273 1288 310 ἰσχύει
1304 274 1373 310 γυνή
1390 272 1465 311 ἄνδρὶ
1487 285 1656 309 συνοικουσα,
1678 275 1723 303 καὶ
1749 278 1801 310 τῆς
1828 277 1876 303 τοῦ

1055 319 1120 345 Θεοῦ
1151 318 1264 354 μνήμης
1290 317 1379 353 λήθην
1412 318 1570 354 ἐμποιῆσαι.
1598 319 1784 356 Ἐξελάσωμεν
1815 319 1875 346 ἑαυ-

1053 361 1117 392 τοὺς
1133 362 1185 389 ἀπὸ
1201 363 1312 399 γεέννης
1325 363 1369 390 καὶ
1385 364 1470 400 πυρὸς
1491 363 1613 392 αἰωνίου.
1634 363 1667 392 Τί
1693 366 1792 398 ζῶντες
1817 364 1878 390 ἑαυ-

1053 406 1117 437 τοὺς
1132 406 1169 434 εἷς
1184 404 1251 442 ἅδην
1277 407 1321 434 καὶ
1339 405 1454 446 φοϐερὸν
1476 408 1608 446 τάρταρον
1633 408 1829 445 κατορύσσετε;
1844 408 1877 436 Οἱ

1053 452 1102 483 τὰς
1131 451 1319 483 συιιισάχτους
1347 449 1528 490 ἔχοντες,χαὶ
1560 452 1652 484 αὑταῖς
1680 455 1877 486 συνοικοῦντις,

1055 496 1210 532 ἀπομάθιτι
1223 496 1255 524 τὸ
1269 496 1350 524 κακὸν
1376 496 1501 533 μάθημα,
1516 497 1547 525 τὸ
1568 501 1619 532 τῆς
1642 497 1782 528 ἀπωλείας
1808 497 1878 535 πρό-

1055 541 1140 576 ξενον,
1156 541 1200 568 καὶ
1215 541 1245 568 τὸ
1260 545 1310 576 τῆς
1334 541 1470 579 σωτηρίας
1491 540 1664 580 προδοτικόν.
1682 543 1878 579 Μιμησώμεθα

1053 585 1118 618 τοὺς
1146 585 1327 619 ἀποστόλους,
1359 587 1542 623 μιμησώμεθα
1567 586 1630 617 τοὺς
1657 587 1811 626 προφήτας,
1833 586 1878 614 καὶ

1053 631 1113 657 κατ’
1138 629 1216 667 ἴχνος
1238 630 1324 658 αὐτῶν
1356 630 1561 668 βαίνωμεν,καὶ
1591 631 1629 668 μή
1658 632 1733 668 ἡμᾶς
1748 631 1879 658 ἀπατάτω

1052 675 1148 709 τὸτῆς
1165 676 1292 711 γυναικὸς
1321 673 1427 713 δέλεαρ·
1447 674 1518 712 μηδὲ
1545 675 1626 704 πάλιν
1655 678 1770 714 γυναῖκα
1797 677 1879 712 ἡμεῖς

1053 720 1129 747 αὐτοὶ
1146 718 1315 756 δελεάζωμεν
1332 718 1376 747 διὰ
1395 723 1446 755 τῆς
1461 719 1624 755 κενοδοξίας,
1640 720 1685 747 καὶ
1700 719 1878 752 ἐθελοταπει-

1053 765 1232 803 νοφροσύνης”
1248 763 1320 792 ἀλλὰ
1335 764 1422 792 πάντα
1436 764 1504 792 κατὰ
1533 763 1667 799 ἀληθινῆν
1689 765 1733 792 καὶ
1767 763 1877 803 βεϐαίαν

1051 808 1299 847 ταπεινοφροσύνην
1339 809 1487 847 σωφρόνως
1527 809 1569 847 ὑφ’
1598 811 1678 846 ἡμῶν
1719 809 1879 848 πραττέσθω

1053 853 1078 881 ἐν
1095 852 1275 891 Χρισρῷ,’ίνα
1299 852 1455 890 δυνηθῶμεν
1485 853 1614 892 ῥυσθῆναι
1639 854 1669 881 ix
1695 856 1744 881 τοῦ
1765 853 1877 882 ἐνεστῶ-

1051 908 1098 929 τος
1122 899 1220 935 καιροῦ
1248 900 1382 935 πονηροῦ,
1406 898 1473 925 κατὰ
1499 898 1530 925 τὸ
1557 897 1666 934 θὲλημα
1693 900 1742 926 τοῦ
1773 899 1877 936 Ματρὸς

1052 943 1144 979 ἡμῶν,
1160 942 1204 970 καὶ
1221 941 1324 979 Κυρίου
1340 943 1426 976 Ἰησοῦ
1442 943 1559 979 Χριστοῦ
1583 944 1631 970 τοῦ
1653 945 1814 981 μονογενοῦς
1828 942 1880 970 αὗ-

1053 989 1100 1014 τοῦ
1129 987 1204 1022 Υὶοῦ,
1221 986 1256 1014 δι’
1277 987 1307 1014 οὗ
1332 988 1377 1015 καὶ
1409 987 1466 1023 μεθ’
1482 987 1514 1014 αὖ
1530 986 1604 1023 δόξα,
1619 987 1729 1025 κράτος,
1745 988 1815 1023 τιμή
1840 990 1880 1024 τῷ

1053 1031 1161 1069 ἀοράτῳ
1191 1032 1274 1069 Πατρὶ
1300 1031 1347 1059 σὺν
1378 1032 1445 1069 ἁγίῳ
1474 1032 1518 1059 καὶ
1543 1031 1714 1070 παρακλήτῳ
1729 1032 1880 1069 Πνεύματι,

1053 1078 1099 1103 νῦν
1128 1076 1173 1104 καὶ
1199 1076 1237 1107 εἷς
1264 1076 1330 1108 τοὺς
1359 1076 1515 1113 σύμπαντας
1546 1076 1648 1108 αἰῶνας
1673 1079 1728 1104 τῶν
1756 1076 1878 1105 αἰώνων.

1054 1122 1153 1158 Ἀμήν.

611 1278 670 1344 S.
725 1277 1019 1343 BASlLll
1073 1270 1430 1342 MAGNIW

360 1395 649 1440 RATIONES
683 1393 1118 1440 SYLLOGISTlC/E
1153 1392 1384 1439 CONTRA
1417 1392 1685 1450 ABIANOS,

720 1484 809 1521 Quod
825 1484 922 1515 Filius
936 1484 968 1514 in
984 1483 1098 1514 divinis
1113 1483 1153 1514 sit
1169 1484 1250 1513 Deus
1265 1482 1327 1523 (86)

330 1566 502 1601 (interprete
519 1565 673 1593 Francisco
687 1564 840 1598 Turriano,
857 1565 886 1592 8.
898 1563 916 1627 ἐῘ
925 1584 930 1591 .
951 1564 1052 1626 -ΙΑιλ
1195 1563 1332 1591 Lectione:
1347 1563 1485 1599 antique,
1502 1563 1551 1592 ed.
1569 1562 1715 1599 Basnagii,

911 1607 970 1627 om.
1003 1620 1012 1634 ,
1028 1607 1057 1634 p.
1127 1619 1134 1626 .

911 1607 970 1627 om.
989 1607 1012 1635 ι,
1028 1607 1057 1635 p.
1073 1607 1134 1626 ιον,

203 1767 224 1794 Ι.
242 1766 272 1794 Si
286 1765 377 1794 Filius
393 1769 438 1794 est
451 1769 556 1794 natura
573 1767 657 1799 Deus,
681 1768 709 1794 et
725 1766 809 1794 Pater
824 1767 870 1793 est
884 1767 989 1793 natura
1004 1766 1025 1799 C
1045 1765 1130 1792 Pater
1144 1764 1230 1792 etiam
1242 1767 1286 1793 est
1296 1765 1476 1801 unigenitus,
1486 1765 1554 1801 quia
1565 1765 1809 1801 incomparabilis
1819 1768 1878 1799 est,

167 1810 254 1845 Deus,
273 1819 330 1838 non
353 1813 398 1839 est
420 1810 497 1839 alius
513 1811 590 1839 Deus
605 1810 706 1844 Filius,
727 1810 803 1838 alius
830 1817 896 1837 vero
917 1809 993 1837 Deus

165 1855 259 1883 Pater.
272 1855 323 1884 Sin
340 1858 438 1884 autem
454 1865 512 1884 non
529 1857 573 1884 est
588 1857 693 1883 natura
703 1855 781 1883 Deus
793 1854 884 1882 Filius
897 1863 904 1882 :
916 1854 994 1882 Deus

166 1899 284 1934 dicitur,
302 1901 379 1928 sicut
390 1900 440 1936 qui
452 1900 524 1928 falso
537 1900 677 1928 dicuntur
687 1900 770 1934 dii,et
781 1908 839 1927 non
850 1901 895 1927 est
905 1899 991 1927 Deus.

203 1944 239 1972 II.
255 1945 284 1971 Si
301 1953 376 1972 unus
391 1944 534 1972 Dominus
552 1944 645 1972 Filius
661 1947 777 1979 natura,
789 1944 932 1972 Dominus
942 1951 993 1971 au-

166 1991 224 2016 tem
239 1988 327 2016 etiam
344 1989 427 2017 Pater
442 1992 556 2024 natura,
573 1989 762 2017 manifestum
782 1991 827 2016 est
841 1989 919 2025 quod
936 1996 994 2016 non

166 2033 224 2061 alia
239 2036 354 2061 natura.
380 2033 460 2066 Quod
482 2035 506 2062 si
523 2042 599 2062 unus
614 2036 690 2062 Deus
706 2035 802 2067 Pater,
818 2033 926 2061 dicitur
940 2041 994 2061 au-

168 2079 227 2106 tem
243 2080 320 2106 Deus
335 2078 424 2106 etiam
440 2078 542 2112 Filius,
558 2087 616 2106 non
632 2078 690 2106 alia
702 2080 818 2113 natura,
835 2078 884 2105 sed
900 2085 968 2105 una.

202 2124 253 2151 III.
269 2123 298 2150 Si
315 2131 393 2151 unus
408 2123 551 2151 Dominus
573 2125 690 2156 natura,
715 2130 782 2150 cum
807 2121 893 2150 multi
911 2121 992 2155 θέσει,

169 2167 224 2195 hoc
239 2170 294 2202 est,
310 2168 455 2204 positione
470 2175 523 2196 seu
548 2168 703 2204 adoptione
717 2169 857 2195 vocentur
871 2166 993 2202 domini,

167 2213 197 2239 et
212 2220 290 2239 unus
306 2211 397 2239 Filius
411 2214 525 2247 natura,
542 2220 608 2239 cum
625 2211 710 2239 multi
726 2211 915 2239 nominentur
930 2210 993 2247 ﬁlii,

166 2255 216 2290 qui
233 2257 354 2283 vocatur
369 2256 514 2291 positione
530 2255 668 2284 dominus
686 2255 732 2284 vel
748 2256 827 2284 ﬁlius
843 2256 878 2284 ad
894 2255 995 2283 imita-

166 2300 277 2328 tionem
293 2301 368 2336 ejus,
385 2301 436 2336 qui
453 2303 568 2335 natura,
585 2303 704 2328 vocatur
725 2309 731 2329 :
757 2300 900 2336 positione
915 2300 993 2327 enim

166 2344 240 2372 nihil
255 2345 377 2379 dicetur,
391 2345 448 2373 nisi
464 2346 626 2379 antecedat,
640 2345 716 2381 quod
733 2348 846 2373 natura.
859 2345 889 2373 Si
904 2344 995 2381 igitur

166 2398 221 2417 nos
237 2398 341 2417 sumus
357 2390 408 2417 ﬁlii
425 2390 473 2418 Dei
489 2390 570 2423 θέσει,
584 2390 612 2417 id
629 2392 683 2423 est,
696 2390 861 2426 adoptione,
874 2397 994 2418 necesse

166 2435 213 2462 est
228 2435 310 2470 prius
325 2442 389 2463 esse
404 2437 510 2462 natura
525 2434 640 2462 Filium.

203 2478 247 2508 IV.
265 2479 332 2512 Quae
347 2487 412 2508 vere
427 2481 497 2508 sunt
519 2479 638 2508 omnina
662 2479 844 2515 substantiae,
861 2487 896 2506 ea
919 2480 993 2506 notia

164 2526 235 2553 sunt
247 2533 358 2559 eorum,
374 2533 498 2560 quorum
515 2527 584 2552 sunt
601 2525 729 2552 nomina.
750 2524 869 2560 Proprie
893 2526 990 2551 autem

162 2571 191 2597 et
205 2578 272 2598 vere
281 2572 366 2598 Pater
380 2573 425 2597 est
436 2570 511 2598 Deus
525 2573 554 2597 et
568 2569 659 2598 Filius
675 2571 703 2597 et
712 2569 838 2604 Spiritus
854 2568 989 2596 sanctus:

159 2615 261 2643 eadem
278 2615 368 2651 igitur
383 2614 549 2642 substantia
564 2614 640 2642 sicut
655 2616 683 2641 et
700 2614 828 2641 nomina.

198 2659 231 2687 V.
250 2660 280 2688 Si
297 2668 353 2688 non
373 2662 417 2688 est
431 2659 628 2696 generationis
644 2658 841 2694 unigenitum,
857 2658 907 2686 sed
924 2666 989 2693 pro-

163 2706 228 2740 pter
243 2704 504 2741 incomparabilem
520 2703 724 2733 excellentiam
740 2705 785 2731 est
808 2702 989 2739 unigenitus,

1047 1811 1076 1837 et
1091 1809 1186 1837 omnis
1201 1812 1336 1838 creatura
1351 1818 1408 1838 non
1430 1809 1548 1844 similis,
1565 1810 1616 1838 sed
1640 1809 1798 1839 dissimilis
1821 1811 1878 1838 erit

1048 1853 1210 1890 unigenita,
1226 1853 1312 1882 multi
1328 1854 1418 1890 igitur
1433 1854 1576 1890 unigeniti
1592 1857 1678 1883 erunt
1694 1854 1772 1883 sicut
1786 1854 1881 1883 Filius

1049 1901 1093 1927 est
1103 1899 1152 1926 Dsi
1167 1899 1349 1935 unigenitus.

1084 1945 1132 1971 VI.
1151 1942 1243 1971 Filius
1258 1952 1316 1971 non
1332 1942 1505 1979 simpliciter
1527 1945 1571 1972 est
1595 1943 1778 1980 unigenitus,
1794 1944 1845 1972 sed
1862 1952 1878 1972 a

1049 1989 1134 2016 Patre
1150 1987 1339 2024 unigenitus;
1364 1987 1456 2016 Filius
1480 1987 1572 2025 igitur
1591 1988 1764 2025 unigenitus
1779 1991 1835 2023 est,
1851 1990 1880 2016 et

1049 2041 1106 2060 non
1123 2035 1258 2060 creatura
1273 2032 1435 2069 unigenita.

1083 2079 1145 2105 VII.
1162 2077 1192 2105 Si
1216 2076 1284 2104 κατᾶ
1310 2074 1468 2113 μετάϐασιν,
1494 2078 1523 2105 id
1547 2079 1592 2106 est
1615 2077 1834 2112 dimissionem,
1849 2080 1878 2106 et

1049 2121 1227 2157 permissum
1238 2121 1341 2155 Patris,
1351 2123 1379 2149 et
1395 2130 1453 2150 non
1469 2122 1632 2150 secundum
1650 2124 1787 2150 naturam
1799 2124 1877 2151 creat

1049 2165 1151 2201 Filius,
1169 2165 1242 2193 nihil
1259 2165 1339 2193 aliud
1355 2174 1444 2202 quam
1466 2166 1564 2194 minor
1587 2167 1730 2194 creaturis
1754 2167 1791 2194 ab
1815 2167 1879 2203 ipso

1049 2210 1145 2244 factis,
1155 2210 1242 2238 etiam
1259 2211 1423 2238 secundum
1434 2213 1571 2238 naturam
1583 2213 1644 2245 est;
1657 2219 1785 2246 quorum
1798 2211 1878 2239 enim

1048 2262 1107 2282 non
1119 2257 1163 2283 est
1171 2256 1282 2282 creator
1292 2255 1455 2283 secundum
1467 2257 1615 2290 naturam,
1627 2255 1774 2291 quomodo
1784 2259 1881 2284 creata

1049 2299 1212 2327 secundum
1228 2302 1364 2327 naturam
1375 2299 1389 2327 7

1083 2344 1158 2372 VIII.
1176 2344 1205 2371 Si
1220 2344 1299 2372 Deus
1313 2346 1461 2381 operatur,
1477 2344 1554 2373 sicut
1569 2345 1669 2374 nullus
1680 2344 1769 2380 alius,
1783 2347 1813 2373 et
1828 2352 1877 2381 ge-

1049 2397 1167 2422 nerans,
1179 2388 1257 2416 sicut
1272 2388 1373 2417 nullus
1388 2388 1464 2417 alius
1480 2389 1648 2425 generabit;
1664 2389 1744 2418 Deus
1758 2390 1838 2418 enim
1849 2389 1878 2417 in

1049 2433 1199 2467 omnibus,
1216 2436 1244 2461 et
1259 2433 1295 2461 ad
1311 2434 1411 2462 omnia
1425 2437 1470 2462 est
1484 2434 1725 2471 incomparabilis
1742 2436 1775 2462 ut
1791 2435 1877 2462 Deus.

1084 2477 1130 2506 IX.
1143 2478 1223 2510 Quod
1237 2478 1278 2511 fit,
1289 2486 1347 2506 non
1357 2481 1445 2506 estex
1456 2479 1624 2507 substantia
1634 2479 1769 2507 facientis
1782 2488 1790 2512 ;
1801 2478 1878 2515 quod

1046 2525 1203 2559 generatur
1226 2530 1260 2550 ex
1284 2523 1452 2551 substantia
1473 2523 1641 2560 generantis
1665 2525 1710 2551 est
1725 2532 1732 2552 :
1748 2531 1808 2552 non
1836 2525 1879 2551 est

1045 2567 1136 2603 igitur
1150 2566 1229 2594 idem
1246 2567 1339 2595 facere
1354 2570 1383 2595 et
1397 2567 1528 2604 gignere.

1080 2612 1118 2640 X.
1133 2611 1163 2640 Si
1174 2611 1264 2639 Filius
1274 2613 1319 2639 est
1328 2620 1362 2640 ex
1373 2611 1442 2647 Deo,
1451 2620 1508 2640 non
1520 2614 1565 2640 est
1576 2614 1675 2640 autem
1686 2614 1831 2648 tanquam
1843 2619 1876 2639 ex

1046 2657 1140 2693 Patre,
1153 2657 1203 2685 sed
1216 2658 1358 2693 tanquam
1368 2665 1402 2685 ex
1412 2665 1606 2692 causa,causa
1616 2659 1715 2685 autem
1734 2659 1767 2685 ut
1782 2657 1876 2684 simus

1045 2701 1134 2730 etiam
1149 2709 1213 2736 nos,
1226 2702 1301 2730 Deus
1316 2703 1372 2736 est,
1382 2709 1417 2730 ex
1428 2701 1493 2738 ipso
1508 2702 1587 2731 enim
1599 2703 1670 2730 sunt
1685 2701 1805 2735 omnia;
1818 2708 1874 2729 non

200 2792 330 2832 (86)rlll_a
352 2798 526 2832 argumenta
549 2802 608 2824 non
634 2792 758 2829 digessit
780 2791 844 2829 ipse
867 2790 1006 2828 Basilius,
1025 2791 1077 2820 sed
1093 2798 1128 2820 ex
1149 2790 1246 2828 ipsius
1269 2789 1408 2828 operibus
1431 2790 1520 2819 ducta
1542 2790 1613 2819 sunt
1636 2790 1666 2818 et
1690 2789 1722 2818 in
1737 2789 1870 2818 ordinem

166 2828 286 2858 redacta
300 2830 340 2857 BA
355 2839 384 2859 N.
