2011 3142
122 174 183 204 829

665 173 910 205 ARGUMENTA
934 172 1089 204 CONTRA
1110 172 1293 203 ARIANOS.

1769 167 1831 198 830

124 240 214 276 igitur
229 239 314 268 aliter
329 240 415 268 Pater
428 240 504 273 Filii,
519 241 548 268 et
563 239 647 268 aliter
662 241 770 275 noster,
783 240 834 268 sed
851 240 949 275 potius
963 241 991 272 Α
1006 239 1105 275 igitur,
1122 246 1189 266 cum
1206 239 1243 266 sit
1252 238 1392 274 splendor
1404 237 1508 271 Patris,
1521 245 1578 264 non
1595 235 1764 271 aliquando,
1775 235 1827 262 sed

126 284 285 317 similiter;
302 286 331 312 et
345 285 492 321 quomodo
509 293 567 312 non
583 287 628 312 est
643 284 698 312 hoc
714 283 900 312 absurdum?

161 329 208 357 XI.
225 329 252 357 Si
270 329 344 356 nihil
360 332 405 357 est
419 329 517 357 simile
539 331 568 357 et
587 329 699 365 mquale
713 329 771 356 Deo
787 331 890 364 praeter
904 328 952 355 Fi-

128 374 212 408 lium,
230 375 258 402 et
272 382 330 401 non
346 376 392 402 est
401 373 503 409 Filius,
514 382 609 410 neque
625 374 691 410 Deo,
702 381 796 410 neque
811 372 952 401 creaturis

128 418 182 447 erit
197 417 316 446 similis.

160 464 226 491 XII.
243 463 326 495 Quod
339 463 423 491 estin
434 463 529 491 forma
543 463 605 496 Dei,
616 463 644 490 in
657 463 822 491 substantia
832 462 881 490 Dei
892 464 953 496 est;

125 516 184 536 non
199 507 280 535 enim
296 509 342 535 est
357 507 438 535 aliud
455 508 560 540 forma,
575 509 604 535 et
618 507 697 535 aliud
714 507 881 535 substantia
891 506 952 542 Dei,

125 560 161 580 ne
177 551 358 588 compositus
371 552 419 579 sit.
431 552 522 587 Igitur
531 551 579 587 qui
594 553 639 579 est
649 552 811 580 secundum
828 551 954 580 formam

125 595 261 631 aqualis,
277 597 307 623 et
322 596 485 623 secundum
503 595 699 624 substantiam
716 596 780 624 erit.

161 638 238 666 XIII.
255 638 285 666 Si
301 639 420 674 genitus
432 638 529 667 minor
539 641 585 667 est
599 647 643 674 eo,
652 639 701 675 qui
717 639 830 675 genuit,
842 648 899 667 non
911 641 956 667 est

127 683 326 717 accusandus,
343 683 393 719 qui
409 684 528 720 genitus
544 685 606 718 est;
623 683 779 712 inﬁrmitas
795 687 893 712 autem
911 686 957 711 est

127 727 282 764 genitoris,
299 730 350 756 aut
371 728 449 756 enim
474 727 621 761 invidens,
637 737 695 756 non
721 729 788 756 fecit
801 728 954 765 aequalem,

128 775 179 800 aut
195 772 266 808 quia
283 780 341 800 non
358 773 462 809 potuit,
480 781 538 800 non
549 773 651 809 genuit
665 773 804 801 similem.

162 817 236 845 XIV.
254 817 284 844 Si
306 816 392 845 Pater
416 820 484 845 ante
509 818 616 846 Filium
640 821 713 852 erat,
738 818 856 846 omnino
873 820 958 847 Pater

126 861 250 890 alterius
266 863 330 890 erat
343 869 349 896 ;
367 862 432 890 sine
447 862 521 890 Filio
536 862 614 890 enim
630 871 688 891 non
704 863 850 891 diceretur
861 863 955 891 Pater.

163 906 221 934 XV.
240 906 270 934 Si
286 907 337 942 qui
353 906 458 935 Filium
485 907 621 943 cognovit
635 908 799 936 secundum
816 908 957 936 substan-

127 951 213 984 tiam,
230 950 367 987 cognovit
382 951 472 979 etiam
497 951 623 987 Patrem,
639 951 670 980 Si
692 960 736 980 me
749 953 833 986 enim,
849 952 956 989 inquit,

130 996 334 1031 cognoscentis,
349 998 377 1023 et
391 996 503 1024 Patrem
526 1004 618 1024 meum
641 997 839 1031 cognoscentis
848 997 882 1025 ⁸².
903 997 958 1033 Igi-

132 1042 179 1068 tur
193 1038 344 1075 ὁμοούσιος
359 1042 405 1068 est
420 1040 498 1068 Patri
515 1041 624 1076 Filius;
641 1041 714 1069 nihil
730 1042 809 1070 enim
825 1042 959 1078 incorpo-

132 1091 216 1112 reum
231 1093 265 1112 ex
280 1084 420 1113 dissimili
436 1085 606 1114 substantia
620 1086 758 1122 cognosci
773 1089 877 1122 potest.

166 1128 237 1156 XVI.
253 1129 282 1156 Si
299 1129 417 1157 credere
431 1129 580 1158 Christum
596 1138 661 1158 esse
686 1130 791 1158 Filium
808 1131 858 1159 Dei
873 1130 962 1159 habet

130 1173 234 1208 vitam,
250 1182 308 1202 non
324 1174 442 1202 credere
457 1174 623 1203 necessario
639 1174 728 1202 habet
743 1177 879 1203 mortem.

166 1217 256 1246 XVII.
271 1217 403 1250 Quorum
419 1221 490 1247 sunt
503 1219 609 1248 eaedem
626 1217 769 1257 ἐνέργειαι,
785 1219 814 1248 id
830 1222 874 1248 est
890 1227 961 1256 ope-

133 1263 271 1299 rationes,
295 1263 400 1292 horum
429 1264 517 1293 etiam
540 1265 708 1293 substantia
733 1273 813 1293 una:
830 1266 960 1300 operatio

132 1311 229 1336 autem
246 1308 342 1336 Patris
358 1311 387 1337 et
400 1308 466 1336 Filii
482 1317 552 1344 una,
567 1312 602 1338 ut
616 1309 688 1337 illud
701 1317 708 1338 :
720 1311 864 1338 Faciamus
875 1310 961 1338 hom:-

131 1353 245 1387 nem“;
262 1354 292 1381 et
304 1361 409 1381 rursus
426 1362 433 1382 :
450 1353 518 1388 Qus
539 1355 624 1389 faciet
639 1355 733 1389 Pater,
753 1355 812 1384 hac
825 1357 852 1383 et
866 1355 961 1385 Filius

130 1398 263 1425 similiter
284 1397 402 1434 facit“;
428 1407 488 1426 una
511 1398 602 1435 igitur
625 1399 792 1428 substantia
816 1400 911 1428 Patris
931 1402 959 1429 et

132 1441 207 1470 Filii.

166 1486 272 1515 XVIII.
289 1487 320 1515 Si
333 1487 462 1524 cognitio
477 1487 572 1516 Patris
586 1490 615 1517 et
631 1488 695 1516 Filii
706 1489 766 1516 vita
781 1491 889 1518 aeterna
903 1492 960 1526 est,

133 1539 250 1559 necesse
266 1534 311 1560 est
335 1532 425 1560 unius
447 1532 536 1561 etiam
560 1535 670 1561 naturae
686 1541 771 1569 esse;
796 1542 860 1570 quae
881 1534 960 1563 enim

132 1576 252 1605 diversae
267 1577 442 1605 substantia
457 1579 537 1612 sunt,
547 1585 605 1606 non
622 1586 681 1606 una
691 1578 859 1615 cognitione
871 1579 960 1616 perci-

131 1620 263 1656 piuntur,
279 1629 375 1658 neque
390 1621 528 1650 similiter
540 1622 686 1650 vivificare
703 1625 838 1659 possunt.

164 1665 240 1693 XIX.
257 1666 286 1693 Si
302 1666 400 1702 imago
413 1667 509 1695 Patris
527 1675 593 1695 vere
609 1669 655 1695 est
669 1667 773 1702 Filius,
794 1668 890 1696 omnis
906 1676 958 1696 au-

129 1710 187 1738 tem
203 1710 302 1746 imago
312 1710 356 1739 vel
367 1710 541 1740 substantias
559 1713 615 1744 est,
627 1711 670 1740 vel
681 1711 792 1743 formae.
803 1713 846 1740 vel
860 1713 958 1749 figuras

128 1753 171 1782 vel
186 1754 306 1791 speciei,
323 1754 367 1782 vel
383 1755 490 1784 coloris
503 1755 599 1792 imago
614 1756 709 1784 :Deus
725 1758 824 1785 autem
836 1756 865 1785 in
879 1757 960 1785 nullo

128 1797 233 1826 borum
249 1801 305 1833 est,
326 1799 377 1827 sed
393 1800 422 1827 in
437 1800 608 1828 substantia
623 1800 720 1829 solum
739 1810 745 1829 :
763 1801 854 1830 Filius
871 1801 960 1838 igitur

129 1850 195 1870 cum
212 1843 253 1871 sit
268 1843 366 1880 imago
381 1844 566 1879 substantiae,
583 1845 716 1881 ejusdem
732 1847 903 1875 substantias
914 1843 961 1875 est

130 1895 196 1915 eum
213 1889 312 1917 Patre.

165 1933 232 1960 XX.
247 1932 277 1960 Si
293 1933 377 1961 Pater
400 1933 522 1962 omnino
547 1943 605 1963 non
631 1936 728 1971 potest
749 1935 874 1963 conferri
891 1944 958 1964 cum

130 1975 213 2012 Filio,
230 1976 260 2004 in
277 1978 417 2006 omnibus
433 1981 530 2007 autem
545 1979 633 2007 etiam
649 1980 774 2008 conferri
790 1988 847 2008 non
864 1983 960 2016 potest

131 2028 196 2049 cum
212 2024 366 2056 creatura;
384 2031 441 2052 non
457 2023 542 2051 aliter
567 2031 635 2052 cum
658 2023 741 2058 Filio,
759 2023 844 2052 aliter
859 2027 958 2053 autem

130 2073 196 2093 cum
213 2067 360 2101 creatura,
382 2067 434 2095 sed
449 2067 606 2102 similiter;
623 2076 681 2096 non
705 2067 798 2105 igitur
811 2071 855 2097 est
871 2069 957 2097 dissi-

130 2109 209 2137 milis
224 2109 315 2146 Patri,
332 2111 382 2139 sed
408 2113 438 2139 et
460 2111 568 2140 similis
592 2114 732 2140 creature:
756 2115 784 2141 et
809 2113 957 2149 quomodo

131 2161 190 2181 non
205 2156 251 2182 est
268 2154 323 2182 hoc
339 2155 502 2183 absurdum
514 2155 529 2183 ‘I

164 2199 244 2226 XXI.
261 2198 291 2226 Si
307 2207 376 2227 cum
391 2200 495 2228 dicunt
509 2200 612 2229 Filium
627 2209 692 2230 esse
706 2203 881 2237 creaturam,
898 2210 956 2230 non

127 2244 268 2279 tanquam
285 2252 375 2272 unam
391 2252 426 2272 ex
440 2245 584 2273 creaturis
594 2246 706 2281 dicunt,
723 2254 813 2282 quare
823 2255 890 2274 eum
904 2255 957 2275 nos

1006 285 1166 311 coaateruus
1182 285 1227 310 est
1242 291 1248 310 τ
1267 291 1333 310 cum
1350 282 1389 310 sit
1403 282 1480 310 Deus
1495 284 1523 309 et
1534 281 1617 308 Pater
1627 280 1736 313 lumen,
1752 279 1829 307 sicut

1006 327 1046 355 ait
1063 327 1147 354 David
1170 335 1176 355 :
1193 327 1224 354 In
1239 328 1345 354 lumine
1355 331 1402 354 tuo
1411 326 1560 354 videbimus
1574 324 1667 352 lumen
1678 325 1700 341 ⁸⁵
1712 334 1718 359 ;
1736 326 1765 351 et
1776 324 1828 351 Du-

1007 371 1064 399 niel
1081 381 1088 400 :
1105 372 1137 399 Et
1152 372 1243 399 lumen
1258 372 1345 408 ipsius
1354 374 1394 399 est
1403 371 1445 406 ‘5;
1461 374 1489 398 et
1502 369 1659 407 Apostolus
1676 377 1682 396 :
1700 369 1753 403 Qui
1766 376 1827 396 cum

1007 418 1043 445 sit
1057 416 1187 452 splendor
1200 417 1303 452 gloriae
1314 417 1346 450 ⁸⁷,
1364 419 1418 444 etc.

1043 461 1138 490 XXIV.
1155 462 1182 489 Si
1198 470 1315 498 germen
1341 460 1506 489 substantia
1529 462 1584 494 est,
1611 459 1743 496 ipsorum
1766 458 1830 494 Opi-

1009 506 1095 534 nione
1110 507 1186 535 sicut
1207 506 1388 542 ingenitum;
1412 513 1530 541 germen
1546 507 1644 533 autem
1660 504 1709 533 Dei
1725 505 1770 532 est
1784 503 1830 530 Fi-

1009 551 1088 586 lius;
1105 553 1150 578 est
1164 551 1255 587 igitur
1270 550 1439 579 substantia
1454 550 1516 578 Dei.

1045 596 1127 624 XXV.
1144 596 1173 624 Si
1190 595 1350 630 voluntate,
1367 604 1425 623 non
1450 597 1555 622 natura
1569 593 1647 622 Deus
1662 592 1767 620 Filium
1785 600 1834 628 ge-

1010 641 1084 676 nuit,
1100 639 1143 668 vel
1168 649 1236 668 cum
1258 639 1348 668 voluit
1370 639 1472 673 semel,
1493 639 1631 675 deinceps
1655 647 1713 666 non
1738 637 1835 673 potuit

1009 685 1091 719 velle,
1108 685 1151 713 vel
1164 685 1270 712 iterum
1285 684 1387 717 voluit,
1399 686 1427 712 et
1441 684 1546 711 iterum
1562 683 1674 719 genuit.
1690 682 1718 709 Si
1735 683 1832 710 autem

1011 738 1068 758 non
1093 731 1138 758 est
1161 738 1220 758 una
1241 729 1376 757 voluntas
1401 729 1475 764 ejus,
1492 729 1540 756 sed
1566 727 1692 760 diversa,
1708 735 1764 755 non
1787 728 1833 754 est

1011 774 1152 810 simplex;
1169 782 1222 802 nec
1237 774 1326 802 unius
1341 776 1452 806 auctor,
1469 773 1531 807 sed,
1548 775 1580 800 ut
1595 772 1666 806 vult,
1682 772 1760 800 facit.

1046 819 1151 847 XXVI.
1167 818 1197 847 Si
1213 819 1288 847 Deus
1304 826 1362 846 non
1376 820 1505 853 generat,
1517 820 1568 845 aut
1582 817 1651 853 quia
1666 825 1722 844 non
1740 818 1834 852 potest

1011 864 1142 897 omnino,
1159 866 1210 892 aut
1225 864 1294 899 quia
1306 871 1363 891 non
1379 862 1461 897 vult;
1477 861 1528 890 sed
1543 862 1567 890 si
1579 861 1696 897 quidem
1711 869 1769 888 non
1783 869 1835 897 po-

1011 912 1078 946 test,
1096 917 1153 938 non
1177 908 1273 937 solum
1290 917 1347 936 non
1373 910 1480 945 potest,
1498 908 1548 935 sed
1564 908 1684 942 superat
1703 914 1770 934 eum
1786 913 1835 942 ge-

1015 954 1146 983 nerativa
1169 956 1198 982 et
1223 954 1352 990 perfecta
1374 955 1497 987 natura;
1523 952 1677 987 inﬁrmior,
1702 952 1836 987 inquam,

1014 1002 1068 1034 est,
1085 1007 1174 1035 quam
1190 1001 1294 1026 natura
1308 1006 1449 1034 generans
1464 999 1493 1025 et
1518 997 1655 1034 perfecta.
1672 996 1722 1024 Sin
1739 997 1837 1023 autem

1014 1052 1080 1073 cum
1096 1043 1207 1079 alioqui
1220 1046 1328 1079 posset,
1339 1042 1559 1076 noluittamen;
1576 1041 1652 1078 quod
1671 1043 1774 1069 natura
1785 1048 1838 1076 po-

1015 1089 1081 1124 tuit,
1096 1088 1246 1116 voluntate
1256 1087 1398 1115 cohibuit.
1408 1086 1502 1118 Quare
1511 1086 1565 1114 etsi
1577 1085 1708 1114 nondum
1723 1084 1837 1121 genuit,

1014 1133 1105 1170 igitur
1118 1132 1218 1161 volens
1233 1132 1385 1169 generabit
1400 1131 1569 1168 aliquando.

1051 1178 1160 1206 XXVII.
1176 1178 1204 1205 Si
1219 1177 1374 1213 aliquando
1384 1185 1442 1204 non
1455 1176 1509 1204 fuit
1523 1175 1623 1211 Filius,
1639 1175 1737 1211 ipsum
1753 1174 1838 1208 illud,

1015 1222 1182 1258 aliquando,
1200 1222 1254 1250 erit
1269 1224 1336 1258 post
1351 1221 1444 1257 illum,
1460 1221 1510 1258 qui
1537 1221 1697 1257 generavit,
1714 1227 1772 1248 non
1788 1227 1838 1246 au-

1014 1270 1074 1296 tem
1092 1269 1250 1304 antequam
1267 1267 1385 1303 genitus
1400 1266 1458 1301 sit;
1476 1274 1533 1294 non
1554 1265 1645 1301 igitur
1659 1267 1726 1293 ante
1742 1264 1842 1292 omnia

1014 1312 1105 1340 Filius
1121 1312 1185 1340 sine
1200 1312 1294 1345 Patre,
1311 1312 1360 1339 sed
1385 1313 1452 1347 post
1475 1310 1559 1346 illud,
1575 1309 1744 1345 aliquando,
1761 1316 1841 1344 repe-

1015 1356 1108 1384 rietur
1124 1364 1131 1384 :
1148 1358 1178 1384 et
1192 1355 1338 1392 quomodo
1358 1355 1490 1388 nonhoc
1505 1353 1667 1382 absurdum
1684 1351 1749 1380 est?

1050 1400 1183 1428 XXVIII.
1200 1399 1273 1427 Cum
1289 1407 1343 1427 nos
1358 1398 1484 1426 dicimus
1499 1399 1613 1425 Patrem
1631 1404 1758 1432 semper,
1784 1404 1837 1423 ne-

1015 1453 1096 1473 cesse
1118 1446 1163 1473 est
1188 1444 1276 1472 etiam
1301 1451 1415 1479 semper
1438 1451 1502 1471 esse
1528 1441 1644 1470 Filium.
1660 1441 1750 1468 Aiunt
1769 1439 1836 1468 illi:

1016 1489 1109 1525 Igitur
1124 1488 1193 1524 quia
1213 1496 1330 1524 semper
1353 1489 1398 1515 est
1421 1487 1523 1521 Filius,
1547 1487 1664 1515 Creator
1679 1488 1708 1513 et
1731 1485 1839 1513 creatio

1016 1541 1142 1569 semper,
1158 1535 1244 1569 atque
1257 1532 1297 1560 ita
1311 1532 1367 1560 erit
1381 1531 1488 1560 creatio
1504 1533 1647 1559 coaeterna
1661 1529 1738 1558 Patri
1754 1531 1782 1557 et
1798 1529 1840 1557 Fi-

1015 1578 1065 1606 lio.
1081 1579 1118 1606 At
1133 1577 1184 1614 qui
1200 1577 1271 1605 dicit
1292 1577 1470 1611 Creatorem,
1487 1585 1545 1604 non
1570 1575 1660 1604 simul
1674 1575 1746 1602 dicit
1760 1582 1839 1602 crea-

1015 1622 1125 1650 tionem
1143 1631 1150 1650 :
1167 1630 1225 1650 non
1240 1622 1319 1650 enim
1335 1630 1401 1650 cum
1417 1621 1591 1649 aedificatore
1605 1620 1695 1648 simul
1711 1622 1756 1647 est
1769 1619 1840 1647 aedi-

1014 1667 1223 1703 ﬁcium,neque
1229 1675 1296 1695 cum
1304 1667 1406 1703 opifice
1413 1666 1520 1702 navigii
1528 1664 1667 1694 simulest
1678 1664 1838 1700 navigium.

1015 1712 1128 1740 Creatio
1141 1711 1220 1740 enim
1235 1712 1265 1740 in
1281 1714 1410 1740 creatore
1420 1713 1466 1739 est
1481 1719 1487 1739 :
1505 1710 1584 1747 quod
1597 1712 1695 1738 autem
1711 1711 1837 1743 creatur,

1016 1759 1082 1794 post
1097 1759 1256 1785 creatorem
1273 1759 1318 1785 est
1334 1765 1340 1784 :
1358 1759 1469 1793 patrem
1479 1760 1575 1784 aulem
1589 1755 1694 1789 dicere,
1713 1763 1769 1782 non
1785 1762 1836 1790 po-

1016 1802 1072 1830 sito
1088 1801 1159 1836 filio,
1175 1800 1358 1838 impossibile
1369 1803 1413 1829 est
1430 1809 1436 1829 :
1454 1803 1483 1829 et
1492 1800 1540 1836 qui
1556 1802 1667 1836 patrem
1684 1798 1766 1833 dixit,
1779 1807 1837 1826 non

1016 1845 1191 1882 simpliciter
1206 1846 1288 1879 dixit,
1306 1846 1356 1874 sed
1371 1845 1496 1881 alicujus
1513 1846 1624 1880 patrem
1641 1843 1723 1871 dixit.

1050 1890 1154 1918 XXIX.
1171 1890 1248 1918 Deus
1264 1892 1293 1918 et
1313 1890 1467 1922 Dominus,
1489 1891 1517 1917 et
1531 1889 1727 1924 omnipotens,
1745 1889 1773 1915 ct
1786 1889 1839 1915 Sa-

1014 1933 1104 1962 baoth
1119 1937 1147 1962 et
1162 1935 1286 1969 Adonei,
1303 1936 1332 1962 et
1342 1934 1403 1962 Eloi
1418 1933 1526 1962 dicitur
1541 1933 1570 1961 in
1583 1933 1739 1969 Scripturis
1751 1932 1838 1966 Deus,

1013 1979 1163 2015 ingenitus
1178 1987 1245 2007 vero
1268 1987 1465 2015 nequaquam.
1492 1979 1521 2007 Si
1538 1979 1606 2014 quis
1620 1987 1686 2007 vero
1701 1978 1756 2006 hoc
1771 1986 1839 2006 cou-

1014 2023 1107 2058 cedet,
1125 2025 1158 2052 ut
1172 2023 1332 2060 ingenitus,
1348 2026 1376 2052 et
1401 2023 1467 2051 aliis
1494 2023 1664 2051 nominibus
1679 2022 1838 2059 propositis

1013 2068 1139 2102 dicatur,
1156 2068 1390 2096 accommodabit
1413 2068 1474 2096 haec
1488 2067 1607 2100 Judzeis,
1630 2070 1660 2095 et
1680 2067 1837 2100 omnibus;

1014 2112 1085 2141 solis
1101 2120 1166 2140 vero
1180 2112 1355 2141 Christianis
1367 2112 1600 2140 accommodabit
1611 2112 1707 2140 dicere
1722 2111 1837 2139 Patrem

1013 2157 1130 2186 Christi.
1147 2157 1177 2185 Si
1192 2157 1284 2194 igitur
1298 2157 1376 2194 quod
1392 2157 1487 2185 solum
1505 2165 1558 2185 nos
1578 2156 1614 2184 ab
1630 2155 1695 2184 aliis
1711 2158 1839 2192 separat,

1013 2201 1119 2230 falsum
1136 2205 1190 2237 est,
1207 2204 1236 2230 et
1251 2211 1310 2231 non
1330 2210 1432 2230 verum
1446 2210 1452 2236 ;
1469 2204 1497 2230 et
1522 2209 1629 2230 nomen
1654 2204 1696 2229 est
1713 2199 1795 2234 θέσει,
1810 2200 1840 2228 id

1012 2249 1068 2282 est,
1085 2247 1244 2283 positione,
1259 2249 1288 2275 et
1311 2255 1369 2275 non
1394 2255 1440 2275 res
1456 2249 1572 2281 natura,
1599 2245 1673 2274 falsa
1697 2248 1742 2274 est
1756 2245 1838 2280 ﬁdes,

129 2287 258 2316 dicimus
286 2296 351 2316 esse
378 2287 510 2326 γέννημα,
538 2289 566 2317 id
591 2292 638 2318 est
663 2298 793 2325 germen,
816 2293 957 2328 tanquam
976 2294 1087 2326 Dvana
1102 2294 1148 2320 est
1168 2300 1246 2328 spes.
1269 2292 1358 2327 Cujus
1382 2292 1459 2320 enim
1486 2291 1664 2328 principium
1690 2293 1736 2319 est
1758 2290 1840 2318 inIir-

129 2339 223 2360 unum
239 2340 273 2361 ex
288 2332 474 2368 germinibus
490 2333 683 2370 intelligunt?

162 2376 250 2405 XXII.
265 2377 295 2405 Si
308 2385 365 2405 non
391 2377 487 2414 gignit
513 2380 598 2412 Deus,
615 2386 651 2407 ne
665 2379 821 2409 ﬂuxionem
839 2380 953 2415 subeat,

127 2428 222 2458 neque
234 2420 331 2456 κτίζιι,
354 2422 383 2449 id
399 2424 455 2458 est,
472 2426 560 2458 creat,
577 2423 637 2452 sive
661 2423 740 2460 facit,
757 2432 793 2452 ne
813 2425 954 2462 defatige-

127 2466 174 2493 tur
188 2474 196 2500 ;
210 2465 257 2494 sin
274 2468 371 2494 autem
387 2469 467 2495 creat
488 2467 562 2496 nihil
585 2468 732 2504 patiendo,
749 2468 843 2498 multo
860 2469 954 2506 magis

127 2508 203 2537 nihil
219 2510 359 2546 patiendo
374 2511 482 2548 gignit.

158 2553 262 2582 XXIII.
277 2554 306 2582 Si
322 2555 398 2584 sicut
414 2555 553 2592 splendor
568 2564 601 2585 ex
617 2557 698 2585 omni
709 2558 822 2586 lumine
836 2566 955 2595 genera-

123 2599 180 2631 tur,
197 2599 240 2627 sic
255 2607 290 2627 ex
305 2599 389 2628 Patre
404 2600 534 2636 quidem,
547 2601 659 2630 lumine
671 2604 769 2631 autem
787 2611 844 2631 non
861 2611 954 2640 quan—

122 2641 227 2679 doque,
240 2644 291 2672 sed
305 2643 369 2672 sine
378 2644 596 2682 intercapedine
606 2647 759 2683 temporis,
771 2650 800 2675 et
811 2651 954 2677 coaeterne

121 2693 188 2715 cum
204 2686 267 2724 illo,
279 2697 337 2717 non
349 2688 428 2718 enim
438 2691 483 2718 est
493 2689 594 2720 lumen
604 2691 669 2720 sine
680 2691 850 2728 splendore;
861 2692 953 2722 Filius

153 2805 178 2824 “
191 2805 278 2835 Josu.
301 2814 358 2840 xxv,
382 2807 410 2835 7.

465 2806 490 2825 ⁸⁸
511 2807 584 2837 Gen.
611 2815 631 2842 ι,
654 2809 700 2837 26.

125 2840 146 2876 I,
162 2842 189 2869 3.

756 2809 780 2827 ⁸⁸
793 2810 876 2838 Joan.
903 2818 930 2846 ν,
956 2810 999 2839 19.

1010 2344 1104 2371 mum,
1120 2336 1210 2364 etiam
1227 2336 1294 2365 finis
1309 2338 1354 2365 est
1368 2335 1483 2364 debilis.

1044 2380 1125 2409 XXX.
1143 2382 1256 2409 Rursus
1266 2381 1448 2418 interrogant
1460 2380 1560 2409 Ariani
1573 2389 1579 2409 :
1592 2380 1789 2413 Exsistensne,
1798 2389 1836 2408 an

1009 2433 1068 2452 non
1083 2425 1229 2454 exsistens
1243 2426 1361 2462 genitus
1376 2427 1422 2454 est
1438 2425 1528 2454 Filius
1539 2425 1552 2453 Τ
1564 2425 1696 2454 Obscura
1712 2428 1740 2453 et
1755 2425 1837 2452 rudis

1008 2469 1214 2506 interrogatio;
1225 2470 1294 2506 quia
1302 2470 1381 2498 enim
1391 2471 1481 2507 pudet
1488 2470 1669 2507 interrogare
1679 2469 1838 2507 quando,et

1008 2514 1038 2542 in
1048 2517 1177 2551 tempore
1186 2515 1263 2543 688
1271 2515 1411 2544 dicuntrb
1421 2512 1469 2549 ὥν,
1481 2516 1508 2543 id
1521 2516 1735 2549 est,exsistens.
1743 2514 1836 2541 Vicis-

1008 2561 1064 2588 sim
1088 2560 1179 2596 igitur
1203 2561 1402 2597 interrogandi
1430 2563 1524 2589 sunt:
1547 2560 1734 2588 Ersistensne
1759 2559 1836 2586 Deus

1008 2606 1094 2633 Pater
1110 2605 1215 2634 Filium
1238 2606 1350 2642 genuit,
1377 2615 1413 2634 an
1431 2614 1488 2634 non
1513 2606 1658 2633 exsistcns
1682 2603 1788 2631 Pater?
1804 2603 1834 2630 Si

1008 2650 1086 2678 enim
1101 2652 1247 2679 exsistens
1264 2651 1358 2685 Pater,
1371 2650 1559 2678 exsistentem
1571 2649 1673 2685 genuit
1688 2656 1694 2675 :
1713 2647 1758 2675 sin
1769 2656 1834 2676 νει-ο

1008 2702 1066 2722 non
1090 2695 1245 2730 exsistens,
1269 2695 1398 2732 genitus,
1423 2697 1452 2723 et
1477 2703 1534 2723 non
1559 2695 1665 2722 natura
1679 2692 1764 2721 Pater
1778 2694 1833 2721 est.

1399 2812 1422 2830 ⁸⁸
1446 2811 1517 2840 Dan.
1547 2819 1578 2847 η,
1603 2811 1649 2839 2‘2.

1055 2812 1079 2830 “
1095 2811 1170 2841 Psal.
1195 2821 1292 2846 xxxvr,
1315 2812 1343 2840 9.
1399 2812 1422 2830 ⁸⁸
1446 2811 1517 2840 Dan.
1547 2819 1578 2846 η,
1603 2811 1649 2839 22.
1705 2811 1729 2830 ⁸⁷
1745 2811 1833 2840 Hebr.
