2011 3142
195 151 252 180 831
281 163 284 166 λ

668 150 864 180 APPENDIX
886 148 1050 180 OPERUM
1073 148 1106 179 S.
1129 147 1270 178 BASILIl
1293 148 1430 178 MAGNI.

1831 151 1884 181 832

196 216 318 244 Omnem
328 219 426 243 autem
438 217 653 244 contentionem
664 215 936 244 excluduntdivina-
946 213 1020 242 Scri-
1033 215 1060 248 Α
1077 214 1164 241 tinem
1187 213 1284 246 habet,
1309 213 1459 249 inquiunt,
1482 214 1571 242 etiam
1599 213 1685 243 habet
1708 215 1883 251 principium.

195 263 298 297 ptume,
313 269 380 288 cum
392 261 508 296 Moyses
523 260 600 288 clare
611 260 706 288 dicat:
719 261 777 296 Qui
786 265 837 291 ou,
848 259 924 286 misit
934 267 977 286 me
984 259 1021 291 ⁸³;

195 308 223 333 et
239 305 424 340 Evangelium
442 313 448 332 :
466 307 500 333 In
514 305 653 340 principio
668 310 727 332 erat
745 305 859 332 Verbum
867 304 908 337 ⁶⁹;
925 306 954 330 et
964 311 1021 331 non

196 349 284 377 semel
302 352 372 383 erat,
392 349 441 376 sed
459 352 573 385 quater.
591 350 624 376 Et
641 357 742 376 rursus
757 348 830 376 alias
845 356 850 374 :
867 349 923 382 Qui
935 349 974 375 est
988 355 1023 374 ex

197 395 248 421 Deo
258 394 300 427 1°;
317 401 344 421 et
361 402 367 420 :
385 394 437 427 Qui
449 397 488 420 est
500 394 528 420 in
539 394 605 420 sinu
621 393 765 426 Putris“;
784 393 849 419 etin
867 392 923 419 alio
935 392 1017 419 loco:

196 439 250 472 Qui
264 443 302 465 est
316 439 348 465 in
362 438 428 465 coelo
439 438 480 471 7';
497 440 525 465 et
540 438 570 465 in
592 437 765 473 Apocalypsi
783 445 790 464 :
808 437 861 471 Qui
870 439 919 471 est,
935 439 960 464 et
974 437 1022 472 qui

194 487 264 518 erat,
284 484 308 510 et
321 483 369 518 qui
384 484 514 510 venturus
529 487 568 509 est
579 482 621 517 ⁷³;
646 484 676 509 et
691 482 794 509 beatus
819 482 928 508 Paulus
945 489 951 508 :
970 482 1023 515 Qui

196 531 234 555 est
248 527 377 562 splendor
391 527 489 561 gloria
499 527 522 543 "‘
534 535 541 561 ;
557 529 585 554 et
601 535 608 553 :
625 526 693 554 Cum
704 526 733 553 in
744 527 835 562 forma
846 526 894 553 Dei
905 530 971 554 esset
979 526 1001 543 ⁷⁵
1013 534 1020 559 ;

195 573 224 599 et
239 571 343 599 iterum
361 571 396 598 de
417 570 488 598 Filio
504 578 510 598 :
529 571 584 605 Qui
606 575 644 598 est
656 578 739 606 super
760 572 851 598 omnia
876 572 957 602 Deus,
973 572 1023 605 qui

195 617 237 643 est
252 615 406 643 benedictus
422 616 451 642 in
466 615 578 643 secula.
592 616 678 642 Amen
688 615 719 642 ⁷⁸.

232 659 331 687 XXXI.
349 659 376 687 Si
394 667 481 687 verus
503 663 547 687 est
563 661 650 692 Deus,
666 661 694 686 et
708 659 819 693 lumen,
837 662 865 686 et
880 659 1021 686 immuta-

194 704 274 738 bilis,
290 707 318 731 et
333 704 439 736 bonus,
454 707 483 732 et
507 706 638 736 sanctus,
654 706 682 731 et
704 703 857 737 Dominus,
874 706 903 731 et
917 703 1020 738 Filius,

196 749 256 776 haec
271 752 367 776 autem
385 757 451 776 cum
478 751 564 776 Pater
587 748 674 776 etiam
691 748 740 781 sit,
754 757 810 776 non
827 748 964 776 similiter
978 751 1023 775 est

196 793 268 828 huic,
284 793 333 820 sed
353 792 496 828 μιιζόνως,
508 793 535 819 id
553 795 596 820 est
609 793 720 826 magis;
737 793 793 820 erit
803 801 872 826 ergo
882 793 951 820 talis
963 801 1019 820 non

195 840 313 874 propter
321 837 492 865 substantizn
502 837 701 873 praestantiam
714 839 742 864 et
750 837 962 871 excellentiam,
970 837 1020 864 sed

195 881 347 918 qualitatis
356 882 609 916 exsuperalionem
622 891 628 915 ;
645 881 812 908 substantia
824 882 902 909 enim
914 890 970 909 non
981 881 1021 908 di-
1037 897 1059 929 Β

194 926 270 954 citur
282 925 387 962 magis,
401 929 452 953 aut
463 925 562 953 minus
575 925 630 952 alia
643 926 829 958 substantia;
848 926 942 953 bonus
954 934 1019 953 vero

194 971 282 1005 bono,
297 973 326 998 et
337 972 439 1006 justus
451 971 533 1006 justo
551 970 645 1005 magis
670 971 778 998 dicitur
794 979 800 998 :
817 970 905 1006 igitur
918 978 1019 998 eorum

196 1015 246 1051 qui
261 1015 350 1051 geniti
367 1017 447 1046 sunt,
463 1015 563 1042 eadem
576 1017 621 1042 est
633 1017 737 1042 natura
753 1015 838 1050 cujus
853 1017 897 1042 est
911 1015 960 1052 qui
971 1023 1019 1050 ge-

195 1060 270 1092 nuit,
286 1059 340 1087 etsi
360 1059 445 1087 aliter
460 1060 577 1095 genitus
601 1059 707 1087 habeat
720 1059 751 1086 τὸ
767 1059 833 1086 εἶναι
851 1068 857 1074 ”
874 1068 926 1088 nec
942 1061 1019 1088 enim

195 1103 264 1131 Abel
281 1104 330 1139 qui
347 1112 380 1131 ex
404 1104 612 1139 conjunctione
634 1103 687 1131 viri
703 1106 732 1131 et
755 1104 888 1132 mulieris
903 1105 1020 1140 genitus

195 1150 250 1182 est,
267 1148 388 1176 diversae
404 1150 514 1175 natura:
531 1148 587 1175 fuit
611 1156 699 1184 quam
726 1148 818 1176 Adam
835 1149 885 1184 qui
902 1157 959 1176 non
975 1151 1021 1176 est

194 1193 325 1229 genitus,
341 1193 391 1220 sed
410 1193 564 1220 formatus.

230 1238 352 1265 XXXII.
369 1237 397 1264 Si
412 1237 490 1272 quod
503 1240 548 1264 est
563 1245 661 1272 causa,
674 1239 719 1264 est
730 1238 826 1273 majus
839 1239 867 1265 et
883 1237 1020 1266 differens

194 1281 360 1310 substantia
370 1282 405 1309 ab
414 1282 550 1317 eo,cujus
559 1290 648 1309 causa
656 1284 715 1315 est;
727 1282 824 1309 omnis
833 1284 928 1309 autem
939 1286 1021 1318 pater

193 1328 239 1355 est
254 1335 354 1359 causa,
369 1329 398 1354 et
413 1326 509 1354 omnis
521 1326 600 1354 filius
612 1328 658 1354 est
673 1334 707 1353 ex
722 1334 810 1354 causa
827 1335 833 1354 :
851 1329 950 1362 patres
964 1327 1019 1362 igi-

194 1375 242 1399 tur
258 1372 383 1406 majores
398 1373 427 1398 et
449 1371 616 1398 diﬂerentes
641 1371 808 1398 substantia
822 1373 893 1399 sunt
907 1380 922 1398 a
939 1371 1019 1406 filiis,

195 1419 225 1444 et
239 1425 297 1444 non
314 1416 402 1444 unius
419 1415 590 1443 substantia:
607 1423 614 1443 :
631 1418 661 1443 at
675 1423 732 1443 non
748 1418 793 1443 est
807 1424 905 1443 verum
923 1416 988 1444 hoc.

230 1459 357 1488 XXXIII.
374 1460 558 1496 Interrogant
580 1460 689 1493 Ariani,
706 1468 741 1487 an
768 1460 864 1494 Pater,
880 1462 1019 1496 generato

194 1504 402 1538 Filio,desierit
415 1512 573 1540 generare;
590 1505 614 1532 si
629 1505 822 1540 respondetur
835 1504 1016 1539 desiisse,in-

194 1549 303 1584 ferunt,
320 1547 442 1584 coepisse
457 1548 549 1585 igitur
570 1557 728 1585 generare;
745 1557 830 1577 omne
846 1549 923 1577 enim
941 1549 1020 1585 quod

1077 258 1188 291 Quibus
1204 258 1460 293 respondebimus.
1475 258 1501 285 si
1525 266 1643 286 necesse
1658 261 1712 292 est,
1729 260 1805 295 quod
1819 260 1884 288 desi-

1078 303 1130 335 nit,
1149 302 1323 338 principium
1337 303 1461 336 habere;
1478 305 1507 330 et
1523 303 1600 339 quod
1610 303 1786 339 principium
1801 303 1886 337 habet,

1078 355 1196 374 necesse
1211 347 1280 374 item
1297 347 1405 375 habere
1421 347 1521 375 tinem.
1539 347 1631 383 Igitur
1646 348 1742 383 angeli
1758 350 1787 375 et
1801 350 1888 376 omnis

1078 391 1260 426 incorporea,
1276 399 1339 427 quae
1364 394 1515 428 coeperunt
1538 400 1613 425 esse,
1631 400 1749 420 necesse
1763 395 1807 420 est
1821 393 1888 420 desi-

1077 444 1145 462 nere
1159 443 1224 463 esse
1238 443 1244 463 :
1262 438 1292 462 at
1301 435 1356 463 hoc
1368 436 1532 464 absurdum
1543 439 1597 464 est.
1610 437 1708 464 Potest
1722 436 1811 472 igitur
1820 437 1887 473 quod

1077 479 1161 515 coepit
1176 487 1252 512 esse.
1268 488 1326 508 non
1342 479 1487 516 desinere,
1502 483 1531 508 et
1540 481 1617 516 quod
1633 481 1754 516 desinit,
1769 489 1825 509 non
1840 490 1889 510 cce-

1077 524 1165 560 pisse.
1182 524 1262 556 Quod
1288 525 1312 552 si
1329 533 1388 553 non
1405 533 1412 552 :
1429 525 1492 560 ipse
1517 525 1605 553 etiam
1632 525 1733 558 Filius,
1750 526 1774 554 si
1789 526 1888 562 princi-

1077 569 1157 605 pium
1173 568 1272 603 habet,
1292 571 1320 597 et
1336 569 1424 597 finem
1450 570 1580 604 habebit,
1598 570 1728 606 ipsorum
1755 571 1889 607 opinione.

1111 613 1228 641 XXXIV.
1251 614 1357 642 Eadem
1385 617 1429 642 est
1453 618 1558 643 natura
1580 622 1693 648 eorum,
1717 623 1781 651 quas
1805 616 1891 651 genita

1076 661 1156 692 sunt,
1173 660 1201 686 et
1224 659 1404 694 generantia,
1420 659 1554 695 quamvis
1577 659 1661 687 aliter
1685 660 1890 696 ctepcritiesse,

1076 703 1126 738 qui
1142 703 1260 738 genitus
1274 706 1338 738 est;
1352 712 1410 731 non
1426 704 1505 732 enim
1521 703 1591 732 Abel
1609 707 1697 732 natus
1711 713 1747 732 ex
1762 705 1890 740 conjunc-

1075 747 1166 780 tione,
1183 747 1240 775 alia
1266 751 1372 775 natura
1396 749 1451 776 fuit
1476 751 1580 784 praeter
1603 751 1740 777 naturam
1763 749 1829 777 Ade
1841 757 1890 777 non

1076 792 1218 828 generati,
1234 793 1284 820 sed
1299 793 1426 820 formati.

1111 835 1226 864 XXXV.
1243 837 1324 869 Quod
1340 837 1369 864 in
1381 836 1562 874 incorporeis
1575 839 1620 865 est
1630 845 1722 865 unum
1735 837 1889 874 operatione

1076 883 1105 908 et
1120 881 1390 916 voluntate,dicitur
1401 881 1568 909 substantia
1578 890 1682 910 unum.
1694 882 1825 910 Salvator
1832 890 1888 909 cum

1075 925 1165 953 dixit:
1181 927 1236 961 Ego
1246 929 1274 953 et
1285 926 1368 953 Pater
1376 934 1462 953 unum
1477 934 1573 954 sumus
1584 926 1618 960 ⁷⁷,
1629 935 1688 954 uno
1699 926 1834 962 quopiam
1847 934 1888 954 eo-

1076 978 1152 1004 rum,
1170 978 1234 1006 quaa
1250 972 1318 997 ante
1335 970 1445 1006 scripta
1460 972 1539 1006 sunt,
1553 971 1636 998 dixit.
1654 971 1749 1007 Igitur
1762 971 1787 998 si
1798 978 1886 1006 opera-

1074 1015 1153 1042 tione
1168 1023 1260 1042 unum
1276 1015 1389 1050 dicunt,
1412 1023 1531 1043 necesse
1545 1017 1601 1050 est,
1617 1015 1786 1043 substantia
1809 1023 1886 1043 unum

1075 1059 1191 1092 dicant;
1207 1067 1308 1087 eorum
1320 1059 1410 1094 enim,
1423 1068 1488 1095 quae
1503 1061 1573 1087 sunt
1585 1060 1709 1087 diversa:
1720 1059 1886 1091 substantiis,

1075 1111 1225 1139 nunquam
1237 1103 1292 1131 erit
1303 1104 1433 1139 operatio
1444 1104 1552 1132 similis
1564 1112 1572 1131 :
1584 1104 1630 1131 sin
1640 1107 1740 1132 autem
1751 1103 1887 1132 voluntate

1075 1156 1179 1181 unum,
1197 1156 1252 1176 non
1268 1147 1364 1176 solum
1389 1156 1573 1184 quascunque
1588 1148 1673 1176 Pater
1693 1148 1767 1183 vult,
1783 1155 1888 1176 necesse

1074 1195 1119 1220 est
1134 1195 1161 1220 et
1178 1192 1286 1220 Filium
1310 1192 1402 1226 velle;
1427 1193 1478 1220 sed
1498 1193 1587 1221 etiam
1611 1201 1799 1230 quacunque
1809 1192 1887 1220 Filius

1074 1237 1144 1272 vult,
1162 1245 1280 1265 necesse
1295 1239 1339 1265 est
1355 1239 1384 1265 et
1397 1237 1512 1265 Patrem
1525 1237 1609 1266 velle.
1627 1238 1751 1266 Jubebit
1773 1245 1836 1274 ergo
1849 1237 1886 1264 Fi-

1074 1281 1131 1309 lius
1146 1281 1235 1315 Patri,
1246 1282 1282 1309 de
1292 1281 1400 1317 quibus
1411 1281 1484 1314 vult,
1494 1284 1524 1310 et
1536 1283 1572 1310 de
1588 1282 1701 1318 quibus
1709 1283 1838 1317 iubetur;
1849 1281 1886 1309 sin

1075 1329 1171 1353 autem
1188 1325 1281 1354 solum
1291 1326 1425 1362 jubotur,
1437 1328 1567 1360 coactus,
1579 1329 1607 1354 et
1622 1335 1682 1355 non
1698 1326 1800 1354 volens
1809 1325 1886 1354 mini-

1074 1372 1156 1398 strat.
1172 1371 1200 1397 Si
1215 1378 1283 1398 vero
1299 1379 1393 1407 neque
1407 1369 1567 1404 voluntate,
1579 1379 1632 1399 nec
1647 1371 1816 1406 operatione
1829 1371 1888 1397 sunt

1075 1423 1178 1449 unum,
1194 1416 1329 1450 sequitur
1339 1415 1471 1451 ipsorum
1483 1415 1631 1451 opinione,
1644 1424 1713 1444 esse
1728 1423 1817 1443 unum
1827 1414 1885 1442 sub-

1074 1459 1194 1492 stantia,
1210 1459 1238 1487 id
1254 1461 1310 1493 est,
1326 1459 1474 1494 ὁμουὺσιον
1490 1461 1620 1494 Patrem,
1634 1462 1663 1488 et
1687 1460 1803 1495 Filium,
1818 1458 1885 1496 quod

1074 1504 1131 1540 ipsi
1147 1503 1259 1537 dicunt,
1276 1503 1459 1540 impossibile
1474 1512 1552 1533 esse.

714 1679 862 1718 Ejusdem
878 1680 910 1710 S.
928 1679 1034 1710 Basilii
1049 1683 1157 1710 contra
1171 1679 1371 1716 Eunomium,

447 1740 524 1777 Quod
539 1741 695 1777 ingenilum
708 1749 764 1768 non
782 1741 979 1775 substantiam,
994 1741 1041 1769 sed
1055 1739 1177 1779 ὕπαρξιν,
1194 1741 1223 1769 id
1238 1743 1278 1770 est
1291 1741 1495 1777 exsistmtiam,
1510 1740 1647 1769 declarat.

229 1873 249 1900 I.
266 1873 296 1901 Si
323 1872 487 1909 ingenitum
504 1874 549 1900 est
573 1872 752 1906 substantia,
772 1874 801 1900 et
824 1872 954 1908 genitum
976 1874 1020 1900 est
1035 1874 1057 1907 ί]
1076 1872 1163 1900 modo
1179 1880 1237 1900 non
1252 1873 1296 1899 est
1311 1871 1540 1907 blasphemum?

191 1917 369 1950 substantia,
382 1919 411 1944 et
425 1916 536 1944 idcirco
547 1925 603 1944 non
617 1918 687 1944 sunt
700 1917 832 1952 ejusdem
849 1917 1020 1945 substantias

192 1961 278 1989 Pater
292 1963 321 1989 et
337 1960 438 1994 Filius,
463 1969 583 1989 necesse
607 1963 652 1989 est
668 1961 784 1997 penitus
809 1962 908 1989 omnia
923 1962 1022 1998 genita

193 2006 282 2034 unius
297 2005 477 2033 substantiis
494 2006 647 2033 esse.Sunt
662 2006 750 2041 igitur
764 2006 862 2042 genita
878 2006 1020 2043 ὁμοούσια,

192 2051 221 2078 id
238 2052 292 2084 est,
308 2050 442 2086 ejusdem
458 2050 632 2078 substantia:
647 2058 710 2078 cum
725 2051 798 2079 Filio
820 2051 888 2085 Dei;
903 2053 933 2079 et
949 2060 1022 2088 quo-

1111 1918 1146 1945 ΙΙ.
1163 1916 1192 1944 Si
1208 1916 1372 1953 ingenitum
1396 1915 1469 1953 πρὸς·
1488 1915 1533 1943 τὸν
1558 1915 1691 1952 γεννητὸν
1713 1914 1769 1942 uta
1785 1911 1884 1942 ἀντιδια-

1076 1959 1259 1997 στελλόμενον
1275 1963 1319 1989 est
1341 1961 1519 1993 substantia,
1536 1963 1565 1988 et
1589 1960 1750 1988 increatum
1769 1958 1831 1996 πρὸς
1843 1957 1884 1991 τήν

1076 2005 1162 2033 κτίσιν
1178 2001 1468 2041 ἀντιδιαστελλόμενον
1492 2005 1660 2033 substantia
1672 2007 1736 2039 est;
1753 2007 1796 2032 est
1809 2003 1887 2039 igitur

1076 2051 1242 2087 ingenitum
1258 2050 1426 2079 substantia
1440 2051 1469 2078 et
1483 2049 1623 2078 increata.

928 2114 1034 2142 Caetera
1049 2114 1160 2142 duum.

228 2164 250 2182 ⁵³
265 2164 352 2192 Exod.
368 2172 411 2198 In,
428 2164 472 2192 H.
532 2164 555 2182 εν
566 2164 651 2192 Joan.
668 2173 687 2199 I,
705 2163 731 2192 4.

192 2199 215 2217 ⁷⁸
230 2199 316 2228 Hebr.
333 2208 353 2233 ι,
368 2200 396 2227 3.
433 2200 455 2217 ⁷⁵
471 2199 597 2236 Philipp.
614 2208 645 2234 ιι,
658 2201 684 2227 6.

787 2164 907 2192 1"Joan.
932 2173 993 2197 vm.
1019 2164 1063 2193 47.

724 2200 746 2217 ⁷⁶
761 2202 844 2228 Rom.
862 2209 900 2236 Ix,
916 2200 943 2228 5.
981 2201 1003 2218 ⁷⁷
1017 2202 1101 2229 Joau.
1117 2209 1145 2234 κ,
1161 2201 1208 2229 30.

1119 2165 1140 2182 ⁷¹
1156 2164 1240 2193 Joan.
1257 2172 1278 2199 1,
1295 2164 1338 2192 18.
1393 2163 1416 2180 ⁷²
1429 2164 1512 2192 Joan.
1529 2170 1572 2197 ιιι,
1598 2163 1641 2191 13.
1698 2163 1720 2180 ⁷³
1734 2163 1817 2198 Apoc.
1832 2168 1850 2195 ι,
1863 2159 1886 2186 4.

819 2332 1024 2363 EXPOSITIO
1046 2332 1102 2363 SS.
1126 2333 1186 2362 PP.
1209 2333 1274 2362 NN.

410 2404 611 2453 MAGNI
644 2406 874 2453 BASILII
908 2407 986 2454 ET
1020 2406 1318 2454 GREGOBII
1352 2405 1687 2462 THEOLOGI,

805 2497 850 2527 De
865 2499 971 2527 sancta
985 2499 1016 2528 et
1030 2497 1205 2528 orthodoxa
1219 2497 1292 2528 ﬁde.

229 2638 308 2666 089
325 2639 416 2667 Credo
432 2639 461 2667 in
486 2639 612 2673 Patrem,
637 2640 665 2667 et
688 2639 808 2674 Filium,
833 2641 862 2667 et
881 2639 1022 2676 Spiritum
1038 2641 1062 2674 Ι)
1078 2640 1260 2677 hypostases,
1276 2639 1481 2677 respondebis,
1502 2638 1580 2675 quod
1605 2645 1742 2674 personas
1757 2636 1884 2677 interpref

192 2683 344 2719 Sanctum,
361 2683 536 2712 Trinitatem
549 2682 708 2720 ὁμοούσιον,
724 2683 933 2720 inseparatam,
945 2685 1022 2713 indi-

192 2726 299 2762 visam,
315 2727 512 2763 inconfusam,
528 2731 557 2757 et
572 2728 850 2765 incomprehensam
866 2738 956 2758 unam
971 2739 1023 2758 na-

192 2773 303 2805 turam,
319 2773 348 2799 et
372 2773 582 2810 substantiam,
597 2775 626 2802 ot
646 2781 781 2810 regnum,
796 2775 856 2802 tres
871 2782 1024 2811 personas.

196 2813 227 2845 Si
244 2817 344 2844 autem
357 2816 636 2854 interrogeris,quid
647 2817 797 2848 declarent
812 2827 953 2856 personae,
966 2819 1026 2848 sive

1077 2675 1175 2713 tamur
1189 2675 1335 2719 mentem,
1346 2685 1477 2718 verbum,
1489 2685 1518 2712 et
1532 2682 1681 2719 spiritum.
1691 2682 1770 2710 Mens
1781 2675 1885 2724 gener-tit

1077 2730 1211 2765 verbum,
1227 2732 1256 2758 et
1271 2730 1392 2758 verbum
1407 2729 1472 2758 sine
1486 2727 1592 2764 spiritu
1609 2735 1667 2756 non
1690 2724 1846 2763 egreditur;
1858 2726 1882 2765 19

1079 2782 1113 2803 eo
1136 2775 1215 2804 enim
1243 2775 1414 2811 agnoscitur
1440 2774 1519 2803 Deus
1541 2772 1650 2808 vivere,
1676 2771 1753 2808 quod
1780 2764 1884 2811 generat

1079 2820 1202 2849 verbum
1216 2810 1338 2852 ἆποῖθῶς.
1355 2818 1438 2854 Quod
1453 2819 1478 2848 si
1502 2817 1546 2847 vis
1569 2816 1710 2854 exemplis
1724 2814 1825 2844 clarius
1837 2810 1884 2838 110°
