2011 3142
86 145 144 176 833

606 139 657 171 DE
680 140 832 170 SANC'I‘A
858 142 905 170 ΕΤ
928 142 1167 174 Olt'l‘HODOXA
1191 145 1292 174 FIDE.

1747 146 1807 176 834

89 211 212 244 discere,
239 208 310 237 audi
328 216 335 236 :
352 209 445 236 Homo
471 206 560 235 habet
583 208 722 240 mentem,
747 209 777 234 et
799 207 921 234 verbum
936 210 964 241 Α
979 208 1085 236 Filium
1098 209 1272 238 salvatorem
1285 210 1502 244 mundi;Filius
1513 213 1611 239 autem
1624 211 1807 247 unigenitus,

89 257 225 288 insitum,
243 253 305 281 sive
321 251 454 281 naturale
482 254 512 279 et
527 251 664 288 spiritum
681 251 798 279 vitalem
816 260 822 279 :
840 259 921 287 egre-

91 301 175 329 diens
192 299 314 327 verbum
331 298 367 326 ab
383 297 502 324 homine
518 296 589 324 facit
607 295 787 324 voluntatem
803 296 880 331 ejus,
895 298 924 323 et

91 346 126 374 ab
137 345 203 381 ipso
214 351 273 371 non
287 346 459 378 separatur:
472 341 514 369 sic
525 343 553 368 et
569 340 645 368 Deus
660 340 789 368 Verbum
805 341 923 376 genitus

94 399 110 418 a
125 389 211 417 Patre
221 388 284 416 sine
299 389 432 422 tempore
451 385 521 413 fecit
537 392 720 421 quaecunque
735 384 827 412 voluit
842 385 925 412 Pater

91 437 234 470 tanquam
246 429 398 467 ὸμοούσιος
408 429 495 464 illi,et
505 429 542 457 ab
550 430 614 465 ipso
627 438 684 457 non
696 431 741 457 est
749 431 903 465 separatus
915 437 922 462 ;

93 478 237 513 aut,sicut
251 476 297 504 sol
312 478 356 503 est
371 474 510 507 circulus,
527 476 556 502 et
566 473 655 502 habet
666 473 796 501 medium
813 473 924 508 lumen,

93 526 122 552 et
135 531 171 551 ex
183 521 296 550 lumine
311 519 443 557 procedit
456 519 615 549 radiuszet
628 526 725 555 neque
740 527 819 546 unus
834 518 924 546 homo

92 568 204 596 dicitur
219 569 279 594 tres
294 565 442 597 homines,
458 564 528 600 quia
543 563 582 591 sit
596 571 692 597 mens,
703 565 732 591 et
747 563 880 598 verbum,
897 565 925 591 et

90 612 234 649 spiritus;
252 618 348 646 neque
372 617 450 636 unus
472 607 516 636 sol
532 610 591 636 tres
616 607 704 643 soles,
720 607 788 644 quia
812 608 852 635 sit
866 607 924 636 cir-

90 657 188 690 culus,
205 658 234 684 et
248 655 357 689 lumen,
373 655 402 682 et
417 653 539 687 radius;
556 653 607 680 sed
622 653 721 689 potius
732 661 809 681 unus
825 653 924 687 homo,

90 704 118 730 et
133 709 214 730 unus
237 700 281 728 sol
297 708 304 733 ;
321 699 364 727 sic
388 707 466 726 unus
494 700 570 726 Deus
595 700 651 730 est,
666 698 694 725 id
711 699 767 731 est,
786 698 879 732 Pater,
897 699 925 725 et

91 746 196 778 Filius,
211 747 241 773 et
256 743 384 779 Spiritus
401 745 533 775 sanctus,
549 744 610 770 tres
628 751 715 777 unus,
733 745 761 770 et
776 751 854 770 unus
865 744 924 770 tres

92 790 262 822 indivise,et
272 788 435 816 inconfuss.
447 787 513 815 Haec
524 789 569 815 est
580 789 679 815 autem
692 786 924 820 indivisibilitas,

93 835 169 872 quod
194 834 283 862 Filius
301 841 359 861 non
377 834 532 868 separatur
546 840 562 859 ιι
578 832 669 860 Patre.
687 831 764 859 sicut
780 839 872 866 neque
888 831 924 859 ab

94 879 216 909 homine
231 880 387 914 separatur
399 877 533 909 verbum,
545 875 638 913 λόγος,
655 876 716 904 sive
733 876 807 903 ratio
821 885 827 909 ;
845 879 894 903 aut
909 884 926 902 a

95 924 158 952 solo
172 922 325 951 lumen.Et
336 923 368 949 ut
379 921 479 948 lumen
490 921 643 956 egrediens
654 929 688 948 ex
704 920 764 948 sole
779 920 928 948 illuminat

102 967 262 1000 mundum,
287 966 330 994 sic
358 965 528 1002 unigenitus
552 964 644 992 Filius
669 967 697 992 et
720 964 848 992 Verbum
872 973 929 992 non

102 1014 256 1049 separatus
272 1020 289 1039 a
304 1011 386 1039 Patre
401 1011 539 1046 operatus
563 1011 608 1036 est
632 1009 816 1037 admirabilia
831 1017 928 1045 opera,

101 1057 219 1089 cmlum,
249 1058 279 1084 et
305 1057 426 1090 terram,
448 1057 477 1082 et
506 1062 687 1090 quacunque
715 1054 744 1081 in
765 1054 807 1081 eis
835 1056 929 1081 sunt:

102 1103 171 1130 item
188 1109 263 1137 opus
279 1099 494 1128 incarnationis
518 1106 608 1134 supra
624 1098 723 1126 omnia
737 1098 929 1132 admirabile;

102 1154 225 1174 manens
237 1144 317 1174 enim
340 1144 371 1172 iu
387 1146 483 1177 Patre,
506 1151 559 1171 nec
580 1145 734 1178 separatus
749 1143 785 1170 ab
804 1151 837 1170 eo
853 1142 930 1170 Deus

101 1192 228 1219 Verbum
243 1189 343 1217 divino
368 1188 569 1216 condescensu
594 1187 673 1214 venit
698 1187 734 1214 ad
748 1195 812 1220 nos,
828 1189 857 1214 et
872 1186 930 1214 sal-

101 1235 177 1264 vavit
186 1233 290 1268 Israel,
299 1235 327 1262 et
337 1235 440 1269 gentes
450 1233 613 1260 secundum
625 1239 709 1259 veras
720 1231 931 1267 promissiones

101 1280 163 1312 Dei,
179 1287 254 1316 quas
270 1278 316 1306 lex
331 1280 360 1306 et
375 1277 522 1314 praphctie
539 1276 745 1312 praedicarunt,
755 1279 784 1303 et
799 1276 931 1304 doctrina

103 1323 302 1361 apostolorum
333 1324 362 1350 et
390 1323 559 1349 sanctorum
587 1321 706 1348 Patrum
733 1321 862 1348 tradidit.
881 1321 930 1348 ln-

103 1368 236 1397 oont'usio
267 1369 364 1395 autem
388 1368 434 1394 est
460 1365 531 1398 haec,
552 1365 678 1401 primum
706 1365 836 1401 quidem,
862 1365 931 1401 quia

104 1415 187 1441 Pater
211 1420 268 1440 non
294 1413 340 1439 est
363 1410 464 1443 Filius,
480 1418 575 1446 neque
594 1418 722 1445 unquam
749 1409 813 1445 erit,
836 1417 931 1446 neque

104 1457 195 1485 Filius
219 1458 316 1490 Pater,
332 1463 428 1491 neque
455 1454 581 1491 Spiritus
609 1456 730 1482 sanctus
758 1456 803 1481 est
829 1453 930 1489 Filius,

104 1502 146 1530 vel
168 1503 265 1534 Pater,
283 1500 421 1537 quoniam
448 1499 612 1535 proprietas
637 1499 780 1534 cujusque
801 1506 930 1534 persona:

103 1548 222 1581 sanctas,
238 1548 267 1573 et
281 1545 372 1573 beatas
387 1543 541 1572 Trinitatis
557 1543 680 1571 immota
700 1544 808 1574 manet.
824 1545 853 1570 et
868 1551 931 1570 ser-

104 1594 199 1625 vatur,
214 1577 244 1618 id
260 1592 316 1624 est,
332 1590 362 1617 in
381 1589 463 1618 Patre
479 1589 600 1625 quidem
616 1588 780 1625 proprietas
795 1587 929 1624 ingeniti,
945 1577 966 1610 (ἶ

104 1636 132 1664 in
149 1635 222 1664 Filio
238 1637 337 1663 autem
363 1627 528 1670 proprietas
543 1633 644 1667 geniti,
660 1632 797 1668 quoniam
814 1632 930 1667 genitus

104 1683 148 1709 est
162 1689 179 1708 a
194 1682 280 1708 Patre
296 1679 360 1707 sine
375 1677 598 1714 tempore,sicut
613 1677 713 1705 lumen
730 1685 747 1705 a
762 1676 931 1704 sole.Simul

104 1725 180 1753 enim
204 1724 299 1757 Pater,
316 1722 406 1751 simul
423 1722 523 1756 Filius,
539 1721 629 1750 simul
645 1721 773 1757 Spiritus
797 1723 930 1756 sanctus,

104 1770 220 1797 servata
233 1769 358 1796 immota
373 1767 517 1802 cujusque
533 1774 663 1802 personis
688 1765 873 1802 proprietate.
892 1767 931 1794 Ac

104 1814 138 1842 de
153 1813 254 1842 divina
277 1813 396 1848 quidem
417 1814 446 1839 et
460 1810 619 1838 immortali
643 1812 749 1849 natura
772 1810 814 1837 sic
841 1810 931 1837 senti-

106 1867 193 1892 mus;
211 1866 268 1885 non
284 1857 361 1885 enim
379 1855 517 1890 dicimus,
541 1857 574 1882 ut
598 1854 670 1882 fatui
686 1854 822 1890 gentiles,
838 1853 930 1882 solem

106 1910 170 1930 esse
184 1902 288 1935 Deum,
306 1901 356 1929 sed
382 1902 522 1936 tanquam
543 1899 703 1936 imaginem
729 1897 931 1926 assimilamus

107 1946 360 1981 incircumscripte
375 1947 403 1973 et
427 1944 682 1980 iucomprehense,
698 1943 839 1979 quoniam
857 1945 932 1971 Deus

106 1994 150 2019 est
164 1991 342 2024 inﬁnitus,et
355 1998 372 2017 a
385 1989 502 2017 nemine
515 1990 610 2025 potest
624 1987 843 2023 comprehendi.
856 1987 931 2015 Illud

106 2038 203 2063 autem
219 2034 329 2062 dicitur
343 2032 552 2070 comprehendi
569 2041 626 2060 non
644 2040 740 2068 posse,
753 2031 830 2067 quod
846 2039 932 2067 expe-

107 2080 212 2108 rientia
228 2078 404 2115 cognitionis
420 2086 478 2106 non
505 2079 600 2113 potest
617 2076 737 2113 percipi,
755 2078 788 2104 ut
803 2078 849 2104 est
863 2075 933 2103 divi-

107 2124 182 2152 nitas
199 2123 326 2160 proprie.
348 2127 378 2150 ut
393 2131 427 2151 ex
447 2122 583 2150 universa
597 2122 748 2157 Scriptura
772 2120 931 2148 didicimus

107 2170 169 2196 tum
186 2169 359 2201 vetere,tum
375 2175 449 2195 nova
466 2175 472 2194 :
490 2165 589 2194 nullus
605 2166 684 2194 enim
699 2174 716 2193 a
731 2165 837 2193 saeculo
852 2173 932 2193 sanc-

107 2215 203 2240 torum
220 2211 316 2248 potuit
330 2211 437 2245 dicere,
453 2218 518 2246 qua;
533 2210 702 2238 substantia
717 2209 755 2238 sit
771 2210 867 2243 Deus;
884 2211 931 2237 ta-

979 254 1008 279 et
1023 252 1072 280 Dei
1097 254 1218 282 verbum
1243 254 1427 290 beneplacito
1452 255 1557 289 Patris,
1573 257 1602 283 et
1627 255 1744 292 propria
1758 264 1806 284 vo-

978 296 1102 331 luntate,
1125 301 1155 326 et
1178 299 1306 335 Spiritus
1331 298 1425 326 sancti
1454 300 1659 335 cooperatione
1687 308 1806 328 carnem

978 343 1108 378 sumpsit
1126 346 1234 377 mente,
1261 345 1290 371 et
1314 343 1423 378 animo,
1449 351 1482 371 ac
1506 344 1618 372 ratione
1642 345 1807 380 praditam,

979 391 1008 416 et
1023 387 1117 416 univit
1139 397 1204 416 eam
1229 397 1297 416 cum
1322 389 1440 425 propria
1465 398 1518 416 sua
1542 397 1667 425 persona
1691 390 1807 423 divina;

979 440 1036 460 non
1067 433 1145 460 enim
1175 433 1259 461 Pater
1287 433 1456 461 incarnatus
1486 436 1539 469 est,
1557 442 1652 470 neque
1680 434 1808 470 Spiritus

979 480 1111 511 sanctus,
1128 478 1178 505 scd
1194 478 1332 513 Verbum,
1348 480 1376 505 et
1393 477 1482 506 Filius
1499 478 1547 506 Dei
1565 479 1592 506 in
1608 479 1727 515 propria
1742 487 1807 515 per-

979 529 1061 554 sona,
1079 523 1129 558 qui
1146 522 1292 550 deiﬁcavit
1307 530 1400 558 genus
1416 523 1582 551 hominum.
1605 525 1677 551 Caro
1697 523 1808 559 alioqui

980 566 1190 602 corruptibilis,
1205 575 1293 603 quam
1310 567 1438 603 sumpsit
1453 567 1596 596 Dominus
1611 570 1711 596 noster
1725 569 1810 596 Jcsus

980 610 1124 646 Christus,
1148 611 1319 647 incorrupta
1343 612 1454 639 mansit
1472 620 1523 648 per
1547 615 1673 640 mortem
1700 613 1810 646 crucis,

980 658 1008 683 et
1023 656 1287 689 resurrectionem;
1302 656 1356 684 etsi
1381 656 1460 684 enim
1477 656 1576 684 cibum
1597 657 1727 692 gustavit
1743 660 1810 694 post

980 700 1235 733 resurrectionem,
1249 708 1305 728 non
1322 703 1421 728 tamen
1438 700 1500 737 lege
1515 701 1657 737 corporis,
1667 702 1717 730 sed
1734 710 1812 730 osco-

981 745 1106 778 nomice,
1121 747 1154 772 ut
1169 745 1306 780 probaret
1320 753 1437 773 carnem
1462 745 1540 773 illam
1560 753 1634 778 esse,
1658 754 1722 782 qua
1749 749 1812 774 erat

981 790 1047 815 ante
1071 788 1327 822 resurrectionem,
1344 791 1373 816 ct
1398 797 1453 816 non
1477 789 1586 823 aliam;
1604 798 1661 817 non
1686 789 1765 818 enim
1782 790 1811 818 in

979 834 1122 866 ventrem,
1148 834 1176 860 et
1203 832 1353 866 intestina,
1383 835 1471 869 atque
1497 833 1527 861 in
1557 841 1706 862 secessum
1737 835 1809 869 ibat,

981 875 1076 904 absit!
1092 877 1153 904 lmo
1169 885 1236 905 caro
1252 877 1350 905 divina
1359 880 1425 914 post
1439 878 1682 906 resurrectionem
1698 881 1813 908 mutata

985 924 1030 949 est
1045 929 1062 948 a
1076 921 1219 949 materiali
1251 922 1280 949 in
1305 922 1541 956 immaterialem,
1558 926 1587 950 et
1602 931 1618 950 a
1632 923 1767 959 passibili
1782 923 1812 951 in

986 965 1200 1001 impassibilcm
1215 975 1221 1000 ;
1239 975 1296 994 non
1324 969 1420 994 tamen
1446 967 1746 1004 incircumscriptsm,
1763 971 1815 996 aut

986 1010 1203 1045 intangibilem,
1231 1011 1277 1039 vel
1306 1011 1494 1047 invisibilem,
1525 1012 1632 1047 alioqui
1667 1013 1813 1048 quomodo

984 1055 1067 1083 visus
1082 1058 1160 1083 esset
1185 1055 1339 1092 discipulis
1363 1059 1431 1092 post
1455 1057 1723 1085 resurrectionem?
1737 1058 1814 1089 Quo-

987 1100 1073 1127 modo
1089 1100 1211 1128 dixisset
1232 1100 1348 1128 Thomze
1367 1108 1373 1128 :
1388 1101 1488 1137 Tange
1508 1109 1555 1128 mc
1570 1101 1591 1118 ⁷⁸
1603 1101 1617 1128 7
1631 1101 1720 1129 Cibus
1733 1108 1813 1135 vero,

986 1152 1073 1180 quem
1091 1145 1220 1180 sumpsit
1244 1153 1341 1172 coram
1367 1145 1532 1181 discipulis,
1551 1145 1574 1173 si
1600 1146 1667 1181 quis
1691 1148 1814 1182 quaerat,

986 1197 1045 1224 quo
1069 1188 1183 1223 abierit,
1209 1190 1434 1225 respondemus,
1451 1190 1537 1218 sicuti
1562 1197 1628 1218 cera
1652 1190 1813 1226 appropin-

986 1241 1082 1269 quans
1098 1232 1158 1269 igni
1184 1233 1307 1269 liqueﬁt,
1334 1236 1362 1261 et
1383 1234 1492 1262 desinit
1510 1242 1591 1268 esse;
1607 1234 1649 1262 sic
1665 1235 1748 1262 cibus
1764 1234 1812 1263 ille

985 1277 1136 1305 adhibitus
1173 1278 1254 1305 carni
1289 1277 1505 1313 incorruptibili
1535 1281 1563 1306 et
1597 1278 1730 1316 πυρφόρῳ
1759 1279 1808 1306 Dei

985 1322 1163 1350 resuscitati.
1181 1322 1247 1350 Post
1270 1323 1513 1350 resurrectionem
1528 1331 1595 1351 vero
1621 1325 1810 1351 conversatus

985 1366 1080 1402 spatio
1095 1366 1291 1402 quadraginta
1306 1367 1420 1394 dierum
1438 1375 1506 1394 cum
1522 1367 1685 1403 discipulis,
1701 1375 1810 1395 assum-

984 1416 1047 1446 ptus
1060 1414 1101 1439 est
1117 1412 1155 1438 in
1179 1412 1276 1438 calum
1299 1411 1459 1439 videntibus
1482 1411 1551 1445 illis,
1568 1413 1601 1438 ut
1622 1411 1811 1447 Evangelium

985 1457 1119 1489 testatur,
1136 1459 1163 1483 ει
1175 1455 1245 1483 sedit
1269 1455 1303 1483 ad
1322 1455 1465 1483 dexteram
1480 1455 1530 1482 Dei
1543 1455 1576 1483 τ’.
1592 1456 1698 1483 Sedere
1713 1458 1812 1484 autem

985 1500 1021 1527 ad
1037 1500 1186 1527 dexteram
1202 1499 1253 1527 Dei
1266 1507 1324 1527 non
1340 1499 1469 1527 declarat
1489 1499 1600 1535 aliquid
1617 1508 1790 1536 corporeum
1804 1508 1812 1534 ;

987 1546 1061 1572 Deus
1091 1544 1168 1571 enim
1193 1543 1335 1580 corporis,
1351 1546 1379 1571 et
1404 1544 1514 1580 figura),
1530 1547 1558 1571 et
1580 1544 1687 1580 speciei
1712 1552 1813 1580 expers

986 1591 1049 1620 est;
1065 1589 1114 1616 sed
1133 1588 1231 1624 potius
1246 1588 1430 1621 honorem,et
1444 1588 1567 1624 gloriam
1585 1589 1614 1616 in
1630 1588 1710 1617 ccelis
1726 1590 1815 1626 signi-

986 1633 1054 1660 ficat
1067 1633 1156 1667 ;hanc
1172 1633 1250 1660 enim
1261 1632 1365 1660 habuit
1380 1635 1552 1669 assumptus
1569 1633 1598 1660 in
1608 1633 1713 1661 ccclum
1727 1634 1813 1662 homo

985 1678 1047 1712 Dei,
1064 1677 1092 1705 id
1118 1680 1172 1710 est,
1188 1686 1255 1705 caro
1278 1680 1398 1713 sumpta
1415 1686 1421 1705 :
1438 1677 1497 1705 illic
1519 1678 1597 1706 enim
1624 1680 1726 1707 sancta
1749 1679 1814 1715 ejus

985 1721 1084 1750 anima
1099 1722 1330 1750 conversationis
1347 1731 1406 1750 suae
1429 1722 1457 1750 in
1477 1724 1553 1750 terra
1564 1723 1743 1757 recordatur,
1759 1726 1815 1752 est-

987 1775 1044 1802 que
1056 1766 1250 1800 rationalis,et
1261 1766 1547 1802 intelligenslnsunt
1559 1770 1697 1803 prmterca
1713 1771 1814 1796 sancto

986 1812 1100 1847 corpori
1117 1812 1181 1846 ejus
1196 1820 1255 1838 suas
1272 1813 1465 1847 proprietates
1486 1811 1646 1843 naturales,
1664 1814 1694 1839 ut
1711 1812 1814 1847 triplex

987 1855 1133 1883 dimensio
1149 1855 1569 1891 longitudinis,latitudinis,et
1585 1856 1812 1891 profunditatis;

986 1899 1054 1927 item
1071 1900 1194 1936 species,
1211 1899 1349 1936 qualitas,
1366 1902 1395 1927 et
1413 1900 1574 1935 quantitas,
1591 1902 1619 1927 et
1635 1899 1692 1927 alia
1707 1900 1813 1936 hujus-

988 1944 1086 1977 modi;
1103 1951 1159 1971 non
1176 1944 1255 1971 enim
1271 1943 1372 1971 amisit
1396 1943 1456 1971 haec
1481 1946 1653 1980 assumptus
1667 1943 1812 1972 Christus.

988 1988 1050 2016 Non
1066 1995 1134 2024 ergo
1159 1987 1254 2015 locum
1279 1988 1369 2016 habet
1394 1988 1438 2015 hic
1462 1988 1560 2016 fabula
1575 1988 1814 2022 Manichaeorum,

987 2032 1035 2068 qui
1053 2032 1146 2066 aiunt,
1158 2033 1236 2066 quod
1253 2034 1426 2067 assumptus
1441 2032 1576 2060 Christus
1593 2032 1622 2059 in
1639 2032 1700 2060 sole
1717 2034 1815 2068 posuit

987 2085 1073 2105 suum
1089 2084 1207 2112 corpus,
1223 2078 1251 2104 et
1276 2079 1351 2104 Deus
1375 2076 1473 2103 nudus
1497 2076 1630 2103 ascendit
1646 2084 1652 2102 :
1670 2076 1698 2103 id
1715 2078 1813 2104 autem

986 2122 1076 2149 stulte
1091 2122 1217 2158 probant
1241 2121 1415 2148 auctoritate
1441 2120 1528 2147 David
1545 2120 1670 2148 dicentis
1688 2129 1694 2147 :
1713 2121 1745 2148 In
1759 2121 1816 2148 sole

983 2167 1077 2202 posuit
1100 2166 1311 2194 tabernaculum
1336 2173 1417 2192 suum
1428 2165 1460 2193 ⁸ο.
1477 2164 1588 2196 Quibus
1615 2172 1667 2192 nos
1693 2173 1814 2201 rcspon~

989 2211 1093 2238 demus
1109 2219 1116 2238 ε
1132 2210 1154 2237 0
1169 2210 1276 2242 insani,
1293 2211 1321 2236 et
1332 2209 1399 2237 vani
1413 2209 1419 2236 l
1437 2217 1493 2237 non
1519 2208 1647 2244 appellat
1672 2209 1815 2245 Propheta

109 2258 193 2284 metsi
215 2256 340 2284 insanus
363 2255 531 2283 Eutolmius
555 2255 610 2282 hoc
635 2263 725 2282 ausus
750 2258 794 2282 est
817 2253 932 2290 nugari,
946 2259 969 2292 Ι)
985 2253 1206 2281 tabernaculum
1223 2253 1293 2281 solis
1305 2261 1423 2281 carnem
1439 2261 1455 2281 a
1470 2253 1564 2281 Verbo
1581 2253 1632 2281 Dei
1648 2255 1814 2289 sumptam;

108 2301 157 2336 qui
182 2309 239 2328 non
264 2299 362 2328 solum
378 2307 394 2327 a
409 2299 519 2327 sanctis
539 2298 709 2327 doctoribus
734 2298 932 2334 redarguitur,

109 2345 158 2373 sed
174 2345 211 2372 ab
226 2345 291 2381 ipsa
307 2346 412 2372 natura
427 2345 456 2372 et
470 2343 690 2379 consequentia.

142 2389 182 2417 De
202 2388 406 2417 Incarnatione
419 2395 486 2416 vero
502 2387 677 2415 confitemur
692 2387 850 2414 Dominum
867 2394 934 2414 nos-

109 2435 186 2461 trum
209 2433 314 2462 Jesum
337 2432 486 2461 Christum
511 2440 604 2460 unum
631 2439 665 2459 ex
688 2431 826 2465 indivisa,
847 2433 934 2467 atque

109 2478 262 2506 inconfusa
276 2477 417 2505 Trinitate
433 2477 508 2504 duas
525 2478 689 2511 naturas,et
701 2476 774 2504 duas
789 2475 934 2512 energias,

110 2523 242 2559 duasque
266 2521 417 2550 naturales
438 2521 604 2550 voluntates
630 2521 748 2556 habere,
763 2523 792 2548 et
815 2520 935 2548 Mariam

109 2567 268 2604 Virginem,
285 2575 347 2603 quae
372 2574 440 2594 eum
467 2566 590 2602 peperit,
608 2565 736 2602 proprie,
752 2567 780 2592 et
803 2573 869 2592 vere
886 2563 936 2592 Dei

111 2616 229 2641 matrem
244 2620 329 2645 esse;
346 2619 442 2647 neque
456 2611 533 2638 690
549 2618 634 2646 posse
659 2609 798 2646 explicari
813 2609 934 2637 modum

112 2656 324 2686 lncarnationis
350 2658 454 2692 praeter
475 2655 528 2683 hoc
543 2654 651 2690 solum,
668 2655 747 2691 quod
771 2662 806 2682 ex
820 2653 937 2690 Virgine

111 2704 193 2730 natus
210 2703 255 2730 est
272 2708 324 2737 per
334 2699 476 2736 Spiritum
494 2699 648 2734 sanctum;
663 2699 747 2727 Pater
761 2698 839 2726 enim
856 2698 938 2726 misit

988 2307 1052 2334 qua:
1069 2306 1135 2325 cum
1161 2297 1224 2334 ipso
1249 2297 1320 2325 Filio
1346 2298 1395 2326 Dei
1421 2298 1451 2325 in
1477 2297 1583 2326 ccclum
1606 2297 1749 2333 ascendit,
1764 2298 1816 2326 sed

989 2343 1086 2379 potius
1097 2342 1319 2370 tabernaculum
1332 2342 1403 2370 solis
1415 2341 1545 2378 appeilat
1556 2342 1728 2378 speciem,et
1743 2351 1816 2378 qua-

988 2387 1101 2415 litatem
1118 2387 1198 2415 orbis
1223 2387 1340 2421 solaris,
1356 2386 1385 2414 id
1403 2389 1458 2420 est,
1473 2387 1584 2420 lumen,
1609 2387 1687 2424 quod
1712 2389 1818 2423 quarto

990 2432 1037 2460 die
1047 2432 1125 2460 Deus
1137 2432 1241 2459 mundi
1259 2431 1417 2459 labricator
1433 2431 1463 2460 in
1478 2440 1511 2460 eo
1528 2432 1627 2468 posuit
1643 2441 1649 2460 :
1667 2440 1724 2460 non
1739 2432 1817 2460 enim

992 2476 1134 2512 Propheta
1157 2476 1332 2511 loquebatur
1356 2476 1402 2504 hic
1427 2476 1462 2503 de
1488 2476 1701 2512 assumptione,
1718 2477 1768 2504 sed
1782 2477 1818 2504 de

991 2521 1134 2549 creaturis
1147 2520 1208 2555 Dei,
1218 2521 1466 2556 quemadmodum
1480 2524 1619 2557 perpetuo
1631 2521 1752 2555 gloriam
1769 2519 1819 2548 Dei

991 2568 1122 2594 narrent.
1140 2567 1244 2593 Postea
1254 2573 1319 2592 vero
1332 2565 1427 2592 veniet
1437 2565 1466 2592 in
1480 2564 1640 2592 novissimo
1661 2565 1707 2592 dio
1723 2571 1817 2591 resur-

989 2610 1128 2638 rectionis
1140 2610 1407 2646 omnium,quando
1425 2609 1493 2637 tuba
1509 2610 1594 2636 canet
1609 2616 1716 2644 magno
1734 2607 1816 2635 clau-

991 2657 1102 2691 gore,et
1112 2657 1251 2690 tanquam
1266 2663 1301 2682 ex
1314 2662 1416 2682 somno
1429 2656 1551 2689 surgent
1562 2660 1674 2685 omnes,
1686 2654 1714 2679 et
1728 2652 1821 2680 aderit

990 2699 1084 2727 Judex
1099 2699 1268 2727 animarum
1281 2699 1431 2734 justorum
1447 2700 1476 2725 et
1491 2696 1752 2733 peccatorum,sive
1768 2697 1820 2724 ad-

142 2813 164 2831 "
178 2813 267 2841 Joan.
283 2818 331 2845 xx,
346 2810 392 2837 27.
430 2809 453 2827 τ’
467 2810 553 2837 Maro.
570 2817 629 2845 xvi,
645 2808 679 2836 19
693 2817 699 2843 ;
716 2809 780 2837 Act.
797 2816 817 2843 ι,
832 2808 861 2838 9.
898 2807 920 2825 ⁸ο

984 2807 1012 2835 tl.
1028 2816 1109 2843 xvm,
1124 2808 1152 2835 6.
