2011 3142
161 134 220 164 839

630 132 827 162 APPENDIX
850 131 1011 161 OPEHUM
1036 132 1068 160 S.
1093 131 1235 162 BASlLlI
1259 132 1395 162 MAGNI.

1807 134 1868 165 διο

161 207 229 237 erga
245 199 394 227 veritatem
411 198 519 234 affecti,
537 199 572 226 de
587 198 623 225 iis
639 206 703 234 quas
719 198 859 225 dicuntur
869 195 1016 232 judicium
1032 197 1146 226 feratis.
1169 197 1281 225 Etenim
1295 197 1330 224 ad
1347 197 1472 226 solidam
1488 198 1619 227 veritatis
1635 199 1830 235 cognitionem
1840 202 1869 229 et

161 244 400 280 dijudicationem
418 243 577 280 plurimum
595 243 672 272 facit.
691 243 714 270 si
732 243 798 278 quis
813 242 909 278 ipsius
924 241 1055 268 veritatis
1071 244 1212 277 tanquam
1230 242 1391 269 domestica
1407 242 1606 270 familiaritate
1625 243 1795 272 delectetur.

196 289 221 316 3.
240 289 379 316 Prmterea
389 296 537 324 rogamus,
546 296 580 315 ne
593 287 677 315 nobis
689 286 895 322 indignemini,
906 286 983 321 quod

1077 286 1104 314 3.
1135 286 1206 320 Πρὸς
1221 284 1255 320 δή
1271 286 1381 318 τούτοις
1470 285 1534 323 μηδ’
1550 288 1618 323 ἡμῖν
1635 287 1824 325 χαλεπαίνειν,
1841 288 1865 316 εἲ

160 341 254 370 neque
270 333 374 367 fastus,
391 340 485 368 neque
506 334 603 359 metus
627 332 770 359 rationem
787 330 879 358 ullam
896 330 984 357 habe-

160 386 237 413 mus,
254 378 304 405 sed
329 377 409 404 omni
435 375 588 412 temporali
613 376 712 412 gratiae
733 378 761 403 et
777 374 984 410 tranquillitati

159 422 239 450 illam
257 422 395 449 ﬁduciam
422 421 513 448 animi
529 421 669 457 intrepidi
696 420 906 456 praeponimus,
921 427 985 454 qua;

160 469 278 503 propter
301 467 432 494 futurum
457 468 565 493 statum
591 473 680 501 penes
695 465 797 492 ﬁdeles
820 466 876 498 cst,
891 466 919 491 et
935 463 985 491 illa

160 511 247 547 mala,
264 519 326 547 qua:
344 513 420 538 Deus
435 510 536 546 impiis
551 512 631 538 certo
646 510 791 543 minatur,
806 509 902 545 magis
918 516 985 536 cen-

157 564 256 584 semus
281 555 422 589 timenda,
439 562 527 590 quam
545 553 706 590 quamlibet
726 556 872 581 terrenam
892 553 983 580 afﬂic-

156 601 277 635 tionem,
288 599 444 636 ipsamque
455 599 526 626 adeo
537 598 728 634 temporalem
745 601 886 632 mortem;
903 600 932 625 et
942 597 984 624 sic

156 644 250 680 ipsam
266 644 418 671 veritatem
444 643 526 671 omni
548 643 689 670 velamine
713 643 882 670 destitutam
899 650 985 678 expo-

157 689 265 716 nimus.
282 690 376 725 Neque
387 689 473 721 enim,
487 690 519 714 ut
534 695 599 714 cum
617 687 754 723 Apostolo
766 687 877 722 loquar,
893 686 985 721 dignw

154 738 219 761 sunt
241 734 405 768 afﬂictiones
428 733 573 768 praesentis
602 733 697 760 saeculi
720 732 754 759 ad
777 740 837 759 eam
866 732 983 767 gloriam

154 786 214 813 qum
230 777 382 814 aliquando
398 777 609 804 rei-elabitur“-
627 777 727 812 Neque
743 784 813 803 sane
828 776 984 803 universus

154 822 201 849 hic
218 822 346 849 mundus
371 821 479 857 dignus
504 823 558 856 est,
573 821 623 857 qui
648 821 816 848 conferatur
839 829 906 848 cum
932 819 982 847 illo

153 866 305 894 commodo
321 868 350 894 et
374 866 514 899 dominio,
531 874 595 902 qua:
611 868 753 901 tanquam
770 873 883 900 mquam
901 873 980 892 com-

153 911 354 948 pensationem
371 910 489 947 propria
505 910 740 946 uniuscujusque
762 910 861 937 anima
877 909 999 945 accipiet
1015 917 1021 936 :

1039 329 1125 367 τύφου
1143 330 1190 366 μὶν
1204 329 1393 366 ἀμελήσαντες
1407 331 1452 358 καὶ
1466 328 1564 370 φόϐου,
1585 335 1636 366 τῆς
1661 330 1690 359 δὲ
1713 333 1867 370 παραυτίκα

1039 374 1154 412 χάριτος
1168 374 1214 401 καὶ
1230 374 1379 413 ἀσφαλείας
1395 375 1446 409 τὴν
1459 375 1526 413 ὑπὲρ
1535 377 1589 403 τῶν
1605 375 1764 412 μελλόντων
1777 375 1868 404 ἄδειαν

1039 420 1258 458 προτιμήσαντες
1275 441 1282 454 ,
1315 419 1361 447 καὶ
1400 420 1490 455 πάσης
1525 420 1645 458 ἐπιγείου
1682 421 1865 453 κακοπαθείας

1039 465 1154 492 θανάτου
1173 474 1202 492 τι
1230 464 1401 502 προσκαίρου
1431 462 1618 503 φοϐερωτέραν
1647 466 1698 500 τήν
1721 466 1790 493 κατὰ
1811 468 1865 493 τῶν

1040 506 1144 536 ἀσεϐῶν
1167 508 1320 545 ὡρισμένην
1349 508 1465 544 ἀπειλὴν
1491 510 1557 537 εἶναι
1582 509 1720 548 κρίναντες
1734 532 1743 545 ,
1766 511 1867 541 παντὸς

1038 551 1266 589 ἐπικαλύμματος
1301 554 1407 591 γυμνὴν
1439 553 1597 591 ἔκτιθέμεθα
1631 555 1682 588 τὴν
1721 554 1867 590 ἀλήθειαν.

1039 596 1107 626 Οὔτε
1127 598 1190 635 γὰρ,
1221 599 1290 625 κατὰ
1317 598 1363 626 τὸν
1389 597 1557 626 Ἀπόστολον
1573 598 1670 633 εἰπεῖν,
1692 598 1753 634 ἄξια
1767 599 1802 626 τὰ
1813 609 1866 627 πα-

1038 643 1148 678 θήματα
1191 644 1239 669 τοῦ
1281 644 1327 670 νῦν
1369 644 1466 680 καιροῦ
1508 643 1575 679 πρὸς
1617 643 1665 678 τὴν
1710 642 1868 679 μέλλουσαν

1038 685 1276 718 ἀποκαλύπτεσθαι
1319 685 1408 723 δόξαν.
1449 685 1514 715 Οὐδ’
1558 688 1572 714 ὁ
1611 687 1720 724 σύμπας
1761 687 1866 723 κόσμος

1038 730 1105 768 πρὸς
1134 729 1281 757 ἀπόλαυσιν
1299 731 1337 767 (1)
1351 730 1397 757 καὶ
1413 729 1581 765 δεσποτείαν,
1598 730 1746 769 ἶσόρῥοπον
1763 730 1864 758 ἀντάλ-

1038 775 1131 812 λαγμα
1144 778 1194 810 τῆς
1210 773 1280 806 ἰδίας
1296 775 1410 802 ἑκάστου
1426 776 1530 812 ψυχῆς,
1545 774 1620 803 πολὺ
1646 776 1706 803 καθ’
1735 776 1861 812 ἑκάτερον

1038 818 1187 847 ἀπόλαυσίν
1203 830 1232 847 τε
1247 820 1290 847 καὶ
1306 819 1420 847 κόλασιν
1438 817 1665 857 ὑπερϐαλλόντων
1692 820 1726 848 τὰ
1739 820 1863 858 παρόντα

1034 866 1088 891 τῶν
1104 862 1354 902 προσδοκωμένων.

1036 917 1102 937 cum
1120 909 1156 937 ab
1178 909 1215 937 iis
1241 918 1305 945 quas
1330 909 1469 945 utrinque
1490 909 1686 946 exspeclaada
1701 911 1782 945 sunt,
1798 911 1862 937 tum

153 956 248 992 quoad
267 955 396 992 praemia,
412 958 475 982 tum
494 956 588 991 quoad
606 963 731 991 pzsnam,
748 954 834 990 longe
849 954 1004 990 praesentia
1020 956 1208 990 superentur.

187 1001 213 1028 4.
229 1001 285 1028 Sed
303 1009 348 1032 ne,
367 1000 436 1027 dum
453 1000 533 1028 hisce
548 1000 659 1027 diutius
674 1000 757 1035 justo
773 1000 977 1032 immoramur,

1069 999 1095 1026 4.
1113 997 1193 1026 Ἀλλ’
1212 997 1258 1025 ’ἱνα
1281 1008 1312 1035 γε
1326 998 1364 1034 μὴ
1379 997 1490 1029 τούτοις
1506 996 1550 1025 ἐπὶ
1564 996 1660 1025 πλεῖον
1676 996 1858 1036 ἔνδιατρίὸονυ

151 1052 317 1073 sermonem
330 1044 454 1072 nimium
469 1038 677 1080 producamus,
690 1045 724 1071 ad
738 1045 833 1080 ipsam
846 1052 899 1071 nos
911 1051 978 1071 con-

151 1090 292 1118 vertimus
318 1089 385 1116 ﬁdei
411 1089 636 1123 confessionem,
653 1096 687 1116 ex
711 1097 770 1125 qua
794 1089 841 1123 iis,
863 1088 913 1124 qui
930 1096 979 1115 no-

150 1136 241 1162 stram
257 1133 348 1161 velint
368 1133 442 1161 seire
458 1133 646 1168 sententiam,
666 1135 833 1169 promptum
850 1135 879 1160 et
892 1140 978 1168 cxpe-

151 1179 243 1206 ditum
256 1178 312 1206 erit
321 1186 385 1206 eam
400 1186 568 1214 agnoscere.
582 1177 785 1206 Necessarium
798 1179 896 1206 autem
908 1185 979 1213 quo-

151 1232 209 1259 que
224 1223 357 1251 fortassis
369 1223 457 1251 fuerit
469 1223 623 1259 nobis,qui
640 1224 676 1250 de
692 1223 773 1250 hisce
787 1223 876 1250 rebus
891 1222 978 1250 verba

151 1268 286 1301 facimus,
308 1271 337 1295 et
362 1267 485 1304 propriae
510 1267 661 1294 sententia:
688 1267 831 1295 rationem
856 1267 978 1294 reddere

150 1315 295 1345 tenemur,
313 1320 349 1340 ne
364 1315 474 1340 temere
489 1312 579 1339 semel
604 1311 804 1339 multitudinis
818 1319 871 1338 nos
887 1311 976 1338 deda-

150 1365 217 1385 mus
232 1357 440 1392 opinionibus;
458 1357 507 1383 sed
525 1359 558 1384 ut
579 1356 657 1392 piam
675 1356 754 1383 illam
777 1355 976 1388 traditionem,

149 1411 213 1439 quze
230 1405 305 1429 retro
329 1401 484 1437 cogitando
509 1400 577 1428 inde
593 1409 609 1428 a
626 1400 760 1428 Patribus
783 1408 876 1435 usque
900 1399 974 1427 obti-

149 1446 223 1480 nuit,
237 1446 316 1474 velut
327 1445 485 1482 quamdam
500 1445 644 1472 amussim
657 1453 690 1471 ac
703 1444 832 1480 regulam
847 1444 975 1480 praemit-

147 1493 257 1524 tamus,
273 1493 360 1526 atque
380 1498 414 1517 ea
424 1489 528 1518 deinde
553 1497 602 1517 ceu
629 1491 729 1522 exacta
749 1489 854 1524 judicii
872 1497 975 1516 norma

148 1535 190 1563 uti
208 1534 300 1562 cuivis
315 1535 521 1570 permittamus
536 1534 571 1562 ad
585 1541 684 1562 eorum
698 1542 762 1569 quae
778 1533 918 1561 dicuntur
933 1533 976 1560 di-

146 1579 374 1615 judicationem.

181 1623 209 1650 5.
226 1623 377 1651 Credimus
393 1623 422 1650 in
446 1631 534 1650 unum
560 1625 657 1655 Deum,
675 1623 786 1649 Patrem
799 1622 973 1657 omnipoten-

145 1672 210 1700 tem,
225 1675 262 1694 ex
275 1675 327 1702 quo
341 1671 405 1694 sunt
421 1667 524 1694 omnia.
542 1667 574 1693 Et
590 1667 619 1693 in
636 1675 723 1693 unum
738 1667 914 1700 unigenitum
930 1667 972 1692 Fi-

1033 1052 1089 1077 τες,
1105 1043 1174 1080 πέρα
1190 1044 1226 1078 (2)
1242 1044 1290 1069 τοῦ
1317 1041 1417 1080 μέτρου
1435 1041 1599 1079 μηκύνωμεν
1623 1041 1669 1070 τὸν
1695 1042 1790 1081 λόγον,
1820 1042 1863 1070 ἐπ’

1033 1087 1117 1122 αὐτὴν
1132 1085 1187 1122 ἤδη
1207 1087 1371 1124 τρεψώμεθα
1395 1090 1445 1122 τῆς
1471 1085 1589 1118 πίστεως
1615 1087 1666 1121 τὴν
1697 1086 1862 1126 ὁμολογίαν,

1033 1131 1059 1167 ἐξ
1071 1132 1104 1166 ἧς
1120 1131 1242 1168 εὐμαρὴς
1265 1131 1310 1158 καὶ
1335 1129 1414 1168 ῥᾳδία
1438 1131 1538 1168 γένοιτ’
1558 1130 1588 1158 ἂν
1603 1134 1662 1162 τοῖς
1680 1131 1862 1169 βουλομένοις

1031 1178 1082 1208 τῆς
1120 1175 1255 1214 ἡμετέρας
1286 1175 1401 1213 γνώμης
1439 1175 1612 1211 κατανόησις.
1643 1176 1803 1214 Ἀναγκαῖον
1832 1175 1862 1204 δὶ

1032 1219 1098 1252 ἴσως
1108 1219 1174 1251 τοὺς
1187 1220 1249 1257 περὶ
1261 1219 1366 1247 τούτων
1381 1219 1482 1258 λόγους
1505 1220 1696 1257 ποιουμένους,
1712 1220 1758 1248 καί
1777 1220 1860 1258 δόξης

1032 1264 1132 1295 οἷιιείας
1161 1264 1271 1296 εὐθύνας
1302 1264 1455 1302 ὑπέχοντας
1474 1287 1481 1300 ,
1512 1266 1550 1301 μὴ
1572 1267 1633 1296 ταῖς
1660 1267 1714 1293 τῶν
1743 1265 1857 1294 πολλῶν

1032 1308 1144 1344 ἀμελῶς
1157 1309 1269 1340 ἑαυτοὺς
1284 1309 1323 1344 (3)
1339 1308 1471 1337 ἐκδιδόναι
1498 1310 1634 1347 γνώμαις,
1657 1310 1708 1344 τὴν
1734 1308 1763 1337 δὲ
1791 1321 1858 1347 κρα-

1030 1356 1129 1381 τοῦσαν
1145 1354 1185 1391 (4)
1214 1352 1314 1386 ἄνωθεν
1341 1353 1371 1381 ἐκ
1393 1356 1447 1382 τῶν
1472 1354 1600 1391 Πατὲρων
1624 1352 1721 1387 εὐσεϐῆ
1736 1353 1860 1392 παράδο-

1031 1408 1082 1434 σιν,
1099 1398 1189 1435 ὥσπερ
1215 1398 1275 1425 τινὰ
1297 1397 1426 1435 γνώμονα
1451 1399 1488 1435 (5)
1511 1399 1557 1426 καὶ
1585 1398 1687 1426 κανόνα
1698 1399 1858 1436 προεκτιθι-

1033 1442 1142 1479 μένους,
1174 1440 1280 1479 ἀκριϐεῖ
1306 1442 1395 1479 τούτῳ
1416 1445 1571 1481 συγχωρεῖν
1586 1444 1706 1481 χρῆσθαι
1719 1443 1858 1482 κριτηρίῳ

1029 1488 1096 1525 πρὸς
1110 1487 1160 1522 τήν
1175 1490 1230 1515 τῶν
1247 1486 1404 1524 λεγομένων
1424 1486 1568 1516 ἒπίκοισιν.

1061 1623 1089 1650 5,
1125 1620 1289 1657 Πιστιύομεν
1324 1622 1363 1658 (6)
1402 1629 1441 1652 εις
1471 1619 1516 1648 ἕνα
1542 1621 1619 1654 Θεὸν,
1649 1619 1755 1658 Πατέρα
1783 1631 1853 1648 παν-

1026 1665 1188 1703 τοκράτορα,
1205 1665 1230 1702 ἐξ
1251 1664 1282 1692 οὗ
1309 1665 1342 1692 τὰ
1370 1665 1465 1694 πάντα.
1495 1665 1544 1692 Καὶ
1573 1665 1611 1696 εἷς
1639 1663 1686 1693 ἕνα
1715 1667 1852 1703 μονογενῆ

146 1712 214 1739 lium
233 1712 291 1745 Dei,
309 1712 393 1738 Deum
421 1711 546 1745 Verbum,
563 1711 709 1738 Dominum
734 1712 858 1738 nostrum
882 1711 972 1738 Iesum

1031 1696 1088 1738 Γίὸν
1117 1692 1166 1737 τόῦ
1182 1692 1271 1744 ’Θέοῖῃ
1288 1710 1352 1738 Θεὸν
1370 1710 1467 1748 Λόγον,
1491 1710 1537 1737 τὸν
1555 1692 1654 1747 Κύριον
1673 1692 1852 1746 (ἡμῶνἹῚηί

145 1756 294 1789 Christum,
308 1763 359 1790 per
377 1762 456 1790 quem
470 1759 534 1782 sunt
551 1755 654 1782 omnia.
679 1755 712 1781 Et
736 1755 766 1782 in
780 1762 867 1782 unum
882 1755 971 1790 Spiri-

144 1803 201 1828 tum
226 1801 352 1828 sanctum
376 1800 560 1832 Paraolelum,
577 1800 608 1826 in
633 1807 685 1834 quo
709 1799 846 1827 universae
868 1800 969 1833 gratia:

143 1845 302 1873 distributio
327 1845 410 1880 juzta
433 1845 637 1880 proportionem
664 1846 746 1879 prout
771 1843 880 1879 expedit
901 1844 953 1871 uni

142 1890 240 1924 cuique
253 1889 338 1916 datur
351 1891 524 1916 sanctorum.

178 1934 205 1960 6.
223 1933 287 1961 Hinc
303 1933 391 1967 igitur
406 1935 449 1960 est
465 1932 516 1959 illa
527 1931 690 1968 simplicior
700 1932 894 1965 confcssio,et
908 1941 968 1960 om-

145 1977 238 2010 nium,
255 1977 478 2013 quibuscumque
494 1977 549 2004 hoc
564 1985 640 2004 cura:
655 1979 699 2004 est
714 1977 910 2005 utvideantur
925 1977 969 2004 vel

144 2021 203 2050 sint
217 2021 389 2054 Christiani,
406 2020 573 2048 communis
589 2021 672 2056 ﬁdos,
690 2023 723 2048 ut
747 2021 920 2056 compendio
935 2029 969 2048 ac

142 2066 310 2102 generalius
317 2065 469 2101 aliquanto
476 2065 706 2100 dicam,omissis
713 2065 824 2092 caeteris
831 2074 967 2101 quorum,

142 2111 211 2146 quia
230 2111 326 2138 adhuc
351 2112 432 2138 extra
456 2110 683 2138 controversiam
709 2112 872 2145 versantur,
889 2118 968 2138 men-

142 2155 251 2183 tionem
269 2155 361 2182 facore
385 2155 567 2190 superﬂuum
589 2154 769 2190 judicamus.
788 2154 846 2183 Nos
860 2162 928 2181 vero
943 2154 967 2182 si

141 2200 259 2235 quidem
275 2200 443 2227 videremus
467 2199 630 2227 necessario
646 2199 817 2227 incumbere
832 2198 901 2233 illis,
919 2199 967 2235 qui

141 2243 232 2272 semel
249 2243 329 2279 ipsas
343 2252 428 2271 voces
445 2246 524 2272 ratas
535 2243 712 2277 habuerunt,
724 2246 753 2271 et
763 2252 822 2272 una
833 2252 897 2272 cum
915 2252 968 2272 no-

141 2288 273 2316 minibus
287 2295 386 2315 verum
405 2296 522 2324 quoque
546 2296 666 2316 sensum
692 2287 874 2316 indivulsum
890 2291 967 2316 tene-

177 2373 201 2391 "
216 2373 297 2400 Rom.
314 2381 377 2406 Vili,
394 2373 436 2400 18.

177 2466 235 2503 (99)
252 2466 387 2501 Basilius,
404 2474 471 2502 pag.
486 2466 550 2494 211.

180 2500 276 2537 (1)Ἰῐο.
291 2500 472 2530 rectius—ms.
489 2511 541 2537 pro
559 2500 718 2529 ὑπόλαυσιν.

179 2536 281 2579 (2_)LSic
297 2547 353 2566 ms.
380 2536 576 2574 Lindenbrog.
599 2546 651 2573 pro
666 2536 748 2574 παρά,
765 2538 841 2572 quod
858 2537 969 2566 Cavcus

146 2575 246 2602 edidit.

179 2610 217 2643 (3)
233 2610 289 2643 AL,
305 2609 349 2636 καὶ
367 2608 478 2640 αὐτούς.

190 2611 207 2637 3
233 2611 289 2643 AL,
305 2611 349 2636 καὶ
367 2611 478 2640 αὐτούς.

179 2611 219 2681 (4)
234 2646 372 2678 Basilius,
388 2654 453 2681 pag.
470 2645 532 2681 212.

180 2679 218 2716 (5)
236 2683 293 2709 Hac
318 2679 396 2709 ﬁdei'
413 2679 540 2709 formula
566 2679 654 2708 etiam
681 2680 780 2707 Arium
806 2679 969 2708 Alexandro

144 2715 339 2779 2Ailezxandrino
369 2718 469 2746 fucum
498 2716 602 2744 fecisse
635 2718 718 2744 notat
746 2716 873 2745 Basilius
902 2725 968 2753 pag.

181 2772 219 2822 (ὁ)
235 2787 371 2824 Basilius,
397 2797 463 2825 pag.
488 2788 550 2823 212,
574 2787 604 2815 C.
630 2803 664 2808 ν-
689 2786 864 2816 Whistonus
885 2787 971 2824 jubet

1026 1757 1088 1782 σοῦν
1105 1754 1231 1792 Χριστὸν⁸
1248 1753 1282 1781 δι’
1310 1755 1340 1782 οὗ
1368 1754 1401 1781 τὰ
1428 1755 1524 1782 πάντα.
1550 1754 1603 1782 Καὶ
1619 1754 1658 1784 εἷς
1685 1752 1712 1782 ἵν
1738 1756 1851 1789 Πνεῦμα

1023 1800 1108 1837 ἅγιον,
1123 1798 1168 1826 τὸν
1184 1798 1375 1836 Παράκλητον,
1392 1798 1418 1827 ἐν
1441 1799 1463 1835 ᾦ
1478 1799 1566 1834 πάσης
1591 1799 1705 1836 χάριτος
1728 1797 1848 1834 διανομὴ

1022 1843 1090 1871 κατὰ
1102 1843 1152 1877 τήν
1167 1843 1335 1881 συμμετρίαν
1351 1843 1418 1881 πρὸς
1427 1843 1458 1871 τὸ
1475 1844 1610 1882 συμφέρον
1623 1843 1728 1879 ἑκάστῳ
1744 1841 1850 1870 δίδοται

1023 1891 1076 1915 τῶν
1093 1887 1186 1925 ἁγίων.

1057 1933 1084 1961 6.
1113 1933 1145 1960 Ἡ
1177 1932 1224 1968 μὲν
1268 1931 1313 1959 οὖν
1351 1931 1523 1969 ἁπλουστέρα
1551 1931 1597 1959 καὶ
1625 1932 1706 1966 κοικὴ
1736 1930 1848 1959 πάντων

1022 1977 1123 2012 πίστις,
1139 1974 1212 2007 ὅσοις
1228 1977 1259 2003 τὸ
1275 1975 1364 2004 δοκεῖν
1381 1977 1398 2012 ἢ
1421 1977 1454 2005 τὸ
1469 1977 1537 2004 εἶναι
1551 1978 1723 2012 Χριστιανοῖς
1754 1975 1850 2011 ἐπιμε-

1024 2020 1081 2056 λὶς,
1097 2021 1134 2052 ὡς
1151 2020 1176 2048 ἐν
1200 2020 1337 2058 ἐπιδρομῇ
1363 2019 1630 2059 κεφαλαιωδέπερον
1648 2020 1744 2054 εἰπεῖν,
1769 2019 1850 2054 αὕτη,

1024 2065 1194 2102 λειπομένων
1212 2064 1250 2093 ἔτι
1265 2068 1319 2093 τῶν
1335 2064 1477 2104 δευτέρων,
1493 2066 1531 2092 ὧν
1557 2063 1603 2093 διὰ
1625 2065 1657 2092 τὸ
1673 2064 1743 2096 τέως
1763 2064 1850 2100 ἀναμ-

1023 2107 1191 2146 φισϐήτητον
1221 2111 1260 2147 (7)
1288 2108 1431 2146 παρέλκειν
1470 2109 1611 2147 ἡγούμεθα
1645 2109 1694 2143 τήν
1725 2109 1849 2145 μνήμην.

1020 2155 1115 2190 Ἡμεῖς
1141 2153 1163 2182 δ’
1184 2154 1206 2181 εἰ
1233 2154 1281 2190 μὲν
1306 2154 1434 2192 ἑωρῶμεν
1460 2153 1605 2191 ἐπάναγκες
1624 2153 1692 2181 εἶναι
1708 2155 1768 2184 τοῖς
1781 2153 1850 2187 ἅπαξ

1021 2199 1068 2230 τὰς
1101 2199 1190 2236 φωνὰς
1224 2197 1467 2236 παραδεξαμένοις,
1503 2197 1708 2236 ἀπαράτρεπτον
1741 2195 1850 2225 συνδια-

1022 2244 1117 2277 σώζειν
1144 2245 1201 2273 τοῖς
1230 2243 1345 2280 ὀνόμασι
1377 2244 1427 2277 τὴν
1457 2242 1547 2278 ἀληθῆ
1578 2241 1716 2276 διάνοιαν,
1744 2243 1762 2276 ἢ
1786 2241 1851 2272 τοὺς

1020 2289 1095 2324 ἡμᾶς
1111 2285 1233 2320 ἀσεϐείας
1257 2288 1361 2327 γραφὴν
1388 2287 1579 2326 γραψαμένους
1610 2287 1679 2324 μετὰ
1706 2287 1757 2322 τήν
1778 2287 1850 2323 ὁμο-

982 2469 1005 2501 D
1024 2467 1097 2495 terra
1115 2467 1280 2503 symbolum
1295 2467 1373 2503 quod
1392 2469 1487 2495 exstat
1500 2468 1647 2496 Constitui.
1663 2467 1782 2502 apostol.
1799 2475 1849 2500 vu,

1059 2538 1097 2574 (7)
1115 2540 1158 2574 Ita.
1173 2541 1251 2566 recte
1270 2546 1341 2566 mss.
1367 2547 1431 2574 quae
1455 2538 1578 2573 inspexi,
1593 2537 1661 2574 licet
1674 2537 1850 2566 Whistonus

1023 2573 1094 2610 legit
1115 2573 1337 2611 ᾀμφισοήτητον,
1363 2573 1449 2602 vertit
1472 2574 1551 2611 enim
1568 2573 1731 2611 :_,0mi_tting
1746 2578 1775 2601 at
1787 2582 1850 2609 pre-

1023 2612 1083 2636 sent
1099 2609 1144 2637 the
1158 2609 1317 2638 additional
1332 2611 1442 2638 articles
1465 2609 1553 2637 which
1573 2609 1641 2637 have
1656 2609 1724 2636 been
1738 2612 1846 2637 contro-

1024 2645 1128 2683 versed.
1145 2645 1201 2673 Sed
1210 2654 1268 2683 per
1281 2645 1315 2673 τὰ
1329 2643 1449 2683 δεύτεραᾲ
1461 2644 1622 2683 Eunomius
1646 2644 1787 2683 intelligit
1801 2653 1847 2683 ca-

1024 2680 1087 2716 pita
1108 2680 1270 2718 posteriora
1293 2690 1356 2717 qum
1381 2680 1411 2709 in
1437 2680 1574 2718 Symbolo
1598 2680 1800 2718 sequebantur
1814 2680 1847 2707 de

1024 2715 1240 2744 resurrectione
1253 2719 1282 2745 et
1300 2715 1358 2745 vita
1372 2715 1492 2752 aeterna,
1508 2717 1543 2744 de
1558 2715 1667 2752 quibus
1682 2715 1772 2752 nulla,
1780 2718 1847 2752 tunc

1024 2754 1087 2780 erat
1096 2753 1374 2782 controversia.Erat
1386 2751 1489 2782 autem
1497 2751 1713 2788 gravissimade
1721 2751 1793 2788 Filio
1802 2751 1847 2779 Dei

1024 2790 1053 2816 et
1062 2788 1168 2824 Spiritu
1181 2791 1293 2823 sancto,
1303 2790 1338 2818 de
1348 2789 1456 2826 quibus
1465 2787 1553 2819 verba
1563 2787 1686 2824 symboli
1698 2787 1846 2824 ascripsit.
