2011 3142
96 162 152 193 8H
633 163 800 196 EUNOMII
821 163 936 195 LIBER
957 164 1266 195 APOLOGETICUS.
1744 162 1805 195 842
1846 201 1851 204 ⁸

96 228 193 267 λογίαν
219 229 321 264 ταύτην
351 229 510 267 ἐλευθέρως
536 230 661 268 ἀφιέντας
695 232 749 257 τῶν
779 230 890 268 ἔγκλημι

1010 233 1051 265 nt,
1065 231 1161 267 parive
1186 231 1363 260 necessitate
1378 232 1512 266 oportere
1536 238 1596 264 eos,
1609 230 1659 266 qui
1676 237 1730 258 nos
1745 229 1803 258 im-

95 285 161 309 των,
177 273 378 312 καθαρευούσης
402 274 490 301 αὑτῶν
518 277 568 309 τῆς
599 273 719 306 διανοίας
747 275 835 310 πάσης
865 285 889 302 κι

1009 276 1095 304 etatis
1106 279 1293 311 accusarunt,
1304 278 1368 312 post
1379 275 1488 303 editam
1502 275 1576 303 banc
1587 275 1802 303 confessionem

95 320 176 355 ἡμῶν
193 321 314 356 πονηρᾶς
334 319 474 354 ὑπονοίας,
490 321 586 347 τοῦτον
602 319 665 356 ὅρον
693 319 737 346 καὶ
763 320 846 357 πέρας
868 323 889 347 τε

1008 331 1013 349 μ
1025 321 1177 349 intentatis
1186 321 1359 348 criminibus
1371 328 1489 348 rursum
1502 328 1555 348 nos
1567 319 1727 354 absolvere,
1736 328 1802 355 pur-

96 362 173 390 ἰδίων
202 362 232 390 ἂν
258 362 445 399 ἐποιησάμεθα
475 363 576 402 λόγων,
592 362 700 402 ἀσφαλῆ
729 364 778 399 τὴν
803 364 888 401 ἡσυχί

1008 368 1044 393 ito
1056 364 1197 393 nimirum
1208 365 1340 401 ipsorum
1354 365 1452 392 animo
1463 365 1499 392 ab
1511 364 1591 392 omni
1603 373 1690 400 prava
1701 365 1802 392 contra

96 409 164 444 ἡμῖν
194 406 369 445 έγγυωμένης
397 411 447 442 τῆς
475 407 639 445 ὁμολογίας.
655 407 766 442 Ἐπειδὴ
795 407 824 436 δὲ
855 409 890 445 μή

1007 419 1031 438 )s
1050 410 1216 446 suspicione
1234 419 1240 438 :
1258 418 1412 446 possemus
1434 409 1554 445 quidem
1569 408 1724 437 verborum
1749 417 1801 436 no-

95 451 142 480 διὰ
167 452 313 479 κακόνοιαν
341 450 360 486 ἤ
387 463 448 480 τινα
475 453 589 489 γνώμης
630 453 786 490 μοχθηρίαν
821 452 889 490 ἑτέρα

1008 463 1105 482 rorum
1121 455 1223 483 statim
1239 455 1326 482 ﬁnem
1346 457 1374 482 et
1392 454 1552 482 terminum
1568 454 1616 481 hic
1632 454 1736 486 facere,
1753 455 1802 480 tu-

94 496 278 534 παρατρᾶπειν
307 495 353 523 καὶ
379 494 542 535 διαφθείρειν
580 497 629 530 τὴν
667 495 770 524 ἔννοιαν
814 496 888 534 ἐπιχε

1012 507 1040 526 m
1052 499 1127 526 698
1145 499 1330 534 quietemque
1344 499 1506 534 spondente
1519 497 1604 525 nobis
1619 497 1720 525 eadem
1737 505 1803 525 con-

94 543 200 578 ροῦσιν,
230 540 368 577 αὐτάρκης
397 540 465 578 πρὸς
493 540 623 568 πίστωσιν
652 541 702 575 τῆς
732 540 887 578 ἀληθείας(

1009 543 1113 571 asione.
1130 543 1235 571 Verum
1252 543 1321 579 quia
1337 550 1432 579 neque
1447 542 1517 576 illis,
1533 542 1582 578 qui
1599 541 1803 570 malevolentia

94 585 146 622 γὰρ
175 583 206 612 ἂν
235 581 388 616 Σαϐάλλιος
418 585 432 611 ὁ
457 582 547 620 Λίϐυς,
563 584 608 612 καὶ
625 584 789 623 Μάρκελλος
803 586 817 613 ὁ
834 585 888 613 Γαλ

1009 590 1028 616 It
1042 588 1098 616 alio
1113 589 1242 624 quodam
1258 588 1327 616 vitio
1341 596 1443 616 verum
1463 596 1582 615 sensum
1596 589 1760 623 pervertere
1775 589 1803 614 et

95 640 155 664 της,
171 629 217 656 καὶ
233 629 382 664 Φωτεινὸς,
396 628 415 664 ἤ
429 640 472 660 τις
484 629 570 661 ἄλλος
584 631 638 656 τῶν
652 630 702 664 τήν
717 629 801 665 αὐτὴν
815 630 889 658 toﬁ-rt

1008 641 1162 668 irrumpere
1178 635 1333 665 conentur,
1345 633 1380 660 ad
1402 633 1488 660 ﬁdem
1506 632 1620 660 veritati
1641 631 1802 660 faciendam

98 674 194 711 μανίαν
213 673 359 710 μανέντων,
376 672 518 712 συλλόγων
542 674 685 712 ἱερατικῶν
710 674 754 702 καὶ
779 675 892 702 κοινωνίη

1008 677 1087 704 ιίίὶοἱῐ
1101 677 1222 713 (alioqui
1238 677 1316 705 enim
1331 676 1477 705 Sabellius
1493 677 1589 712 Libys,
1606 678 1635 704 et
1649 675 1802 703 Marcellus

97 718 267 756 μυστηρίων,
282 719 327 745 καὶ
343 715 498 756 περιϐόλων
515 717 747 753 ἐκκλησιαπικῶν
772 718 891 757 ε’ίργοντι

1009 721 1088 753 ilata,
1101 724 1130 749 et
1144 721 1297 754 Photinus,
1309 723 1360 749 aut
1376 721 1533 757 quisquam
1546 719 1622 748 alius
1636 727 1671 747 ex
1682 719 1740 747 illis
1753 719 1803 754 qui

97 764 235 800 μήθ’ήμῖν
246 763 324 797 ἱκανὴ
337 763 405 799 πρὸς
418 762 541 790 διάλυσιν
551 765 605 790 τῶν
614 763 812 801 ἐπενεχθέντων
823 763 890 801 ἐγκλ

1012 766 1078 793 dem
1094 773 1160 793 cum
1181 765 1255 800 ipsis
1276 766 1372 794 furore
1388 765 1602 798 insaniverunt,
1619 766 1772 800 propterea
1787 772 1803 791 a

97 809 201 845 μάτων·
218 807 291 835 ἀλλὰ
306 806 347 835 δεῖ
359 818 441 835 τινων
456 805 654 846 ἀκριϐεστέρων
670 807 762 846 λόγων
778 808 847 846 πρὸς
869 819 891 836 τι

1007 811 1068 838 ,cris
1092 810 1286 838 conventibus
1303 813 1331 838 et
1351 810 1558 845 mysteriorum
1585 808 1801 842 communione,

94 856 142 887 τῆς
161 851 282 883 διανοίας
304 851 466 887 έξάπλωσιν·
483 853 677 889 πειρασόμεθα,
695 853 732 885 ὡς
761 853 790 880 ἂν
816 852 871 880 οἷοί

1007 855 1106 891 Ieoque
1122 855 1330 883 ecclesiasticis
1344 855 1436 890 septis
1459 862 1516 881 non
1542 852 1734 888 arcerentur),
1750 861 1801 880 ne-

94 898 168 934 ὧμεν
198 896 237 927 εἷς
262 896 416 936 τούμφανὲς
441 896 546 934 ἀνάγειν
573 898 604 931 ἢν
632 897 709 925 αὐτοὶ
732 897 793 935 περὶ
817 897 888 925 τούτι

174 942 180 950 Ι
283 938 296 950 Ἰ
411 939 423 950 δ
432 940 453 950 Ib
516 940 528 950 »Ι
668 941 692 950 ΛΙ
789 942 795 950 I
835 941 844 950 Ν
858 943 879 950 Ι-

1007 907 1033 927 ie
1048 900 1134 928 nobis
1149 900 1183 927 ad
1202 899 1281 927 illata
1296 901 1397 927 contra
1413 907 1466 927 nos
1481 898 1605 926 crimina
1615 897 1801 925 dissolvenda

93 942 266 979 νυγχάνομεν
283 938 393 978 ἔχοντες
409 939 498 977 δόξαν,
510 940 573 976 ἤτοι
585 941 754 979 προτιθέντες
765 942 814 976 τὴν
835 941 887 978 λέξι

1006 944 1128 972 ifﬁciens
1143 943 1231 972 fuerit
1248 953 1253 972 :
1269 952 1371 972 verum
1397 952 1471 980 opus
1494 945 1546 970 est,
1561 941 1800 977 exquisitioribus

95 986 142 1017 εἴθ’
156 986 268 1024 ὕστερον
296 985 510 1017 ἐκκαλύπτοντες
537 985 587 1020 τήν
616 985 731 1022 ἔννοιαν,
746 987 764 1021 ἢ
785 987 830 1014 καὶ
853 997 889 1023 πρ

1024 989 1214 1017 solidioribus
1241 989 1417 1024 quibusdam
1444 987 1609 1018 rationibus
1633 987 1670 1014 ad
1695 994 1801 1014 sensus

91 1031 230 1067 κειμέναις
260 1032 320 1062 ταῖς
349 1029 463 1062 ἐννοίαις
490 1031 538 1062 τὰς
553 1031 643 1070 φωνὰς
660 1030 870 1070 ἐφαρμόζοντες,

1006 1033 1035 1060 ιιιὶ
1051 1033 1275 1068 explicationem
1292 1046 1298 1061 :
1315 1033 1490 1061 conabimur
1505 1032 1604 1067 itaque
1619 1031 1715 1067 quoad
1733 1039 1800 1066 pos-

93 1074 299 1112 λυμαινομένης
314 1077 347 1112 τῇ
363 1074 478 1111 ἀληθείᾳ
491 1077 542 1110 τῆς
567 1076 636 1103 κατὰ
664 1077 714 1110 τήν
730 1075 802 1111 τάξιν
819 1075 883 1103 ταύτ

1006 1086 1079 1105 Imus
1094 1078 1123 1105 in
1140 1078 1327 1105 manifestam
1352 1077 1446 1104 lucem
1471 1076 1600 1112 proferre
1622 1083 1687 1103 eam
1712 1083 1800 1110 quam

93 1118 258 1158 έναλλαγῆς,
273 1119 430 1157 ἀρκούντων
445 1118 553 1154 δηλαδὴ
566 1122 620 1147 τῶν
638 1119 725 1147 αὐτῶν
753 1121 821 1156 ἡμῖν
850 1130 886 1157 πρ

1007 1121 1031 1149 si
1051 1124 1186 1150 tenemus
1216 1122 1297 1150 hisee
1319 1123 1354 1149 de
1378 1122 1467 1149 rebus
1491 1119 1679 1153 sententiam,
1697 1119 1742 1147 vel
1770 1121 1801 1147 ut

91 1174 119 1191 τι
131 1164 182 1198 τήν
197 1164 330 1200 ἡμετέραν
347 1163 434 1191 αὐτῶν
450 1163 614 1202 ἀπολογίαν,
630 1164 675 1191 καὶ
698 1164 745 1192 τὸν
769 1167 822 1191 τῶν
844 1165 885 1201 ἡμ

1004 1166 1104 1194 -ἰηιυω
1121 1166 1297 1200 ἱοῖωοᾱὶυιτι
1320 1166 1477 1194 efferamus
1491 1165 1579 1193 verba
1595 1163 1798 1196 confessionis,

92 1208 275 1245 γραψαμένων
291 1207 416 1246 ἔλεγχον.

1017 1210 1058 1238 ita
1081 1211 1186 1238 deinde
1202 1219 1236 1238 ex
1255 1211 1298 1238 eis
1323 1218 1462 1238 eruamus
1477 1217 1577 1237 verum
1604 1216 1739 1242 sensum;
1755 1207 1799 1236 vel

91 1253 179 1282 etiam
198 1256 230 1281 ut
246 1253 391 1289 prasjactis
407 1253 562 1282 sententiis
582 1256 716 1290 aptemus
730 1262 815 1282 voces
833 1263 840 1282 :
855 1261 913 1282 non
929 1257 963 1283 ut
986 1255 1140 1284 veritatem
1161 1255 1306 1284 convellat
1320 1255 1381 1283 hzec
1392 1255 1494 1290 juxsta
1510 1254 1616 1282 seriem
1632 1253 1708 1281 hanc
1723 1261 1740 1280 ο
1754 1261 1799 1281 me

91 1297 229 1326 instituta
243 1298 445 1332 commutatio,
458 1298 509 1326 sed
525 1300 557 1325 ut
572 1298 633 1326 haec
648 1298 714 1334 ipsa
729 1298 771 1326 ita
785 1301 908 1326 tractata
923 1299 958 1326 ad
976 1302 1135 1336 utrumque
1148 1300 1308 1335 sufﬁciant,
1325 1299 1466 1327 nimirum
1483 1300 1514 1326 ut
1528 1301 1557 1326 et
1569 1300 1701 1325 nostram
1718 1300 1798 1325 tuea-

92 1351 158 1370 mur
172 1342 351 1378 apologiam,
367 1344 396 1370 et
411 1350 460 1370 eos
476 1350 604 1379 quoque,
621 1343 671 1378 qui
687 1351 741 1370 nos
757 1345 944 1379 accusarunt,
961 1352 1163 1380 coargaamus.

124 1389 151 1413 ’7.
167 1387 207 1421 (8)
231 1387 280 1417 Εἷς
308 1386 398 1413 τοίνυν
432 1386 500 1414 κατά
524 1397 553 1413 τε
581 1387 696 1426 φυσικὴν
725 1385 841 1422 ἓννοιαν,
871 1387 916 1414 καὶ

1006 1388 1034 1417 7.
1052 1389 1148 1416 Unum
1165 1388 1255 1425 igitur
1268 1391 1329 1416 tam
1344 1388 1507 1416 secundum
1524 1385 1687 1414 naturalem
1703 1385 1796 1412 notio-

91 1431 157 1458 κατᾶ
172 1430 222 1464 τὴν
235 1432 288 1457 τῶν
305 1430 432 1468 Πατέρων
448 1429 624 1459 διδασκαλίαν
640 1432 708 1467 ἡμῖν
733 1431 885 1469 ὡμολόγητ

1001 1441 1050 1468 im,
1062 1441 1151 1469 quam
1167 1433 1329 1461 secundum
1350 1434 1468 1460 Patrum
1485 1430 1648 1458 doctrinam
1669 1429 1795 1457 confessi

91 1474 164 1505 Θεός·
184 1476 252 1511 μήτε
279 1475 343 1513 παρ’
371 1475 478 1509 ἑαυτοῦ,
496 1476 565 1511 μήτε
592 1476 656 1513 παρ’
685 1475 778 1513 ἑτέρου
807 1475 885 1513 γενόμ

1003 1486 1074 1505 imus
1091 1478 1193 1511 Deum,
1206 1477 1256 1513 qui
1273 1484 1367 1512 neque
1382 1485 1399 1503 θ.
1411 1476 1508 1511 seipse
1522 1483 1616 1510 neque
1632 1474 1668 1502 ab
1681 1473 1738 1501 alio
1754 1477 1797 1501 est

91 1528 145 1549 νος.
163 1518 306 1556 Ἑκάτερον
328 1519 379 1556 γὰρ
408 1518 495 1546 αὐτῶν
523 1517 619 1553 ὶπίσης
648 1517 790 1546 ἀδύνατον·
821 1518 885 1546 limi

1001 1525 1076 1550 ctus.
1094 1522 1257 1557 Utrumque
1273 1521 1352 1548 enim
1377 1521 1480 1548 horum
1506 1527 1589 1555 teque
1603 1517 1795 1554 impossibile,

91 1573 121 1600 γε
149 1562 191 1590 δεῖ
217 1563 287 1590 κατὰ
314 1562 443 1598 ἀλήθειαν
473 1563 503 1590 τό
531 1573 561 1590 τε
588 1563 684 1590 ποιοῦν
706 1565 754 1590 τοῦ
769 1563 885 1601 γινομένη

1004 1566 1211 1602 tendoquidem
1229 1566 1293 1601 ipse
1303 1565 1409 1593 veritas
1423 1564 1559 1600 requirit,
1571 1565 1604 1591 ut
1615 1571 1703 1590 causa
1719 1562 1798 1598 prior

92 1607 290 1645 προϋπάρχειν,
307 1608 351 1635 καὶ
366 1608 397 1635 τὸ
411 1607 576 1644 ποιούμενον
602 1610 651 1634 τοῦ
680 1609 823 1639 ποιοῦντος
847 1608 883 1635 εἶν

1001 1613 1009 1638 ι
1024 1611 1138 1644 eﬂ‘ectu,
1151 1613 1178 1638 et
1193 1613 1226 1638 ut
1241 1611 1350 1638 factum
1366 1609 1405 1637 sit
1420 1608 1566 1645 porterius
1580 1608 1644 1644 ipso
1661 1607 1795 1635 faciente.

94 1650 228 1689 δεύτερον·
248 1653 318 1688 μήτε
346 1650 375 1679 δὶ
403 1652 469 1679 αὐτὸ
499 1652 595 1679 ἑαυτοῦ
622 1651 753 1690 πρότερον
769 1653 786 1687 ἢ
804 1652 888 1689 ὕστερα

1001 1663 1028 1684 ac
1043 1656 1104 1683 fieri
1121 1657 1216 1691 potest
1231 1657 1263 1682 ut
1277 1663 1368 1682 unum
1382 1654 1545 1690 quidquam
1561 1655 1590 1680 et
1604 1653 1683 1680 idem
1699 1652 1738 1679 sit
1751 1660 1795 1680 se-

92 1697 155 1723 εἴναι
188 1695 330 1729 δύνασθαι,
361 1697 430 1732 μήτε
457 1695 548 1734 ἕτερόν
576 1707 603 1723 τι
628 1697 681 1733 πρὸ
710 1699 757 1724 τοῦ
779 1699 856 1724 Θεοῦ.
881 1699 886 1706 “

1001 1709 1033 1728 se
1045 1700 1126 1736 prius
1136 1702 1187 1727 aut
1197 1699 1355 1735 posterius,
1368 1698 1446 1726 sicut
1456 1700 1484 1726 et
1493 1697 1596 1725 eadem
1609 1697 1721 1724 ratione
1733 1696 1794 1723 fieri

90 1741 139 1778 γὰρ
154 1742 184 1768 ἂν
204 1740 292 1768 έκεῖνο
306 1740 359 1778 πρὸ
377 1743 426 1768 τοῦ
442 1739 568 1778 δευτέρου
583 1741 614 1768 τὸ
628 1744 678 1775 τῆς
692 1740 820 1775 Θεότητος
836 1738 884 1779 ἔσχ

1001 1745 1081 1780 ιιιυίι,
1092 1748 1124 1772 ut
1135 1744 1214 1772 aliud
1227 1744 1390 1780 quidquam
1402 1743 1493 1770 Deum
1506 1741 1713 1770 antecesserit:
1727 1740 1795 1768 alio-

90 1785 205 1821 ἀξίωμα.
221 1785 262 1813 Τὸ
289 1785 339 1822 γάρ
367 1795 409 1812 τοι
439 1783 548 1812 δυνατὸν
572 1785 639 1812 εἶναι
655 1785 744 1822 λέγειν
763 1785 806 1816 ὑφ’
823 1785 880 1822 ἐτέρ

999 1790 1020 1817 ii
1036 1789 1115 1817 enim
1133 1789 1187 1817 hoc
1203 1789 1300 1824 ipsum
1312 1787 1473 1815 divinitatis
1486 1787 1659 1822 dignitatem
1671 1785 1793 1813 habuis-

90 1839 113 1855 τι
141 1829 264 1866 γίνεσθαι
294 1828 394 1864 ἀληθὲς
419 1827 459 1862 ὃν,
477 1829 520 1856 ἒπὶ
531 1831 650 1867 γενητῶν
669 1828 697 1856 ἂν
725 1829 786 1867 ἔχοι
808 1830 884 1867 χώρα

998 1836 1014 1861 ιι
1024 1836 1088 1862 ante
1099 1833 1172 1861 illud
1184 1833 1261 1868 quod
1274 1831 1420 1868 posterius
1431 1833 1485 1858 est.
1494 1831 1563 1864 Hoc,
1572 1831 1792 1865 inquam,aaque

90 1873 153 1900 κάπὶ
182 1876 237 1901 τῶν
269 1874 319 1901 ὑπὸ
347 1875 413 1901 Θεοῦ
440 1873 592 1911 γινομένων
628 1873 752 1902 τάττοιτο
791 1873 884 1902 δικαίω

1000 1878 1152 1914 ipossibile
1173 1880 1226 1905 est.
1250 1876 1363 1904 Etenim
1389 1876 1536 1903 afﬁrmare
1561 1874 1623 1902 fieri
1649 1881 1746 1909 posse,
1763 1875 1794 1900 ut

91 1920 192 1947 Οὐκοῦν
213 1919 252 1955 (9)
268 1918 291 1946 εί
308 1919 378 1955 μήτε
390 1918 470 1949 αὐτὸς
485 1919 591 1952 ἑαυθοῦ,
610 1920 675 1955 μήθ’
693 1918 783 1956 ἕτερόν
811 1930 837 1947 τι
865 1931 885 1947 αν

1000 1923 1048 1950 iod
1064 1930 1128 1950 vere
1144 1924 1199 1956 est,
1212 1921 1247 1948 ab
1262 1920 1318 1948 alio
1330 1921 1439 1947 factum
1452 1919 1500 1953 sit,
1513 1919 1610 1946 locum
1621 1918 1650 1945 id
1663 1917 1751 1945 habet
1765 1917 1794 1944 in

90 1963 136 1990 τοῦ
164 1962 351 2000 προϋπάρχειν
382 1962 525 1997 δέδεικται,
546 1964 599 2001 πρὸ
628 1963 657 1991 δὶ
685 1963 792 1991 πάντων
822 1964 884 1991 αὐτό

1003 1976 1006 1993 ι
1022 1975 1083 2002 quae
1108 1966 1241 2002 generari
1256 1967 1285 1993 et
1304 1965 1366 1992 fieri
1392 1965 1527 2000 possunt,
1544 1970 1654 1998 suoque
1674 1963 1742 1998 jure
1757 1962 1797 1989 ita

92 2007 240 2035 ἆκολουθεῖ
267 2007 357 2044 τούτῳ
387 2008 419 2035 τὸ
445 2008 609 2045 ἀγέννητον·
641 2007 747 2044 μᾶλλον
778 2007 807 2036 δὲ
835 2008 883 2036 αὐτ

1003 2010 1078 2037 citur
1097 2009 1132 2037 de
1155 2009 1192 2037 iis
1216 2017 1280 2044 quae
1296 2017 1313 2036 a
1329 2011 1385 2035 Deo
1401 2008 1476 2035 facta
1502 2009 1582 2034 sunt.
1604 2006 1756 2038 Quocirca,
1773 2005 1797 2033 si

90 2052 161 2079 ἔστιν
177 2052 256 2079 οὐσία
271 2052 429 2089 ἂγέννητος.
448 2052 575 2089 Περιττὸν
606 2053 653 2088 μὶν
680 2051 748 2084 ’ίσως
778 2052 823 2080 καί
846 2063 883 2080 πα

1002 2062 1024 2081 το
1037 2054 1100 2089 ipse
1115 2054 1211 2089 seipse
1228 2053 1308 2088 prior
1328 2052 1393 2085 fuit,
1409 2059 1505 2087 neque
1519 2050 1598 2078 aliud
1614 2050 1684 2085 quid
1699 2050 1796 2085 ipsum

91 2096 170 2124 ἕλκον
197 2095 268 2132 δόξει
296 2097 352 2123 τισὶ
386 2097 420 2124 τὰ
447 2095 565 2127 πολλοῖς
596 2095 807 2134 ὁμολογούμενα
834 2108 883 2124 κατ

1003 2098 1140 2132 ιιοοοεείι,
1162 2100 1193 2125 ut
1213 2097 1275 2132 jam
1292 2099 1338 2124 est
1361 2097 1609 2128 demonstratum,
1626 2094 1710 2129 sique
1735 2094 1797 2129 ipse

91 2142 229 2175 σκευάζειν
258 2141 295 2172 ὡς
324 2138 476 2179 ἀμφίϐολα.
494 2140 532 2168 Οὐ
560 2141 612 2176 μὴν
638 2140 710 2168 ἀλλά
724 2152 755 2179 γε
784 2141 828 2169 διὰ
851 2153 882 2169 το

1003 2146 1038 2170 ite
1054 2143 1152 2170 omnia
1166 2142 1282 2170 exsistit
1295 2150 1300 2169 :
1313 2147 1495 2175 consequens
1511 2140 1556 2167 est
1570 2138 1670 2173 ipsum
1686 2137 1797 2174 ingeni-

91 2185 185 2223 σοφίαν
203 2184 344 2221 οἲομένους
356 2186 406 2220 τὴν
421 2185 489 2223 πρὸς
511 2185 545 2212 τὰ
566 2185 666 2224 φανερὰ
694 2186 797 2224 μάχην,
813 2187 831 2221 ἢ
847 2197 882 2224 πρ

1000 2196 1034 2215 κω
1050 2196 1115 2215 esse
1130 2196 1137 2215 :
1153 2187 1213 2214 imo
1240 2186 1338 2221 potius
1360 2185 1423 2221 ipse
1439 2186 1484 2212 est
1499 2182 1629 2211 essentia
1652 2182 1794 2218 ingenita.

93 2231 196 2266 μέμψιν
213 2229 257 2257 καὶ
282 2230 459 2268 συκοφαντίαν
484 2229 763 2266 παρεσκευασμένους,
779 2229 820 2258 δεῖ
841 2241 887 2258 τινι

1003 2239 1226 2268 ipervacaneum
1238 2230 1357 2266 quidem
1372 2228 1507 2257 fortassis
1517 2231 1544 2255 et
1555 2227 1710 2255 abundans
1725 2234 1797 2254 non-

90 2257 282 2312 ἀκριδεστέρας
296 2257 510 2312 παρατηρήσεως
523 2257 601 2310 ἷὴμῖν.
654 2257 659 2266 1
744 2257 763 2265 η
799 2257 818 2258 Π
849 2257 852 2258 7

1003 2257 1294 2309 illa
1315 2257 1378 2310 quas
1403 2273 1481 2309 apud
1505 2272 1659 2309 plerosque
1683 2273 1753 2299 sunt
1768 2271 1797 2298 in

90 2320 233 2353 confesso,
249 2320 292 2347 ita
314 2321 439 2347 tractare
455 2327 487 2346 ac
503 2319 528 2347 si
543 2322 642 2347 essent
666 2319 766 2347 dubia.
785 2321 889 2349 Verum
905 2321 982 2349 enim
998 2329 1067 2348 vero
1093 2322 1212 2356 propter
1230 2319 1296 2346 illos
1322 2319 1370 2354 qui
1396 2317 1571 2353 sapientiam
1588 2323 1652 2344 esse
1667 2319 1799 2350 censent,

90 2366 193 2391 contra
208 2371 271 2391 rem
287 2363 474 2392 manifestam
490 2371 631 2399 pugnare,
648 2364 693 2391 vel
708 2364 794 2392 etiam
810 2368 929 2401 propter
943 2365 1016 2393 alios
1032 2365 1081 2401 qui
1099 2365 1134 2392 ad
1150 2364 1346 2392 vellicandum
1361 2365 1390 2390 et
1405 2361 1646 2390 ealumniandum
1662 2359 1800 2389 instructi

90 2410 169 2441 sunt,
186 2415 305 2435 necesse
320 2409 363 2435 est
380 2410 412 2434 ut
426 2407 628 2435 observatione
644 2410 762 2436 utamur
779 2409 970 2438 accuratiore.

124 2453 151 2479 8.
167 2451 328 2489 Ἀγέννητον
343 2449 371 2478 Si
386 2450 523 2488 λέγοντες,
540 2451 592 2478 οὐκ
616 2450 730 2487 ὀνόματι
748 2452 830 2488 μόνον
859 2454 918 2480 κατ’

1009 2454 1035 2481 8.
1047 2453 1168 2485 Quando
1188 2454 1285 2480 autem
1301 2451 1464 2487 ingenitum
1483 2450 1610 2478 dicimus
1628 2450 1729 2484 Deum,
1742 2458 1797 2477 non

92 2494 213 2522 ὶπίνοιαν
243 2495 414 2532 ἀνθρωπίνην
442 2495 579 2532 σεμνύνειν
607 2495 722 2531 οἰόμεθα
751 2495 816 2530 δεῖν,
846 2497 886 2525 ἀπι

1006 2498 1150 2525 bitramur
1173 2497 1290 2524 nomine
1305 2498 1392 2524 tenus
1407 2495 1512 2523 saltem
1527 2496 1610 2530 juxta
1634 2494 1798 2522 humanum

91 2540 212 2568 τιννύναι
228 2538 256 2567 δὶ
270 2540 328 2567 κατ’
344 2539 474 2575 ἀλήθειαν
487 2541 541 2575 (10)
556 2540 587 2566 τὸ
607 2540 714 2567 πάντων
739 2540 884 2578 ἀναγκαιότ

1003 2545 1169 2569 ιιηωοοιυω
1184 2549 1248 2569 esse
1264 2540 1419 2568 colendum
1433 2548 1439 2566 :
1453 2539 1504 2567 sed
1521 2547 1620 2567 revera
1636 2538 1690 2565 hoc
1705 2537 1797 2565 maxi-

90 2594 135 2611 τον
151 2582 268 2624 ὄφλημα
282 2586 321 2620 τῷ
336 2587 395 2620 Θεῷ
409 2585 458 2618 τὴν
473 2586 521 2611 τοῦ
544 2584 608 2611 εἶναι
625 2585 639 2611 δ
655 2584 725 2612 ὶστιν
752 2585 884 2623 ὁμολογία

1004 2595 1019 2614 e
1044 2586 1244 2614 necessarium
1269 2585 1402 2613 debitum
1418 2584 1477 2611 Deo
1503 2583 1738 2619 persolvendum,
1755 2581 1798 2608 in-

91 2630 126 2656 Τά
138 2629 189 2667 γάρ
215 2639 259 2656 τοι
283 2628 341 2656 κατ’
359 2628 478 2655 ὶπίνοιαν
501 2627 636 2665 λεγόμενα
659 2628 684 2656 ἐν
716 2628 835 2666 ὀνόμασι
868 2642 885 2664 μ

1005 2639 1099 2659 ιηυοιη
1115 2631 1228 2659 scilicet
1242 2629 1468 2661 confessionem,
1485 2627 1563 2663 quod
1580 2626 1720 2654 nimirum
1736 2625 1799 2661 ipse

88 2684 130 2701 νον
147 2675 204 2711 (ii)
219 2673 265 2700 καὶ
292 2675 418 2710 προφορᾷ
445 2674 477 2700 τὸ
505 2673 572 2700 εἶναι
597 2672 707 2711 ἔχοντα,
723 2676 783 2705 ταῖς
813 2685 882 2713 eum

1002 2679 1012 2704 t
1027 2676 1081 2704 hoc
1095 2676 1192 2711 ipsum
1209 2675 1287 2710 quod
1304 2674 1553 2707 est.0ueeeunque
1567 2671 1645 2698 enim
1660 2677 1730 2697 voce
1745 2669 1796 2697 ali-

121 2748 158 2788 (εέ)
173 2745 465 2788 servasses-2“-
548 2782 600 2788 η.-
807 2784 812 2788 .

1083 2745 1370 2788 liaeiliuslpag._216,
1386 2741 1535 2788 txrtv'vevai
1550 2739 1579 2768 δὲ
1594 2739 1677 2776 αὐτῷ.

121 2777 159 2817 ξ9)
175 2782 264 2818 Apud
286 2777 438 2817 Bia-silium,
462 2789 529 2818 pag.
548 2782 612 2816 215,
638 2779 679 2818 ἄρ’
705 2792 762 2818 ουν,
788 2784 817 2811 et
841 2791 887 2812 mc

93 2820 161 2855 μήτε
175 2817 285 2855 ἔτερον.

737 2792 762 2818 ν,
788 2784 817 2811 et
841 2791 920 2820 mox,
1011 2777 1068 2818 (11')
1084 2784 1127 2811 Ita
1143 2777 1243 2816 Basilf,
1258 2777 1308 2810 sved
1324 2777 1408 2814 mss.,
1426 2777 1529 2814 μόνοις.

254 2883 391 2912 ΡΑτεοι..
416 2881 472 2912 Gn.
494 2881 589 2912 xxx.

1599 2878 1636 2906 27
