  <div class='ocr_page' id='page_1' title='image "/cluster/home/n/w/nwhite01/storage/ocr_20150623/30/njp.32101013202591/436.png"; bbox 0 0 2011 3142; ppageno 0'>
   <div class='ocr_carea' id='block_1_1' title="bbox 90 137 147 168">
    <p class='ocr_par' dir='ltr' id='par_1_1' title="bbox 90 137 147 168">
     <span class='ocr_line' id='line_1_1' title="bbox 90 137 147 168; baseline -0.018 0"><span class='ocrx_word' id='word_1_1' title='bbox 90 137 147 168; x_wconf 73' lang='grc'>845</span> 
     </span>
    </p>
   </div>
   <div class='ocr_carea' id='block_1_2' title="bbox 627 134 1259 167">
    <p class='ocr_par' dir='ltr' id='par_1_2' title="bbox 627 134 1259 167">
     <span class='ocr_line' id='line_1_2' title="bbox 627 134 1259 167; baseline -0.003 -1"><span class='ocrx_word' id='word_1_2' title='bbox 627 135 793 167; x_wconf 76' lang='lat' dir='ltr'>EUNOMlI</span> <span class='ocrx_word' id='word_1_3' title='bbox 815 134 930 166; x_wconf 81' lang='lat' dir='ltr'><strong>LIBER</strong></span> <span class='ocrx_word' id='word_1_4' title='bbox 951 134 1259 166; x_wconf 82' lang='lat' dir='ltr'>APOLOGETICUS.</span> 
     </span>
    </p>
   </div>
   <div class='ocr_carea' id='block_1_3' title="bbox 1735 140 1797 170">
    <p class='ocr_par' dir='ltr' id='par_1_3' title="bbox 1735 140 1797 170">
     <span class='ocr_line' id='line_1_3' title="bbox 1735 140 1797 170; baseline -0.016 0"><span class='ocrx_word' id='word_1_5' title='bbox 1735 140 1797 170; x_wconf 77' lang='lat'>846</span> 
     </span>
    </p>
   </div>
   <div class='ocr_carea' id='block_1_4' title="bbox 90 199 919 240">
    <p class='ocr_par' dir='ltr' id='par_1_4' title="bbox 90 199 911 239">
     <span class='ocr_line' id='line_1_4' title="bbox 90 199 911 239; baseline -0.005 -8"><span class='ocrx_word' id='word_1_6' title='bbox 90 203 183 238; x_wconf 71' lang='grc' dir='ltr'>σώζειν</span> <span class='ocrx_word' id='word_1_7' title='bbox 200 202 245 230; x_wconf 78' lang='grc' dir='ltr'>καὶ</span> <span class='ocrx_word' id='word_1_8' title='bbox 271 202 319 236; x_wconf 79' lang='grc' dir='ltr'>τὴν</span> <span class='ocrx_word' id='word_1_9' title='bbox 349 202 452 230; x_wconf 76' lang='grc' dir='ltr'>οὐσίαν.</span> <span class='ocrx_word' id='word_1_10' title='bbox 476 202 513 229; x_wconf 88' lang='grc' dir='ltr'><strong><em>Ἥ</em></strong></span> <span class='ocrx_word' id='word_1_11' title='bbox 539 201 640 237; x_wconf 76' lang='grc' dir='ltr'>ταύτης</span> <span class='ocrx_word' id='word_1_12' title='bbox 664 199 836 239; x_wconf 77' lang='grc' dir='ltr'>μεταδιδόναι</span> <span class='ocrx_word' id='word_1_13' title='bbox 858 200 911 228; x_wconf 84' lang='grc' dir='ltr'>τινὶ</span> 
     </span>
    </p>
   </div>
   <div class='ocr_carea' id='block_1_5' title="bbox 976 199 1796 240">
    <p class='ocr_par' dir='ltr' id='par_1_5' title="bbox 976 201 1796 240">
     <span class='ocr_line' id='line_1_5' title="bbox 976 201 1796 240; baseline 0.006 -12"><span class='ocrx_word' id='word_1_14' title='bbox 976 201 1147 238; x_wconf 61' lang='lat' dir='ltr'>perationem</span> <span class='ocrx_word' id='word_1_15' title='bbox 1165 202 1324 238; x_wconf 78' lang='lat' dir='ltr'>quamdam</span> <span class='ocrx_word' id='word_1_16' title='bbox 1341 202 1476 230; x_wconf 78' lang='lat' dir='ltr'>admittat</span> <span class='ocrx_word' id='word_1_17' title='bbox 1494 203 1529 231; x_wconf 88' lang='lat' dir='ltr'>ad</span> <span class='ocrx_word' id='word_1_18' title='bbox 1553 203 1645 239; x_wconf 84' lang='lat' dir='ltr'>aliud,</span> <span class='ocrx_word' id='word_1_19' title='bbox 1659 205 1796 240; x_wconf 82' lang='lat' dir='ltr'>quando-</span> 
     </span>
    </p>
   </div>
   <div class='ocr_carea' id='block_1_6' title="bbox 92 245 912 287">
    <p class='ocr_par' dir='ltr' id='par_1_6' title="bbox 92 245 912 287">
     <span class='ocr_line' id='line_1_6' title="bbox 92 245 912 287; baseline -0.004 -11"><span class='ocrx_word' id='word_1_20' title='bbox 92 248 289 287; x_wconf 70' lang='grc' dir='ltr'>πειρωμένους,</span> <span class='ocrx_word' id='word_1_21' title='bbox 330 245 503 284; x_wconf 80' lang='grc' dir='ltr'>μεταδιδόναι</span> <span class='ocrx_word' id='word_1_22' title='bbox 542 247 587 274; x_wconf 73' lang='grc' dir='ltr'>καὶ</span> <span class='ocrx_word' id='word_1_23' title='bbox 629 248 679 281; x_wconf 77' lang='grc' dir='ltr'>τῆς</span> <span class='ocrx_word' id='word_1_24' title='bbox 716 245 912 284; x_wconf 82' lang='grc' dir='ltr'>προσηγορίας,</span> 
     </span>
    </p>
   </div>
   <div class='ocr_carea' id='block_1_7' title="bbox 92 290 913 330">
    <p class='ocr_par' dir='ltr' id='par_1_7' title="bbox 92 290 913 330">
     <span class='ocr_line' id='line_1_7' title="bbox 92 290 913 330; baseline -0.004 -10"><span class='ocrx_word' id='word_1_25' title='bbox 92 293 178 330; x_wconf 81' lang='grc' dir='ltr'>ὥσπερ</span> <span class='ocrx_word' id='word_1_26' title='bbox 190 292 234 320; x_wconf 74' lang='grc' dir='ltr'>καὶ</span> <span class='ocrx_word' id='word_1_27' title='bbox 245 295 295 327; x_wconf 85' lang='grc' dir='ltr'>τῆς</span> <span class='ocrx_word' id='word_1_28' title='bbox 307 290 542 323; x_wconf 76' lang='grc' dir='ltr'>οὐσίας.Χωλεύοι</span> <span class='ocrx_word' id='word_1_29' title='bbox 555 291 606 329; x_wconf 80' lang='grc' dir='ltr'>γὰρ</span> <span class='ocrx_word' id='word_1_30' title='bbox 618 290 647 318; x_wconf 80' lang='grc' dir='ltr'>ἃν</span> <span class='ocrx_word' id='word_1_31' title='bbox 664 290 755 318; x_wconf 70' lang='grc' dir='ltr'>αὐτοῖν</span> <span class='ocrx_word' id='word_1_32' title='bbox 773 292 790 325; x_wconf 80' lang='grc' dir='ltr'>ἡ</span> <span class='ocrx_word' id='word_1_33' title='bbox 807 290 913 330; x_wconf 84' lang='grc' dir='ltr'>φιλοτι-</span> 
     </span>
    </p>
   </div>
   <div class='ocr_carea' id='block_1_8' title="bbox 92 335 914 375">
    <p class='ocr_par' dir='ltr' id='par_1_8' title="bbox 92 335 914 375">
     <span class='ocr_line' id='line_1_8' title="bbox 92 335 914 375; baseline -0.004 -11"><span class='ocrx_word' id='word_1_34' title='bbox 92 337 148 375; x_wconf 85' lang='grc' dir='ltr'>μία,</span> <span class='ocrx_word' id='word_1_35' title='bbox 161 336 331 373; x_wconf 67' lang='grc' dir='ltr'>λειπομὲνην</span> <span class='ocrx_word' id='word_1_36' title='bbox 344 335 502 374; x_wconf 73' lang='grc' dir='ltr'>παρέχουσα</span> <span class='ocrx_word' id='word_1_37' title='bbox 527 335 629 373; x_wconf 66' lang='grc' dir='ltr'>θατέρῳ</span> <span class='ocrx_word' id='word_1_38' title='bbox 647 335 722 372; x_wconf 75' lang='grc' dir='ltr'>μέρει</span> <span class='ocrx_word' id='word_1_39' title='bbox 747 335 796 370; x_wconf 72' lang='grc' dir='ltr'>τὴν</span> <span class='ocrx_word' id='word_1_40' title='bbox 822 335 914 372; x_wconf 81' lang='grc' dir='ltr'>χάριν,</span> 
     </span>
    </p>
   </div>
   <div class='ocr_carea' id='block_1_9' title="bbox 94 378 914 419">
    <p class='ocr_par' dir='ltr' id='par_1_9' title="bbox 94 378 914 419">
     <span class='ocr_line' id='line_1_9' title="bbox 94 378 914 419; baseline -0.005 -10"><span class='ocrx_word' id='word_1_41' title='bbox 94 383 157 419; x_wconf 71' lang='grc' dir='ltr'>μετὰ</span> <span class='ocrx_word' id='word_1_42' title='bbox 172 383 221 409; x_wconf 81' lang='grc' dir='ltr'>τοῦ</span> <span class='ocrx_word' id='word_1_43' title='bbox 239 380 304 418; x_wconf 82' lang='grc' dir='ltr'>μηδ’</span> <span class='ocrx_word' id='word_1_44' title='bbox 320 381 392 416; x_wconf 79' lang='grc' dir='ltr'>ἄξιον</span> <span class='ocrx_word' id='word_1_45' title='bbox 408 380 564 418; x_wconf 77' lang='grc' dir='ltr'>ἐργάζεσθαι</span> <span class='ocrx_word' id='word_1_46' title='bbox 581 380 672 418; x_wconf 81' lang='grc' dir='ltr'>Λόγου</span> <span class='ocrx_word' id='word_1_47' title='bbox 694 380 743 414; x_wconf 77' lang='grc' dir='ltr'>τὴν</span> <span class='ocrx_word' id='word_1_48' title='bbox 772 378 914 418; x_wconf 73' lang='grc' dir='ltr'>διαφορὰν,</span> 
     </span>
    </p>
   </div>
   <div class='ocr_carea' id='block_1_10' title="bbox 93 424 915 464">
    <p class='ocr_par' dir='ltr' id='par_1_10' title="bbox 93 424 915 464">
     <span class='ocr_line' id='line_1_10' title="bbox 93 424 915 464; baseline -0.004 -10"><span class='ocrx_word' id='word_1_49' title='bbox 93 424 374 464; x_wconf 71' lang='grc' dir='ltr'>ἀκριϐολογουμένους</span> <span class='ocrx_word' id='word_1_50' title='bbox 389 425 451 463; x_wconf 84' lang='grc' dir='ltr'>περὶ</span> <span class='ocrx_word' id='word_1_51' title='bbox 463 426 513 460; x_wconf 80' lang='grc' dir='ltr'>τὴν</span> <span class='ocrx_word' id='word_1_52' title='bbox 534 424 731 463; x_wconf 77' lang='grc' dir='ltr'>προσηγορίαν,</span> <span class='ocrx_word' id='word_1_53' title='bbox 755 424 781 451; x_wconf 71' lang='grc' dir='ltr'>εἴ</span> <span class='ocrx_word' id='word_1_54' title='bbox 802 435 832 461; x_wconf 80' lang='grc' dir='ltr'>γι</span> <span class='ocrx_word' id='word_1_55' title='bbox 856 424 915 451; x_wconf 85' lang='grc' dir='ltr'>ὀνο-</span> 
     </span>
    </p>
   </div>
   <div class='ocr_carea' id='block_1_11' title="bbox 94 467 917 508">
    <p class='ocr_par' dir='ltr' id='par_1_11' title="bbox 94 467 917 508">
     <span class='ocr_line' id='line_1_11' title="bbox 94 467 917 508; baseline -0.005 -9"><span class='ocrx_word' id='word_1_56' title='bbox 94 482 155 508; x_wconf 85' lang='grc' dir='ltr'>ματι</span> <span class='ocrx_word' id='word_1_57' title='bbox 175 470 252 507; x_wconf 87' lang='grc' dir='ltr'>μόνῳ</span> <span class='ocrx_word' id='word_1_58' title='bbox 268 471 282 497; x_wconf 88' lang='lat'>6</span> <span class='ocrx_word' id='word_1_59' title='bbox 298 471 346 506; x_wconf 74' lang='grc' dir='ltr'>μὲν</span> <span class='ocrx_word' id='word_1_60' title='bbox 362 470 503 507; x_wconf 67' lang='grc' dir='ltr'>ὑπερέχοι,</span> <span class='ocrx_word' id='word_1_61' title='bbox 520 470 534 497; x_wconf 84' lang='lat'>6</span> <span class='ocrx_word' id='word_1_62' title='bbox 550 468 578 496; x_wconf 72' lang='grc' dir='ltr'>δὶ</span> <span class='ocrx_word' id='word_1_63' title='bbox 598 469 749 498; x_wconf 85' lang='grc' dir='ltr'>ἐλαττοῖτο.</span> <span class='ocrx_word' id='word_1_64' title='bbox 765 468 798 497; x_wconf 76' lang='grc' dir='ltr'>Εἰ</span> <span class='ocrx_word' id='word_1_65' title='bbox 815 467 844 496; x_wconf 65' lang='grc' dir='ltr'>δὲ</span> <span class='ocrx_word' id='word_1_66' title='bbox 867 473 917 503; x_wconf 77' lang='grc' dir='ltr'>τῆς</span> 
     </span>
    </p>
   </div>
   <div class='ocr_carea' id='block_1_12' title="bbox 94 513 915 553">
    <p class='ocr_par' dir='ltr' id='par_1_12' title="bbox 94 513 915 553">
     <span class='ocr_line' id='line_1_12' title="bbox 94 513 915 553; baseline -0.004 -10"><span class='ocrx_word' id='word_1_67' title='bbox 94 516 174 551; x_wconf 83' lang='grc' dir='ltr'>αὐτῆς</span> <span class='ocrx_word' id='word_1_68' title='bbox 194 513 365 552; x_wconf 73' lang='grc' dir='ltr'>μεταδιδόναι</span> <span class='ocrx_word' id='word_1_69' title='bbox 382 517 475 553; x_wconf 77' lang='grc' dir='ltr'>φωνῆς</span> <span class='ocrx_word' id='word_1_70' title='bbox 490 514 504 540; x_wconf 89' lang='grc' dir='ltr'>ὁ</span> <span class='ocrx_word' id='word_1_71' title='bbox 519 517 568 548; x_wconf 86' lang='grc' dir='ltr'>τῆς</span> <span class='ocrx_word' id='word_1_72' title='bbox 588 513 750 546; x_wconf 77' lang='grc' dir='ltr'>ἀκολουθίας</span> <span class='ocrx_word' id='word_1_73' title='bbox 777 513 915 551; x_wconf 75' lang='grc' dir='ltr'>ἀναγκάζει</span> 
     </span>
    </p>
   </div>
   <div class='ocr_carea' id='block_1_13' title="bbox 93 557 916 597">
    <p class='ocr_par' dir='ltr' id='par_1_13' title="bbox 93 557 916 597">
     <span class='ocr_line' id='line_1_13' title="bbox 93 557 916 597; baseline -0.005 -9"><span class='ocrx_word' id='word_1_74' title='bbox 93 560 184 597; x_wconf 82' lang='grc' dir='ltr'>λόγος,</span> <span class='ocrx_word' id='word_1_75' title='bbox 217 557 436 596; x_wconf 82' lang='grc' dir='ltr'>μεταδιδότωσαν</span> <span class='ocrx_word' id='word_1_76' title='bbox 461 557 671 597; x_wconf 78' lang='grc' dir='ltr'>φιλοτιμότερον</span> <span class='ocrx_word' id='word_1_77' title='bbox 696 558 742 585; x_wconf 84' lang='grc' dir='ltr'>καὶ</span> <span class='ocrx_word' id='word_1_78' title='bbox 756 561 807 593; x_wconf 80' lang='grc' dir='ltr'>τῆς</span> <span class='ocrx_word' id='word_1_79' title='bbox 824 558 916 593; x_wconf 79' lang='grc' dir='ltr'>ἰσότη-</span> 
     </span>
    </p>
   </div>
   <div class='ocr_carea' id='block_1_14' title="bbox 92 602 915 642">
    <p class='ocr_par' dir='ltr' id='par_1_14' title="bbox 92 602 915 642">
     <span class='ocr_line' id='line_1_14' title="bbox 92 602 915 642; baseline -0.004 -10"><span class='ocrx_word' id='word_1_80' title='bbox 92 616 146 641; x_wconf 85' lang='grc' dir='ltr'>τος,</span> <span class='ocrx_word' id='word_1_81' title='bbox 179 604 235 641; x_wconf 80' lang='grc' dir='ltr'>οὐχ</span> <span class='ocrx_word' id='word_1_82' title='bbox 260 603 453 642; x_wconf 75' lang='grc' dir='ltr'>εὖρισκομᾶνου</span> <span class='ocrx_word' id='word_1_83' title='bbox 481 603 554 635; x_wconf 87' lang='grc' dir='ltr'>τινὸς</span> <span class='ocrx_word' id='word_1_84' title='bbox 582 602 608 630; x_wconf 71' lang='grc' dir='ltr'>ἰν</span> <span class='ocrx_word' id='word_1_85' title='bbox 634 602 689 639; x_wconf 73' lang='grc' dir='ltr'>ὅσῳ</span> <span class='ocrx_word' id='word_1_86' title='bbox 713 603 842 638; x_wconf 77' lang='grc' dir='ltr'>θήσονται</span> <span class='ocrx_word' id='word_1_87' title='bbox 865 603 915 637; x_wconf 81' lang='grc' dir='ltr'>τήν</span> 
     </span>
    </p>
   </div>
   <div class='ocr_carea' id='block_1_15' title="bbox 91 650 242 687">
    <p class='ocr_par' dir='ltr' id='par_1_15' title="bbox 91 650 242 687">
     <span class='ocr_line' id='line_1_15' title="bbox 91 650 242 687; baseline -0.007 -10"><span class='ocrx_word' id='word_1_88' title='bbox 91 650 242 687; x_wconf 75' lang='grc' dir='ltr'>ὑπεροχήν.</span> 
     </span>
    </p>
   </div>
   <div class='ocr_carea' id='block_1_16' title="bbox 970 246 1796 284">
    <p class='ocr_par' dir='ltr' id='par_1_16' title="bbox 970 246 1796 284">
     <span class='ocr_line' id='line_1_16' title="bbox 970 246 1796 284; baseline 0.004 -10"><span class='ocrx_word' id='word_1_89' title='bbox 970 246 1087 282; x_wconf 83' lang='lat' dir='ltr'>quidem</span> <span class='ocrx_word' id='word_1_90' title='bbox 1105 246 1186 275; x_wconf 90' lang='lat' dir='ltr'>nulla</span> <span class='ocrx_word' id='word_1_91' title='bbox 1202 247 1381 284; x_wconf 82' lang='lat' dir='ltr'>comparatio</span> <span class='ocrx_word' id='word_1_92' title='bbox 1392 255 1426 274; x_wconf 86' lang='lat' dir='ltr'>ex</span> <span class='ocrx_word' id='word_1_93' title='bbox 1438 247 1497 275; x_wconf 88' lang='lat' dir='ltr'>illis</span> <span class='ocrx_word' id='word_1_94' title='bbox 1508 248 1550 283; x_wconf 83' lang='lat' dir='ltr'>fit,</span> <span class='ocrx_word' id='word_1_95' title='bbox 1563 248 1613 276; x_wconf 91' lang='lat' dir='ltr'>ubi</span> <span class='ocrx_word' id='word_1_96' title='bbox 1626 249 1712 284; x_wconf 81' lang='lat' dir='ltr'>plane</span> <span class='ocrx_word' id='word_1_97' title='bbox 1724 249 1796 277; x_wconf 84' lang='lat' dir='ltr'>nihil</span> 
     </span>
    </p>
   </div>
   <div class='ocr_carea' id='block_1_17' title="bbox 969 292 1795 328">
    <p class='ocr_par' dir='ltr' id='par_1_17' title="bbox 969 292 1795 328">
     <span class='ocr_line' id='line_1_17' title="bbox 969 292 1795 328; baseline 0.002 -9"><span class='ocrx_word' id='word_1_98' title='bbox 969 293 1013 319; x_wconf 86' lang='lat' dir='ltr'>est</span> <span class='ocrx_word' id='word_1_99' title='bbox 1028 299 1198 327; x_wconf 87' lang='lat' dir='ltr'>commune;</span> <span class='ocrx_word' id='word_1_100' title='bbox 1215 292 1347 320; x_wconf 74' lang='lat' dir='ltr'>essentia:</span> <span class='ocrx_word' id='word_1_101' title='bbox 1360 293 1461 328; x_wconf 83' lang='lat' dir='ltr'>utique</span> <span class='ocrx_word' id='word_1_102' title='bbox 1477 293 1617 327; x_wconf 81' lang='lat' dir='ltr'>majestas</span> <span class='ocrx_word' id='word_1_103' title='bbox 1629 293 1795 321; x_wconf 90' lang='lat' dir='ltr'>communi-</span> 
     </span>
    </p>
   </div>
   <div class='ocr_carea' id='block_1_18' title="bbox 970 336 1795 372">
    <p class='ocr_par' dir='ltr' id='par_1_18' title="bbox 970 336 1795 372">
     <span class='ocr_line' id='line_1_18' title="bbox 970 336 1795 372; baseline 0.002 -9"><span class='ocrx_word' id='word_1_104' title='bbox 970 336 1092 364; x_wconf 87' lang='lat' dir='ltr'>cationis</span> <span class='ocrx_word' id='word_1_105' title='bbox 1108 336 1218 364; x_wconf 89' lang='lat' dir='ltr'>subibit</span> <span class='ocrx_word' id='word_1_106' title='bbox 1236 339 1354 364; x_wconf 79' lang='lat' dir='ltr'>sortem.</span> <span class='ocrx_word' id='word_1_107' title='bbox 1371 336 1400 364; x_wconf 88' lang='lat' dir='ltr'>Si</span> <span class='ocrx_word' id='word_1_108' title='bbox 1417 345 1481 364; x_wconf 86' lang='lat' dir='ltr'>vero</span> <span class='ocrx_word' id='word_1_109' title='bbox 1496 337 1551 365; x_wconf 91' lang='lat' dir='ltr'>hoc</span> <span class='ocrx_word' id='word_1_110' title='bbox 1575 345 1673 365; x_wconf 83' lang='lat' dir='ltr'>revera</span> <span class='ocrx_word' id='word_1_111' title='bbox 1690 337 1731 365; x_wconf 83' lang='lat' dir='ltr'>ita</span> <span class='ocrx_word' id='word_1_112' title='bbox 1746 337 1795 372; x_wconf 89' lang='lat' dir='ltr'>sit,</span> 
     </span>
    </p>
   </div>
   <div class='ocr_carea' id='block_1_19' title="bbox 970 381 1797 417">
    <p class='ocr_par' dir='ltr' id='par_1_19' title="bbox 970 381 1797 417">
     <span class='ocr_line' id='line_1_19' title="bbox 970 381 1797 417; baseline 0.001 -9"><span class='ocrx_word' id='word_1_113' title='bbox 970 388 1036 416; x_wconf 83' lang='lat' dir='ltr'>ergo</span> <span class='ocrx_word' id='word_1_114' title='bbox 1051 383 1079 408; x_wconf 86' lang='lat' dir='ltr'>et</span> <span class='ocrx_word' id='word_1_115' title='bbox 1095 389 1200 409; x_wconf 83' lang='lat' dir='ltr'>nomen</span> <span class='ocrx_word' id='word_1_116' title='bbox 1215 381 1311 417; x_wconf 91' lang='lat' dir='ltr'>ipsum</span> <span class='ocrx_word' id='word_1_117' title='bbox 1328 390 1484 409; x_wconf 89' lang='lat' dir='ltr'>commune</span> <span class='ocrx_word' id='word_1_118' title='bbox 1500 382 1567 416; x_wconf 85' lang='lat' dir='ltr'>erit,</span> <span class='ocrx_word' id='word_1_119' title='bbox 1585 382 1625 409; x_wconf 87' lang='lat' dir='ltr'>ita</span> <span class='ocrx_word' id='word_1_120' title='bbox 1641 383 1673 409; x_wconf 91' lang='lat' dir='ltr'>ut</span> <span class='ocrx_word' id='word_1_121' title='bbox 1695 390 1797 410; x_wconf 87' lang='lat' dir='ltr'>neces-</span> 
     </span>
    </p>
   </div>
   <div class='ocr_carea' id='block_1_20' title="bbox 971 425 1797 462">
    <p class='ocr_par' dir='ltr' id='par_1_20' title="bbox 971 425 1797 462">
     <span class='ocr_line' id='line_1_20' title="bbox 971 425 1797 462; baseline 0.001 -9"><span class='ocrx_word' id='word_1_122' title='bbox 971 425 1046 453; x_wconf 84' lang='lat' dir='ltr'>sario</span> <span class='ocrx_word' id='word_1_123' title='bbox 1063 428 1194 461; x_wconf 77' lang='lat' dir='ltr'>oporteat</span> <span class='ocrx_word' id='word_1_124' title='bbox 1218 434 1278 458; x_wconf 87' lang='lat' dir='ltr'>eos,</span> <span class='ocrx_word' id='word_1_125' title='bbox 1296 426 1345 462; x_wconf 88' lang='lat' dir='ltr'>qui</span> <span class='ocrx_word' id='word_1_126' title='bbox 1371 426 1424 454; x_wconf 83' lang='lat' dir='ltr'>hac</span> <span class='ocrx_word' id='word_1_127' title='bbox 1450 426 1562 454; x_wconf 86' lang='lat' dir='ltr'>ratione</span> <span class='ocrx_word' id='word_1_128' title='bbox 1586 428 1736 462; x_wconf 83' lang='lat' dir='ltr'>urgentur,</span> <span class='ocrx_word' id='word_1_129' title='bbox 1752 433 1797 460; x_wconf 80' lang='lat' dir='ltr'>vel</span> 
     </span>
    </p>
   </div>
   <div class='ocr_carea' id='block_1_21' title="bbox 970 471 1798 506">
    <p class='ocr_par' dir='ltr' id='par_1_21' title="bbox 970 471 1798 506">
     <span class='ocr_line' id='line_1_21' title="bbox 970 471 1798 506; baseline 0 -8"><span class='ocrx_word' id='word_1_130' title='bbox 970 471 1065 506; x_wconf 88' lang='lat' dir='ltr'>ipsam</span> <span class='ocrx_word' id='word_1_131' title='bbox 1093 471 1318 506; x_wconf 83' lang='lat' dir='ltr'>appellationem</span> <span class='ocrx_word' id='word_1_132' title='bbox 1346 471 1654 499; x_wconf 83' lang='lat' dir='ltr'>incommunicabilem</span> <span class='ocrx_word' id='word_1_133' title='bbox 1680 479 1798 499; x_wconf 88' lang='lat' dir='ltr'>conser-</span> 
     </span>
    </p>
   </div>
   <div class='ocr_carea' id='block_1_22' title="bbox 971 514 1798 543">
    <p class='ocr_par' dir='ltr' id='par_1_22' title="bbox 971 514 1798 543">
     <span class='ocr_line' id='line_1_22' title="bbox 971 514 1798 543; baseline 0 -1"><span class='ocrx_word' id='word_1_134' title='bbox 971 523 1038 542; x_wconf 83' lang='lat' dir='ltr'>vare</span> <span class='ocrx_word' id='word_1_135' title='bbox 1053 523 1085 542; x_wconf 89' lang='lat' dir='ltr'>ac</span> <span class='ocrx_word' id='word_1_136' title='bbox 1095 515 1180 542; x_wconf 88' lang='lat' dir='ltr'>tueri.</span> <span class='ocrx_word' id='word_1_137' title='bbox 1193 515 1222 542; x_wconf 88' lang='lat' dir='ltr'>Si</span> <span class='ocrx_word' id='word_1_138' title='bbox 1234 523 1299 542; x_wconf 88' lang='lat' dir='ltr'>vero</span> <span class='ocrx_word' id='word_1_139' title='bbox 1315 514 1459 542; x_wconf 88' lang='lat' dir='ltr'>voluerint</span> <span class='ocrx_word' id='word_1_140' title='bbox 1475 515 1570 543; x_wconf 85' lang='lat' dir='ltr'>eidem</span> <span class='ocrx_word' id='word_1_141' title='bbox 1588 515 1747 543; x_wconf 79' lang='lat' dir='ltr'>essentiam</span> <span class='ocrx_word' id='word_1_142' title='bbox 1762 515 1798 542; x_wconf 85' lang='lat' dir='ltr'>ab</span> 
     </span>
    </p>
   </div>
   <div class='ocr_carea' id='block_1_23' title="bbox 972 559 1798 588">
    <p class='ocr_par' dir='ltr' id='par_1_23' title="bbox 972 559 1798 588">
     <span class='ocr_line' id='line_1_23' title="bbox 972 559 1798 588; baseline 0.001 -2"><span class='ocrx_word' id='word_1_143' title='bbox 972 559 1051 587; x_wconf 89' lang='lat' dir='ltr'>omni</span> <span class='ocrx_word' id='word_1_144' title='bbox 1063 559 1152 587; x_wconf 89' lang='lat' dir='ltr'>etiam</span> <span class='ocrx_word' id='word_1_145' title='bbox 1167 559 1428 587; x_wconf 79' lang='lat' dir='ltr'>communicatione</span> <span class='ocrx_word' id='word_1_146' title='bbox 1440 561 1549 587; x_wconf 73' lang='lat' dir='ltr'>sariam</span> <span class='ocrx_word' id='word_1_147' title='bbox 1562 561 1667 587; x_wconf 86' lang='lat' dir='ltr'>tectam</span> <span class='ocrx_word' id='word_1_148' title='bbox 1680 567 1798 588; x_wconf 91' lang='lat' dir='ltr'>conser-</span> 
     </span>
    </p>
   </div>
   <div class='ocr_carea' id='block_1_24' title="bbox 972 603 1797 639">
    <p class='ocr_par' dir='ltr' id='par_1_24' title="bbox 972 603 1797 639">
     <span class='ocr_line' id='line_1_24' title="bbox 972 603 1797 639; baseline 0.001 -8"><span class='ocrx_word' id='word_1_149' title='bbox 972 611 1049 638; x_wconf 85' lang='lat' dir='ltr'>vare,</span> <span class='ocrx_word' id='word_1_150' title='bbox 1060 603 1105 631; x_wconf 87' lang='lat' dir='ltr'>vel</span> <span class='ocrx_word' id='word_1_151' title='bbox 1121 603 1145 631; x_wconf 92' lang='lat' dir='ltr'>si</span> <span class='ocrx_word' id='word_1_152' title='bbox 1162 603 1321 638; x_wconf 79' lang='lat' dir='ltr'>quidquam</span> <span class='ocrx_word' id='word_1_153' title='bbox 1343 603 1487 639; x_wconf 79' lang='lat' dir='ltr'>impertiri</span> <span class='ocrx_word' id='word_1_154' title='bbox 1503 604 1538 631; x_wconf 90' lang='lat' dir='ltr'>de</span> <span class='ocrx_word' id='word_1_155' title='bbox 1561 612 1593 632; x_wconf 85' lang='lat' dir='ltr'>es</span> <span class='ocrx_word' id='word_1_156' title='bbox 1609 603 1692 631; x_wconf 79' lang='lat' dir='ltr'>alteri</span> <span class='ocrx_word' id='word_1_157' title='bbox 1709 612 1797 632; x_wconf 85' lang='lat' dir='ltr'>cona-</span> 
     </span>
    </p>
   </div>
   <div class='ocr_carea' id='block_1_25' title="bbox 972 647 1801 684">
    <p class='ocr_par' dir='ltr' id='par_1_25' title="bbox 972 647 1801 684">
     <span class='ocr_line' id='line_1_25' title="bbox 972 647 1801 684; baseline 0 -9"><span class='ocrx_word' id='word_1_158' title='bbox 972 648 1092 683; x_wconf 89' lang='lat' dir='ltr'>buntur,</span> <span class='ocrx_word' id='word_1_159' title='bbox 1105 648 1226 684; x_wconf 80' lang='lat' dir='ltr'>perinde</span> <span class='ocrx_word' id='word_1_160' title='bbox 1242 648 1352 684; x_wconf 83' lang='lat' dir='ltr'>aliquid</span> <span class='ocrx_word' id='word_1_161' title='bbox 1370 649 1406 675; x_wconf 87' lang='lat' dir='ltr'>de</span> <span class='ocrx_word' id='word_1_162' title='bbox 1422 647 1618 684; x_wconf 88' lang='lat' dir='ltr'>appellatione</span> <span class='ocrx_word' id='word_1_163' title='bbox 1638 648 1801 684; x_wconf 79' lang='lat' dir='ltr'>largiantur</span> 
     </span>
    </p>
   </div>
   <div class='ocr_carea' id='block_1_26' title="bbox 91 692 1797 730">
    <p class='ocr_par' dir='ltr' id='par_1_26' title="bbox 91 692 1797 730">
     <span class='ocr_line' id='line_1_26' title="bbox 91 692 1797 730; baseline -0.002 -7"><span class='ocrx_word' id='word_1_164' title='bbox 91 703 211 723; x_wconf 87' lang='lat' dir='ltr'>necesse</span> <span class='ocrx_word' id='word_1_165' title='bbox 226 696 281 729; x_wconf 85' lang='lat' dir='ltr'>est,</span> <span class='ocrx_word' id='word_1_166' title='bbox 298 693 549 730; x_wconf 78' lang='lat' dir='ltr'>quemadmodum</span> <span class='ocrx_word' id='word_1_167' title='bbox 565 693 601 721; x_wconf 89' lang='lat' dir='ltr'>de</span> <span class='ocrx_word' id='word_1_168' title='bbox 617 693 681 729; x_wconf 88' lang='lat' dir='ltr'>ipsa</span> <span class='ocrx_word' id='word_1_169' title='bbox 697 692 808 721; x_wconf 80' lang='lat' dir='ltr'>faciunt</span> <span class='ocrx_word' id='word_1_170' title='bbox 824 692 961 720; x_wconf 73' lang='lat' dir='ltr'>essentia.</span> <span class='ocrx_word' id='word_1_171' title='bbox 980 692 1189 720; x_wconf 87' lang='lat' dir='ltr'>Claudicaverit</span> <span class='ocrx_word' id='word_1_172' title='bbox 1206 693 1284 720; x_wconf 89' lang='lat' dir='ltr'>enim</span> <span class='ocrx_word' id='word_1_173' title='bbox 1298 692 1382 728; x_wconf 87' lang='lat' dir='ltr'>ipsis,</span> <span class='ocrx_word' id='word_1_174' title='bbox 1399 693 1455 720; x_wconf 90' lang='lat' dir='ltr'>nisi</span> <span class='ocrx_word' id='word_1_175' title='bbox 1471 692 1581 721; x_wconf 83' lang='lat' dir='ltr'>scilicet</span> <span class='ocrx_word' id='word_1_176' title='bbox 1595 692 1650 721; x_wconf 91' lang='lat' dir='ltr'>hoc</span> <span class='ocrx_word' id='word_1_177' title='bbox 1666 693 1797 727; x_wconf 81' lang='lat' dir='ltr'>fecerint,</span> 
     </span>
    </p>
   </div>
   <div class='ocr_carea' id='block_1_27' title="bbox 90 737 1796 775">
    <p class='ocr_par' dir='ltr' id='par_1_27' title="bbox 90 737 1796 775">
     <span class='ocr_line' id='line_1_27' title="bbox 90 737 1796 775; baseline -0.002 -8"><span class='ocrx_word' id='word_1_178' title='bbox 90 739 223 774; x_wconf 81' lang='lat' dir='ltr'>ambitio,</span> <span class='ocrx_word' id='word_1_179' title='bbox 239 747 304 775; x_wconf 73' lang='lat' dir='ltr'>quos</span> <span class='ocrx_word' id='word_1_180' title='bbox 321 738 403 766; x_wconf 80' lang='lat' dir='ltr'>alteri</span> <span class='ocrx_word' id='word_1_181' title='bbox 429 737 505 774; x_wconf 83' lang='lat' dir='ltr'>parti</span> <span class='ocrx_word' id='word_1_182' title='bbox 520 738 587 766; x_wconf 87' lang='lat' dir='ltr'>doni</span> <span class='ocrx_word' id='word_1_183' title='bbox 613 737 738 773; x_wconf 76' lang='lat' dir='ltr'>alicujus</span> <span class='ocrx_word' id='word_1_184' title='bbox 754 737 901 765; x_wconf 86' lang='lat' dir='ltr'>defectum</span> <span class='ocrx_word' id='word_1_185' title='bbox 922 737 1040 771; x_wconf 85' lang='lat' dir='ltr'>tribuit;</span> <span class='ocrx_word' id='word_1_186' title='bbox 1057 739 1085 764; x_wconf 85' lang='lat' dir='ltr'>et</span> <span class='ocrx_word' id='word_1_187' title='bbox 1099 738 1211 766; x_wconf 80' lang='lat' dir='ltr'>accedit</span> <span class='ocrx_word' id='word_1_188' title='bbox 1226 746 1294 772; x_wconf 81' lang='lat' dir='ltr'>una,</span> <span class='ocrx_word' id='word_1_189' title='bbox 1311 738 1389 773; x_wconf 88' lang='lat' dir='ltr'>quod</span> <span class='ocrx_word' id='word_1_190' title='bbox 1415 745 1510 773; x_wconf 85' lang='lat' dir='ltr'>neque</span> <span class='ocrx_word' id='word_1_191' title='bbox 1526 737 1647 773; x_wconf 83' lang='lat' dir='ltr'>dignum</span> <span class='ocrx_word' id='word_1_192' title='bbox 1664 738 1735 773; x_wconf 88' lang='lat' dir='ltr'>quid</span> <span class='ocrx_word' id='word_1_193' title='bbox 1753 738 1796 765; x_wconf 85' lang='lat' dir='ltr'>fa-</span> 
     </span>
    </p>
   </div>
   <div class='ocr_carea' id='block_1_28' title="bbox 92 781 1797 818">
    <p class='ocr_par' dir='ltr' id='par_1_28' title="bbox 92 781 1797 818">
     <span class='ocr_line' id='line_1_28' title="bbox 92 781 1797 818; baseline -0.001 -7"><span class='ocrx_word' id='word_1_194' title='bbox 92 783 170 812; x_wconf 88' lang='lat' dir='ltr'>ciunt</span> <span class='ocrx_word' id='word_1_195' title='bbox 186 783 342 818; x_wconf 81' lang='lat' dir='ltr'>majestate</span> <span class='ocrx_word' id='word_1_196' title='bbox 355 781 454 817; x_wconf 87' lang='lat' dir='ltr'>Verbi,</span> <span class='ocrx_word' id='word_1_197' title='bbox 472 782 589 818; x_wconf 78' lang='lat' dir='ltr'>quando</span> <span class='ocrx_word' id='word_1_198' title='bbox 614 785 671 809; x_wconf 86' lang='lat' dir='ltr'>tam</span> <span class='ocrx_word' id='word_1_199' title='bbox 696 781 817 810; x_wconf 77' lang='lat' dir='ltr'>subtiles</span> <span class='ocrx_word' id='word_1_200' title='bbox 840 783 908 808; x_wconf 85' lang='lat' dir='ltr'>sunt</span> <span class='ocrx_word' id='word_1_201' title='bbox 923 781 953 808; x_wconf 92' lang='lat' dir='ltr'>in</span> <span class='ocrx_word' id='word_1_202' title='bbox 969 781 1177 816; x_wconf 80' lang='lat' dir='ltr'>distinguenda</span> <span class='ocrx_word' id='word_1_203' title='bbox 1199 781 1404 818; x_wconf 82' lang='lat' dir='ltr'>appellatione,</span> <span class='ocrx_word' id='word_1_204' title='bbox 1422 781 1446 808; x_wconf 83' lang='lat' dir='ltr'>si</span> <span class='ocrx_word' id='word_1_205' title='bbox 1462 781 1581 817; x_wconf 83' lang='lat' dir='ltr'>quidem</span> <span class='ocrx_word' id='word_1_206' title='bbox 1605 781 1653 809; x_wconf 91' lang='lat' dir='ltr'>hic</span> <span class='ocrx_word' id='word_1_207' title='bbox 1677 781 1797 817; x_wconf 80' lang='lat' dir='ltr'>quidem</span> 
     </span>
    </p>
   </div>
   <div class='ocr_carea' id='block_1_29' title="bbox 92 825 1796 862">
    <p class='ocr_par' dir='ltr' id='par_1_29' title="bbox 92 825 1796 862">
     <span class='ocr_line' id='line_1_29' title="bbox 92 825 1796 862; baseline -0.002 -6"><span class='ocrx_word' id='word_1_208' title='bbox 92 828 151 857; x_wconf 86' lang='lat' dir='ltr'>solo</span> <span class='ocrx_word' id='word_1_209' title='bbox 168 828 288 856; x_wconf 91' lang='lat' dir='ltr'>nomine</span> <span class='ocrx_word' id='word_1_210' title='bbox 308 827 347 855; x_wconf 85' lang='lat' dir='ltr'>sit</span> <span class='ocrx_word' id='word_1_211' title='bbox 362 827 466 862; x_wconf 81' lang='lat' dir='ltr'>major,</span> <span class='ocrx_word' id='word_1_212' title='bbox 482 826 556 854; x_wconf 85' lang='lat' dir='ltr'>alter</span> <span class='ocrx_word' id='word_1_213' title='bbox 570 834 636 854; x_wconf 83' lang='lat' dir='ltr'>vero</span> <span class='ocrx_word' id='word_1_214' title='bbox 652 826 759 854; x_wconf 87' lang='lat' dir='ltr'>minor.</span> <span class='ocrx_word' id='word_1_215' title='bbox 776 825 805 853; x_wconf 90' lang='lat' dir='ltr'>Si</span> <span class='ocrx_word' id='word_1_216' title='bbox 823 833 888 853; x_wconf 89' lang='lat' dir='ltr'>vero</span> <span class='ocrx_word' id='word_1_217' title='bbox 913 827 1130 862; x_wconf 57' lang='lat' dir='ltr'>consequentia</span> <span class='ocrx_word' id='word_1_218' title='bbox 1145 826 1218 854; x_wconf 87' lang='lat' dir='ltr'>ratio</span> <span class='ocrx_word' id='word_1_219' title='bbox 1241 826 1306 854; x_wconf 86' lang='lat' dir='ltr'>illos</span> <span class='ocrx_word' id='word_1_220' title='bbox 1321 826 1399 862; x_wconf 82' lang='lat' dir='ltr'>cogit</span> <span class='ocrx_word' id='word_1_221' title='bbox 1414 828 1445 854; x_wconf 89' lang='lat' dir='ltr'>ut</span> <span class='ocrx_word' id='word_1_222' title='bbox 1460 827 1593 854; x_wconf 82' lang='lat' dir='ltr'>eamdem</span> <span class='ocrx_word' id='word_1_223' title='bbox 1610 826 1727 862; x_wconf 84' lang='lat' dir='ltr'>utrique</span> <span class='ocrx_word' id='word_1_224' title='bbox 1743 826 1796 853; x_wconf 92' lang='lat' dir='ltr'>tri-</span> 
     </span>
    </p>
   </div>
   <div class='ocr_carea' id='block_1_30' title="bbox 91 870 1796 908">
    <p class='ocr_par' dir='ltr' id='par_1_30' title="bbox 91 870 1796 908">
     <span class='ocr_line' id='line_1_30' title="bbox 91 870 1796 908; baseline -0.001 -7"><span class='ocrx_word' id='word_1_225' title='bbox 91 873 183 901; x_wconf 81' lang='lat' dir='ltr'>buant</span> <span class='ocrx_word' id='word_1_226' title='bbox 207 880 320 907; x_wconf 87' lang='lat' dir='ltr'>vocem,</span> <span class='ocrx_word' id='word_1_227' title='bbox 347 871 511 908; x_wconf 84' lang='lat' dir='ltr'>largiantur</span> <span class='ocrx_word' id='word_1_228' title='bbox 535 871 634 905; x_wconf 87' lang='lat' dir='ltr'>etiam,</span> <span class='ocrx_word' id='word_1_229' title='bbox 651 871 729 906; x_wconf 90' lang='lat' dir='ltr'>quod</span> <span class='ocrx_word' id='word_1_230' title='bbox 754 872 798 898; x_wconf 88' lang='lat' dir='ltr'>est</span> <span class='ocrx_word' id='word_1_231' title='bbox 822 870 1076 904; x_wconf 83' lang='lat' dir='ltr'>honoriﬁcentius,</span> <span class='ocrx_word' id='word_1_232' title='bbox 1102 871 1309 907; x_wconf 71' lang='lat' dir='ltr'>mqualitatem,</span> <span class='ocrx_word' id='word_1_233' title='bbox 1324 879 1391 899; x_wconf 88' lang='lat' dir='ltr'>cum</span> <span class='ocrx_word' id='word_1_234' title='bbox 1417 879 1476 898; x_wconf 90' lang='lat' dir='ltr'>non</span> <span class='ocrx_word' id='word_1_235' title='bbox 1501 871 1651 898; x_wconf 85' lang='lat' dir='ltr'>inveniant</span> <span class='ocrx_word' id='word_1_236' title='bbox 1676 871 1796 899; x_wconf 82' lang='lat' dir='ltr'>ubinam</span> 
     </span>
    </p>
   </div>
   <div class='ocr_carea' id='block_1_31' title="bbox 92 915 725 952">
    <p class='ocr_par' dir='ltr' id='par_1_31' title="bbox 92 915 725 952">
     <span class='ocr_line' id='line_1_31' title="bbox 92 915 725 952; baseline -0.005 -7"><span class='ocrx_word' id='word_1_237' title='bbox 92 920 221 946; x_wconf 86' lang='lat' dir='ltr'>statuere</span> <span class='ocrx_word' id='word_1_238' title='bbox 237 916 351 952; x_wconf 87' lang='lat' dir='ltr'>possint</span> <span class='ocrx_word' id='word_1_239' title='bbox 365 915 447 943; x_wconf 86' lang='lat' dir='ltr'>illam</span> <span class='ocrx_word' id='word_1_240' title='bbox 464 915 725 951; x_wconf 64' lang='lat' dir='ltr'>praeemineatiam.</span> 
     </span>
    </p>
   </div>
   <div class='ocr_carea' id='block_1_32' title="bbox 126 957 919 997">
    <p class='ocr_par' dir='ltr' id='par_1_32' title="bbox 126 957 916 997">
     <span class='ocr_line' id='line_1_32' title="bbox 126 957 916 997; baseline -0.006 -8"><span class='ocrx_word' id='word_1_241' title='bbox 126 962 170 989; x_wconf 90' lang='grc'>10.</span> <span class='ocrx_word' id='word_1_242' title='bbox 202 960 242 989; x_wconf 78' lang='grc' dir='ltr'>Οὐ</span> <span class='ocrx_word' id='word_1_243' title='bbox 256 960 307 997; x_wconf 80' lang='grc' dir='ltr'>γὰρ</span> <span class='ocrx_word' id='word_1_244' title='bbox 322 958 355 994; x_wconf 82' lang='grc' dir='ltr'>δὴ</span> <span class='ocrx_word' id='word_1_245' title='bbox 370 959 444 986; x_wconf 83' lang='grc' dir='ltr'>τουτ’</span> <span class='ocrx_word' id='word_1_246' title='bbox 465 957 494 985; x_wconf 74' lang='grc' dir='ltr'>ἂν</span> <span class='ocrx_word' id='word_1_247' title='bbox 521 957 632 995; x_wconf 72' lang='grc' dir='ltr'>εἷ’ποιιν,</span> <span class='ocrx_word' id='word_1_248' title='bbox 653 958 690 990; x_wconf 83' lang='grc' dir='ltr'>ὡς</span> <span class='ocrx_word' id='word_1_249' title='bbox 704 958 782 992; x_wconf 82' lang='grc' dir='ltr'>κοινή</span> <span class='ocrx_word' id='word_1_250' title='bbox 799 958 846 994; x_wconf 80' lang='grc' dir='ltr'>μὶν</span> <span class='ocrx_word' id='word_1_251' title='bbox 862 958 916 994; x_wconf 82' lang='grc' dir='ltr'>άμ-</span> 
     </span>
    </p>
   </div>
   <div class='ocr_carea' id='block_1_33' title="bbox 976 957 1798 997">
    <p class='ocr_par' dir='ltr' id='par_1_33' title="bbox 1008 959 1798 996">
     <span class='ocr_line' id='line_1_33' title="bbox 1008 959 1798 996; baseline 0.001 -10"><span class='ocrx_word' id='word_1_252' title='bbox 1008 960 1050 986; x_wconf 88' lang='grc'>10.</span> <span class='ocrx_word' id='word_1_253' title='bbox 1068 960 1129 988; x_wconf 90' lang='lat' dir='ltr'>Non</span> <span class='ocrx_word' id='word_1_254' title='bbox 1145 959 1223 988; x_wconf 90' lang='lat' dir='ltr'>enim</span> <span class='ocrx_word' id='word_1_255' title='bbox 1240 961 1369 996; x_wconf 84' lang='lat' dir='ltr'>profecto</span> <span class='ocrx_word' id='word_1_256' title='bbox 1396 960 1450 987; x_wconf 91' lang='lat' dir='ltr'>hoc</span> <span class='ocrx_word' id='word_1_257' title='bbox 1472 960 1609 995; x_wconf 84' lang='lat' dir='ltr'>dixerint,</span> <span class='ocrx_word' id='word_1_258' title='bbox 1623 960 1701 995; x_wconf 86' lang='lat' dir='ltr'>quod</span> <span class='ocrx_word' id='word_1_259' title='bbox 1718 968 1798 988; x_wconf 91' lang='lat' dir='ltr'>com-</span> 
     </span>
    </p>
   </div>
   <div class='ocr_carea' id='block_1_34' title="bbox 93 1000 912 1045">
    <p class='ocr_par' dir='ltr' id='par_1_34' title="bbox 93 1000 912 1045">
     <span class='ocr_line' id='line_1_34' title="bbox 93 1000 912 1045; baseline -0.004 -13"><span class='ocrx_word' id='word_1_260' title='bbox 93 1008 150 1045; x_wconf 79' lang='grc' dir='ltr'>φοῖν</span> <span class='ocrx_word' id='word_1_261' title='bbox 165 1006 183 1040; x_wconf 74' lang='grc' dir='ltr'>ἡ</span> <span class='ocrx_word' id='word_1_262' title='bbox 201 1003 289 1037; x_wconf 78' lang='grc' dir='ltr'>οὐσία,</span> <span class='ocrx_word' id='word_1_263' title='bbox 305 1003 376 1039; x_wconf 77' lang='grc' dir='ltr'>τάξει</span> <span class='ocrx_word' id='word_1_264' title='bbox 393 1002 432 1037; x_wconf 67' lang='grc' dir='ltr'>δὲ,</span> <span class='ocrx_word' id='word_1_265' title='bbox 448 1003 493 1030; x_wconf 84' lang='grc' dir='ltr'>καὶ</span> <span class='ocrx_word' id='word_1_266' title='bbox 508 1004 566 1035; x_wconf 87' lang='grc' dir='ltr'>τοῖς</span> <span class='ocrx_word' id='word_1_267' title='bbox 581 1001 611 1030; x_wconf 64' lang='grc' dir='ltr'>ἐκ</span> <span class='ocrx_word' id='word_1_268' title='bbox 625 1000 729 1040; x_wconf 75' lang='grc' dir='ltr'>χρόνου</span> <span class='ocrx_word' id='word_1_269' title='bbox 746 1000 912 1040; x_wconf 74' lang='grc' dir='ltr'>πρεσϐείοις,</span> 
     </span>
    </p>
   </div>
   <div class='ocr_carea' id='block_1_35' title="bbox 93 1046 915 1086">
    <p class='ocr_par' dir='ltr' id='par_1_35' title="bbox 93 1046 915 1086">
     <span class='ocr_line' id='line_1_35' title="bbox 93 1046 915 1086; baseline -0.004 -9"><span class='ocrx_word' id='word_1_270' title='bbox 93 1051 105 1077; x_wconf 97' lang='lat'>6</span> <span class='ocrx_word' id='word_1_271' title='bbox 134 1050 183 1086; x_wconf 77' lang='grc' dir='ltr'>μὲν</span> <span class='ocrx_word' id='word_1_272' title='bbox 214 1049 268 1077; x_wconf 65' lang='grc' dir='ltr'>ἔστι</span> <span class='ocrx_word' id='word_1_273' title='bbox 294 1050 412 1086; x_wconf 82' lang='grc' dir='ltr'>πρῶτος,</span> <span class='ocrx_word' id='word_1_274' title='bbox 443 1048 456 1074; x_wconf 88' lang='lat'>6</span> <span class='ocrx_word' id='word_1_275' title='bbox 486 1046 514 1074; x_wconf 72' lang='grc' dir='ltr'>δὲ</span> <span class='ocrx_word' id='word_1_276' title='bbox 530 1046 662 1085; x_wconf 78' lang='grc' dir='ltr'>δεύτερος¹</span> <span class='ocrx_word' id='word_1_277' title='bbox 693 1046 786 1082; x_wconf 72' lang='grc' dir='ltr'>ἐπειδή</span> <span class='ocrx_word' id='word_1_278' title='bbox 815 1058 845 1085; x_wconf 79' lang='grc' dir='ltr'>γε</span> <span class='ocrx_word' id='word_1_279' title='bbox 874 1046 915 1074; x_wconf 83' lang='grc' dir='ltr'>δεῖ</span> 
     </span>
    </p>
   </div>
   <div class='ocr_carea' id='block_1_36' title="bbox 92 1091 913 1133">
    <p class='ocr_par' dir='ltr' id='par_1_36' title="bbox 92 1091 913 1133">
     <span class='ocr_line' id='line_1_36' title="bbox 92 1091 913 1133; baseline -0.005 -11"><span class='ocrx_word' id='word_1_280' title='bbox 92 1097 214 1133; x_wconf 81' lang='grc' dir='ltr'>προεῖναι</span> <span class='ocrx_word' id='word_1_281' title='bbox 229 1092 337 1129; x_wconf 76' lang='grc' dir='ltr'>πάντῳς</span> <span class='ocrx_word' id='word_1_282' title='bbox 354 1093 410 1129; x_wconf 90' lang='grc'>(17)</span> <span class='ocrx_word' id='word_1_283' title='bbox 435 1095 494 1123; x_wconf 85' lang='grc' dir='ltr'>τοῖς</span> <span class='ocrx_word' id='word_1_284' title='bbox 520 1092 681 1129; x_wconf 73' lang='grc' dir='ltr'>ὑπερέχουσι</span> <span class='ocrx_word' id='word_1_285' title='bbox 710 1091 741 1119; x_wconf 80' lang='grc' dir='ltr'>τὸ</span> <span class='ocrx_word' id='word_1_286' title='bbox 768 1095 817 1126; x_wconf 79' lang='grc' dir='ltr'>τῆς</span> <span class='ocrx_word' id='word_1_287' title='bbox 834 1092 913 1129; x_wconf 84' lang='grc' dir='ltr'>ὑπερ-</span> 
     </span>
    </p>
   </div>
   <div class='ocr_carea' id='block_1_37' title="bbox 92 1135 914 1177">
    <p class='ocr_par' dir='ltr' id='par_1_37' title="bbox 92 1135 914 1177">
     <span class='ocr_line' id='line_1_37' title="bbox 92 1135 914 1177; baseline -0.005 -10"><span class='ocrx_word' id='word_1_288' title='bbox 92 1143 161 1177; x_wconf 79' lang='grc' dir='ltr'>οχῆς</span> <span class='ocrx_word' id='word_1_289' title='bbox 178 1137 278 1172; x_wconf 49' lang='grc' dir='ltr'>αἴτιον,</span> <span class='ocrx_word' id='word_1_290' title='bbox 295 1138 329 1165; x_wconf 75' lang='grc' dir='ltr'>οὗ</span> <span class='ocrx_word' id='word_1_291' title='bbox 358 1137 527 1172; x_wconf 70' lang='grc' dir='ltr'>συνέζευκται</span> <span class='ocrx_word' id='word_1_292' title='bbox 543 1135 572 1164; x_wconf 68' lang='grc' dir='ltr'>δὲ</span> <span class='ocrx_word' id='word_1_293' title='bbox 600 1137 634 1173; x_wconf 82' lang='grc' dir='ltr'>τῇ</span> <span class='ocrx_word' id='word_1_294' title='bbox 649 1136 727 1171; x_wconf 75' lang='grc' dir='ltr'>οὐσίᾳ</span> <span class='ocrx_word' id='word_1_295' title='bbox 740 1138 789 1163; x_wconf 77' lang='grc' dir='ltr'>τοῦ</span> <span class='ocrx_word' id='word_1_296' title='bbox 805 1138 871 1164; x_wconf 79' lang='grc' dir='ltr'>Θεοῦ</span> <span class='ocrx_word' id='word_1_297' title='bbox 901 1136 914 1163; x_wconf 89' lang='lat'>6</span> 
     </span>
    </p>
   </div>
   <div class='ocr_carea' id='block_1_38' title="bbox 92 1179 915 1222">
    <p class='ocr_par' dir='ltr' id='par_1_38' title="bbox 92 1179 915 1222">
     <span class='ocr_line' id='line_1_38' title="bbox 92 1179 915 1222; baseline -0.005 -11"><span class='ocrx_word' id='word_1_298' title='bbox 92 1185 190 1222; x_wconf 81' lang='grc' dir='ltr'>χρόνος</span> <span class='ocrx_word' id='word_1_299' title='bbox 206 1184 274 1220; x_wconf 88' lang='grc'>(18),</span> <span class='ocrx_word' id='word_1_300' title='bbox 300 1181 349 1209; x_wconf 78' lang='grc' dir='ltr'>οὐκ</span> <span class='ocrx_word' id='word_1_301' title='bbox 371 1180 448 1216; x_wconf 75' lang='grc' dir='ltr'>αἶ’ὼν,</span> <span class='ocrx_word' id='word_1_302' title='bbox 480 1180 510 1208; x_wconf 80' lang='grc' dir='ltr'>οὐ</span> <span class='ocrx_word' id='word_1_303' title='bbox 538 1180 622 1216; x_wconf 79' lang='grc' dir='ltr'>τάξις.</span> <span class='ocrx_word' id='word_1_304' title='bbox 649 1181 686 1208; x_wconf 82' lang='grc' dir='ltr'>’Ἠ</span> <span class='ocrx_word' id='word_1_305' title='bbox 714 1190 743 1207; x_wconf 80' lang='grc' dir='ltr'>τε</span> <span class='ocrx_word' id='word_1_306' title='bbox 771 1180 822 1218; x_wconf 76' lang='grc' dir='ltr'>γὰρ</span> <span class='ocrx_word' id='word_1_307' title='bbox 842 1179 915 1215; x_wconf 76' lang='grc' dir='ltr'>τάξις</span> 
     </span>
    </p>
   </div>
   <div class='ocr_carea' id='block_1_39' title="bbox 93 1223 916 1266">
    <p class='ocr_par' dir='ltr' id='par_1_39' title="bbox 93 1223 916 1266">
     <span class='ocr_line' id='line_1_39' title="bbox 93 1223 916 1266; baseline -0.006 -10"><span class='ocrx_word' id='word_1_308' title='bbox 93 1228 203 1266; x_wconf 68' lang='grc' dir='ltr'>δευτέρα</span> <span class='ocrx_word' id='word_1_309' title='bbox 225 1229 274 1255; x_wconf 80' lang='grc' dir='ltr'>τοῦ</span> <span class='ocrx_word' id='word_1_310' title='bbox 302 1227 458 1260; x_wconf 77' lang='grc' dir='ltr'>τάττοντος,</span> <span class='ocrx_word' id='word_1_311' title='bbox 487 1224 562 1253; x_wconf 73' lang='grc' dir='ltr'>οὐδὲν</span> <span class='ocrx_word' id='word_1_312' title='bbox 593 1223 621 1252; x_wconf 70' lang='grc' dir='ltr'>δὲ</span> <span class='ocrx_word' id='word_1_313' title='bbox 649 1227 702 1252; x_wconf 84' lang='grc' dir='ltr'>τῶν</span> <span class='ocrx_word' id='word_1_314' title='bbox 717 1226 765 1252; x_wconf 81' lang='grc' dir='ltr'>τοῦ</span> <span class='ocrx_word' id='word_1_315' title='bbox 781 1227 847 1252; x_wconf 82' lang='grc' dir='ltr'>Θεοῦ</span> <span class='ocrx_word' id='word_1_316' title='bbox 873 1225 916 1263; x_wconf 80' lang='grc' dir='ltr'>ὑφ’</span> 
     </span>
    </p>
   </div>
   <div class='ocr_carea' id='block_1_40' title="bbox 93 1268 915 1311">
    <p class='ocr_par' dir='ltr' id='par_1_40' title="bbox 93 1268 915 1311">
     <span class='ocr_line' id='line_1_40' title="bbox 93 1268 915 1311; baseline -0.006 -10"><span class='ocrx_word' id='word_1_317' title='bbox 93 1273 184 1311; x_wconf 71' lang='grc' dir='ltr'>ἑτερου</span> <span class='ocrx_word' id='word_1_318' title='bbox 197 1271 334 1300; x_wconf 64' lang='grc' dir='ltr'>τέτακται.</span> <span class='ocrx_word' id='word_1_319' title='bbox 349 1271 384 1300; x_wconf 70' lang='grc' dir='ltr'>’Ὀ</span> <span class='ocrx_word' id='word_1_320' title='bbox 398 1281 427 1298; x_wconf 83' lang='grc' dir='ltr'>τε</span> <span class='ocrx_word' id='word_1_321' title='bbox 442 1270 541 1308; x_wconf 89' lang='grc' dir='ltr'>χρόνος</span> <span class='ocrx_word' id='word_1_322' title='bbox 563 1270 680 1308; x_wconf 76' lang='grc' dir='ltr'>ἀστέρων</span> <span class='ocrx_word' id='word_1_323' title='bbox 697 1268 762 1297; x_wconf 84' lang='grc' dir='ltr'>ποιά</span> <span class='ocrx_word' id='word_1_324' title='bbox 794 1268 835 1300; x_wconf 86' lang='grc' dir='ltr'>τίς</span> <span class='ocrx_word' id='word_1_325' title='bbox 861 1269 915 1297; x_wconf 79' lang='grc' dir='ltr'>ἐστι</span> 
     </span>
    </p>
   </div>
   <div class='ocr_carea' id='block_1_41' title="bbox 93 1313 916 1354">
    <p class='ocr_par' dir='ltr' id='par_1_41' title="bbox 93 1313 916 1354">
     <span class='ocr_line' id='line_1_41' title="bbox 93 1313 916 1354; baseline -0.006 -9"><span class='ocrx_word' id='word_1_326' title='bbox 93 1318 208 1353; x_wconf 74' lang='grc' dir='ltr'>κίνησις.</span> <span class='ocrx_word' id='word_1_327' title='bbox 237 1316 364 1354; x_wconf 71' lang='grc' dir='ltr'>Ἀστὶρες</span> <span class='ocrx_word' id='word_1_328' title='bbox 379 1314 407 1342; x_wconf 59' lang='lat' dir='ltr'>at</span> <span class='ocrx_word' id='word_1_329' title='bbox 422 1315 453 1342; x_wconf 79' lang='grc' dir='ltr'>οὐ</span> <span class='ocrx_word' id='word_1_330' title='bbox 472 1318 522 1350; x_wconf 86' lang='grc' dir='ltr'>τῆς</span> <span class='ocrx_word' id='word_1_331' title='bbox 538 1315 683 1352; x_wconf 78' lang='grc' dir='ltr'>ἀγεννήτου</span> <span class='ocrx_word' id='word_1_332' title='bbox 709 1313 791 1350; x_wconf 82' lang='grc' dir='ltr'>μόνον</span> <span class='ocrx_word' id='word_1_333' title='bbox 814 1313 916 1349; x_wconf 78' lang='grc' dir='ltr'>οὐσίας,</span> 
     </span>
    </p>
   </div>
   <div class='ocr_carea' id='block_1_42' title="bbox 93 1358 916 1397">
    <p class='ocr_par' dir='ltr' id='par_1_42' title="bbox 93 1358 916 1397">
     <span class='ocr_line' id='line_1_42' title="bbox 93 1358 916 1397; baseline -0.006 -7"><span class='ocrx_word' id='word_1_334' title='bbox 93 1362 135 1390; x_wconf 80' lang='grc' dir='ltr'>καὶ</span> <span class='ocrx_word' id='word_1_335' title='bbox 150 1364 261 1397; x_wconf 81' lang='grc' dir='ltr'>νοητῶΛ</span> <span class='ocrx_word' id='word_1_336' title='bbox 276 1360 411 1394; x_wconf 79' lang='grc' dir='ltr'>ἁπάντων,</span> <span class='ocrx_word' id='word_1_337' title='bbox 428 1358 501 1388; x_wconf 76' lang='grc' dir='ltr'>ἀλλὰ</span> <span class='ocrx_word' id='word_1_338' title='bbox 523 1359 568 1386; x_wconf 77' lang='grc' dir='ltr'>καὶ</span> <span class='ocrx_word' id='word_1_339' title='bbox 597 1361 650 1386; x_wconf 82' lang='grc' dir='ltr'>τῶν</span> <span class='ocrx_word' id='word_1_340' title='bbox 679 1359 794 1396; x_wconf 87' lang='grc' dir='ltr'>πρώτων</span> <span class='ocrx_word' id='word_1_341' title='bbox 825 1358 916 1395; x_wconf 82' lang='grc' dir='ltr'>σωμά-</span> 
     </span>
    </p>
   </div>
   <div class='ocr_carea' id='block_1_43' title="bbox 94 1401 917 1444">
    <p class='ocr_par' dir='ltr' id='par_1_43' title="bbox 94 1401 917 1444">
     <span class='ocr_line' id='line_1_43' title="bbox 94 1401 917 1444; baseline -0.007 -9"><span class='ocrx_word' id='word_1_342' title='bbox 94 1418 145 1435; x_wconf 90' lang='grc' dir='ltr'>των</span> <span class='ocrx_word' id='word_1_343' title='bbox 158 1405 298 1444; x_wconf 81' lang='grc' dir='ltr'>γιγόνασιν</span> <span class='ocrx_word' id='word_1_344' title='bbox 315 1404 432 1442; x_wconf 75' lang='grc' dir='ltr'>ὕστεροι.</span> <span class='ocrx_word' id='word_1_345' title='bbox 453 1404 517 1440; x_wconf 79' lang='grc' dir='ltr'>Περὶ</span> <span class='ocrx_word' id='word_1_346' title='bbox 543 1403 594 1440; x_wconf 78' lang='grc' dir='ltr'>γὰρ</span> <span class='ocrx_word' id='word_1_347' title='bbox 619 1403 724 1429; x_wconf 81' lang='grc' dir='ltr'>αῐώνων</span> <span class='ocrx_word' id='word_1_348' title='bbox 752 1403 778 1430; x_wconf 86' lang='grc' dir='ltr'>τί</span> <span class='ocrx_word' id='word_1_349' title='bbox 809 1401 850 1430; x_wconf 85' lang='grc' dir='ltr'>δεῖ</span> <span class='ocrx_word' id='word_1_350' title='bbox 873 1402 917 1430; x_wconf 77' lang='grc' dir='ltr'>καὶ</span> 
     </span>
    </p>
   </div>
   <div class='ocr_carea' id='block_1_44' title="bbox 96 1446 918 1488">
    <p class='ocr_par' dir='ltr' id='par_1_44' title="bbox 96 1446 918 1488">
     <span class='ocr_line' id='line_1_44' title="bbox 96 1446 918 1488; baseline -0.006 -10"><span class='ocrx_word' id='word_1_351' title='bbox 96 1451 194 1488; x_wconf 71' lang='grc' dir='ltr'>λέγειν,</span> <span class='ocrx_word' id='word_1_352' title='bbox 223 1452 274 1482; x_wconf 83' lang='grc' dir='ltr'>τῆς</span> <span class='ocrx_word' id='word_1_353' title='bbox 300 1451 409 1488; x_wconf 72' lang='grc' dir='ltr'>Γραφῆς</span> <span class='ocrx_word' id='word_1_354' title='bbox 429 1449 519 1486; x_wconf 81' lang='grc' dir='ltr'>σαφῶς</span> <span class='ocrx_word' id='word_1_355' title='bbox 543 1446 765 1485; x_wconf 77' lang='grc' dir='ltr'>διαγορευούσης,</span> <span class='ocrx_word' id='word_1_356' title='bbox 790 1447 843 1484; x_wconf 85' lang='grc' dir='ltr'>πρὸ</span> <span class='ocrx_word' id='word_1_357' title='bbox 863 1448 918 1473; x_wconf 79' lang='grc' dir='ltr'>τῶν</span> 
     </span>
    </p>
   </div>
   <div class='ocr_carea' id='block_1_45' title="bbox 95 1490 919 1532">
    <p class='ocr_par' dir='ltr' id='par_1_45' title="bbox 95 1490 919 1532">
     <span class='ocr_line' id='line_1_45' title="bbox 95 1490 919 1532; baseline -0.007 -9"><span class='ocrx_word' id='word_1_358' title='bbox 95 1496 200 1524; x_wconf 77' lang='grc' dir='ltr'>αἰώνων</span> <span class='ocrx_word' id='word_1_359' title='bbox 218 1494 350 1532; x_wconf 75' lang='grc' dir='ltr'>ὑπάρχειν</span> <span class='ocrx_word' id='word_1_360' title='bbox 365 1493 410 1520; x_wconf 75' lang='grc' dir='ltr'>τὸν</span> <span class='ocrx_word' id='word_1_361' title='bbox 436 1493 512 1526; x_wconf 83' lang='grc' dir='ltr'>Θεὸν,</span> <span class='ocrx_word' id='word_1_362' title='bbox 527 1492 571 1519; x_wconf 76' lang='grc' dir='ltr'>καὶ</span> <span class='ocrx_word' id='word_1_363' title='bbox 592 1492 646 1519; x_wconf 80' lang='grc' dir='ltr'>τῶν</span> <span class='ocrx_word' id='word_1_364' title='bbox 662 1493 761 1518; x_wconf 81' lang='grc' dir='ltr'>κοινῶν</span> <span class='ocrx_word' id='word_1_365' title='bbox 777 1490 919 1529; x_wconf 77' lang='grc' dir='ltr'>λογισμῶν</span> 
     </span>
    </p>
   </div>
   <div class='ocr_carea' id='block_1_46' title="bbox 96 1533 917 1576">
    <p class='ocr_par' dir='ltr' id='par_1_46' title="bbox 96 1533 917 1576">
     <span class='ocr_line' id='line_1_46' title="bbox 96 1533 917 1576; baseline -0.006 -9"><span class='ocrx_word' id='word_1_366' title='bbox 96 1538 374 1576; x_wconf 72' lang='grc' dir='ltr'>ὶπιμαρτυρούντωνς</span> <span class='ocrx_word' id='word_1_367' title='bbox 405 1537 444 1566; x_wconf 82' lang='grc' dir='ltr'>Οὐ</span> <span class='ocrx_word' id='word_1_368' title='bbox 473 1537 524 1574; x_wconf 71' lang='grc' dir='ltr'>γὰρ</span> <span class='ocrx_word' id='word_1_369' title='bbox 554 1536 636 1573; x_wconf 88' lang='grc' dir='ltr'>μόνον</span> <span class='ocrx_word' id='word_1_370' title='bbox 655 1533 757 1569; x_wconf 72' lang='grc' dir='ltr'>ἀσεϐὲς,</span> <span class='ocrx_word' id='word_1_371' title='bbox 786 1534 917 1564; x_wconf 74' lang='grc' dir='ltr'>ἀλλὰκαὶ</span> 
     </span>
    </p>
   </div>
   <div class='ocr_carea' id='block_1_47' title="bbox 94 1578 917 1621">
    <p class='ocr_par' dir='ltr' id='par_1_47' title="bbox 94 1578 917 1621">
     <span class='ocr_line' id='line_1_47' title="bbox 94 1578 917 1621; baseline -0.007 -9"><span class='ocrx_word' id='word_1_372' title='bbox 94 1583 197 1621; x_wconf 79' lang='grc' dir='ltr'>κομιδῇ</span> <span class='ocrx_word' id='word_1_373' title='bbox 219 1581 439 1620; x_wconf 71' lang='grc' dir='ltr'>καταγέλαστον,</span> <span class='ocrx_word' id='word_1_374' title='bbox 472 1580 534 1612; x_wconf 84' lang='grc' dir='ltr'>τοὺς</span> <span class='ocrx_word' id='word_1_375' title='bbox 563 1579 590 1608; x_wconf 74' lang='grc' dir='ltr'>ἓν</span> <span class='ocrx_word' id='word_1_376' title='bbox 622 1580 703 1617; x_wconf 81' lang='grc' dir='ltr'>μόνον</span> <span class='ocrx_word' id='word_1_377' title='bbox 733 1578 917 1617; x_wconf 71' lang='grc' dir='ltr'>παραδεξαμέ-</span> 
     </span>
    </p>
   </div>
   <div class='ocr_carea' id='block_1_48' title="bbox 94 1624 918 1666">
    <p class='ocr_par' dir='ltr' id='par_1_48' title="bbox 94 1624 918 1666">
     <span class='ocr_line' id='line_1_48' title="bbox 94 1624 918 1666; baseline -0.008 -9"><span class='ocrx_word' id='word_1_378' title='bbox 94 1640 155 1660; x_wconf 77' lang='grc' dir='ltr'>νους</span> <span class='ocrx_word' id='word_1_379' title='bbox 171 1627 332 1666; x_wconf 82' lang='grc' dir='ltr'>ἀγέννητον,</span> <span class='ocrx_word' id='word_1_380' title='bbox 348 1627 365 1661; x_wconf 75' lang='grc' dir='ltr'><strong>ἢ</strong></span> <span class='ocrx_word' id='word_1_381' title='bbox 393 1626 582 1664; x_wconf 80' lang='grc' dir='ltr'>προϋπάρχειν</span> <span class='ocrx_word' id='word_1_382' title='bbox 597 1635 623 1652; x_wconf 90' lang='grc' dir='ltr'>τι</span> <span class='ocrx_word' id='word_1_383' title='bbox 639 1624 739 1652; x_wconf 79' lang='grc' dir='ltr'>τούτου</span> <span class='ocrx_word' id='word_1_384' title='bbox 755 1625 875 1663; x_wconf 75' lang='grc' dir='ltr'>φάσκειν,</span> <span class='ocrx_word' id='word_1_385' title='bbox 900 1625 918 1659; x_wconf 74' lang='grc' dir='ltr'><strong>ἢ</strong></span> 
     </span>
    </p>
   </div>
   <div class='ocr_carea' id='block_1_49' title="bbox 94 1669 918 1710">
    <p class='ocr_par' dir='ltr' id='par_1_49' title="bbox 94 1669 918 1710">
     <span class='ocr_line' id='line_1_49' title="bbox 94 1669 918 1710; baseline -0.006 -9"><span class='ocrx_word' id='word_1_386' title='bbox 94 1674 277 1710; x_wconf 71' lang='grc' dir='ltr'>συνυπάρχειν</span> <span class='ocrx_word' id='word_1_387' title='bbox 301 1670 405 1708; x_wconf 62' lang='grc' dir='ltr'>ἕτερον.</span> <span class='ocrx_word' id='word_1_388' title='bbox 434 1669 496 1699; x_wconf 68' lang='grc' dir='ltr'>Εἴτε</span> <span class='ocrx_word' id='word_1_389' title='bbox 519 1670 568 1708; x_wconf 78' lang='grc' dir='ltr'>γὰρ</span> <span class='ocrx_word' id='word_1_390' title='bbox 594 1670 770 1708; x_wconf 80' lang='grc' dir='ltr'>προϋπάρχοι</span> <span class='ocrx_word' id='word_1_391' title='bbox 785 1680 822 1704; x_wconf 86' lang='grc' dir='ltr'>τι,</span> <span class='ocrx_word' id='word_1_392' title='bbox 838 1672 918 1696; x_wconf 65' lang='grc' dir='ltr'>τοῦτο</span> 
     </span>
    </p>
   </div>
   <div class='ocr_carea' id='block_1_50' title="bbox 96 1712 921 1754">
    <p class='ocr_par' dir='ltr' id='par_1_50' title="bbox 96 1712 921 1754">
     <span class='ocr_line' id='line_1_50' title="bbox 96 1712 921 1754; baseline -0.006 -9"><span class='ocrx_word' id='word_1_393' title='bbox 96 1717 207 1748; x_wconf 73' lang='grc' dir='ltr'>δικαίως</span> <span class='ocrx_word' id='word_1_394' title='bbox 233 1715 336 1754; x_wconf 81' lang='grc' dir='ltr'>λέγοιν¹</span> <span class='ocrx_word' id='word_1_395' title='bbox 358 1714 387 1742; x_wconf 80' lang='grc' dir='ltr'>ἃν</span> <span class='ocrx_word' id='word_1_396' title='bbox 413 1715 565 1752; x_wconf 68' lang='grc' dir='ltr'>ἀγέννητον,</span> <span class='ocrx_word' id='word_1_397' title='bbox 594 1713 624 1741; x_wconf 74' lang='grc' dir='ltr'>οὗ</span> <span class='ocrx_word' id='word_1_398' title='bbox 653 1714 684 1740; x_wconf 79' lang='grc' dir='ltr'>τὸ</span> <span class='ocrx_word' id='word_1_399' title='bbox 708 1712 840 1751; x_wconf 72' lang='grc' dir='ltr'>δεύτερον·</span> <span class='ocrx_word' id='word_1_400' title='bbox 867 1712 921 1741; x_wconf 66' lang='grc' dir='ltr'>εἷίτι</span> 
     </span>
    </p>
   </div>
   <div class='ocr_carea' id='block_1_51' title="bbox 97 1758 921 1799">
    <p class='ocr_par' dir='ltr' id='par_1_51' title="bbox 97 1758 921 1799">
     <span class='ocr_line' id='line_1_51' title="bbox 97 1758 921 1799; baseline -0.005 -10"><span class='ocrx_word' id='word_1_401' title='bbox 97 1763 277 1799; x_wconf 73' lang='grc' dir='ltr'>συνυπάρχοι,</span> <span class='ocrx_word' id='word_1_402' title='bbox 302 1761 336 1797; x_wconf 76' lang='grc' dir='ltr'>τῇ</span> <span class='ocrx_word' id='word_1_403' title='bbox 356 1759 424 1797; x_wconf 88' lang='grc' dir='ltr'>πρὸς</span> <span class='ocrx_word' id='word_1_404' title='bbox 445 1759 554 1796; x_wconf 78' lang='grc' dir='ltr'>θάτερον</span> <span class='ocrx_word' id='word_1_405' title='bbox 571 1758 700 1794; x_wconf 75' lang='grc' dir='ltr'>κοινωνίᾳ</span> <span class='ocrx_word' id='word_1_406' title='bbox 714 1761 762 1786; x_wconf 81' lang='grc' dir='ltr'>τοῦ</span> <span class='ocrx_word' id='word_1_407' title='bbox 787 1759 921 1795; x_wconf 78' lang='grc' dir='ltr'>συνυπάρ-</span> 
     </span>
    </p>
   </div>
   <div class='ocr_carea' id='block_1_52' title="bbox 97 1801 923 1844">
    <p class='ocr_par' dir='ltr' id='par_1_52' title="bbox 97 1801 923 1844">
     <span class='ocr_line' id='line_1_52' title="bbox 97 1801 923 1844; baseline -0.006 -10"><span class='ocrx_word' id='word_1_408' title='bbox 97 1817 156 1844; x_wconf 85' lang='grc' dir='ltr'>χειν</span> <span class='ocrx_word' id='word_1_409' title='bbox 172 1805 311 1842; x_wconf 75' lang='grc' dir='ltr'>ὲκάτερον,</span> <span class='ocrx_word' id='word_1_410' title='bbox 341 1804 550 1843; x_wconf 57' lang='grc' dir='ltr'>ἀφαιρεθήσεται</span> <span class='ocrx_word' id='word_1_411' title='bbox 564 1803 595 1830; x_wconf 84' lang='grc' dir='ltr'>τὸ</span> <span class='ocrx_word' id='word_1_412' title='bbox 610 1801 636 1829; x_wconf 76' lang='grc' dir='ltr'>ἓν</span> <span class='ocrx_word' id='word_1_413' title='bbox 656 1802 738 1839; x_wconf 83' lang='grc' dir='ltr'>μόνον</span> <span class='ocrx_word' id='word_1_414' title='bbox 755 1803 820 1830; x_wconf 78' lang='grc' dir='ltr'>εἶναι</span> <span class='ocrx_word' id='word_1_415' title='bbox 836 1802 923 1830; x_wconf 76' lang='grc' dir='ltr'>καὶτὸ</span> 
     </span>
    </p>
   </div>
   <div class='ocr_carea' id='block_1_53' title="bbox 100 1846 922 1888">
    <p class='ocr_par' dir='ltr' id='par_1_53' title="bbox 100 1846 922 1888">
     <span class='ocr_line' id='line_1_53' title="bbox 100 1846 922 1888; baseline -0.005 -10"><span class='ocrx_word' id='word_1_416' title='bbox 100 1850 248 1888; x_wconf 72' lang='grc' dir='ltr'>ἀγέννητον</span> <span class='ocrx_word' id='word_1_417' title='bbox 264 1849 342 1883; x_wconf 80' lang='grc' dir='ltr'>εἶναι,</span> <span class='ocrx_word' id='word_1_418' title='bbox 358 1849 402 1875; x_wconf 84' lang='grc' dir='ltr'>οἷα</span> <span class='ocrx_word' id='word_1_419' title='bbox 418 1846 451 1882; x_wconf 76' lang='grc' dir='ltr'>δὴ</span> <span class='ocrx_word' id='word_1_420' title='bbox 468 1847 534 1884; x_wconf 81' lang='grc' dir='ltr'>μετὰ</span> <span class='ocrx_word' id='word_1_421' title='bbox 547 1850 597 1881; x_wconf 81' lang='grc' dir='ltr'>τῆς</span> <span class='ocrx_word' id='word_1_422' title='bbox 620 1847 713 1878; x_wconf 76' lang='grc' dir='ltr'>οὐσίας</span> <span class='ocrx_word' id='word_1_423' title='bbox 729 1846 922 1884; x_wconf 73' lang='grc' dir='ltr'>ἅποκλήρωσίν</span> 
     </span>
    </p>
   </div>
   <div class='ocr_carea' id='block_1_54' title="bbox 100 1891 924 1931">
    <p class='ocr_par' dir='ltr' id='par_1_54' title="bbox 100 1891 924 1931">
     <span class='ocr_line' id='line_1_54' title="bbox 100 1891 924 1931; baseline -0.005 -9"><span class='ocrx_word' id='word_1_424' title='bbox 100 1905 159 1922; x_wconf 84' lang='grc' dir='ltr'>τινα</span> <span class='ocrx_word' id='word_1_425' title='bbox 173 1894 219 1921; x_wconf 82' lang='grc' dir='ltr'>καὶ</span> <span class='ocrx_word' id='word_1_426' title='bbox 242 1893 414 1931; x_wconf 78' lang='grc' dir='ltr'>περιγραφὴν</span> <span class='ocrx_word' id='word_1_427' title='bbox 431 1892 531 1930; x_wconf 78' lang='grc' dir='ltr'>ἀμφοῖν</span> <span class='ocrx_word' id='word_1_428' title='bbox 547 1891 772 1928; x_wconf 76' lang='grc' dir='ltr'>συνεισαγόντων,</span> <span class='ocrx_word' id='word_1_429' title='bbox 789 1892 924 1926; x_wconf 80' lang='grc' dir='ltr'>συνθήκην</span> 
     </span>
    </p>
   </div>
   <div class='ocr_carea' id='block_1_55' title="bbox 101 1934 621 1973">
    <p class='ocr_par' dir='ltr' id='par_1_55' title="bbox 101 1934 621 1973">
     <span class='ocr_line' id='line_1_55' title="bbox 101 1934 621 1973; baseline -0.008 -7"><span class='ocrx_word' id='word_1_430' title='bbox 101 1950 129 1966; x_wconf 85' lang='grc' dir='ltr'>τε</span> <span class='ocrx_word' id='word_1_431' title='bbox 143 1938 187 1973; x_wconf 81' lang='grc' dir='ltr'>αὖ,</span> <span class='ocrx_word' id='word_1_432' title='bbox 203 1939 248 1965; x_wconf 76' lang='grc' dir='ltr'>καὶ</span> <span class='ocrx_word' id='word_1_433' title='bbox 263 1938 295 1965; x_wconf 87' lang='grc' dir='ltr'>τὸ</span> <span class='ocrx_word' id='word_1_434' title='bbox 308 1941 359 1972; x_wconf 83' lang='grc' dir='ltr'>τῆς</span> <span class='ocrx_word' id='word_1_435' title='bbox 375 1937 510 1971; x_wconf 70' lang='grc' dir='ltr'>συνθήκης</span> <span class='ocrx_word' id='word_1_436' title='bbox 523 1934 621 1963; x_wconf 58' lang='grc' dir='ltr'>αἴτιον.</span> 
     </span>
    </p>
   </div>
   <div class='ocr_carea' id='block_1_56' title="bbox 971 1004 1797 1040">
    <p class='ocr_par' dir='ltr' id='par_1_56' title="bbox 971 1004 1797 1040">
     <span class='ocr_line' id='line_1_56' title="bbox 971 1004 1797 1040; baseline 0.001 -9"><span class='ocrx_word' id='word_1_437' title='bbox 971 1005 1071 1032; x_wconf 88' lang='lat' dir='ltr'>munis</span> <span class='ocrx_word' id='word_1_438' title='bbox 1087 1005 1206 1040; x_wconf 83' lang='lat' dir='ltr'>quidem</span> <span class='ocrx_word' id='word_1_439' title='bbox 1227 1005 1369 1032; x_wconf 84' lang='lat' dir='ltr'>ambobus</span> <span class='ocrx_word' id='word_1_440' title='bbox 1385 1005 1513 1032; x_wconf 84' lang='lat' dir='ltr'>essentia</span> <span class='ocrx_word' id='word_1_441' title='bbox 1534 1007 1590 1038; x_wconf 87' lang='lat' dir='ltr'>est,</span> <span class='ocrx_word' id='word_1_442' title='bbox 1608 1004 1709 1032; x_wconf 87' lang='lat' dir='ltr'>ordine</span> <span class='ocrx_word' id='word_1_443' title='bbox 1730 1012 1797 1032; x_wconf 85' lang='lat' dir='ltr'>vero</span> 
     </span>
    </p>
   </div>
   <div class='ocr_carea' id='block_1_57' title="bbox 969 1049 1798 1085">
    <p class='ocr_par' dir='ltr' id='par_1_57' title="bbox 969 1049 1798 1085">
     <span class='ocr_line' id='line_1_57' title="bbox 969 1049 1798 1085; baseline -0.001 -9"><span class='ocrx_word' id='word_1_444' title='bbox 969 1050 996 1076; x_wconf 88' lang='lat' dir='ltr'>et</span> <span class='ocrx_word' id='word_1_445' title='bbox 1011 1049 1047 1076; x_wconf 88' lang='lat' dir='ltr'>iis</span> <span class='ocrx_word' id='word_1_446' title='bbox 1063 1058 1126 1084; x_wconf 78' lang='lat' dir='ltr'>quae</span> <span class='ocrx_word' id='word_1_447' title='bbox 1139 1057 1173 1076; x_wconf 81' lang='lat' dir='ltr'>ex</span> <span class='ocrx_word' id='word_1_448' title='bbox 1189 1052 1320 1085; x_wconf 87' lang='lat' dir='ltr'>tempore</span> <span class='ocrx_word' id='word_1_449' title='bbox 1339 1051 1512 1085; x_wconf 87' lang='lat' dir='ltr'>promanant</span> <span class='ocrx_word' id='word_1_450' title='bbox 1528 1049 1738 1085; x_wconf 65' lang='lat' dir='ltr'>praerogativis,</span> <span class='ocrx_word' id='word_1_451' title='bbox 1751 1049 1798 1076; x_wconf 82' lang='lat' dir='ltr'>hic</span> 
     </span>
    </p>
   </div>
   <div class='ocr_carea' id='block_1_58' title="bbox 971 1093 1796 1129">
    <p class='ocr_par' dir='ltr' id='par_1_58' title="bbox 971 1093 1796 1129">
     <span class='ocr_line' id='line_1_58' title="bbox 971 1093 1796 1129; baseline 0 -9"><span class='ocrx_word' id='word_1_452' title='bbox 971 1093 1089 1129; x_wconf 87' lang='lat' dir='ltr'>quidem</span> <span class='ocrx_word' id='word_1_453' title='bbox 1106 1094 1195 1129; x_wconf 85' lang='lat' dir='ltr'>prior,</span> <span class='ocrx_word' id='word_1_454' title='bbox 1207 1093 1256 1121; x_wconf 89' lang='lat' dir='ltr'>ille</span> <span class='ocrx_word' id='word_1_455' title='bbox 1267 1102 1332 1121; x_wconf 90' lang='lat' dir='ltr'>vero</span> <span class='ocrx_word' id='word_1_456' title='bbox 1348 1094 1491 1129; x_wconf 89' lang='lat' dir='ltr'>posterior</span> <span class='ocrx_word' id='word_1_457' title='bbox 1504 1103 1555 1121; x_wconf 90' lang='lat' dir='ltr'>seu</span> <span class='ocrx_word' id='word_1_458' title='bbox 1572 1094 1721 1121; x_wconf 88' lang='lat' dir='ltr'>secundus</span> <span class='ocrx_word' id='word_1_459' title='bbox 1733 1095 1796 1121; x_wconf 88' lang='lat' dir='ltr'>est:</span> 
     </span>
    </p>
   </div>
   <div class='ocr_carea' id='block_1_59' title="bbox 971 1138 1798 1174">
    <p class='ocr_par' dir='ltr' id='par_1_59' title="bbox 971 1138 1798 1174">
     <span class='ocr_line' id='line_1_59' title="bbox 971 1138 1798 1174; baseline 0.001 -10"><span class='ocrx_word' id='word_1_460' title='bbox 971 1138 1208 1174; x_wconf 86' lang='lat' dir='ltr'>quandoquidem</span> <span class='ocrx_word' id='word_1_461' title='bbox 1218 1138 1248 1165; x_wconf 91' lang='lat' dir='ltr'>in</span> <span class='ocrx_word' id='word_1_462' title='bbox 1258 1138 1303 1165; x_wconf 89' lang='lat' dir='ltr'>his</span> <span class='ocrx_word' id='word_1_463' title='bbox 1313 1146 1376 1173; x_wconf 73' lang='lat' dir='ltr'>quas</span> <span class='ocrx_word' id='word_1_464' title='bbox 1388 1138 1585 1174; x_wconf 74' lang='lat' dir='ltr'>praeeminent,</span> <span class='ocrx_word' id='word_1_465' title='bbox 1598 1138 1798 1174; x_wconf 80' lang='lat' dir='ltr'>praeexsistere</span> 
     </span>
    </p>
   </div>
   <div class='ocr_carea' id='block_1_60' title="bbox 971 1182 1798 1219">
    <p class='ocr_par' dir='ltr' id='par_1_60' title="bbox 971 1182 1798 1219">
     <span class='ocr_line' id='line_1_60' title="bbox 971 1182 1798 1219; baseline 0.001 -10"><span class='ocrx_word' id='word_1_466' title='bbox 971 1182 1090 1210; x_wconf 90' lang='lat' dir='ltr'>omnino</span> <span class='ocrx_word' id='word_1_467' title='bbox 1102 1184 1215 1218; x_wconf 84' lang='lat' dir='ltr'>oportet</span> <span class='ocrx_word' id='word_1_468' title='bbox 1229 1191 1348 1210; x_wconf 86' lang='lat' dir='ltr'>causam</span> <span class='ocrx_word' id='word_1_469' title='bbox 1361 1183 1425 1218; x_wconf 81' lang='lat' dir='ltr'>ejus</span> <span class='ocrx_word' id='word_1_470' title='bbox 1442 1183 1677 1219; x_wconf 65' lang='lat' dir='ltr'>prazemineatiee.</span> <span class='ocrx_word' id='word_1_471' title='bbox 1690 1183 1798 1210; x_wconf 87' lang='lat' dir='ltr'>Essen-</span> 
     </span>
    </p>
   </div>
   <div class='ocr_carea' id='block_1_61' title="bbox 971 1227 1799 1263">
    <p class='ocr_par' dir='ltr' id='par_1_61' title="bbox 971 1227 1799 1263">
     <span class='ocr_line' id='line_1_61' title="bbox 971 1227 1799 1263; baseline 0.001 -9"><span class='ocrx_word' id='word_1_472' title='bbox 971 1227 1016 1254; x_wconf 69' lang='lat' dir='ltr'>tiw</span> <span class='ocrx_word' id='word_1_473' title='bbox 1032 1228 1131 1255; x_wconf 85' lang='lat' dir='ltr'>autem</span> <span class='ocrx_word' id='word_1_474' title='bbox 1153 1227 1204 1254; x_wconf 87' lang='lat' dir='ltr'>Dei</span> <span class='ocrx_word' id='word_1_475' title='bbox 1230 1236 1287 1255; x_wconf 92' lang='lat' dir='ltr'>non</span> <span class='ocrx_word' id='word_1_476' title='bbox 1316 1228 1457 1263; x_wconf 86' lang='lat' dir='ltr'>competit</span> <span class='ocrx_word' id='word_1_477' title='bbox 1481 1235 1533 1255; x_wconf 90' lang='lat' dir='ltr'>nec</span> <span class='ocrx_word' id='word_1_478' title='bbox 1558 1228 1730 1263; x_wconf 83' lang='lat' dir='ltr'>adjunctum</span> <span class='ocrx_word' id='word_1_479' title='bbox 1755 1229 1799 1255; x_wconf 83' lang='lat' dir='ltr'>est</span> 
     </span>
    </p>
   </div>
   <div class='ocr_carea' id='block_1_62' title="bbox 972 1271 1798 1307">
    <p class='ocr_par' dir='ltr' id='par_1_62' title="bbox 972 1271 1798 1307">
     <span class='ocr_line' id='line_1_62' title="bbox 972 1271 1798 1307; baseline 0 -9"><span class='ocrx_word' id='word_1_480' title='bbox 972 1273 1099 1307; x_wconf 88' lang='lat' dir='ltr'>tempus,</span> <span class='ocrx_word' id='word_1_481' title='bbox 1113 1280 1170 1299; x_wconf 88' lang='lat' dir='ltr'>non</span> <span class='ocrx_word' id='word_1_482' title='bbox 1182 1280 1287 1305; x_wconf 68' lang='lat' dir='ltr'>avum,</span> <span class='ocrx_word' id='word_1_483' title='bbox 1300 1280 1357 1299; x_wconf 91' lang='lat' dir='ltr'>non</span> <span class='ocrx_word' id='word_1_484' title='bbox 1374 1272 1444 1299; x_wconf 90' lang='lat' dir='ltr'>ordo</span> <span class='ocrx_word' id='word_1_485' title='bbox 1457 1281 1463 1299; x_wconf 92' lang='lat'>:</span> <span class='ocrx_word' id='word_1_486' title='bbox 1478 1272 1547 1299; x_wconf 86' lang='lat' dir='ltr'>ordo</span> <span class='ocrx_word' id='word_1_487' title='bbox 1561 1272 1638 1300; x_wconf 90' lang='lat' dir='ltr'>enim</span> <span class='ocrx_word' id='word_1_488' title='bbox 1653 1271 1798 1307; x_wconf 87' lang='lat' dir='ltr'>posterior</span> 
     </span>
    </p>
   </div>
   <div class='ocr_carea' id='block_1_63' title="bbox 971 1316 1796 1352">
    <p class='ocr_par' dir='ltr' id='par_1_63' title="bbox 971 1316 1796 1352">
     <span class='ocr_line' id='line_1_63' title="bbox 971 1316 1796 1352; baseline -0.001 -9"><span class='ocrx_word' id='word_1_489' title='bbox 971 1319 1016 1344; x_wconf 88' lang='lat' dir='ltr'>est</span> <span class='ocrx_word' id='word_1_490' title='bbox 1031 1316 1184 1344; x_wconf 81' lang='lat' dir='ltr'>ordinante</span> <span class='ocrx_word' id='word_1_491' title='bbox 1201 1325 1207 1344; x_wconf 87' lang='lat'><strong>:</strong></span> <span class='ocrx_word' id='word_1_492' title='bbox 1224 1316 1297 1344; x_wconf 88' lang='lat' dir='ltr'>nihil</span> <span class='ocrx_word' id='word_1_493' title='bbox 1321 1319 1419 1344; x_wconf 86' lang='lat' dir='ltr'>autem</span> <span class='ocrx_word' id='word_1_494' title='bbox 1437 1324 1535 1344; x_wconf 85' lang='lat' dir='ltr'>eorum</span> <span class='ocrx_word' id='word_1_495' title='bbox 1554 1324 1616 1352; x_wconf 66' lang='lat' dir='ltr'>quae</span> <span class='ocrx_word' id='word_1_496' title='bbox 1642 1316 1692 1343; x_wconf 90' lang='lat' dir='ltr'>Dei</span> <span class='ocrx_word' id='word_1_497' title='bbox 1716 1317 1796 1349; x_wconf 88' lang='lat' dir='ltr'>sunt,</span> 
     </span>
    </p>
   </div>
   <div class='ocr_carea' id='block_1_64' title="bbox 972 1359 1798 1396">
    <p class='ocr_par' dir='ltr' id='par_1_64' title="bbox 972 1359 1798 1396">
     <span class='ocr_line' id='line_1_64' title="bbox 972 1359 1798 1396; baseline -0.002 -8"><span class='ocrx_word' id='word_1_498' title='bbox 972 1361 1008 1388; x_wconf 85' lang='lat' dir='ltr'>ab</span> <span class='ocrx_word' id='word_1_499' title='bbox 1025 1360 1080 1388; x_wconf 82' lang='lat' dir='ltr'>alio</span> <span class='ocrx_word' id='word_1_500' title='bbox 1092 1362 1137 1388; x_wconf 88' lang='lat' dir='ltr'>est</span> <span class='ocrx_word' id='word_1_501' title='bbox 1147 1361 1314 1388; x_wconf 82' lang='lat' dir='ltr'>ordinatum</span> <span class='ocrx_word' id='word_1_502' title='bbox 1324 1371 1331 1395; x_wconf 89' lang='lat'><strong>;</strong></span> <span class='ocrx_word' id='word_1_503' title='bbox 1343 1363 1371 1388; x_wconf 89' lang='lat' dir='ltr'>et</span> <span class='ocrx_word' id='word_1_504' title='bbox 1381 1363 1498 1396; x_wconf 88' lang='lat' dir='ltr'>tempus</span> <span class='ocrx_word' id='word_1_505' title='bbox 1512 1360 1665 1388; x_wconf 87' lang='lat' dir='ltr'>stellarum</span> <span class='ocrx_word' id='word_1_506' title='bbox 1679 1359 1798 1396; x_wconf 89' lang='lat' dir='ltr'>quidem</span> 
     </span>
    </p>
   </div>
   <div class='ocr_carea' id='block_1_65' title="bbox 974 1404 1798 1440">
    <p class='ocr_par' dir='ltr' id='par_1_65' title="bbox 974 1404 1798 1440">
     <span class='ocr_line' id='line_1_65' title="bbox 974 1404 1798 1440; baseline -0.001 -8"><span class='ocrx_word' id='word_1_507' title='bbox 974 1407 1071 1433; x_wconf 85' lang='lat' dir='ltr'>motus</span> <span class='ocrx_word' id='word_1_508' title='bbox 1087 1407 1145 1439; x_wconf 84' lang='lat' dir='ltr'>est;</span> <span class='ocrx_word' id='word_1_509' title='bbox 1163 1404 1252 1433; x_wconf 77' lang='lat' dir='ltr'>stellas</span> <span class='ocrx_word' id='word_1_510' title='bbox 1269 1413 1335 1433; x_wconf 79' lang='lat' dir='ltr'>vero</span> <span class='ocrx_word' id='word_1_511' title='bbox 1358 1414 1417 1433; x_wconf 92' lang='lat' dir='ltr'>non</span> <span class='ocrx_word' id='word_1_512' title='bbox 1442 1405 1537 1433; x_wconf 90' lang='lat' dir='ltr'>solum</span> <span class='ocrx_word' id='word_1_513' title='bbox 1555 1407 1620 1439; x_wconf 86' lang='lat' dir='ltr'>post</span> <span class='ocrx_word' id='word_1_514' title='bbox 1637 1404 1798 1440; x_wconf 87' lang='lat' dir='ltr'>ingenitam</span> 
     </span>
    </p>
   </div>
   <div class='ocr_carea' id='block_1_66' title="bbox 973 1448 1801 1485">
    <p class='ocr_par' dir='ltr' id='par_1_66' title="bbox 973 1448 1801 1485">
     <span class='ocr_line' id='line_1_66' title="bbox 973 1448 1801 1485; baseline -0.001 -9"><span class='ocrx_word' id='word_1_515' title='bbox 973 1449 1130 1476; x_wconf 80' lang='lat' dir='ltr'>essentiam</span> <span class='ocrx_word' id='word_1_516' title='bbox 1157 1451 1184 1477; x_wconf 88' lang='lat' dir='ltr'>et</span> <span class='ocrx_word' id='word_1_517' title='bbox 1208 1449 1305 1477; x_wconf 87' lang='lat' dir='ltr'>omnia</span> <span class='ocrx_word' id='word_1_518' title='bbox 1331 1449 1538 1485; x_wconf 80' lang='lat' dir='ltr'>intelligibilia,</span> <span class='ocrx_word' id='word_1_519' title='bbox 1555 1449 1605 1477; x_wconf 92' lang='lat' dir='ltr'>sed</span> <span class='ocrx_word' id='word_1_520' title='bbox 1629 1448 1718 1477; x_wconf 87' lang='lat' dir='ltr'>etiam</span> <span class='ocrx_word' id='word_1_521' title='bbox 1735 1450 1801 1484; x_wconf 89' lang='lat' dir='ltr'>post</span> 
     </span>
    </p>
   </div>
   <div class='ocr_carea' id='block_1_67' title="bbox 974 1493 1802 1530">
    <p class='ocr_par' dir='ltr' id='par_1_67' title="bbox 974 1493 1802 1530">
     <span class='ocr_line' id='line_1_67' title="bbox 974 1493 1802 1530; baseline -0.001 -9"><span class='ocrx_word' id='word_1_522' title='bbox 974 1493 1068 1530; x_wconf 86' lang='lat' dir='ltr'>prima</span> <span class='ocrx_word' id='word_1_523' title='bbox 1084 1502 1205 1529; x_wconf 85' lang='lat' dir='ltr'>corpora</span> <span class='ocrx_word' id='word_1_524' title='bbox 1228 1494 1412 1528; x_wconf 83' lang='lat' dir='ltr'>exstiterunt,</span> <span class='ocrx_word' id='word_1_525' title='bbox 1431 1493 1548 1529; x_wconf 88' lang='lat' dir='ltr'>illisque</span> <span class='ocrx_word' id='word_1_526' title='bbox 1574 1493 1713 1521; x_wconf 88' lang='lat' dir='ltr'>omnibus</span> <span class='ocrx_word' id='word_1_527' title='bbox 1730 1495 1802 1521; x_wconf 88' lang='lat' dir='ltr'>sunt</span> 
     </span>
    </p>
   </div>
   <div class='ocr_carea' id='block_1_68' title="bbox 974 1537 1803 1574">
    <p class='ocr_par' dir='ltr' id='par_1_68' title="bbox 974 1537 1803 1574">
     <span class='ocr_line' id='line_1_68' title="bbox 974 1537 1803 1574; baseline -0.001 -9"><span class='ocrx_word' id='word_1_528' title='bbox 974 1539 1160 1574; x_wconf 86' lang='lat' dir='ltr'>posteriores.</span> <span class='ocrx_word' id='word_1_529' title='bbox 1179 1540 1216 1566; x_wconf 90' lang='lat' dir='ltr'>De</span> <span class='ocrx_word' id='word_1_530' title='bbox 1232 1539 1364 1566; x_wconf 71' lang='lat' dir='ltr'>monibus</span> <span class='ocrx_word' id='word_1_531' title='bbox 1385 1541 1482 1566; x_wconf 85' lang='lat' dir='ltr'>autem</span> <span class='ocrx_word' id='word_1_532' title='bbox 1500 1546 1551 1566; x_wconf 90' lang='lat' dir='ltr'>seu</span> <span class='ocrx_word' id='word_1_533' title='bbox 1568 1546 1627 1565; x_wconf 61' lang='lat' dir='ltr'>aevo</span> <span class='ocrx_word' id='word_1_534' title='bbox 1643 1537 1713 1573; x_wconf 91' lang='lat' dir='ltr'>quid</span> <span class='ocrx_word' id='word_1_535' title='bbox 1731 1537 1803 1566; x_wconf 89' lang='lat' dir='ltr'>atti-</span> 
     </span>
    </p>
   </div>
   <div class='ocr_carea' id='block_1_69' title="bbox 975 1582 1800 1619">
    <p class='ocr_par' dir='ltr' id='par_1_69' title="bbox 975 1582 1800 1619">
     <span class='ocr_line' id='line_1_69' title="bbox 975 1582 1800 1619; baseline -0.001 -9"><span class='ocrx_word' id='word_1_536' title='bbox 975 1585 1025 1610; x_wconf 86' lang='lat' dir='ltr'>net</span> <span class='ocrx_word' id='word_1_537' title='bbox 1049 1583 1153 1616; x_wconf 88' lang='lat' dir='ltr'>dicere,</span> <span class='ocrx_word' id='word_1_538' title='bbox 1171 1590 1237 1610; x_wconf 87' lang='lat' dir='ltr'>cum</span> <span class='ocrx_word' id='word_1_539' title='bbox 1261 1583 1413 1619; x_wconf 82' lang='lat' dir='ltr'>Scriptura</span> <span class='ocrx_word' id='word_1_540' title='bbox 1438 1583 1547 1610; x_wconf 88' lang='lat' dir='ltr'>diserte</span> <span class='ocrx_word' id='word_1_541' title='bbox 1570 1582 1708 1615; x_wconf 77' lang='lat' dir='ltr'>affirmet,</span> <span class='ocrx_word' id='word_1_542' title='bbox 1734 1585 1800 1609; x_wconf 86' lang='lat' dir='ltr'>ante</span> 
     </span>
    </p>
   </div>
   <div class='ocr_carea' id='block_1_70' title="bbox 975 1627 1803 1663">
    <p class='ocr_par' dir='ltr' id='par_1_70' title="bbox 975 1627 1803 1663">
     <span class='ocr_line' id='line_1_70' title="bbox 975 1627 1803 1663; baseline -0.001 -9"><span class='ocrx_word' id='word_1_543' title='bbox 975 1627 1081 1654; x_wconf 61' lang='lat' dir='ltr'>secula</span> <span class='ocrx_word' id='word_1_544' title='bbox 1094 1635 1157 1654; x_wconf 87' lang='lat' dir='ltr'>esse</span> <span class='ocrx_word' id='word_1_545' title='bbox 1169 1627 1260 1654; x_wconf 90' lang='lat' dir='ltr'>Deum</span> <span class='ocrx_word' id='word_1_546' title='bbox 1271 1627 1307 1661; x_wconf 68' lang='lat'>3‘;</span> <span class='ocrx_word' id='word_1_547' title='bbox 1323 1627 1400 1663; x_wconf 90' lang='lat' dir='ltr'>quod</span> <span class='ocrx_word' id='word_1_548' title='bbox 1412 1627 1489 1654; x_wconf 89' lang='lat' dir='ltr'>idem</span> <span class='ocrx_word' id='word_1_549' title='bbox 1502 1635 1675 1654; x_wconf 80' lang='lat' dir='ltr'>communes</span> <span class='ocrx_word' id='word_1_550' title='bbox 1686 1634 1803 1662; x_wconf 87' lang='lat' dir='ltr'>quoque</span> 
     </span>
    </p>
   </div>
   <div class='ocr_carea' id='block_1_71' title="bbox 976 1671 1802 1707">
    <p class='ocr_par' dir='ltr' id='par_1_71' title="bbox 976 1671 1802 1707">
     <span class='ocr_line' id='line_1_71' title="bbox 976 1671 1802 1707; baseline 0 -9"><span class='ocrx_word' id='word_1_551' title='bbox 976 1673 1153 1700; x_wconf 86' lang='lat' dir='ltr'>attestantur</span> <span class='ocrx_word' id='word_1_552' title='bbox 1176 1671 1433 1700; x_wconf 82' lang='lat' dir='ltr'>ratiocinationes?</span> <span class='ocrx_word' id='word_1_553' title='bbox 1448 1671 1548 1707; x_wconf 87' lang='lat' dir='ltr'>Neque</span> <span class='ocrx_word' id='word_1_554' title='bbox 1573 1671 1652 1699; x_wconf 88' lang='lat' dir='ltr'>enim</span> <span class='ocrx_word' id='word_1_555' title='bbox 1676 1671 1802 1706; x_wconf 90' lang='lat' dir='ltr'>impium</span> 
     </span>
    </p>
   </div>
   <div class='ocr_carea' id='block_1_72' title="bbox 975 1715 1802 1753">
    <p class='ocr_par' dir='ltr' id='par_1_72' title="bbox 975 1715 1802 1753">
     <span class='ocr_line' id='line_1_72' title="bbox 975 1715 1802 1753; baseline -0.001 -10"><span class='ocrx_word' id='word_1_556' title='bbox 975 1716 1193 1750; x_wconf 85' lang='lat' dir='ltr'>tantummodo,</span> <span class='ocrx_word' id='word_1_557' title='bbox 1206 1717 1255 1744; x_wconf 88' lang='lat' dir='ltr'>sed</span> <span class='ocrx_word' id='word_1_558' title='bbox 1271 1716 1356 1753; x_wconf 87' lang='lat' dir='ltr'>plane</span> <span class='ocrx_word' id='word_1_559' title='bbox 1372 1725 1490 1752; x_wconf 84' lang='lat' dir='ltr'>quoque</span> <span class='ocrx_word' id='word_1_560' title='bbox 1515 1718 1543 1744; x_wconf 88' lang='lat' dir='ltr'>et</span> <span class='ocrx_word' id='word_1_561' title='bbox 1565 1716 1676 1744; x_wconf 86' lang='lat' dir='ltr'>all‘atim</span> <span class='ocrx_word' id='word_1_562' title='bbox 1694 1715 1802 1743; x_wconf 89' lang='lat' dir='ltr'>ridicu-</span> 
     </span>
    </p>
   </div>
   <div class='ocr_carea' id='block_1_73' title="bbox 977 1760 1802 1796">
    <p class='ocr_par' dir='ltr' id='par_1_73' title="bbox 977 1760 1802 1796">
     <span class='ocr_line' id='line_1_73' title="bbox 977 1760 1802 1796; baseline -0.001 -8"><span class='ocrx_word' id='word_1_563' title='bbox 977 1760 1039 1788; x_wconf 90' lang='lat' dir='ltr'>lum</span> <span class='ocrx_word' id='word_1_564' title='bbox 1058 1762 1113 1793; x_wconf 88' lang='lat' dir='ltr'>est,</span> <span class='ocrx_word' id='word_1_565' title='bbox 1130 1761 1154 1788; x_wconf 93' lang='lat' dir='ltr'>si</span> <span class='ocrx_word' id='word_1_566' title='bbox 1170 1760 1211 1788; x_wconf 91' lang='lat' dir='ltr'>illi</span> <span class='ocrx_word' id='word_1_567' title='bbox 1227 1761 1277 1796; x_wconf 89' lang='lat' dir='ltr'>qui</span> <span class='ocrx_word' id='word_1_568' title='bbox 1304 1761 1421 1796; x_wconf 90' lang='lat' dir='ltr'>quidem</span> <span class='ocrx_word' id='word_1_569' title='bbox 1439 1761 1606 1788; x_wconf 89' lang='lat' dir='ltr'>concedunt</span> <span class='ocrx_word' id='word_1_570' title='bbox 1630 1768 1721 1787; x_wconf 90' lang='lat' dir='ltr'>unum</span> <span class='ocrx_word' id='word_1_571' title='bbox 1737 1767 1802 1788; x_wconf 84' lang='lat' dir='ltr'>esse</span> 
     </span>
    </p>
   </div>
   <div class='ocr_carea' id='block_1_74' title="bbox 978 1804 1805 1841">
    <p class='ocr_par' dir='ltr' id='par_1_74' title="bbox 978 1804 1805 1841">
     <span class='ocr_line' id='line_1_74' title="bbox 978 1804 1805 1841; baseline -0.001 -9"><span class='ocrx_word' id='word_1_572' title='bbox 978 1805 1153 1841; x_wconf 77' lang='lat' dir='ltr'>ingenitum,</span> <span class='ocrx_word' id='word_1_573' title='bbox 1177 1805 1371 1832; x_wconf 89' lang='lat' dir='ltr'>nihilominus</span> <span class='ocrx_word' id='word_1_574' title='bbox 1395 1805 1542 1832; x_wconf 78' lang='lat' dir='ltr'>afﬁrmare</span> <span class='ocrx_word' id='word_1_575' title='bbox 1571 1813 1627 1832; x_wconf 91' lang='lat' dir='ltr'>non</span> <span class='ocrx_word' id='word_1_576' title='bbox 1656 1804 1805 1839; x_wconf 86' lang='lat' dir='ltr'>dubitant,</span> 
     </span>
    </p>
   </div>
   <div class='ocr_carea' id='block_1_75' title="bbox 979 1848 1806 1885">
    <p class='ocr_par' dir='ltr' id='par_1_75' title="bbox 979 1848 1806 1885">
     <span class='ocr_line' id='line_1_75' title="bbox 979 1848 1806 1885; baseline -0.001 -9"><span class='ocrx_word' id='word_1_577' title='bbox 979 1848 1022 1877; x_wconf 89' lang='lat' dir='ltr'>vel</span> <span class='ocrx_word' id='word_1_578' title='bbox 1039 1851 1104 1877; x_wconf 86' lang='lat' dir='ltr'>ante</span> <span class='ocrx_word' id='word_1_579' title='bbox 1120 1849 1193 1876; x_wconf 91' lang='lat' dir='ltr'>illud</span> <span class='ocrx_word' id='word_1_580' title='bbox 1219 1849 1366 1877; x_wconf 86' lang='lat' dir='ltr'>exstitisse</span> <span class='ocrx_word' id='word_1_581' title='bbox 1382 1850 1452 1885; x_wconf 87' lang='lat' dir='ltr'>quid</span> <span class='ocrx_word' id='word_1_582' title='bbox 1468 1848 1559 1883; x_wconf 84' lang='lat' dir='ltr'>aliud,</span> <span class='ocrx_word' id='word_1_583' title='bbox 1571 1848 1615 1876; x_wconf 89' lang='lat' dir='ltr'>vel</span> <span class='ocrx_word' id='word_1_584' title='bbox 1631 1856 1691 1876; x_wconf 85' lang='lat' dir='ltr'>una</span> <span class='ocrx_word' id='word_1_585' title='bbox 1715 1848 1806 1876; x_wconf 78' lang='lat' dir='ltr'>exsti-</span> 
     </span>
    </p>
   </div>
   <div class='ocr_carea' id='block_1_76' title="bbox 980 1893 1807 1929">
    <p class='ocr_par' dir='ltr' id='par_1_76' title="bbox 980 1893 1807 1929">
     <span class='ocr_line' id='line_1_76' title="bbox 980 1893 1807 1929; baseline 0 -9"><span class='ocrx_word' id='word_1_586' title='bbox 980 1893 1060 1920; x_wconf 84' lang='lat' dir='ltr'>tisse.</span> <span class='ocrx_word' id='word_1_587' title='bbox 1077 1893 1143 1921; x_wconf 88' lang='lat' dir='ltr'>Sive</span> <span class='ocrx_word' id='word_1_588' title='bbox 1158 1893 1236 1921; x_wconf 91' lang='lat' dir='ltr'>enim</span> <span class='ocrx_word' id='word_1_589' title='bbox 1262 1893 1344 1929; x_wconf 89' lang='lat' dir='ltr'>prius</span> <span class='ocrx_word' id='word_1_590' title='bbox 1359 1893 1430 1929; x_wconf 92' lang='lat' dir='ltr'>quid</span> <span class='ocrx_word' id='word_1_591' title='bbox 1453 1893 1584 1927; x_wconf 85' lang='lat' dir='ltr'>exsistat,</span> <span class='ocrx_word' id='word_1_592' title='bbox 1597 1893 1652 1920; x_wconf 90' lang='lat' dir='ltr'>hoc</span> <span class='ocrx_word' id='word_1_593' title='bbox 1664 1893 1730 1928; x_wconf 85' lang='lat' dir='ltr'>jure</span> <span class='ocrx_word' id='word_1_594' title='bbox 1746 1901 1807 1920; x_wconf 92' lang='lat' dir='ltr'>me-</span> 
     </span>
    </p>
   </div>
   <div class='ocr_carea' id='block_1_77' title="bbox 982 1937 1809 1973">
    <p class='ocr_par' dir='ltr' id='par_1_77' title="bbox 982 1937 1809 1973">
     <span class='ocr_line' id='line_1_77' title="bbox 982 1937 1809 1973; baseline 0 -9"><span class='ocrx_word' id='word_1_595' title='bbox 982 1937 1093 1972; x_wconf 86' lang='lat' dir='ltr'>ritoque</span> <span class='ocrx_word' id='word_1_596' title='bbox 1123 1937 1180 1964; x_wconf 86' lang='lat' dir='ltr'>dici</span> <span class='ocrx_word' id='word_1_597' title='bbox 1209 1938 1316 1973; x_wconf 89' lang='lat' dir='ltr'>poterit</span> <span class='ocrx_word' id='word_1_598' title='bbox 1345 1938 1518 1973; x_wconf 84' lang='lat' dir='ltr'>ingenitum,</span> <span class='ocrx_word' id='word_1_599' title='bbox 1541 1946 1598 1965; x_wconf 87' lang='lat' dir='ltr'>non</span> <span class='ocrx_word' id='word_1_600' title='bbox 1627 1937 1700 1965; x_wconf 91' lang='lat' dir='ltr'>illud</span> <span class='ocrx_word' id='word_1_601' title='bbox 1732 1937 1809 1972; x_wconf 84' lang='lat' dir='ltr'>quod</span> 
     </span>
    </p>
   </div>
   <div class='ocr_carea' id='block_1_78' title="bbox 101 1980 1810 2021">
    <p class='ocr_par' dir='ltr' id='par_1_78' title="bbox 101 1980 1810 2021">
     <span class='ocr_line' id='line_1_78' title="bbox 101 1980 1810 2021; baseline -0.002 -9"><span class='ocrx_word' id='word_1_602' title='bbox 101 1984 248 2021; x_wconf 82' lang='lat' dir='ltr'>posterius</span> <span class='ocrx_word' id='word_1_603' title='bbox 263 1982 317 2010; x_wconf 76' lang='lat' dir='ltr'>fuit</span> <span class='ocrx_word' id='word_1_604' title='bbox 329 1990 335 2009; x_wconf 92' lang='lat'>:</span> <span class='ocrx_word' id='word_1_605' title='bbox 349 1982 409 2009; x_wconf 83' lang='lat' dir='ltr'>sive</span> <span class='ocrx_word' id='word_1_606' title='bbox 425 1990 485 2009; x_wconf 89' lang='lat' dir='ltr'>una</span> <span class='ocrx_word' id='word_1_607' title='bbox 500 1981 570 2016; x_wconf 90' lang='lat' dir='ltr'>quid</span> <span class='ocrx_word' id='word_1_608' title='bbox 586 1980 726 2008; x_wconf 82' lang='lat' dir='ltr'>exsistere</span> <span class='ocrx_word' id='word_1_609' title='bbox 743 1980 847 2016; x_wconf 86' lang='lat' dir='ltr'>potuit,</span> <span class='ocrx_word' id='word_1_610' title='bbox 865 1981 976 2008; x_wconf 87' lang='lat' dir='ltr'>ratione</span> <span class='ocrx_word' id='word_1_611' title='bbox 991 1981 1071 2009; x_wconf 88' lang='lat' dir='ltr'>illius</span> <span class='ocrx_word' id='word_1_612' title='bbox 1087 1981 1246 2015; x_wconf 86' lang='lat' dir='ltr'>societatis,</span> <span class='ocrx_word' id='word_1_613' title='bbox 1260 1990 1348 2017; x_wconf 86' lang='lat' dir='ltr'>quam</span> <span class='ocrx_word' id='word_1_614' title='bbox 1363 1984 1524 2017; x_wconf 89' lang='lat' dir='ltr'>utrumque</span> <span class='ocrx_word' id='word_1_615' title='bbox 1540 1984 1672 2016; x_wconf 83' lang='lat' dir='ltr'>respectu</span> <span class='ocrx_word' id='word_1_616' title='bbox 1689 1981 1810 2009; x_wconf 87' lang='lat' dir='ltr'>alterius</span> 
     </span>
    </p>
   </div>
   <div class='ocr_carea' id='block_1_79' title="bbox 101 2024 1809 2063">
    <p class='ocr_par' dir='ltr' id='par_1_79' title="bbox 101 2024 1809 2063">
     <span class='ocr_line' id='line_1_79' title="bbox 101 2024 1809 2063; baseline -0.002 -7"><span class='ocrx_word' id='word_1_617' title='bbox 101 2029 199 2061; x_wconf 84' lang='lat' dir='ltr'>habet,</span> <span class='ocrx_word' id='word_1_618' title='bbox 216 2026 287 2063; x_wconf 87' lang='lat' dir='ltr'>quia</span> <span class='ocrx_word' id='word_1_619' title='bbox 302 2028 402 2054; x_wconf 89' lang='lat' dir='ltr'>utrum</span> <span class='ocrx_word' id='word_1_620' title='bbox 419 2033 478 2053; x_wconf 87' lang='lat' dir='ltr'>una</span> <span class='ocrx_word' id='word_1_621' title='bbox 493 2025 559 2058; x_wconf 83' lang='lat' dir='ltr'>fuit,</span> <span class='ocrx_word' id='word_1_622' title='bbox 576 2027 605 2052; x_wconf 91' lang='lat' dir='ltr'>et</span> <span class='ocrx_word' id='word_1_623' title='bbox 621 2024 744 2052; x_wconf 88' lang='lat' dir='ltr'>alterum</span> <span class='ocrx_word' id='word_1_624' title='bbox 767 2032 824 2052; x_wconf 90' lang='lat' dir='ltr'>non</span> <span class='ocrx_word' id='word_1_625' title='bbox 841 2024 905 2052; x_wconf 89' lang='lat' dir='ltr'>sine</span> <span class='ocrx_word' id='word_1_626' title='bbox 919 2025 1011 2053; x_wconf 88' lang='lat' dir='ltr'>altero</span> <span class='ocrx_word' id='word_1_627' title='bbox 1029 2026 1096 2059; x_wconf 76' lang='lat' dir='ltr'>fuit;</span> <span class='ocrx_word' id='word_1_628' title='bbox 1114 2025 1181 2054; x_wconf 90' lang='lat' dir='ltr'>hinc</span> <span class='ocrx_word' id='word_1_629' title='bbox 1202 2034 1272 2054; x_wconf 88' lang='lat' dir='ltr'>sane</span> <span class='ocrx_word' id='word_1_630' title='bbox 1287 2029 1434 2054; x_wconf 85' lang='lat' dir='ltr'>evertetur</span> <span class='ocrx_word' id='word_1_631' title='bbox 1448 2025 1626 2061; x_wconf 90' lang='lat' dir='ltr'>tolleturque</span> <span class='ocrx_word' id='word_1_632' title='bbox 1640 2025 1715 2053; x_wconf 89' lang='lat' dir='ltr'>illud</span> <span class='ocrx_word' id='word_1_633' title='bbox 1731 2026 1809 2061; x_wconf 91' lang='lat' dir='ltr'>quod</span> 
     </span>
    </p>
   </div>
   <div class='ocr_carea' id='block_1_80' title="bbox 101 2068 1810 2107">
    <p class='ocr_par' dir='ltr' id='par_1_80' title="bbox 101 2068 1810 2107">
     <span class='ocr_line' id='line_1_80' title="bbox 101 2068 1810 2107; baseline -0.002 -7"><span class='ocrx_word' id='word_1_634' title='bbox 101 2072 178 2100; x_wconf 82' lang='lat' dir='ltr'>Deus</span> <span class='ocrx_word' id='word_1_635' title='bbox 194 2079 287 2099; x_wconf 86' lang='lat' dir='ltr'>unum</span> <span class='ocrx_word' id='word_1_636' title='bbox 303 2071 373 2106; x_wconf 89' lang='lat' dir='ltr'>quid</span> <span class='ocrx_word' id='word_1_637' title='bbox 389 2070 437 2104; x_wconf 84' lang='lat' dir='ltr'>sit,</span> <span class='ocrx_word' id='word_1_638' title='bbox 453 2071 482 2097; x_wconf 86' lang='lat' dir='ltr'>et</span> <span class='ocrx_word' id='word_1_639' title='bbox 496 2069 614 2105; x_wconf 90' lang='lat' dir='ltr'>quidem</span> <span class='ocrx_word' id='word_1_640' title='bbox 640 2068 821 2104; x_wconf 83' lang='lat' dir='ltr'>ingenitum;</span> <span class='ocrx_word' id='word_1_641' title='bbox 837 2069 864 2096; x_wconf 92' lang='lat' dir='ltr'>id</span> <span class='ocrx_word' id='word_1_642' title='bbox 882 2070 960 2104; x_wconf 89' lang='lat' dir='ltr'>quod</span> <span class='ocrx_word' id='word_1_643' title='bbox 979 2070 1099 2105; x_wconf 88' lang='lat' dir='ltr'>perinde</span> <span class='ocrx_word' id='word_1_644' title='bbox 1115 2072 1170 2105; x_wconf 85' lang='lat' dir='ltr'>est,</span> <span class='ocrx_word' id='word_1_645' title='bbox 1187 2079 1220 2098; x_wconf 80' lang='lat' dir='ltr'>ac</span> <span class='ocrx_word' id='word_1_646' title='bbox 1236 2071 1310 2099; x_wconf 76' lang='lat'>895</span> <span class='ocrx_word' id='word_1_647' title='bbox 1328 2070 1353 2097; x_wconf 88' lang='lat' dir='ltr'>si</span> <span class='ocrx_word' id='word_1_648' title='bbox 1369 2072 1527 2106; x_wconf 85' lang='lat' dir='ltr'>postquam</span> <span class='ocrx_word' id='word_1_649' title='bbox 1543 2071 1625 2107; x_wconf 92' lang='lat' dir='ltr'>prius</span> <span class='ocrx_word' id='word_1_650' title='bbox 1641 2071 1728 2098; x_wconf 86' lang='lat' dir='ltr'>certis</span> <span class='ocrx_word' id='word_1_651' title='bbox 1744 2069 1810 2097; x_wconf 74' lang='lat' dir='ltr'>ot‘fi-</span> 
     </span>
    </p>
   </div>
   <div class='ocr_carea' id='block_1_81' title="bbox 101 2112 1809 2152">
    <p class='ocr_par' dir='ltr' id='par_1_81' title="bbox 101 2112 1809 2152">
     <span class='ocr_line' id='line_1_81' title="bbox 101 2112 1809 2152; baseline -0.001 -8"><span class='ocrx_word' id='word_1_652' title='bbox 101 2116 153 2144; x_wconf 80' lang='lat' dir='ltr'>ciis</span> <span class='ocrx_word' id='word_1_653' title='bbox 167 2124 233 2152; x_wconf 65' lang='lat' dir='ltr'>quas</span> <span class='ocrx_word' id='word_1_654' title='bbox 248 2114 455 2142; x_wconf 88' lang='lat' dir='ltr'>distributione</span> <span class='ocrx_word' id='word_1_655' title='bbox 479 2121 531 2149; x_wconf 91' lang='lat' dir='ltr'>per</span> <span class='ocrx_word' id='word_1_656' title='bbox 554 2115 664 2140; x_wconf 88' lang='lat' dir='ltr'>sortem</span> <span class='ocrx_word' id='word_1_657' title='bbox 681 2113 758 2140; x_wconf 83' lang='lat' dir='ltr'>facta</span> <span class='ocrx_word' id='word_1_658' title='bbox 772 2112 1069 2149; x_wconf 87' lang='lat' dir='ltr'>circumscripserunt</span> <span class='ocrx_word' id='word_1_659' title='bbox 1088 2115 1183 2151; x_wconf 90' lang='lat' dir='ltr'>ipsam</span> <span class='ocrx_word' id='word_1_660' title='bbox 1200 2116 1354 2143; x_wconf 90' lang='lat' dir='ltr'>amborum</span> <span class='ocrx_word' id='word_1_661' title='bbox 1370 2115 1540 2148; x_wconf 78' lang='lat' dir='ltr'>essentiam,</span> <span class='ocrx_word' id='word_1_662' title='bbox 1563 2117 1666 2151; x_wconf 86' lang='lat' dir='ltr'>postea</span> <span class='ocrx_word' id='word_1_663' title='bbox 1690 2114 1809 2142; x_wconf 88' lang='lat' dir='ltr'>illorum</span> 
     </span>
    </p>
   </div>
   <div class='ocr_carea' id='block_1_82' title="bbox 104 2157 1155 2196">
    <p class='ocr_par' dir='ltr' id='par_1_82' title="bbox 104 2157 1155 2196">
     <span class='ocr_line' id='line_1_82' title="bbox 104 2157 1155 2196; baseline -0.001 -8"><span class='ocrx_word' id='word_1_664' title='bbox 104 2160 264 2196; x_wconf 82' lang='lat' dir='ltr'>quamdam</span> <span class='ocrx_word' id='word_1_665' title='bbox 280 2158 512 2192; x_wconf 89' lang='lat' dir='ltr'>conventionem,</span> <span class='ocrx_word' id='word_1_666' title='bbox 528 2158 651 2192; x_wconf 82' lang='lat' dir='ltr'>ejusque</span> <span class='ocrx_word' id='word_1_667' title='bbox 665 2157 866 2185; x_wconf 89' lang='lat' dir='ltr'>conventionis</span> <span class='ocrx_word' id='word_1_668' title='bbox 881 2165 1001 2186; x_wconf 84' lang='lat' dir='ltr'>causam</span> <span class='ocrx_word' id='word_1_669' title='bbox 1018 2159 1155 2187; x_wconf 84' lang='lat' dir='ltr'>inferant.</span> 
     </span>
    </p>
   </div>
   <div class='ocr_carea' id='block_1_83' title="bbox 139 2199 919 2240">
    <p class='ocr_par' dir='ltr' id='par_1_83' title="bbox 139 2199 915 2239">
     <span class='ocr_line' id='line_1_83' title="bbox 139 2199 915 2239; baseline -0.006 -7"><span class='ocrx_word' id='word_1_670' title='bbox 139 2205 183 2232; x_wconf 87' lang='grc'>11.</span> <span class='ocrx_word' id='word_1_671' title='bbox 199 2202 289 2231; x_wconf 85' lang='grc' dir='ltr'>Ἀλλὰ</span> <span class='ocrx_word' id='word_1_672' title='bbox 315 2202 368 2239; x_wconf 81' lang='grc' dir='ltr'>μὴν</span> <span class='ocrx_word' id='word_1_673' title='bbox 396 2199 458 2229; x_wconf 67' lang='grc' dir='ltr'>οὐδὲ</span> <span class='ocrx_word' id='word_1_674' title='bbox 481 2200 642 2238; x_wconf 73' lang='grc' dir='ltr'>ινυπάρχειν</span> <span class='ocrx_word' id='word_1_675' title='bbox 665 2211 690 2227; x_wconf 87' lang='grc' dir='ltr'>τι</span> <span class='ocrx_word' id='word_1_676' title='bbox 705 2200 788 2237; x_wconf 75' lang='grc' dir='ltr'>ταύτῃ</span> <span class='ocrx_word' id='word_1_677' title='bbox 804 2199 915 2228; x_wconf 86' lang='grc' dir='ltr'>δυνατὸν</span> 
     </span>
    </p>
   </div>
   <div class='ocr_carea' id='block_1_84' title="bbox 976 2199 1811 2240">
    <p class='ocr_par' dir='ltr' id='par_1_84' title="bbox 1018 2203 1811 2240">
     <span class='ocr_line' id='line_1_84' title="bbox 1018 2203 1811 2240; baseline -0.001 -9"><span class='ocrx_word' id='word_1_678' title='bbox 1018 2205 1060 2231; x_wconf 87' lang='grc'>11.</span> <span class='ocrx_word' id='word_1_679' title='bbox 1075 2204 1148 2235; x_wconf 88' lang='lat' dir='ltr'>Quin</span> <span class='ocrx_word' id='word_1_680' title='bbox 1165 2204 1224 2231; x_wconf 91' lang='lat' dir='ltr'>imo</span> <span class='ocrx_word' id='word_1_681' title='bbox 1236 2211 1329 2240; x_wconf 89' lang='lat' dir='ltr'>neque</span> <span class='ocrx_word' id='word_1_682' title='bbox 1343 2204 1405 2231; x_wconf 86' lang='lat' dir='ltr'>ﬁeri</span> <span class='ocrx_word' id='word_1_683' title='bbox 1417 2206 1512 2239; x_wconf 88' lang='lat' dir='ltr'>potest</span> <span class='ocrx_word' id='word_1_684' title='bbox 1524 2206 1556 2231; x_wconf 89' lang='lat' dir='ltr'>ut</span> <span class='ocrx_word' id='word_1_685' title='bbox 1567 2203 1729 2239; x_wconf 86' lang='lat' dir='ltr'>quidquam</span> <span class='ocrx_word' id='word_1_686' title='bbox 1742 2203 1811 2231; x_wconf 85' lang='lat' dir='ltr'>huic</span> 
     </span>
    </p>
   </div>
   <div class='ocr_carea' id='block_1_85' title="bbox 106 2244 929 2284">
    <p class='ocr_par' dir='ltr' id='par_1_85' title="bbox 106 2244 929 2284">
     <span class='ocr_line' id='line_1_85' title="bbox 106 2244 929 2284; baseline -0.005 -8"><span class='ocrx_word' id='word_1_687' title='bbox 106 2249 161 2276; x_wconf 76' lang='grc' dir='ltr'>οἷον</span> <span class='ocrx_word' id='word_1_688' title='bbox 178 2246 251 2278; x_wconf 70' lang='grc' dir='ltr'>εἶδός</span> <span class='ocrx_word' id='word_1_689' title='bbox 275 2257 374 2284; x_wconf 81' lang='grc' dir='ltr'>φαμεν,</span> <span class='ocrx_word' id='word_1_690' title='bbox 397 2246 415 2281; x_wconf 74' lang='grc' dir='ltr'><strong>ἢ</strong></span> <span class='ocrx_word' id='word_1_691' title='bbox 436 2245 516 2284; x_wconf 77' lang='grc' dir='ltr'>δγκον</span> <span class='ocrx_word' id='word_1_692' title='bbox 534 2245 579 2272; x_wconf 82' lang='grc' dir='ltr'>καὶ</span> <span class='ocrx_word' id='word_1_693' title='bbox 595 2246 651 2282; x_wconf 89' lang='grc'>(19)</span> <span class='ocrx_word' id='word_1_694' title='bbox 680 2244 862 2281; x_wconf 82' lang='grc' dir='ltr'>πηλικότητα,</span> <span class='ocrx_word' id='word_1_695' title='bbox 885 2244 929 2272; x_wconf 77' lang='grc' dir='ltr'>διὰ</span> 
     </span>
    </p>
   </div>
   <div class='ocr_carea' id='block_1_86' title="bbox 105 2288 930 2328">
    <p class='ocr_par' dir='ltr' id='par_1_86' title="bbox 105 2288 930 2328">
     <span class='ocr_line' id='line_1_86' title="bbox 105 2288 930 2328; baseline -0.005 -8"><span class='ocrx_word' id='word_1_696' title='bbox 105 2293 136 2320; x_wconf 84' lang='grc' dir='ltr'>τὸ</span> <span class='ocrx_word' id='word_1_697' title='bbox 151 2292 240 2326; x_wconf 80' lang='grc' dir='ltr'>πάντη</span> <span class='ocrx_word' id='word_1_698' title='bbox 265 2291 400 2326; x_wconf 79' lang='grc' dir='ltr'>συνθήκης</span> <span class='ocrx_word' id='word_1_699' title='bbox 423 2290 564 2328; x_wconf 69' lang='grc' dir='ltr'>ἔλεύθιρον</span> <span class='ocrx_word' id='word_1_700' title='bbox 586 2290 652 2317; x_wconf 77' lang='grc' dir='ltr'>εἶναι</span> <span class='ocrx_word' id='word_1_701' title='bbox 680 2290 726 2317; x_wconf 84' lang='grc' dir='ltr'>τὸν</span> <span class='ocrx_word' id='word_1_702' title='bbox 743 2290 818 2318; x_wconf 79' lang='grc' dir='ltr'>Θιόν.</span> <span class='ocrx_word' id='word_1_703' title='bbox 844 2289 878 2318; x_wconf 76' lang='lat' dir='ltr'>Ei</span> <span class='ocrx_word' id='word_1_704' title='bbox 901 2288 930 2317; x_wconf 67' lang='grc' dir='ltr'>δὲ</span> 
     </span>
    </p>
   </div>
   <div class='ocr_carea' id='block_1_87' title="bbox 107 2332 931 2371">
    <p class='ocr_par' dir='ltr' id='par_1_87' title="bbox 107 2332 931 2371">
     <span class='ocr_line' id='line_1_87' title="bbox 107 2332 931 2371; baseline -0.004 -6"><span class='ocrx_word' id='word_1_705' title='bbox 107 2337 211 2365; x_wconf 78' lang='grc' dir='ltr'>τούτων</span> <span class='ocrx_word' id='word_1_706' title='bbox 231 2335 277 2363; x_wconf 80' lang='grc' dir='ltr'>καὶ</span> <span class='ocrx_word' id='word_1_707' title='bbox 299 2338 353 2363; x_wconf 81' lang='grc' dir='ltr'>τῶν</span> <span class='ocrx_word' id='word_1_708' title='bbox 378 2335 508 2362; x_wconf 77' lang='grc' dir='ltr'>τοιούτῶν</span> <span class='ocrx_word' id='word_1_709' title='bbox 537 2345 563 2362; x_wconf 91' lang='grc' dir='ltr'>τι</span> <span class='ocrx_word' id='word_1_710' title='bbox 581 2335 651 2371; x_wconf 82' lang='grc' dir='ltr'>μήτε</span> <span class='ocrx_word' id='word_1_711' title='bbox 676 2332 742 2368; x_wconf 71' lang='grc' dir='ltr'>ἔστι,</span> <span class='ocrx_word' id='word_1_712' title='bbox 775 2335 845 2371; x_wconf 74' lang='grc' dir='ltr'>μήτε</span> <span class='ocrx_word' id='word_1_713' title='bbox 865 2335 931 2362; x_wconf 80' lang='grc' dir='ltr'>ποτὶ</span> 
     </span>
    </p>
   </div>
   <div class='ocr_carea' id='block_1_88' title="bbox 105 2378 931 2419">
    <p class='ocr_par' dir='ltr' id='par_1_88' title="bbox 105 2378 931 2419">
     <span class='ocr_line' id='line_1_88' title="bbox 105 2378 931 2419; baseline -0.004 -10"><span class='ocrx_word' id='word_1_714' title='bbox 105 2382 204 2419; x_wconf 65' lang='grc' dir='ltr'>γίνοιτ’</span> <span class='ocrx_word' id='word_1_715' title='bbox 219 2380 262 2415; x_wconf 76' lang='grc' dir='ltr'>ἃν,</span> <span class='ocrx_word' id='word_1_716' title='bbox 286 2381 380 2418; x_wconf 69' lang='grc' dir='ltr'>ιῦαγὶς</span> <span class='ocrx_word' id='word_1_717' title='bbox 404 2379 546 2415; x_wconf 76' lang='grc' dir='ltr'>ἐπινοῆσαι</span> <span class='ocrx_word' id='word_1_718' title='bbox 574 2378 818 2417; x_wconf 62' lang='grc' dir='ltr'>συμπεπλιλμένον</span> <span class='ocrx_word' id='word_1_719' title='bbox 833 2382 868 2417; x_wconf 78' lang='grc' dir='ltr'>τῇ</span> <span class='ocrx_word' id='word_1_720' title='bbox 885 2379 931 2407; x_wconf 77' lang='grc' dir='ltr'>οὗ-</span> 
     </span>
    </p>
   </div>
   <div class='ocr_carea' id='block_1_89' title="bbox 108 2423 932 2464">
    <p class='ocr_par' dir='ltr' id='par_1_89' title="bbox 108 2423 932 2464">
     <span class='ocr_line' id='line_1_89' title="bbox 108 2423 932 2464; baseline -0.002 -10"><span class='ocrx_word' id='word_1_721' title='bbox 108 2427 152 2462; x_wconf 75' lang='grc' dir='ltr'>σίᾳ</span> <span class='ocrx_word' id='word_1_722' title='bbox 166 2428 237 2464; x_wconf 82' lang='grc'>(20),</span> <span class='ocrx_word' id='word_1_723' title='bbox 252 2429 334 2457; x_wconf 83' lang='grc' dir='ltr'>ποῖος</span> <span class='ocrx_word' id='word_1_724' title='bbox 349 2423 388 2453; x_wconf 69' lang='grc' dir='ltr'>ἔτι</span> <span class='ocrx_word' id='word_1_725' title='bbox 411 2427 588 2464; x_wconf 83' lang='grc' dir='ltr'>συγχωρήσει</span> <span class='ocrx_word' id='word_1_726' title='bbox 602 2425 687 2463; x_wconf 86' lang='grc' dir='ltr'>λόγος</span> <span class='ocrx_word' id='word_1_727' title='bbox 702 2426 770 2464; x_wconf 82' lang='grc' dir='ltr'>πρὸς</span> <span class='ocrx_word' id='word_1_728' title='bbox 784 2427 833 2461; x_wconf 79' lang='grc' dir='ltr'>τὴν</span> <span class='ocrx_word' id='word_1_729' title='bbox 850 2426 932 2463; x_wconf 69' lang='grc' dir='ltr'>ἀγέν-</span> 
     </span>
    </p>
   </div>
   <div class='ocr_carea' id='block_1_90' title="bbox 106 2470 932 2508">
    <p class='ocr_par' dir='ltr' id='par_1_90' title="bbox 106 2470 932 2508">
     <span class='ocr_line' id='line_1_90' title="bbox 106 2470 932 2508; baseline -0.002 -9"><span class='ocrx_word' id='word_1_730' title='bbox 106 2482 187 2505; x_wconf 81' lang='grc' dir='ltr'>νητον</span> <span class='ocrx_word' id='word_1_731' title='bbox 205 2472 318 2507; x_wconf 75' lang='grc' dir='ltr'>ὁμοιοῦν</span> <span class='ocrx_word' id='word_1_732' title='bbox 330 2471 379 2505; x_wconf 76' lang='grc' dir='ltr'>τὴν</span> <span class='ocrx_word' id='word_1_733' title='bbox 395 2471 544 2508; x_wconf 77' lang='grc' dir='ltr'>γεννητήνς</span> <span class='ocrx_word' id='word_1_734' title='bbox 560 2473 610 2505; x_wconf 82' lang='grc' dir='ltr'>τῆς</span> <span class='ocrx_word' id='word_1_735' title='bbox 623 2471 681 2497; x_wconf 82' lang='grc' dir='ltr'>κατ’</span> <span class='ocrx_word' id='word_1_736' title='bbox 692 2470 785 2497; x_wconf 84' lang='grc' dir='ltr'>οὐσίαν</span> <span class='ocrx_word' id='word_1_737' title='bbox 800 2470 932 2507; x_wconf 79' lang='grc' dir='ltr'>ὁμοιότη-</span> 
     </span>
    </p>
   </div>
   <div class='ocr_carea' id='block_1_91' title="bbox 107 2513 932 2553">
    <p class='ocr_par' dir='ltr' id='par_1_91' title="bbox 107 2513 932 2553">
     <span class='ocr_line' id='line_1_91' title="bbox 107 2513 932 2553; baseline -0.002 -10"><span class='ocrx_word' id='word_1_738' title='bbox 107 2526 152 2548; x_wconf 82' lang='grc' dir='ltr'>τος</span> <span class='ocrx_word' id='word_1_739' title='bbox 175 2516 194 2551; x_wconf 79' lang='grc' dir='ltr'><strong>ἢ</strong></span> <span class='ocrx_word' id='word_1_740' title='bbox 219 2514 385 2553; x_wconf 72' lang='grc' dir='ltr'>συγκρίσεως</span> <span class='ocrx_word' id='word_1_741' title='bbox 409 2515 427 2549; x_wconf 74' lang='grc' dir='ltr'><strong>ἢ</strong></span> <span class='ocrx_word' id='word_1_742' title='bbox 449 2514 589 2545; x_wconf 83' lang='grc' dir='ltr'>κοινωνίας</span> <span class='ocrx_word' id='word_1_743' title='bbox 607 2513 743 2551; x_wconf 83' lang='grc' dir='ltr'>μηδεμίαν</span> <span class='ocrx_word' id='word_1_744' title='bbox 762 2515 901 2553; x_wconf 76' lang='grc' dir='ltr'>ὑπεροχὴν</span> <span class='ocrx_word' id='word_1_745' title='bbox 915 2516 932 2551; x_wconf 75' lang='grc' dir='ltr'>ἢ</span> 
     </span>
    </p>
   </div>
   <div class='ocr_carea' id='block_1_92' title="bbox 109 2557 934 2600">
    <p class='ocr_par' dir='ltr' id='par_1_92' title="bbox 109 2557 934 2600">
     <span class='ocr_line' id='line_1_92' title="bbox 109 2557 934 2600; baseline -0.002 -11"><span class='ocrx_word' id='word_1_746' title='bbox 109 2559 240 2600; x_wconf 70' lang='grc' dir='ltr'>διαφορὰν</span> <span class='ocrx_word' id='word_1_747' title='bbox 256 2559 473 2595; x_wconf 78' lang='grc' dir='ltr'>καταλιπούσης,</span> <span class='ocrx_word' id='word_1_748' title='bbox 489 2558 601 2594; x_wconf 75' lang='grc' dir='ltr'>ἷσότητα</span> <span class='ocrx_word' id='word_1_749' title='bbox 616 2557 645 2586; x_wconf 71' lang='grc' dir='ltr'>δὲ</span> <span class='ocrx_word' id='word_1_750' title='bbox 668 2561 759 2597; x_wconf 79' lang='grc' dir='ltr'>σαφῶς</span> <span class='ocrx_word' id='word_1_751' title='bbox 785 2558 934 2596; x_wconf 67' lang='grc' dir='ltr'>ὶργαζομί-</span> 
     </span>
    </p>
   </div>
   <div class='ocr_carea' id='block_1_93' title="bbox 108 2602 934 2642">
    <p class='ocr_par' dir='ltr' id='par_1_93' title="bbox 108 2602 934 2642">
     <span class='ocr_line' id='line_1_93' title="bbox 108 2602 934 2642; baseline -0.002 -10"><span class='ocrx_word' id='word_1_752' title='bbox 108 2615 167 2641; x_wconf 82' lang='grc' dir='ltr'>νης,</span> <span class='ocrx_word' id='word_1_753' title='bbox 185 2603 255 2641; x_wconf 70' lang='grc' dir='ltr'>μετὰ</span> <span class='ocrx_word' id='word_1_754' title='bbox 284 2602 313 2631; x_wconf 64' lang='grc' dir='ltr'><strong>δὲ</strong></span> <span class='ocrx_word' id='word_1_755' title='bbox 333 2605 382 2636; x_wconf 82' lang='grc' dir='ltr'>τῆς</span> <span class='ocrx_word' id='word_1_756' title='bbox 411 2603 536 2640; x_wconf 77' lang='grc' dir='ltr'>ἰσότητος</span> <span class='ocrx_word' id='word_1_757' title='bbox 562 2603 706 2641; x_wconf 66' lang='grc' dir='ltr'>ἀγὲννητον</span> <span class='ocrx_word' id='word_1_758' title='bbox 731 2603 934 2642; x_wconf 81' lang='grc' dir='ltr'>ἀποφαινούσης</span> 
     </span>
    </p>
   </div>
   <div class='ocr_carea' id='block_1_94' title="bbox 138 2683 435 2718">
    <p class='ocr_par' dir='ltr' id='par_1_94' title="bbox 138 2683 435 2718">
     <span class='ocr_line' id='line_1_94' title="bbox 138 2683 435 2718; baseline -0.01 -5"><span class='ocrx_word' id='word_1_759' title='bbox 138 2684 161 2703; x_wconf 82' lang='grc'>⁸³</span> <span class='ocrx_word' id='word_1_760' title='bbox 177 2683 257 2713; x_wconf 81' lang='lat' dir='ltr'>Psal.</span> <span class='ocrx_word' id='word_1_761' title='bbox 275 2691 375 2718; x_wconf 76' lang='lat' dir='ltr'>Lxxm,</span> <span class='ocrx_word' id='word_1_762' title='bbox 392 2683 435 2711; x_wconf 89' lang='grc'>12.</span> 
     </span>
    </p>
   </div>
   <div class='ocr_carea' id='block_1_95' title="bbox 144 2758 887 2797">
    <p class='ocr_par' dir='ltr' id='par_1_95' title="bbox 144 2758 887 2797">
     <span class='ocr_line' id='line_1_95' title="bbox 144 2758 887 2797; baseline 0 -9"><span class='ocrx_word' id='word_1_763' title='bbox 144 2761 203 2797; x_wconf 86' lang='grc'>(17)</span> <span class='ocrx_word' id='word_1_764' title='bbox 219 2759 391 2797; x_wconf 67' lang='lat' dir='ltr'>Male_apud</span> <span class='ocrx_word' id='word_1_765' title='bbox 408 2759 549 2797; x_wconf 75' lang='lat' dir='ltr'>Basilium</span> <span class='ocrx_word' id='word_1_766' title='bbox 566 2759 675 2797; x_wconf 69' lang='lat' dir='ltr'>p.230,</span> <span class='ocrx_word' id='word_1_767' title='bbox 691 2760 832 2797; x_wconf 77' lang='grc' dir='ltr'>προσεῖναι</span> <span class='ocrx_word' id='word_1_768' title='bbox 851 2758 887 2788; x_wconf 76' lang='lat' dir='ltr'>tv.</span> 
     </span>
    </p>
   </div>
   <div class='ocr_carea' id='block_1_96' title="bbox 147 2793 903 2833">
    <p class='ocr_par' dir='ltr' id='par_1_96' title="bbox 147 2793 903 2833">
     <span class='ocr_line' id='line_1_96' title="bbox 147 2793 903 2833; baseline -0.001 -8"><span class='ocrx_word' id='word_1_769' title='bbox 147 2793 205 2833; x_wconf 76' lang='grc'>(18)</span> <span class='ocrx_word' id='word_1_770' title='bbox 222 2796 280 2824; x_wconf 85' lang='lat' dir='ltr'>Ms.</span> <span class='ocrx_word' id='word_1_771' title='bbox 297 2793 495 2831; x_wconf 81' lang='lat' dir='ltr'>Lindenbrog,</span> <span class='ocrx_word' id='word_1_772' title='bbox 511 2794 542 2822; x_wconf 86' lang='grc' dir='ltr'>οὐ</span> <span class='ocrx_word' id='word_1_773' title='bbox 558 2793 668 2832; x_wconf 72' lang='grc' dir='ltr'>χρόνος,</span> <span class='ocrx_word' id='word_1_774' title='bbox 685 2793 785 2823; x_wconf 80' lang='lat' dir='ltr'>eodem</span> <span class='ocrx_word' id='word_1_775' title='bbox 804 2804 903 2824; x_wconf 88' lang='lat' dir='ltr'>sensu.</span> 
     </span>
    </p>
   </div>
   <div class='ocr_carea' id='block_1_97' title="bbox 985 2247 1812 2284">
    <p class='ocr_par' dir='ltr' id='par_1_97' title="bbox 985 2247 1812 2284">
     <span class='ocr_line' id='line_1_97' title="bbox 985 2247 1812 2284; baseline 0 -9"><span class='ocrx_word' id='word_1_776' title='bbox 985 2248 1117 2276; x_wconf 70' lang='lat' dir='ltr'>essentia:</span> <span class='ocrx_word' id='word_1_777' title='bbox 1142 2248 1223 2284; x_wconf 88' lang='lat' dir='ltr'>insit,</span> <span class='ocrx_word' id='word_1_778' title='bbox 1242 2247 1409 2284; x_wconf 84' lang='lat' dir='ltr'>cujusmodi</span> <span class='ocrx_word' id='word_1_779' title='bbox 1434 2248 1562 2276; x_wconf 89' lang='lat' dir='ltr'>dicimus</span> <span class='ocrx_word' id='word_1_780' title='bbox 1591 2256 1656 2276; x_wconf 87' lang='lat' dir='ltr'>esse</span> <span class='ocrx_word' id='word_1_781' title='bbox 1682 2248 1812 2283; x_wconf 86' lang='lat' dir='ltr'>speciem</span> 
     </span>
    </p>
   </div>
   <div class='ocr_carea' id='block_1_98' title="bbox 985 2292 1813 2328">
    <p class='ocr_par' dir='ltr' id='par_1_98' title="bbox 985 2292 1813 2328">
     <span class='ocr_line' id='line_1_98' title="bbox 985 2292 1813 2328; baseline 0 -8"><span class='ocrx_word' id='word_1_782' title='bbox 985 2292 1028 2320; x_wconf 90' lang='lat' dir='ltr'>vel</span> <span class='ocrx_word' id='word_1_783' title='bbox 1041 2292 1145 2320; x_wconf 90' lang='lat' dir='ltr'>molem</span> <span class='ocrx_word' id='word_1_784' title='bbox 1161 2294 1211 2320; x_wconf 91' lang='lat' dir='ltr'>aut</span> <span class='ocrx_word' id='word_1_785' title='bbox 1224 2293 1430 2328; x_wconf 88' lang='lat' dir='ltr'>quantitatem,</span> <span class='ocrx_word' id='word_1_786' title='bbox 1442 2295 1595 2328; x_wconf 83' lang='lat' dir='ltr'>propterea</span> <span class='ocrx_word' id='word_1_787' title='bbox 1607 2293 1683 2328; x_wconf 89' lang='lat' dir='ltr'>quod</span> <span class='ocrx_word' id='word_1_788' title='bbox 1695 2293 1813 2328; x_wconf 82' lang='lat' dir='ltr'>penitus</span> 
     </span>
    </p>
   </div>
   <div class='ocr_carea' id='block_1_99' title="bbox 987 2336 1814 2373">
    <p class='ocr_par' dir='ltr' id='par_1_99' title="bbox 987 2336 1814 2373">
     <span class='ocr_line' id='line_1_99' title="bbox 987 2336 1814 2373; baseline 0 -9"><span class='ocrx_word' id='word_1_789' title='bbox 987 2337 1022 2365; x_wconf 82' lang='lat' dir='ltr'>ab</span> <span class='ocrx_word' id='word_1_790' title='bbox 1039 2336 1119 2365; x_wconf 91' lang='lat' dir='ltr'>omni</span> <span class='ocrx_word' id='word_1_791' title='bbox 1135 2337 1345 2373; x_wconf 85' lang='lat' dir='ltr'>compositione</span> <span class='ocrx_word' id='word_1_792' title='bbox 1363 2337 1436 2364; x_wconf 90' lang='lat' dir='ltr'>liber</span> <span class='ocrx_word' id='word_1_793' title='bbox 1451 2336 1489 2364; x_wconf 89' lang='lat' dir='ltr'>sit</span> <span class='ocrx_word' id='word_1_794' title='bbox 1504 2337 1591 2364; x_wconf 90' lang='lat' dir='ltr'>Deus.</span> <span class='ocrx_word' id='word_1_795' title='bbox 1602 2336 1632 2364; x_wconf 90' lang='lat' dir='ltr'>Si</span> <span class='ocrx_word' id='word_1_796' title='bbox 1643 2345 1708 2364; x_wconf 88' lang='lat' dir='ltr'>vero</span> <span class='ocrx_word' id='word_1_797' title='bbox 1719 2344 1814 2372; x_wconf 89' lang='lat' dir='ltr'>neque</span> 
     </span>
    </p>
   </div>
   <div class='ocr_carea' id='block_1_100' title="bbox 987 2381 1814 2418">
    <p class='ocr_par' dir='ltr' id='par_1_100' title="bbox 987 2381 1814 2418">
     <span class='ocr_line' id='line_1_100' title="bbox 987 2381 1814 2418; baseline -0.001 -9"><span class='ocrx_word' id='word_1_798' title='bbox 987 2383 1068 2418; x_wconf 91' lang='lat' dir='ltr'>pium</span> <span class='ocrx_word' id='word_1_799' title='bbox 1086 2383 1140 2417; x_wconf 86' lang='lat' dir='ltr'>est,</span> <span class='ocrx_word' id='word_1_800' title='bbox 1152 2390 1244 2417; x_wconf 88' lang='lat' dir='ltr'>neque</span> <span class='ocrx_word' id='word_1_801' title='bbox 1258 2382 1365 2417; x_wconf 87' lang='lat' dir='ltr'>poterit</span> <span class='ocrx_word' id='word_1_802' title='bbox 1378 2389 1442 2409; x_wconf 91' lang='lat' dir='ltr'>esse</span> <span class='ocrx_word' id='word_1_803' title='bbox 1455 2390 1596 2417; x_wconf 88' lang='lat' dir='ltr'>unquam,</span> <span class='ocrx_word' id='word_1_804' title='bbox 1609 2381 1714 2409; x_wconf 91' lang='lat' dir='ltr'>horum</span> <span class='ocrx_word' id='word_1_805' title='bbox 1732 2383 1760 2409; x_wconf 87' lang='lat' dir='ltr'>et</span> <span class='ocrx_word' id='word_1_806' title='bbox 1774 2381 1814 2408; x_wconf 86' lang='lat' dir='ltr'>si-</span> 
     </span>
    </p>
   </div>
   <div class='ocr_carea' id='block_1_101' title="bbox 988 2425 1814 2462">
    <p class='ocr_par' dir='ltr' id='par_1_101' title="bbox 988 2425 1814 2462">
     <span class='ocr_line' id='line_1_101' title="bbox 988 2425 1814 2462; baseline 0 -9"><span class='ocrx_word' id='word_1_807' title='bbox 988 2425 1101 2454; x_wconf 88' lang='lat' dir='ltr'>milium</span> <span class='ocrx_word' id='word_1_808' title='bbox 1119 2426 1188 2461; x_wconf 91' lang='lat' dir='ltr'>quid</span> <span class='ocrx_word' id='word_1_809' title='bbox 1213 2425 1408 2461; x_wconf 83' lang='lat' dir='ltr'>comminisci,</span> <span class='ocrx_word' id='word_1_810' title='bbox 1421 2426 1499 2462; x_wconf 92' lang='lat' dir='ltr'>quod</span> <span class='ocrx_word' id='word_1_811' title='bbox 1523 2426 1551 2453; x_wconf 89' lang='lat' dir='ltr'>id</span> <span class='ocrx_word' id='word_1_812' title='bbox 1567 2426 1671 2453; x_wconf 70' lang='lat' dir='ltr'>divinas</span> <span class='ocrx_word' id='word_1_813' title='bbox 1696 2433 1814 2461; x_wconf 86' lang='lat' dir='ltr'>compe-</span> 
     </span>
    </p>
   </div>
   <div class='ocr_carea' id='block_1_102' title="bbox 988 2469 1813 2506">
    <p class='ocr_par' dir='ltr' id='par_1_102' title="bbox 988 2469 1813 2506">
     <span class='ocr_line' id='line_1_102' title="bbox 988 2469 1813 2506; baseline -0.002 -8"><span class='ocrx_word' id='word_1_814' title='bbox 988 2473 1030 2498; x_wconf 88' lang='lat' dir='ltr'>tat</span> <span class='ocrx_word' id='word_1_815' title='bbox 1050 2471 1195 2506; x_wconf 73' lang='lat' dir='ltr'>essentite,</span> <span class='ocrx_word' id='word_1_816' title='bbox 1207 2478 1282 2506; x_wconf 72' lang='lat' dir='ltr'>quas,</span> <span class='ocrx_word' id='word_1_817' title='bbox 1295 2477 1403 2505; x_wconf 64' lang='lat' dir='ltr'>quaeso,</span> <span class='ocrx_word' id='word_1_818' title='bbox 1415 2470 1487 2498; x_wconf 88' lang='lat' dir='ltr'>ratio</span> <span class='ocrx_word' id='word_1_819' title='bbox 1512 2470 1651 2498; x_wconf 85' lang='lat' dir='ltr'>concedet</span> <span class='ocrx_word' id='word_1_820' title='bbox 1674 2469 1813 2504; x_wconf 84' lang='lat' dir='ltr'>amplius,</span> 
     </span>
    </p>
   </div>
   <div class='ocr_carea' id='block_1_103' title="bbox 990 2513 1814 2551">
    <p class='ocr_par' dir='ltr' id='par_1_103' title="bbox 990 2513 1814 2551">
     <span class='ocr_line' id='line_1_103' title="bbox 990 2513 1814 2551; baseline -0.004 -8"><span class='ocrx_word' id='word_1_821' title='bbox 990 2518 1021 2543; x_wconf 86' lang='lat' dir='ltr'>ut</span> <span class='ocrx_word' id='word_1_822' title='bbox 1036 2515 1209 2543; x_wconf 74' lang='lat' dir='ltr'>substantias</span> <span class='ocrx_word' id='word_1_823' title='bbox 1225 2515 1360 2551; x_wconf 79' lang='lat' dir='ltr'>ingenitae</span> <span class='ocrx_word' id='word_1_824' title='bbox 1371 2515 1499 2551; x_wconf 89' lang='lat' dir='ltr'>genitam</span> <span class='ocrx_word' id='word_1_825' title='bbox 1511 2514 1709 2542; x_wconf 86' lang='lat' dir='ltr'>nssimilemus</span> <span class='ocrx_word' id='word_1_826' title='bbox 1718 2513 1732 2540; x_wconf 87' lang='lat'><strong>?</strong></span> <span class='ocrx_word' id='word_1_827' title='bbox 1747 2521 1814 2540; x_wconf 89' lang='lat' dir='ltr'>cum</span> 
     </span>
    </p>
   </div>
   <div class='ocr_carea' id='block_1_104' title="bbox 991 2558 1816 2595">
    <p class='ocr_par' dir='ltr' id='par_1_104' title="bbox 991 2558 1816 2595">
     <span class='ocr_line' id='line_1_104' title="bbox 991 2558 1816 2595; baseline -0.005 -7"><span class='ocrx_word' id='word_1_828' title='bbox 991 2559 1152 2588; x_wconf 89' lang='lat' dir='ltr'>similitudo</span> <span class='ocrx_word' id='word_1_829' title='bbox 1175 2559 1218 2588; x_wconf 88' lang='lat' dir='ltr'>vel</span> <span class='ocrx_word' id='word_1_830' title='bbox 1244 2559 1426 2595; x_wconf 87' lang='lat' dir='ltr'>comparatio</span> <span class='ocrx_word' id='word_1_831' title='bbox 1451 2562 1501 2586; x_wconf 88' lang='lat' dir='ltr'>aut</span> <span class='ocrx_word' id='word_1_832' title='bbox 1526 2558 1662 2592; x_wconf 82' lang='lat' dir='ltr'>societas,</span> <span class='ocrx_word' id='word_1_833' title='bbox 1679 2566 1742 2593; x_wconf 63' lang='lat' dir='ltr'>qua:</span> <span class='ocrx_word' id='word_1_834' title='bbox 1771 2560 1816 2584; x_wconf 88' lang='lat' dir='ltr'>est</span> 
     </span>
    </p>
   </div>
   <div class='ocr_carea' id='block_1_105' title="bbox 990 2600 1817 2640">
    <p class='ocr_par' dir='ltr' id='par_1_105' title="bbox 990 2600 1817 2640">
     <span class='ocr_line' id='line_1_105' title="bbox 990 2600 1817 2640; baseline -0.006 -8"><span class='ocrx_word' id='word_1_835' title='bbox 990 2605 1152 2633; x_wconf 83' lang='lat' dir='ltr'>secundum</span> <span class='ocrx_word' id='word_1_836' title='bbox 1177 2604 1348 2640; x_wconf 83' lang='lat' dir='ltr'>essentiam,</span> <span class='ocrx_word' id='word_1_837' title='bbox 1370 2603 1481 2632; x_wconf 86' lang='lat' dir='ltr'>nullam</span> <span class='ocrx_word' id='word_1_838' title='bbox 1506 2601 1756 2639; x_wconf 65' lang='lat' dir='ltr'>praeeminentiam</span> <span class='ocrx_word' id='word_1_839' title='bbox 1772 2600 1817 2628; x_wconf 84' lang='lat' dir='ltr'>vel</span> 
     </span>
    </p>
   </div>
   <div class='ocr_carea' id='block_1_106' title="bbox 1032 2755 1480 2798">
    <p class='ocr_par' dir='ltr' id='par_1_106' title="bbox 1032 2755 1480 2798">
     <span class='ocr_line' id='line_1_106' title="bbox 1032 2755 1480 2798; baseline 0 0"><span class='ocrx_word' id='word_1_840' title='bbox 1032 2761 1089 2798; x_wconf 69' lang='grc' dir='ltr'>(ω)</span> <span class='ocrx_word' id='word_1_841' title='bbox 1104 2759 1229 2798; x_wconf 69' lang='lat' dir='ltr'>Basilius</span> <span class='ocrx_word' id='word_1_842' title='bbox 1245 2755 1432 2798; x_wconf 60' lang='lat' dir='ltr'>pes-.233Ji:</span> <span class='ocrx_word' id='word_1_843' title='bbox 1469 2793 1480 2798; x_wconf 71' lang='lat'>-</span> 
     </span>
    </p>
   </div>
   <div class='ocr_carea' id='block_1_107' title="bbox 1032 2795 1493 2833">
    <p class='ocr_par' dir='ltr' id='par_1_107' title="bbox 1032 2795 1493 2833">
     <span class='ocr_line' id='line_1_107' title="bbox 1032 2795 1493 2833; baseline -0.013 -9"><span class='ocrx_word' id='word_1_844' title='bbox 1032 2795 1087 2833; x_wconf 86' lang='lat'>(20)</span> <span class='ocrx_word' id='word_1_845' title='bbox 1105 2797 1230 2825; x_wconf 86' lang='lat' dir='ltr'>Basilius</span> <span class='ocrx_word' id='word_1_846' title='bbox 1246 2795 1339 2828; x_wconf 82' lang='lat' dir='ltr'>addit,</span> <span class='ocrx_word' id='word_1_847' title='bbox 1354 2795 1402 2820; x_wconf 66' lang='grc' dir='ltr'>τοῦ</span> <span class='ocrx_word' id='word_1_848' title='bbox 1418 2795 1493 2819; x_wconf 77' lang='grc' dir='ltr'>Θεοῦ-</span> 
     </span>
    </p>
   </div>
  </div>
