2011 3142
108 192 166 224 849

645 193 812 224 EUNOMII
835 194 951 224 LIBER
972 194 1277 225 APOLOGETICUS.

1761 194 1820 225 850

107 260 196 286 antea
221 258 318 294 erat):
338 259 516 294 cujusmodi,
533 267 642 295 qumso,
664 260 840 288 medicinam
867 260 1013 296 admittet,
1030 261 1080 296 qui
1105 260 1222 294 Filium,
1246 269 1313 288 cum
1338 262 1405 288 ante
1428 260 1581 293 exstiterit,
1597 260 1669 288 dicit
1691 259 1824 296 genitum

107 310 172 330 esse
182 301 197 328 ?
211 301 241 329 Si
256 302 335 330 enim
350 305 418 330 ante
433 303 649 338 generationem
666 306 739 338 erat,
755 306 818 332 erat
833 303 932 339 utique
947 303 1107 340 ingenitus.

144 346 188 374 14.
205 345 295 373 Ἀλλὰ
309 345 394 373 πάλαι
407 357 437 384 γε
451 346 543 378 καλῶς
566 346 759 384 ὡμολόγηται,
782 347 865 384 μηδὲν
881 346 930 375 ἓτε-

1032 349 1076 375 14.
1091 350 1199 376 Verum
1221 350 1337 376 vetusta
1359 349 1435 376 recte
1459 347 1547 376 habet
1571 348 1726 381 confessio,
1743 347 1821 384 quod

108 400 153 428 ρον
170 389 322 427 ἀγέννητον
335 391 402 418 εἶναι
418 391 490 428 παρὰ
512 391 558 418 τὸν
583 392 660 419 Θεόν.
675 395 708 419 Ἡ
736 392 825 419 τοίνον
855 402 935 428 μετα-

108 434 245 466 θέσθωσαν
273 437 324 469 τῆς
355 435 519 473 ὁμολογίας,
534 434 626 473 ἕτερον
655 436 807 474 εἰσάγοντες
828 436 938 474 ἆγὲννη-

104 488 151 506 τον
168 487 175 494 ·
203 478 222 513 ἢ
249 478 359 510 τούτοις
388 479 552 516 ἂμμὲνοντες
583 481 815 518 παραιτεῖσθωσαν
851 481 937 519 λέγειν

105 520 170 550 ὄντα
200 525 377 561 γεγεννῆσθαι
402 524 449 551 τὸν
479 524 552 552 Υὶόν·
570 524 627 552 ἐπεὶ
652 524 722 561 μηδὶ
737 528 875 564 συγχωρεῖ
890 527 939 553 τοῦ

105 569 166 595 υἱοῦ
195 569 240 596 καὶ
272 571 321 596 τοῦ
349 570 516 607 γεννήματος
544 571 562 604 ἡ
594 570 765 608 προσηγορία
792 571 861 608 πρὸς
887 571 937 604 τὴν

104 613 266 650 ἆγίννητον.
299 614 374 641 Πᾶσα
400 614 450 651 γὰρ
474 614 582 650 γένοιτο
624 614 757 652 σύγχυσις
796 614 938 651 ὀνομάτων

102 667 131 685 τι
159 657 207 686 καὶ
236 657 418 695 πραγμάτων,
437 661 499 694 μιᾶς
532 659 580 695 μὶν
609 659 703 690 οὐσίας
728 657 810 694 οὔσης
836 669 865 686 τε
892 660 935 687 καὶ

104 701 260 739 λεγομένης
302 702 458 739 ἁγεννήτου,
487 702 700 741 ἐπεισαγομὲνῃς
731 702 759 731 δὶ
790 706 828 739 τῷ
864 702 937 741 λόγῳ

106 746 190 774 πάλιν
223 746 326 783 ἒτᾶρας,
343 747 400 774 εἶτα
427 747 528 782 ταύτης
558 749 690 785 γεννητῆς
717 747 935 784 ὀνομαζομένης,

106 791 211 818 Ytan
237 791 275 827 μή
301 791 472 829 γεννηθέντος
497 792 557 818 κατ’
572 791 681 826 αὐτοὺς,
697 792 741 820 καὶ
766 793 871 830 Πατρὸς
897 793 935 828 μή

106 837 300 873 γεννήσαντος,
317 835 448 872 ὀνόματα,
465 834 520 873 εἷ’γε
551 837 588 872 μὴ
619 836 756 874 γεννηθεὶς
784 836 829 871 ἦν,
859 835 935 871 Πλὴν

104 880 127 908 εἴ
158 881 197 917 μή
225 891 279 916 τις,
294 881 362 907 κατὰ
388 881 433 908 τὸν
468 878 563 918 λόγον,
592 881 676 908 κακὸν
705 883 781 917 κακῷ
807 881 934 919 ἲώμενος,

104 925 211 961 μείζονι
241 925 272 952 τὸ
289 922 411 958 ἔλαττον,
428 924 575 960 αὐξητικὴν
604 925 622 960 ἢ
645 923 849 962 μεταϐλητικήν
879 926 935 954 ἑπι-

99 971 208 1005 νογςσειε
224 970 340 1008 γίνεσιν,
357 970 426 1007 πρὸς
455 970 538 997 όίπασι
563 972 621 1001 τοῖς
650 969 748 1002 ἄλλοις
769 972 832 1007 μήτ’
846 970 932 998 ἐκεῖνο

100 1013 193 1046 καλῶς
225 1013 422 1052 λογισάμενος,
451 1014 488 1046 ὡς
517 1013 570 1042 εἴτε
598 1014 708 1049 αὐξάνοι
735 1025 774 1048 τι,
791 1016 933 1053 προσθήκῃ

99 1059 172 1091 τινὸς
197 1061 252 1086 τῶν
280 1057 375 1094 ἔξωθεν
401 1059 540 1094 αὐξήσειεν
570 1059 610 1087 ἄν.
628 1058 709 1086 Πόθεν
737 1058 783 1086 οὖν
798 1060 830 1087 τὸ
844 1070 928 1098 προσ-

100 1103 184 1139 τεθὲν,
201 1102 224 1131 εἰ
256 1104 295 1140 μὴ
319 1103 364 1130 καὶ
389 1101 483 1140 ἕτερον
509 1103 696 1140 ὑποθοίμεθα;
723 1103 811 1132 Ἀλλά
833 1104 858 1131 εἴ
882 1105 929 1141 μὶν

99 1147 190 1181 τοῧτο,
207 1146 302 1175 πολλά
315 1148 350 1175 τὰ
364 1145 428 1175 ὄντα
442 1147 487 1175 καὶ
503 1147 639 1185 ἆγέννητα
654 1145 717 1175 ὅντα
739 1148 776 1178 εἷς
800 1147 929 1185 συμπλή-

100 1203 181 1230 ρωσιν
198 1192 258 1224 ἑνὸς
273 1192 390 1220 ἐπινοεῖν
404 1191 562 1230 ἀναγκαῖον.
579 1191 613 1219 Εἴ
626 1190 650 1219 δ’
665 1191 694 1219 ix
708 1193 757 1219 τοῦ
785 1193 822 1229 μὴ
853 1191 930 1224 ἔντος

100 1239 116 1272 ἡ
132 1236 257 1272 αὔξησις1
272 1236 387 1274 πότερον
405 1235 515 1274 ἄμεινον
531 1237 680 1274 ὁμολογεῖν
699 1238 749 1263 πᾶν
769 1237 806 1272 μὴ
836 1237 864 1264 ὃν
885 1248 927 1275 γε-

100 1283 244 1319 γεννῆσθαι
288 1280 385 1320 γνώμῃ
422 1283 469 1308 τοῦ
504 1279 721 1319 παραγαγόντος,
751 1280 769 1316 ἢ
804 1280 927 1309 σύνθετον

104 1326 190 1364 λέγειν
212 1327 263 1360 τήν
284 1325 375 1353 οὐσίαν
393 1325 418 1361 ἔξ
434 1324 512 1357 ὄντος
527 1325 571 1353 καὶ
590 1326 628 1362 μὴ
645 1324 741 1361 ὄντος
759 1324 821 1354 Ε’ίτε
845 1337 928 1363 μετα-

102 1368 228 1405 ϐάλοιτο,
243 1369 360 1407 μηδενὸς
371 1368 449 1401 ὄντος
465 1369 504 1401 εἲς
519 1370 533 1398 ὃ
551 1367 792 1407 μεταϐληοείη,εἶς
804 1371 836 1398 τὸ
849 1371 887 1408 μή
899 1370 927 1398 ὃν

102 1415 126 1451 ἐξ
143 1415 265 1452 ἀνάγκης
283 1412 531 1451 μεταϐληθήσεται.
549 1415 600 1443 Καὶ
618 1417 676 1446 πῶς
692 1415 742 1442 οὐκ
764 1413 868 1451 εὔηθες,
882 1414 929 1443 ἵνα

103 1461 140 1496 μή
156 1459 282 1498 λέγωμεν
299 1457 402 1495 ἀσεῦὶς,
417 1459 449 1487 τὸ
463 1459 492 1487 ὃν
510 1459 547 1491 εἷς
571 1459 602 1486 τὸ
626 1460 664 1496 μή
688 1458 718 1486 ὃν
740 1460 928 1497 κεχωρηκέναι

103 1503 212 1542 λέγειν;
231 1503 289 1532 δέον
306 1504 456 1542 ἀφεμένους
471 1507 522 1540 τῆς
539 1504 657 1542 ἀμέτρου
671 1503 773 1539 ταύτης
795 1503 929 1540 εὐηθείας,

104 1549 253 1586 παρανοίας
269 1547 298 1576 δὶ
320 1548 438 1585 μᾶλλον,
453 1549 602 1588 σωφρόνως
622 1547 818 1585 παραδέξασθαι
841 1548 927 1585 τάλη-

104 1594 156 1626 Θές.

994 392 1067 420 nihil
1085 395 1188 428 praeter
1203 392 1295 420 Deum
1317 393 1353 420 sit
1378 392 1548 428 ingenitum.
1563 394 1621 420 Aut
1634 393 1726 429 igitur
1741 400 1820 420 recc-

994 437 1066 465 dant
1091 437 1127 465 ab
1152 437 1203 465 illa
1218 437 1412 472 confessione,
1428 439 1457 465 et
1472 437 1551 465 aliud
1577 438 1646 474 quid
1673 437 1822 473 proferant

995 482 1073 518 quod
1090 482 1166 510 696
1182 482 1221 510 sit
1237 481 1416 518 ingenitum;
1433 482 1478 510 vel
1493 482 1518 510 si
1537 482 1679 510 inhaerere
1695 482 1737 510 illi
1753 490 1820 510 sen-

992 526 1090 554 tentia:
1104 526 1211 560 volent,
1228 529 1348 555 caveant
1363 526 1393 554 in
1411 528 1562 563 posterum
1579 527 1619 554 ita
1634 526 1726 562 loqui,
1743 527 1819 562 quod

993 571 1083 599 Filius
1107 579 1174 599 cum
1199 573 1286 599 antea
1310 571 1410 605 fuerit,
1425 571 1542 608 genitus
1566 571 1614 605 sit,
1629 571 1700 607 quia
1725 571 1778 598 ﬁlii
1793 573 1822 599 et

993 615 1152 651 geniminis
1166 615 1323 652 appellatio
1340 624 1397 644 non
1413 615 1579 652 ingreditur
1590 623 1683 643 unum
1699 617 1728 643 et
1743 615 1820 644 idem

994 660 1160 696 subjectum
1171 668 1237 688 cum
1250 660 1448 696 appellatione
1457 660 1592 697 ingeniti.
1604 661 1724 688 Summa
1740 660 1818 688 enim

991 707 1019 733 et
1030 707 1160 732 extrema
1167 705 1299 733 confusio
1308 705 1376 733 oriri
1389 707 1486 741 potest
1495 707 1553 732 tam
1566 705 1718 733 nominum
1730 713 1818 740 quam

991 758 1101 783 rerum,
1118 749 1143 777 si
1167 757 1233 777 cum
1259 759 1318 778 una
1337 757 1435 778 revera
1455 750 1494 777 sit
1508 752 1536 777 et
1552 750 1667 777 dicatur
1687 749 1817 777 essentia

990 793 1132 830 ingenita,
1143 795 1231 822 verbo
1247 796 1346 822 autem
1362 794 1419 822 alia
1435 796 1538 830 praeter
1553 794 1634 822 illam
1650 794 1816 822 introduca-

990 839 1049 872 tur,
1062 840 1221 875 posteaque
1236 838 1296 866 haec
1312 839 1409 874 genita
1424 839 1602 873 nominetur,
1612 838 1703 866 Filius
1718 840 1814 866 autem

992 891 1050 910 non
1066 883 1105 910 sit
1119 883 1237 920 genitus
1255 883 1341 918 juxta
1359 882 1492 919 ipsorum
1515 883 1702 917 sententiam,
1719 891 1814 918 nequc

990 929 1075 956 Pater
1099 927 1280 964 generaverit
1304 927 1422 956 nomine
1450 930 1549 961 tenus,
1565 928 1589 956 si
1613 927 1732 964 quidem
1756 935 1814 955 non

989 972 1114 1001 exsistat
1128 972 1246 1009 genitus
1263 981 1270 1002 2
1287 975 1479 1009 praeterquam
1499 972 1557 1001 nisi
1573 972 1649 1008 quis,
1662 973 1747 1008 Juxta
1761 971 1815 999 tri-

988 1018 1051 1044 tum
1065 1024 1242 1051 sermonem,
1256 1016 1367 1044 malum
1382 1017 1481 1045 minus
1495 1016 1572 1045 malo
1584 1025 1690 1044 curans
1701 1016 1815 1052 majori.

985 1061 1193 1097 excogitaverit
1217 1060 1346 1097 aliquam
1364 1061 1596 1098 generationem,
1612 1069 1677 1097 quae
1700 1061 1751 1088 fiat
1767 1069 1817 1096 per

986 1105 1267 1142 augmentationem,
1284 1107 1335 1133 aut
1358 1106 1648 1134 transmutationem.
1664 1105 1699 1133 Et
1721 1113 1816 1141 neque

985 1150 1041 1178 hoc
1057 1151 1143 1178 modo
1159 1152 1264 1186 praeter
1279 1150 1378 1178 omnia
1393 1150 1450 1178 alia
1473 1150 1562 1186 probe
1579 1149 1814 1183 ratiocinaretur,

984 1197 1137 1232 propterea
1153 1195 1232 1231 quod
1248 1194 1273 1222 si
1293 1195 1364 1230 quid
1389 1196 1606 1230 augmentatur,
1619 1202 1739 1222 necesse
1764 1195 1812 1228 sit,

984 1242 1017 1267 ut
1027 1239 1155 1267 auctario
1167 1238 1264 1275 aliquo
1280 1241 1397 1268 externo
1408 1242 1601 1275 augmentum
1614 1239 1718 1275 capiat.
1730 1238 1813 1266 Unde

983 1284 1075 1320 igitur
1090 1283 1197 1320 poterit
1206 1291 1270 1312 esse
1286 1283 1337 1312 illa
1350 1283 1474 1318 additio,
1485 1284 1545 1313 sive
1560 1284 1589 1312 id
1601 1284 1678 1320 quod
1695 1283 1811 1319 apposi-

982 1330 1046 1356 tum
1061 1330 1209 1363 censetur,
1220 1328 1276 1356 nisi
1289 1327 1400 1364 aliquid
1417 1328 1496 1356 aliud
1512 1329 1594 1365 prius
1605 1328 1730 1364 subjecti
1747 1327 1810 1355 loco

983 1372 1151 1409 ponamus?
1165 1372 1253 1408 Atqui
1269 1373 1294 1401 si
1311 1381 1356 1400 res
1376 1373 1416 1401 ita
1431 1381 1462 1401 se
1477 1373 1575 1408 habet,
1590 1380 1709 1400 necesae
1725 1371 1812 1399 fuerit

983 1417 1148 1453 excogitare
1165 1416 1268 1452 multa,
1285 1425 1346 1452 quae
1363 1425 1448 1445 suum
1469 1425 1534 1445 esse
1549 1417 1578 1444 in
1595 1418 1688 1445 semet
1703 1416 1812 1444 habent

984 1463 1012 1489 et
1026 1462 1158 1497 ingenita
1169 1463 1248 1496 sunt,
1261 1463 1293 1489 ut
1306 1470 1398 1489 unum
1410 1461 1484 1489 illud
1498 1461 1621 1497 perfecte
1633 1460 1809 1497 compleant.

982 1506 1031 1533 Sin
1047 1514 1113 1534 vero
1125 1509 1315 1542 augmentum
1332 1505 1405 1533 illud
1419 1506 1531 1534 accedit
1545 1514 1579 1534 ex
1594 1505 1692 1542 aliqua
1704 1514 1735 1533 re
1746 1513 1809 1541 qua:

983 1559 1042 1578 non
1064 1552 1119 1585 est,
1135 1552 1246 1584 utrum,
1260 1558 1368 1586 quaeso,
1385 1552 1504 1586 praestat
1525 1550 1668 1586 conﬁteri,
1680 1558 1715 1578 an
1731 1550 1809 1586 quod

985 1603 1042 1623 non
1059 1594 1123 1630 fuit,
1137 1594 1165 1622 id
1181 1594 1263 1630 gigni
1279 1595 1395 1623 decreto
1410 1594 1490 1623 illius
1501 1595 1552 1631 qui
1567 1595 1595 1623 id
1613 1595 1759 1631 produxit,
1772 1603 1808 1622 an

100 1648 165 1668 vero
181 1639 288 1673 dicere,
305 1639 463 1667 essentiam
479 1641 613 1667 constare
628 1646 662 1666 ex
677 1641 742 1667 ente
768 1641 795 1667 et
819 1647 876 1667 non
893 1642 970 1675 ente,
986 1640 1037 1668 sed
1062 1647 1097 1668 ex
1119 1647 1150 1667 re
1173 1639 1273 1675 aliqua
1287 1647 1350 1676 quae
1372 1642 1416 1668 est
1437 1639 1481 1668 vel
1506 1640 1572 1674 fuit,
1589 1642 1618 1668 et
1631 1648 1688 1667 non
1704 1641 1747 1668 est
1762 1639 1807 1667 vel

99 1692 152 1712 non
169 1683 247 1712 fuit?
261 1683 352 1720 Siqua
375 1685 601 1717 transmutatur,
620 1683 701 1711 nulla
725 1691 754 1712 re
780 1683 937 1712 exsistente
952 1685 982 1712 in
998 1692 1086 1720 quam
1103 1683 1196 1720 possit
1209 1684 1413 1720 transmutari,
1432 1685 1682 1713 transmutabitur
1706 1692 1806 1713 neces-

99 1728 175 1757 sario
191 1729 221 1756 in
237 1728 266 1756 id
283 1728 359 1764 quod
377 1736 434 1756 non
450 1730 505 1756 est.
522 1728 557 1756 Et
571 1728 730 1764 quomodo,
747 1736 857 1765 quaeso,
873 1737 932 1757 non
948 1729 986 1757 sit
1000 1728 1153 1764 stolidum,
1171 1737 1207 1756 ne
1223 1729 1357 1757 dicamus
1372 1729 1508 1765 impium,
1521 1729 1667 1758 afﬁrmare
1682 1730 1710 1757 id
1727 1730 1804 1765 quod

99 1774 151 1809 est,
163 1772 272 1801 abiisse
286 1772 316 1800 in
332 1772 442 1809 aliquid
458 1773 536 1808 quod
552 1781 611 1800 non
627 1772 692 1800 est?
707 1774 768 1801 Imo
780 1781 847 1801 vero
862 1774 1037 1802 conveniens
1051 1776 1096 1801 est
1111 1775 1144 1801 ut
1159 1773 1252 1802 missa
1266 1777 1292 1802 el
1308 1774 1423 1810 abjecta
1438 1774 1597 1802 immodica
1611 1774 1666 1802 hac
1681 1773 1805 1802 stultitia

99 1819 148 1846 aut
163 1816 262 1854 potius
277 1817 404 1850 insania,
420 1817 518 1845 debita
536 1817 680 1845 modestia
695 1817 723 1845 id
741 1818 817 1854 quod
833 1826 935 1846 verum
951 1820 995 1846 est
1010 1819 1186 1854 acceptetur.

135 1863 178 1890 15.
190 1860 279 1890 Ἀλλᾶ
289 1861 363 1889 οὗτοι
380 1860 427 1897 μὶν
441 1860 553 1892 τπύταις
569 1862 614 1888 καί
628 1860 728 1897 πολλῷ
742 1859 851 1889 πλείοσι
862 1861 924 1889 τού-

1019 1863 1062 1890 15.
1078 1862 1185 1890 Verum
1202 1861 1231 1890 hi
1247 1862 1381 1890 homines
1398 1871 1455 1890 non
1471 1863 1570 1891 vident
1582 1862 1661 1890 hisce
1677 1864 1706 1890 et
1719 1862 1806 1898 longe

100 1916 152 1933 των
182 1905 307 1937 ἀτοπίαις
335 1903 409 1937 ὄντες
423 1903 549 1933 ὑπόδικοι
565 1904 698 1940 λελήθασί
724 1916 790 1945 σφας
818 1906 924 1940 αὐτοὺς,

102 1950 155 1988 οὐχ
169 1951 244 1987 ἡμᾶς
271 1949 378 1987 τόλμης
405 1949 526 1981 εὐθύναις
548 1948 660 1981 δικαίως
687 1950 846 1988 ὑπάγοντες,
863 1949 926 1978 ἀλλ’

102 1995 213 2026 ἑαυτοὺς
237 1992 358 2023 ἀσεϐείας
383 1993 562 2032 ἐγκλήμασιν.
579 1995 674 2032 Ἡμεῖς
690 1993 718 2022 δὶ
732 1998 790 2027 τοῖς
819 1995 870 2023 ὑπό
898 2006 927 2023 τε

100 2042 152 2067 τῶν
168 2039 251 2078 ἁγίων
267 2038 353 2067 πάλαι
370 2040 437 2077 (28),
453 2039 498 2067 καὶ
510 2042 556 2067 νῦν
586 2039 630 2079 ἀφ’
646 2040 726 2076 ἡμῶν
751 2040 838 2067 αὐτῶν
858 2040 925 2068 ἀπο-

102 2082 284 2122 δεδειγμένοις
309 2083 482 2121 ἰμμένοντες,
510 2084 579 2121 μήτε
604 2087 655 2119 τῆς
677 2084 767 2115 οὐσίας
790 2086 838 2112 τοῦ
860 2086 927 2112 Θεοῦ

102 2129 284 2168 προσιεμίνης
313 2129 451 2166 γιννησιν,
480 2129 518 2160 ὡς
548 2128 704 2167 ἆγεννήτοο,
726 2129 794 2166 μήτε
819 2128 926 2156 διάστα-

104 2184 142 2201 σιν
158 2173 176 2209 ἢ
196 2173 329 2211 μερισμὸν
345 2173 382 2205 ὡς
407 2173 555 2213 ἀφθάρτου,
573 2174 643 2210 μήτε
669 2173 715 2210 μὲν
740 2173 830 2211 ὲτᾶρας
853 2174 928 2205 τινὸς

103 2218 286 2255 ὑποκειμένης
302 2217 340 2249 εἷς
356 2218 421 2245 Υῖοῦ
435 2217 570 2256 γᾶννησιν,
582 2218 620 2254 μὴ
637 2215 701 2245 ὅντα
711 2218 797 2257 φαμὶν
809 2222 929 2256 γεγεννῆ-

104 2268 162 2295 σθαι
175 2262 223 2290 τὸν
239 2261 313 2290 Υἱόν.
329 2262 367 2291 Οὐ
380 2264 591 2299 κοινοποιοῢμεν
609 2263 664 2299 (29)
678 2261 740 2290 οὐδὶ
765 2265 814 2290 τοῦ
837 2265 929 2291 Μονο-

105 2309 199 2344 γενοῦς
227 2307 276 2342 τὴν
303 2306 394 2335 οὐσίαν
420 2307 489 2342 πρὸς
515 2307 548 2335 τὰ
574 2307 604 2334 lx
620 2307 659 2344 μὴ
675 2305 757 2336 ὅντων
787 2307 929 2345 γενόμενα,

105 2351 215 2390 ιπείπερ
245 2350 295 2379 οὐκ
323 2351 399 2379 οὐσία
426 2351 458 2379 τὸ
489 2352 527 2388 μὴ
554 2349 593 2380 ὅν.
609 2353 648 2388 Τῇ
665 2350 694 2379 δι
707 2353 755 2379 τοῦ
768 2353 930 2388 ποιήσαντος

105 2397 203 2434 γνώμῃ
218 2397 268 2430 τὴν
286 2394 415 2436 διαφορὰν
430 2398 489 2427 τοῖς
503 2399 582 2424 πᾶσιν
614 2396 781 2434 ὁριζόμενοι,
795 2397 930 2432 τοσαύτην

106 2441 180 2477 αὐτῷ
208 2441 328 2478 νέμομεν
352 2441 503 2479 ὑπεροχὴν,
520 2441 585 2476 ὅσην
609 2440 682 2478 ἔχειν
707 2441 850 2480 ἀναγκαῖον
879 2443 931 2469 τῶν

106 2484 184 2513 ἰδίων
200 2486 364 2522 ποιημάτων
388 2485 434 2513 τὸν
459 2486 589 2521 ποιητήν.
607 2486 695 2514 Πάντα
713 2487 763 2524 γὰρ
793 2485 828 2514 δι’
850 2486 932 2514 αὐτοῦ

106 2531 281 2569 γεγεννῆσθαι
308 2529 376 2558 κατὰ
403 2530 448 2558 τὸν
478 2529 609 2568 μακάριον
626 2529 752 2566 Ἰωάννην
775 2530 931 2570 ὁμολογοῦ-

107 2586 165 2612 μεν,
191 2576 472 2613 συναπογεννηθείσης
491 2575 589 2608 ἄνωθεν
618 2575 691 2612 αὐτῷ
716 2579 765 2610 τῆς
793 2573 929 2613 δημιουρ-

105 2623 186 2657 γικῆς
216 2619 367 2656 δυνάμεως,
383 2619 446 2648 ὥστ’
476 2621 542 2648 εῖναι
564 2620 627 2648 Θεὸν
659 2623 791 2659 μονογενῆ
821 2620 927 2648 πάντων

106 2666 160 2692 τῶν
179 2664 237 2701 μετ’
251 2663 331 2692 αὐτὰν
351 2665 396 2692 καὶ
425 2666 479 2693 τῶν
508 2663 543 2693 δι’
557 2665 641 2693 αὐτοῦ
663 2666 823 2704 γενομένων.
840 2664 930 2697 Μόνος

106 2708 155 2747 γὰρ
221 2709 272 2736 τοῦ
286 2709 418 2748 ἀγενήτου
433 2708 544 2747 δυνάμει
568 2709 705 2747 γεννηθεὶς
727 2709 773 2738 καὶ
801 2709 927 2746 κτισθεὶς,

141 2781 163 2799 ³⁷
178 2781 266 2810 Joan.
283 2790 305 2816 ι,
318 2782 347 2809 3.

141 2852 203 2889 (28)
218 2851 348 2882 Basilius
362 2860 429 2890 pag.
444 2853 509 2889 253,
523 2852 568 2881 καὶ
583 2852 678 2882 πάλαι.

981 1906 1116 1944 pluribus
1142 1907 1375 1935 absurditatibus
1398 1916 1462 1936 esse
1488 1915 1519 1935 se
1542 1907 1694 1943 obnoxios,
1711 1915 1806 1944 neque

981 1951 1162 1987 nosjustein
1174 1952 1285 1979 crimen
1301 1952 1429 1980 audacias
1445 1961 1478 1980 ac
1493 1953 1730 1989 praesumptionis
1746 1961 1806 1980 me—

981 1995 1037 2023 rito
1053 1995 1209 2028 abducere,
1221 1996 1272 2024 sed
1288 1996 1369 2032 ipsos
1382 1998 1475 2025 semet
1488 1997 1648 2034 impietatis
1659 2006 1806 2025 accusare.

982 2039 1041 2067 Nos
1054 2048 1122 2067 vero
1146 2039 1177 2067 in
1193 2039 1240 2068 his
1256 2048 1320 2076 qua:
1348 2040 1417 2068 olim
1443 2049 1460 2069 a
1483 2041 1593 2069 sanctis
1617 2042 1764 2077 Patribus,
1780 2044 1809 2070 et

982 2092 1060 2112 nunc
1077 2092 1094 2112 ο.
1108 2083 1194 2112 nobis
1218 2084 1430 2118 demonstrata,
1446 2093 1654 2122 permanemus
1670 2093 1677 2114 :
1694 2087 1721 2113 et
1741 2093 1807 2113 cum

982 2137 1079 2165 neque
1094 2128 1221 2157 essentia
1236 2129 1286 2158 Dei
1302 2129 1440 2158 admittat
1461 2130 1691 2167 generationem,
1707 2132 1810 2167 utpote

983 2182 1047 2209 qua!
1063 2176 1108 2202 est
1122 2173 1265 2211 ingenita,
1282 2182 1378 2211 neque
1403 2175 1585 2209 distantiam,
1601 2177 1653 2203 aut
1677 2174 1809 2211 partitio-

984 2225 1062 2252 nem,
1080 2218 1226 2254 siquidem
1246 2220 1290 2247 est
1313 2219 1561 2256 incorruptibilis;
1579 2228 1706 2256 cumque
1729 2219 1811 2248 nulla

984 2262 1042 2290 alia
1054 2262 1116 2291 dari
1133 2263 1228 2299 possit
1242 2263 1278 2292 ad
1295 2263 1359 2292 Filii
1379 2264 1608 2301 generationem,
1624 2265 1751 2293 dicimus
1766 2264 1811 2292 Fi-

984 2307 1058 2335 lium
1074 2307 1206 2344 genitum
1223 2315 1287 2336 esse
1311 2317 1377 2337 cum
1394 2312 1480 2338 antea
1494 2318 1552 2338 non
1568 2310 1737 2344 exsisteret;
1754 2318 1811 2338 non

985 2352 1064 2387 quod
1089 2360 1277 2381 communem
1301 2353 1444 2382 faciamus
1474 2355 1632 2383 essentiam
1664 2354 1813 2391 Unigeniti

986 2397 1053 2424 cum
1071 2396 1120 2432 iis,
1131 2405 1195 2432 qua:
1207 2398 1242 2426 de
1258 2398 1350 2426 nihilo
1361 2399 1437 2427 facta
1447 2401 1517 2427 sunt
1528 2399 1683 2436 (siquidem
1695 2408 1753 2427 non
1769 2405 1813 2428 est

987 2441 1116 2470 essentia
1130 2441 1158 2470 id
1176 2443 1254 2478 quod
1278 2451 1336 2471 non
1356 2444 1422 2480 est),
1439 2444 1490 2472 sed
1515 2445 1579 2480 ejus
1595 2445 1644 2480 qui
1669 2445 1737 2473 fecit
1760 2445 1812 2472 de-

987 2488 1066 2514 creto
1095 2494 1146 2514 seu
1173 2487 1330 2521 sententia,
1349 2488 1420 2516 dum
1451 2489 1644 2518 differentiam
1674 2489 1813 2518 omnibus

988 2531 1077 2558 rebus
1091 2530 1242 2559 definitam
1264 2531 1461 2569 assignamus,
1473 2533 1530 2569 ipsi
1546 2535 1657 2561 tantam
1673 2542 1732 2569 prae
1747 2533 1812 2561 aliis

988 2575 1126 2603 omnibus
1142 2575 1341 2604 excellentiam
1358 2577 1529 2611 tribuimus,
1540 2580 1679 2613 quantam
1693 2577 1812 2613 quidem

985 2619 1120 2656 opiﬁcem
1137 2619 1244 2649 habere
1260 2629 1380 2650 necesse
1393 2624 1437 2650 est
1451 2630 1510 2657 prae
1526 2621 1653 2657 propriis
1668 2629 1732 2657 quea
1747 2621 1815 2649 fecit

985 2664 1133 2701 operibus.
1158 2666 1271 2695 Etenim
1296 2666 1396 2695 omnia
1420 2674 1472 2702 per
1495 2666 1593 2703 ipsum
1618 2666 1695 2694 facta
1717 2674 1782 2694 esse
1792 2663 1814 2683 "'

987 2711 1150 2739 secundum
1166 2711 1286 2740 beatum
1300 2711 1445 2740 Joannem
1460 2711 1644 2746 confitemur,
1660 2711 1816 2747 congenita

1027 2853 1081 2890 (29)
1099 2854 1185 2882 Basil.
1203 2863 1268 2891 pag.
1286 2855 1347 2884 255.
