  <div class='ocr_page' id='page_1' title='image "/cluster/home/n/w/nwhite01/storage/ocr_20150623/30/njp.32101013202591/439.png"; bbox 0 0 2011 3142; ppageno 0'>
   <div class='ocr_carea' id='block_1_1' title="bbox 228 169 289 199">
    <p class='ocr_par' dir='ltr' id='par_1_1' title="bbox 228 169 289 199">
     <span class='ocr_line' id='line_1_1' title="bbox 228 169 289 199; baseline -0.016 0"><span class='ocrx_word' id='word_1_1' title='bbox 228 169 289 199; x_wconf 79' lang='grc'>851</span> 
     </span>
    </p>
   </div>
   <div class='ocr_carea' id='block_1_2' title="bbox 704 168 1906 211">
    <p class='ocr_par' dir='ltr' id='par_1_2' title="bbox 704 168 1906 211">
     <span class='ocr_line' id='line_1_2' title="bbox 704 168 1906 211; baseline 0.002 -13"><span class='ocrx_word' id='word_1_2' title='bbox 704 168 900 200; x_wconf 82' lang='lat' dir='ltr'>APPENDIX</span> <span class='ocrx_word' id='word_1_3' title='bbox 921 169 1082 200; x_wconf 79' lang='lat' dir='ltr'>OPERUM</span> <span class='ocrx_word' id='word_1_4' title='bbox 1107 169 1140 199; x_wconf 92' lang='lat' dir='ltr'>S.</span> <span class='ocrx_word' id='word_1_5' title='bbox 1164 168 1305 199; x_wconf 82' lang='lat' dir='ltr'><strong>BASILII</strong></span> <span class='ocrx_word' id='word_1_6' title='bbox 1327 169 1466 199; x_wconf 77' lang='lat' dir='ltr'>MAGNI.</span> <span class='ocrx_word' id='word_1_7' title='bbox 1858 171 1906 211; x_wconf 66' lang='grc'>852</span> 
     </span>
    </p>
   </div>
   <div class='ocr_carea' id='block_1_3' title="bbox 230 234 1064 272">
    <p class='ocr_par' dir='ltr' id='par_1_3' title="bbox 230 235 1057 270">
     <span class='ocr_line' id='line_1_3' title="bbox 230 235 1057 270; baseline 0.002 -8"><span class='ocrx_word' id='word_1_8' title='bbox 230 235 343 263; x_wconf 78' lang='lat' dir='ltr'>scilicet</span> <span class='ocrx_word' id='word_1_9' title='bbox 366 235 423 270; x_wconf 85' lang='lat' dir='ltr'>ipsi</span> <span class='ocrx_word' id='word_1_10' title='bbox 438 235 474 263; x_wconf 87' lang='lat' dir='ltr'>ab</span> <span class='ocrx_word' id='word_1_11' title='bbox 499 235 583 263; x_wconf 88' lang='lat' dir='ltr'>initio</span> <span class='ocrx_word' id='word_1_12' title='bbox 597 235 713 263; x_wconf 92' lang='lat' dir='ltr'>creandi</span> <span class='ocrx_word' id='word_1_13' title='bbox 729 236 867 264; x_wconf 77' lang='lat' dir='ltr'>facultate</span> <span class='ocrx_word' id='word_1_14' title='bbox 884 245 890 264; x_wconf 87' lang='lat'>:</span> <span class='ocrx_word' id='word_1_15' title='bbox 908 238 940 264; x_wconf 90' lang='lat' dir='ltr'>ut</span> <span class='ocrx_word' id='word_1_16' title='bbox 963 236 1004 263; x_wconf 88' lang='lat' dir='ltr'>ita</span> <span class='ocrx_word' id='word_1_17' title='bbox 1019 236 1057 264; x_wconf 97' lang='lat' dir='ltr'>sit</span> 
     </span>
    </p>
   </div>
   <div class='ocr_carea' id='block_1_4' title="bbox 1121 234 1907 272">
    <p class='ocr_par' dir='ltr' id='par_1_4' title="bbox 1121 234 1907 272">
     <span class='ocr_line' id='line_1_4' title="bbox 1121 234 1907 272; baseline 0.003 -12"><span class='ocrx_word' id='word_1_18' title='bbox 1121 234 1280 265; x_wconf 75' lang='grc' dir='ltr'>τελειότατος</span> <span class='ocrx_word' id='word_1_19' title='bbox 1310 234 1418 272; x_wconf 69' lang='grc' dir='ltr'>γέγονεν</span> <span class='ocrx_word' id='word_1_20' title='bbox 1447 234 1580 272; x_wconf 79' lang='grc' dir='ltr'>ὑπουργὸς</span> <span class='ocrx_word' id='word_1_21' title='bbox 1604 235 1662 270; x_wconf 87' lang='grc'>(30)</span> <span class='ocrx_word' id='word_1_22' title='bbox 1685 234 1750 271; x_wconf 85' lang='grc' dir='ltr'>πρὸς</span> <span class='ocrx_word' id='word_1_23' title='bbox 1764 237 1840 262; x_wconf 72' lang='grc' dir='ltr'>πᾶσαν</span> <span class='ocrx_word' id='word_1_24' title='bbox 1866 234 1907 271; x_wconf 77' lang='grc' dir='ltr'>δη-</span> 
     </span>
    </p>
   </div>
   <div class='ocr_carea' id='block_1_5' title="bbox 230 279 1055 316">
    <p class='ocr_par' dir='ltr' id='par_1_5' title="bbox 230 279 1055 316">
     <span class='ocr_line' id='line_1_5' title="bbox 230 279 1055 316; baseline 0.001 -9"><span class='ocrx_word' id='word_1_25' title='bbox 230 280 309 308; x_wconf 87' lang='lat' dir='ltr'>Deus</span> <span class='ocrx_word' id='word_1_26' title='bbox 324 279 506 314; x_wconf 81' lang='lat' dir='ltr'>unigenitus,</span> <span class='ocrx_word' id='word_1_27' title='bbox 521 282 654 316; x_wconf 80' lang='lat' dir='ltr'>respectu</span> <span class='ocrx_word' id='word_1_28' title='bbox 677 281 807 308; x_wconf 88' lang='lat' dir='ltr'>omnium</span> <span class='ocrx_word' id='word_1_29' title='bbox 834 289 935 308; x_wconf 90' lang='lat' dir='ltr'>earum</span> <span class='ocrx_word' id='word_1_30' title='bbox 959 289 1055 308; x_wconf 89' lang='lat' dir='ltr'>rerum</span> 
     </span>
    </p>
   </div>
   <div class='ocr_carea' id='block_1_6' title="bbox 1113 278 1641 317">
    <p class='ocr_par' dir='ltr' id='par_1_6' title="bbox 1113 278 1641 317">
     <span class='ocr_line' id='line_1_6' title="bbox 1113 278 1641 317; baseline 0 -11"><span class='ocrx_word' id='word_1_31' title='bbox 1113 279 1259 316; x_wconf 82' lang='grc' dir='ltr'>μιουργίαν</span> <span class='ocrx_word' id='word_1_32' title='bbox 1274 278 1319 306; x_wconf 82' lang='grc' dir='ltr'>καὶ</span> <span class='ocrx_word' id='word_1_33' title='bbox 1335 279 1447 317; x_wconf 85' lang='grc' dir='ltr'>γνώμην</span> <span class='ocrx_word' id='word_1_34' title='bbox 1463 280 1510 306; x_wconf 75' lang='grc' dir='ltr'>τοῦ</span> <span class='ocrx_word' id='word_1_35' title='bbox 1526 278 1641 315; x_wconf 73' lang='grc' dir='ltr'>Πατρός.</span> 
     </span>
    </p>
   </div>
   <div class='ocr_carea' id='block_1_7' title="bbox 230 323 1907 361">
    <p class='ocr_par' dir='ltr' id='par_1_7' title="bbox 230 323 1907 361">
     <span class='ocr_line' id='line_1_7' title="bbox 230 323 1907 361; baseline 0 -9"><span class='ocrx_word' id='word_1_36' title='bbox 230 332 293 359; x_wconf 62' lang='grc' dir='ltr'>ψη</span> <span class='ocrx_word' id='word_1_37' title='bbox 310 327 376 359; x_wconf 90' lang='lat' dir='ltr'>post</span> <span class='ocrx_word' id='word_1_38' title='bbox 392 324 487 360; x_wconf 87' lang='lat' dir='ltr'>ipsum</span> <span class='ocrx_word' id='word_1_39' title='bbox 505 326 531 352; x_wconf 88' lang='lat' dir='ltr'>et</span> <span class='ocrx_word' id='word_1_40' title='bbox 547 333 598 361; x_wconf 86' lang='lat' dir='ltr'>per</span> <span class='ocrx_word' id='word_1_41' title='bbox 613 325 710 361; x_wconf 86' lang='lat' dir='ltr'>ipsum</span> <span class='ocrx_word' id='word_1_42' title='bbox 727 325 806 352; x_wconf 58' lang='lat' dir='ltr'>facta</span> <span class='ocrx_word' id='word_1_43' title='bbox 822 327 901 352; x_wconf 84' lang='lat' dir='ltr'>sunt.</span> <span class='ocrx_word' id='word_1_44' title='bbox 918 325 988 352; x_wconf 89' lang='lat' dir='ltr'>Cum</span> <span class='ocrx_word' id='word_1_45' title='bbox 1005 325 1082 352; x_wconf 89' lang='lat' dir='ltr'>enim</span> <span class='ocrx_word' id='word_1_46' title='bbox 1106 324 1168 360; x_wconf 86' lang='lat' dir='ltr'>ipse</span> <span class='ocrx_word' id='word_1_47' title='bbox 1184 324 1264 352; x_wconf 86' lang='lat' dir='ltr'>solus</span> <span class='ocrx_word' id='word_1_48' title='bbox 1279 324 1400 360; x_wconf 87' lang='lat' dir='ltr'>ingeniti</span> <span class='ocrx_word' id='word_1_49' title='bbox 1421 323 1549 359; x_wconf 77' lang='lat' dir='ltr'>polentia</span> <span class='ocrx_word' id='word_1_50' title='bbox 1571 323 1686 360; x_wconf 86' lang='lat' dir='ltr'>genitus</span> <span class='ocrx_word' id='word_1_51' title='bbox 1703 323 1748 357; x_wconf 88' lang='lat' dir='ltr'>sit,</span> <span class='ocrx_word' id='word_1_52' title='bbox 1764 325 1790 351; x_wconf 87' lang='lat' dir='ltr'>et</span> <span class='ocrx_word' id='word_1_53' title='bbox 1812 327 1907 352; x_wconf 83' lang='lat' dir='ltr'>creatus</span> 
     </span>
    </p>
   </div>
   <div class='ocr_carea' id='block_1_8' title="bbox 231 369 1543 405">
    <p class='ocr_par' dir='ltr' id='par_1_8' title="bbox 231 369 1543 405">
     <span class='ocr_line' id='line_1_8' title="bbox 231 369 1543 405; baseline 0 -9"><span class='ocrx_word' id='word_1_54' title='bbox 231 370 474 404; x_wconf 78' lang='lat' dir='ltr'>perfectissimus,</span> <span class='ocrx_word' id='word_1_55' title='bbox 492 370 560 398; x_wconf 89' lang='lat' dir='ltr'>hinc</span> <span class='ocrx_word' id='word_1_56' title='bbox 576 370 709 398; x_wconf 79' lang='lat' dir='ltr'>minister</span> <span class='ocrx_word' id='word_1_57' title='bbox 725 370 779 398; x_wconf 83' lang='lat' dir='ltr'>fuit</span> <span class='ocrx_word' id='word_1_58' title='bbox 794 371 822 398; x_wconf 91' lang='lat' dir='ltr'>in</span> <span class='ocrx_word' id='word_1_59' title='bbox 837 373 898 398; x_wconf 88' lang='lat' dir='ltr'>tota</span> <span class='ocrx_word' id='word_1_60' title='bbox 913 371 1058 398; x_wconf 83' lang='lat' dir='ltr'>creatione</span> <span class='ocrx_word' id='word_1_61' title='bbox 1072 372 1100 398; x_wconf 88' lang='lat' dir='ltr'>et</span> <span class='ocrx_word' id='word_1_62' title='bbox 1114 370 1230 397; x_wconf 84' lang='lat' dir='ltr'>decreto</span> <span class='ocrx_word' id='word_1_63' title='bbox 1246 370 1339 397; x_wconf 78' lang='lat' dir='ltr'>Patris</span> <span class='ocrx_word' id='word_1_64' title='bbox 1355 369 1543 405; x_wconf 82' lang='lat' dir='ltr'>perﬁciendo.</span> 
     </span>
    </p>
   </div>
   <div class='ocr_carea' id='block_1_9' title="bbox 270 413 1057 449">
    <p class='ocr_par' dir='ltr' id='par_1_9' title="bbox 270 413 1057 449">
     <span class='ocr_line' id='line_1_9' title="bbox 270 413 1057 449; baseline 0.001 -9"><span class='ocrx_word' id='word_1_65' title='bbox 270 413 311 442; x_wconf 90' lang='grc'>16.</span> <span class='ocrx_word' id='word_1_66' title='bbox 327 414 356 441; x_wconf 89' lang='lat' dir='ltr'>Si</span> <span class='ocrx_word' id='word_1_67' title='bbox 371 422 438 442; x_wconf 91' lang='lat' dir='ltr'>vero</span> <span class='ocrx_word' id='word_1_68' title='bbox 462 415 536 449; x_wconf 86' lang='lat' dir='ltr'>ideo,</span> <span class='ocrx_word' id='word_1_69' title='bbox 553 415 621 449; x_wconf 88' lang='lat' dir='ltr'>quia</span> <span class='ocrx_word' id='word_1_70' title='bbox 640 415 726 442; x_wconf 88' lang='lat' dir='ltr'>Pater</span> <span class='ocrx_word' id='word_1_71' title='bbox 749 417 778 442; x_wconf 90' lang='lat' dir='ltr'>et</span> <span class='ocrx_word' id='word_1_72' title='bbox 802 415 892 442; x_wconf 87' lang='lat' dir='ltr'>Filius</span> <span class='ocrx_word' id='word_1_73' title='bbox 907 417 1057 448; x_wconf 84' lang='lat' dir='ltr'>vocantur,</span> 
     </span>
    </p>
   </div>
   <div class='ocr_carea' id='block_1_10' title="bbox 232 459 1057 496">
    <p class='ocr_par' dir='ltr' id='par_1_10' title="bbox 232 459 1057 496">
     <span class='ocr_line' id='line_1_10' title="bbox 232 459 1057 496; baseline 0.001 -10"><span class='ocrx_word' id='word_1_74' title='bbox 232 460 385 494; x_wconf 80' lang='lat' dir='ltr'>propterea</span> <span class='ocrx_word' id='word_1_75' title='bbox 409 459 568 487; x_wconf 78' lang='lat' dir='ltr'>humanam</span> <span class='ocrx_word' id='word_1_76' title='bbox 585 462 613 487; x_wconf 91' lang='lat' dir='ltr'>et</span> <span class='ocrx_word' id='word_1_77' title='bbox 634 459 813 495; x_wconf 85' lang='lat' dir='ltr'>corporalem</span> <span class='ocrx_word' id='word_1_78' title='bbox 840 460 1057 496; x_wconf 82' lang='lat' dir='ltr'>generationem</span> 
     </span>
    </p>
   </div>
   <div class='ocr_carea' id='block_1_11' title="bbox 233 504 1059 540">
    <p class='ocr_par' dir='ltr' id='par_1_11' title="bbox 233 504 1059 540">
     <span class='ocr_line' id='line_1_11' title="bbox 233 504 1059 540; baseline 0.001 -10"><span class='ocrx_word' id='word_1_79' title='bbox 233 505 349 538; x_wconf 84' lang='lat' dir='ltr'>oportet</span> <span class='ocrx_word' id='word_1_80' title='bbox 363 504 526 539; x_wconf 82' lang='lat' dir='ltr'>concipere,</span> <span class='ocrx_word' id='word_1_81' title='bbox 536 506 563 531; x_wconf 90' lang='lat' dir='ltr'>et</span> <span class='ocrx_word' id='word_1_82' title='bbox 579 504 619 532; x_wconf 87' lang='lat' dir='ltr'>ita</span> <span class='ocrx_word' id='word_1_83' title='bbox 630 505 664 532; x_wconf 85' lang='lat' dir='ltr'>de</span> <span class='ocrx_word' id='word_1_84' title='bbox 675 512 708 532; x_wconf 87' lang='lat' dir='ltr'>ea</span> <span class='ocrx_word' id='word_1_85' title='bbox 723 504 859 540; x_wconf 81' lang='lat' dir='ltr'>cogitare,</span> <span class='ocrx_word' id='word_1_86' title='bbox 871 506 900 532; x_wconf 89' lang='lat' dir='ltr'>et</span> <span class='ocrx_word' id='word_1_87' title='bbox 913 504 1059 532; x_wconf 86' lang='lat' dir='ltr'>subducta</span> 
     </span>
    </p>
   </div>
   <div class='ocr_carea' id='block_1_12' title="bbox 234 547 1058 584">
    <p class='ocr_par' dir='ltr' id='par_1_12' title="bbox 234 547 1058 584">
     <span class='ocr_line' id='line_1_12' title="bbox 234 547 1058 584; baseline 0.002 -10"><span class='ocrx_word' id='word_1_88' title='bbox 234 547 346 575; x_wconf 77' lang='lat' dir='ltr'>ratione</span> <span class='ocrx_word' id='word_1_89' title='bbox 361 555 394 575; x_wconf 89' lang='lat' dir='ltr'>ex</span> <span class='ocrx_word' id='word_1_90' title='bbox 416 548 452 576; x_wconf 88' lang='lat' dir='ltr'>iis</span> <span class='ocrx_word' id='word_1_91' title='bbox 468 557 532 584; x_wconf 75' lang='lat' dir='ltr'>quac</span> <span class='ocrx_word' id='word_1_92' title='bbox 557 548 592 576; x_wconf 88' lang='lat' dir='ltr'>ab</span> <span class='ocrx_word' id='word_1_93' title='bbox 618 549 788 576; x_wconf 87' lang='lat' dir='ltr'>hominibus</span> <span class='ocrx_word' id='word_1_94' title='bbox 812 549 886 576; x_wconf 88' lang='lat' dir='ltr'>ﬁunt</span> <span class='ocrx_word' id='word_1_95' title='bbox 910 549 1058 584; x_wconf 90' lang='lat' dir='ltr'>operibus,</span> 
     </span>
    </p>
   </div>
   <div class='ocr_carea' id='block_1_13' title="bbox 234 593 1058 629">
    <p class='ocr_par' dir='ltr' id='par_1_13' title="bbox 234 593 1058 629">
     <span class='ocr_line' id='line_1_13' title="bbox 234 593 1058 629; baseline 0 -9"><span class='ocrx_word' id='word_1_96' title='bbox 234 593 492 621; x_wconf 83' lang='lat' dir='ltr'>transmutationis</span> <span class='ocrx_word' id='word_1_97' title='bbox 516 593 687 621; x_wconf 84' lang='lat' dir='ltr'>nominibus</span> <span class='ocrx_word' id='word_1_98' title='bbox 712 595 740 621; x_wconf 93' lang='lat' dir='ltr'>et</span> <span class='ocrx_word' id='word_1_99' title='bbox 764 593 952 629; x_wconf 86' lang='lat' dir='ltr'>passionibus</span> <span class='ocrx_word' id='word_1_100' title='bbox 967 593 1058 621; x_wconf 88' lang='lat' dir='ltr'>Deum</span> 
     </span>
    </p>
   </div>
   <div class='ocr_carea' id='block_1_14' title="bbox 234 637 1061 674">
    <p class='ocr_par' dir='ltr' id='par_1_14' title="bbox 234 637 1061 674">
     <span class='ocr_line' id='line_1_14' title="bbox 234 637 1061 674; baseline 0 -10"><span class='ocrx_word' id='word_1_101' title='bbox 234 637 389 672; x_wconf 80' lang='lat' dir='ltr'>subjicere,</span> <span class='ocrx_word' id='word_1_102' title='bbox 405 637 550 673; x_wconf 86' lang='lat' dir='ltr'>siquidem</span> <span class='ocrx_word' id='word_1_103' title='bbox 576 646 692 674; x_wconf 90' lang='lat' dir='ltr'>quoque</span> <span class='ocrx_word' id='word_1_104' title='bbox 708 640 820 666; x_wconf 78' lang='lat' dir='ltr'>creator</span> <span class='ocrx_word' id='word_1_105' title='bbox 843 638 930 670; x_wconf 86' lang='lat' dir='ltr'>Deus,</span> <span class='ocrx_word' id='word_1_106' title='bbox 948 639 1061 673; x_wconf 85' lang='lat' dir='ltr'>oportet</span> 
     </span>
    </p>
   </div>
   <div class='ocr_carea' id='block_1_15' title="bbox 235 680 1058 717">
    <p class='ocr_par' dir='ltr' id='par_1_15' title="bbox 235 680 1058 717">
     <span class='ocr_line' id='line_1_15' title="bbox 235 680 1058 717; baseline -0.001 -9"><span class='ocrx_word' id='word_1_107' title='bbox 235 689 288 708; x_wconf 89' lang='lat' dir='ltr'>nos</span> <span class='ocrx_word' id='word_1_108' title='bbox 304 680 344 708; x_wconf 87' lang='lat' dir='ltr'>illi</span> <span class='ocrx_word' id='word_1_109' title='bbox 361 681 548 709; x_wconf 85' lang='lat' dir='ltr'>substernere</span> <span class='ocrx_word' id='word_1_110' title='bbox 565 682 729 716; x_wconf 83' lang='lat' dir='ltr'>materiam,</span> <span class='ocrx_word' id='word_1_111' title='bbox 743 684 776 709; x_wconf 88' lang='lat' dir='ltr'>ut</span> <span class='ocrx_word' id='word_1_112' title='bbox 791 689 888 717; x_wconf 87' lang='lat' dir='ltr'>opera,</span> <span class='ocrx_word' id='word_1_113' title='bbox 900 689 963 716; x_wconf 72' lang='lat' dir='ltr'>quae</span> <span class='ocrx_word' id='word_1_114' title='bbox 980 681 1058 716; x_wconf 83' lang='lat' dir='ltr'>facit,</span> 
     </span>
    </p>
   </div>
   <div class='ocr_carea' id='block_1_16' title="bbox 234 725 1059 761">
    <p class='ocr_par' dir='ltr' id='par_1_16' title="bbox 234 725 1059 761">
     <span class='ocr_line' id='line_1_16' title="bbox 234 725 1059 761; baseline -0.001 -8"><span class='ocrx_word' id='word_1_115' title='bbox 234 727 370 753; x_wconf 82' lang='lat' dir='ltr'>eventum</span> <span class='ocrx_word' id='word_1_116' title='bbox 385 726 580 761; x_wconf 83' lang='lat' dir='ltr'>eli&#39;ectumque</span> <span class='ocrx_word' id='word_1_117' title='bbox 595 734 681 753; x_wconf 87' lang='lat' dir='ltr'>suum</span> <span class='ocrx_word' id='word_1_118' title='bbox 698 726 869 760; x_wconf 82' lang='lat' dir='ltr'>sortiantur,</span> <span class='ocrx_word' id='word_1_119' title='bbox 882 726 931 761; x_wconf 86' lang='lat' dir='ltr'>qui</span> <span class='ocrx_word' id='word_1_120' title='bbox 947 725 1059 753; x_wconf 72' lang='lat' dir='ltr'>Graeco-</span> 
     </span>
    </p>
   </div>
   <div class='ocr_carea' id='block_1_17' title="bbox 234 770 1060 806">
    <p class='ocr_par' dir='ltr' id='par_1_17' title="bbox 234 770 1060 806">
     <span class='ocr_line' id='line_1_17' title="bbox 234 770 1060 806; baseline -0.001 -8"><span class='ocrx_word' id='word_1_121' title='bbox 234 778 300 798; x_wconf 87' lang='lat' dir='ltr'>rum</span> <span class='ocrx_word' id='word_1_122' title='bbox 316 773 361 798; x_wconf 87' lang='lat' dir='ltr'>est</span> <span class='ocrx_word' id='word_1_123' title='bbox 381 779 471 798; x_wconf 90' lang='lat' dir='ltr'>error.</span> <span class='ocrx_word' id='word_1_124' title='bbox 489 770 579 798; x_wconf 86' lang='lat' dir='ltr'>Homo</span> <span class='ocrx_word' id='word_1_125' title='bbox 593 771 671 798; x_wconf 88' lang='lat' dir='ltr'>enim</span> <span class='ocrx_word' id='word_1_126' title='bbox 688 770 736 806; x_wconf 86' lang='lat' dir='ltr'>qui</span> <span class='ocrx_word' id='word_1_127' title='bbox 761 779 796 798; x_wconf 78' lang='lat' dir='ltr'>ex</span> <span class='ocrx_word' id='word_1_128' title='bbox 822 770 940 806; x_wconf 84' lang='lat' dir='ltr'>propria</span> <span class='ocrx_word' id='word_1_129' title='bbox 965 770 1060 806; x_wconf 85' lang='lat' dir='ltr'>gignit</span> 
     </span>
    </p>
   </div>
   <div class='ocr_carea' id='block_1_18' title="bbox 235 814 1059 851">
    <p class='ocr_par' dir='ltr' id='par_1_18' title="bbox 235 814 1059 851">
     <span class='ocr_line' id='line_1_18' title="bbox 235 814 1059 851; baseline 0 -9"><span class='ocrx_word' id='word_1_130' title='bbox 235 815 372 850; x_wconf 82' lang='lat' dir='ltr'>essentia,</span> <span class='ocrx_word' id='word_1_131' title='bbox 389 823 447 842; x_wconf 92' lang='lat' dir='ltr'>non</span> <span class='ocrx_word' id='word_1_132' title='bbox 464 823 534 842; x_wconf 89' lang='lat' dir='ltr'>sane</span> <span class='ocrx_word' id='word_1_133' title='bbox 549 815 711 851; x_wconf 81' lang='lat' dir='ltr'>quidquam</span> <span class='ocrx_word' id='word_1_134' title='bbox 735 815 873 842; x_wconf 85' lang='lat' dir='ltr'>struxerit</span> <span class='ocrx_word' id='word_1_135' title='bbox 887 814 950 842; x_wconf 85' lang='lat' dir='ltr'>sine</span> <span class='ocrx_word' id='word_1_136' title='bbox 966 817 1059 842; x_wconf 86' lang='lat' dir='ltr'>mate—</span> 
     </span>
    </p>
   </div>
   <div class='ocr_carea' id='block_1_19' title="bbox 235 859 1059 894">
    <p class='ocr_par' dir='ltr' id='par_1_19' title="bbox 235 859 1059 894">
     <span class='ocr_line' id='line_1_19' title="bbox 235 859 1059 894; baseline -0.001 -7"><span class='ocrx_word' id='word_1_137' title='bbox 235 859 289 887; x_wconf 87' lang='lat' dir='ltr'>ria.</span> <span class='ocrx_word' id='word_1_138' title='bbox 305 859 386 892; x_wconf 85' lang='lat' dir='ltr'>Quod</span> <span class='ocrx_word' id='word_1_139' title='bbox 404 859 427 887; x_wconf 88' lang='lat' dir='ltr'>si</span> <span class='ocrx_word' id='word_1_140' title='bbox 445 859 499 887; x_wconf 84' lang='lat' dir='ltr'>hoc</span> <span class='ocrx_word' id='word_1_141' title='bbox 523 860 619 887; x_wconf 86' lang='lat' dir='ltr'>dicere</span> <span class='ocrx_word' id='word_1_142' title='bbox 643 859 815 894; x_wconf 79' lang='lat' dir='ltr'>recusarint,</span> <span class='ocrx_word' id='word_1_143' title='bbox 832 859 985 887; x_wconf 87' lang='lat' dir='ltr'>nominum</span> <span class='ocrx_word' id='word_1_144' title='bbox 1000 859 1059 887; x_wconf 90' lang='lat' dir='ltr'>elo-</span> 
     </span>
    </p>
   </div>
   <div class='ocr_carea' id='block_1_20' title="bbox 235 904 1059 939">
    <p class='ocr_par' dir='ltr' id='par_1_20' title="bbox 235 904 1059 939">
     <span class='ocr_line' id='line_1_20' title="bbox 235 904 1059 939; baseline 0 -8"><span class='ocrx_word' id='word_1_145' title='bbox 235 905 383 932; x_wconf 86' lang='lat' dir='ltr'>cutionem</span> <span class='ocrx_word' id='word_1_146' title='bbox 398 904 471 932; x_wconf 86' lang='lat' dir='ltr'>nihil</span> <span class='ocrx_word' id='word_1_147' title='bbox 483 904 602 932; x_wconf 89' lang='lat' dir='ltr'>omnino</span> <span class='ocrx_word' id='word_1_148' title='bbox 614 906 760 937; x_wconf 82' lang='lat' dir='ltr'>curantes,</span> <span class='ocrx_word' id='word_1_149' title='bbox 772 904 856 939; x_wconf 84' lang='lat' dir='ltr'>sique</span> <span class='ocrx_word' id='word_1_150' title='bbox 867 904 1059 931; x_wconf 89' lang='lat' dir='ltr'>nihilominus</span> 
     </span>
    </p>
   </div>
   <div class='ocr_carea' id='block_1_21' title="bbox 236 948 1061 984">
    <p class='ocr_par' dir='ltr' id='par_1_21' title="bbox 236 948 1061 984">
     <span class='ocr_line' id='line_1_21' title="bbox 236 948 1061 984; baseline -0.001 -8"><span class='ocrx_word' id='word_1_151' title='bbox 236 950 349 976; x_wconf 89' lang='lat' dir='ltr'>servata</span> <span class='ocrx_word' id='word_1_152' title='bbox 363 949 484 977; x_wconf 85' lang='lat' dir='ltr'>veritate</span> <span class='ocrx_word' id='word_1_153' title='bbox 503 949 596 984; x_wconf 72' lang='lat' dir='ltr'>dignm</span> <span class='ocrx_word' id='word_1_154' title='bbox 622 949 696 976; x_wconf 76' lang='lat'>691</span> <span class='ocrx_word' id='word_1_155' title='bbox 725 949 759 976; x_wconf 90' lang='lat' dir='ltr'>de</span> <span class='ocrx_word' id='word_1_156' title='bbox 785 950 841 975; x_wconf 90' lang='lat' dir='ltr'>Deo</span> <span class='ocrx_word' id='word_1_157' title='bbox 866 948 993 976; x_wconf 88' lang='lat' dir='ltr'>notionis</span> <span class='ocrx_word' id='word_1_158' title='bbox 1019 951 1061 975; x_wconf 89' lang='lat' dir='ltr'>at-</span> 
     </span>
    </p>
   </div>
   <div class='ocr_carea' id='block_1_22' title="bbox 240 992 1064 1029">
    <p class='ocr_par' dir='ltr' id='par_1_22' title="bbox 240 992 1064 1029">
     <span class='ocr_line' id='line_1_22' title="bbox 240 992 1064 1029; baseline -0.001 -8"><span class='ocrx_word' id='word_1_159' title='bbox 240 993 398 1021; x_wconf 88' lang='lat' dir='ltr'>tribuerint</span> <span class='ocrx_word' id='word_1_160' title='bbox 411 992 465 1021; x_wconf 89' lang='lat' dir='ltr'>soli</span> <span class='ocrx_word' id='word_1_161' title='bbox 481 993 584 1021; x_wconf 74' lang='lat' dir='ltr'>divinae</span> <span class='ocrx_word' id='word_1_162' title='bbox 605 993 739 1029; x_wconf 73' lang='lat' dir='ltr'>potentiae</span> <span class='ocrx_word' id='word_1_163' title='bbox 755 993 873 1020; x_wconf 84' lang='lat' dir='ltr'>creandi</span> <span class='ocrx_word' id='word_1_164' title='bbox 889 993 1017 1020; x_wconf 75' lang='lat' dir='ltr'>ofﬁcium</span> <span class='ocrx_word' id='word_1_165' title='bbox 1035 994 1064 1020; x_wconf 84' lang='lat' dir='ltr'>et</span> 
     </span>
    </p>
   </div>
   <div class='ocr_carea' id='block_1_23' title="bbox 239 1037 1061 1074">
    <p class='ocr_par' dir='ltr' id='par_1_23' title="bbox 239 1037 1061 1074">
     <span class='ocr_line' id='line_1_23' title="bbox 239 1037 1061 1074; baseline -0.001 -9"><span class='ocrx_word' id='word_1_166' title='bbox 239 1038 437 1065; x_wconf 80' lang='lat' dir='ltr'>facultatem:</span> <span class='ocrx_word' id='word_1_167' title='bbox 461 1038 618 1073; x_wconf 90' lang='lat' dir='ltr'>quomodo,</span> <span class='ocrx_word' id='word_1_168' title='bbox 639 1046 747 1074; x_wconf 73' lang='lat' dir='ltr'>quaeso,</span> <span class='ocrx_word' id='word_1_169' title='bbox 777 1037 871 1065; x_wconf 92' lang='lat' dir='ltr'>locum</span> <span class='ocrx_word' id='word_1_170' title='bbox 902 1037 1008 1064; x_wconf 85' lang='lat' dir='ltr'>habere</span> <span class='ocrx_word' id='word_1_171' title='bbox 1032 1037 1061 1064; x_wconf 89' lang='lat' dir='ltr'>in</span> 
     </span>
    </p>
   </div>
   <div class='ocr_carea' id='block_1_24' title="bbox 238 1082 1063 1118">
    <p class='ocr_par' dir='ltr' id='par_1_24' title="bbox 238 1082 1063 1118">
     <span class='ocr_line' id='line_1_24' title="bbox 238 1082 1063 1118; baseline -0.001 -8"><span class='ocrx_word' id='word_1_172' title='bbox 238 1085 296 1110; x_wconf 91' lang='lat' dir='ltr'>Deo</span> <span class='ocrx_word' id='word_1_173' title='bbox 313 1083 419 1118; x_wconf 89' lang='lat' dir='ltr'>poterit</span> <span class='ocrx_word' id='word_1_174' title='bbox 434 1083 531 1118; x_wconf 80' lang='lat' dir='ltr'>passio</span> <span class='ocrx_word' id='word_1_175' title='bbox 545 1082 886 1110; x_wconf 85' lang='lat' dir='ltr'>transsuhstantiationis</span> <span class='ocrx_word' id='word_1_176' title='bbox 902 1084 930 1109; x_wconf 88' lang='lat' dir='ltr'>et</span> <span class='ocrx_word' id='word_1_177' title='bbox 945 1082 1063 1118; x_wconf 89' lang='lat' dir='ltr'>partici-</span> 
     </span>
    </p>
   </div>
   <div class='ocr_carea' id='block_1_25' title="bbox 239 1127 1063 1164">
    <p class='ocr_par' dir='ltr' id='par_1_25' title="bbox 239 1127 1063 1164">
     <span class='ocr_line' id='line_1_25' title="bbox 239 1127 1063 1164; baseline -0.001 -9"><span class='ocrx_word' id='word_1_178' title='bbox 239 1127 366 1163; x_wconf 85' lang='lat' dir='ltr'>pationis</span> <span class='ocrx_word' id='word_1_179' title='bbox 390 1128 535 1161; x_wconf 61' lang='lat' dir='ltr'>essentia,</span> <span class='ocrx_word' id='word_1_180' title='bbox 557 1130 673 1163; x_wconf 86' lang='lat' dir='ltr'>propter</span> <span class='ocrx_word' id='word_1_181' title='bbox 699 1127 924 1164; x_wconf 87' lang='lat' dir='ltr'>appellationem</span> <span class='ocrx_word' id='word_1_182' title='bbox 950 1127 1063 1155; x_wconf 68' lang='lat' dir='ltr'>Patris?</span> 
     </span>
    </p>
   </div>
   <div class='ocr_carea' id='block_1_26' title="bbox 238 1172 1064 1208">
    <p class='ocr_par' dir='ltr' id='par_1_26' title="bbox 238 1172 1064 1208">
     <span class='ocr_line' id='line_1_26' title="bbox 238 1172 1064 1208; baseline 0 -9"><span class='ocrx_word' id='word_1_183' title='bbox 238 1172 345 1207; x_wconf 87' lang='lat' dir='ltr'>Ecquis</span> <span class='ocrx_word' id='word_1_184' title='bbox 355 1172 434 1200; x_wconf 91' lang='lat' dir='ltr'>enim</span> <span class='ocrx_word' id='word_1_185' title='bbox 447 1180 548 1200; x_wconf 88' lang='lat' dir='ltr'>eorum</span> <span class='ocrx_word' id='word_1_186' title='bbox 564 1172 614 1208; x_wconf 89' lang='lat' dir='ltr'>qui</span> <span class='ocrx_word' id='word_1_187' title='bbox 631 1175 709 1200; x_wconf 87' lang='lat' dir='ltr'>recte</span> <span class='ocrx_word' id='word_1_188' title='bbox 719 1173 860 1207; x_wconf 88' lang='lat' dir='ltr'>sentiunt,</span> <span class='ocrx_word' id='word_1_189' title='bbox 872 1180 978 1199; x_wconf 87' lang='lat' dir='ltr'>sanave</span> <span class='ocrx_word' id='word_1_190' title='bbox 994 1173 1064 1199; x_wconf 85' lang='lat' dir='ltr'>sunt</span> 
     </span>
    </p>
   </div>
   <div class='ocr_carea' id='block_1_27' title="bbox 239 1216 1063 1253">
    <p class='ocr_par' dir='ltr' id='par_1_27' title="bbox 239 1216 1063 1253">
     <span class='ocr_line' id='line_1_27' title="bbox 239 1216 1063 1253; baseline 0 -9"><span class='ocrx_word' id='word_1_191' title='bbox 239 1219 346 1249; x_wconf 87' lang='lat' dir='ltr'>mente,</span> <span class='ocrx_word' id='word_1_192' title='bbox 361 1216 479 1244; x_wconf 82' lang='lat' dir='ltr'>diffiteri</span> <span class='ocrx_word' id='word_1_193' title='bbox 496 1219 601 1252; x_wconf 86' lang='lat' dir='ltr'>potest,</span> <span class='ocrx_word' id='word_1_194' title='bbox 615 1217 692 1253; x_wconf 92' lang='lat' dir='ltr'>quod</span> <span class='ocrx_word' id='word_1_195' title='bbox 714 1217 847 1252; x_wconf 70' lang='lat' dir='ltr'>quaedam</span> <span class='ocrx_word' id='word_1_196' title='bbox 864 1217 984 1244; x_wconf 88' lang='lat' dir='ltr'>nomina</span> <span class='ocrx_word' id='word_1_197' title='bbox 998 1218 1063 1244; x_wconf 86' lang='lat' dir='ltr'>tan-</span> 
     </span>
    </p>
   </div>
   <div class='ocr_carea' id='block_1_28' title="bbox 237 1260 1063 1297">
    <p class='ocr_par' dir='ltr' id='par_1_28' title="bbox 237 1260 1063 1297">
     <span class='ocr_line' id='line_1_28' title="bbox 237 1260 1063 1297; baseline 0 -9"><span class='ocrx_word' id='word_1_198' title='bbox 237 1263 301 1289; x_wconf 89' lang='lat' dir='ltr'>tum</span> <span class='ocrx_word' id='word_1_199' title='bbox 318 1261 476 1297; x_wconf 85' lang='lat' dir='ltr'>quamdam</span> <span class='ocrx_word' id='word_1_200' title='bbox 493 1261 602 1289; x_wconf 87' lang='lat' dir='ltr'>habent</span> <span class='ocrx_word' id='word_1_201' title='bbox 617 1262 856 1289; x_wconf 79' lang='lat' dir='ltr'>communionem</span> <span class='ocrx_word' id='word_1_202' title='bbox 870 1260 982 1289; x_wconf 85' lang='lat' dir='ltr'>ratione</span> <span class='ocrx_word' id='word_1_203' title='bbox 996 1269 1063 1296; x_wconf 89' lang='lat' dir='ltr'>pro-</span> 
     </span>
    </p>
   </div>
   <div class='ocr_carea' id='block_1_29' title="bbox 1150 411 1909 450">
    <p class='ocr_par' dir='ltr' id='par_1_29' title="bbox 1150 411 1909 450">
     <span class='ocr_line' id='line_1_29' title="bbox 1150 411 1909 450; baseline -0.003 -9"><span class='ocrx_word' id='word_1_204' title='bbox 1150 414 1192 441; x_wconf 76' lang='lat' dir='ltr'>i6.</span> <span class='ocrx_word' id='word_1_205' title='bbox 1210 413 1242 441; x_wconf 73' lang='grc' dir='ltr'>Εἰ</span> <span class='ocrx_word' id='word_1_206' title='bbox 1259 412 1281 440; x_wconf 73' lang='grc' dir='ltr'>δ’</span> <span class='ocrx_word' id='word_1_207' title='bbox 1301 412 1342 439; x_wconf 74' lang='grc' dir='ltr'>ὅτι</span> <span class='ocrx_word' id='word_1_208' title='bbox 1374 413 1467 450; x_wconf 71' lang='grc' dir='ltr'>Πατὴρ</span> <span class='ocrx_word' id='word_1_209' title='bbox 1495 412 1539 439; x_wconf 68' lang='grc' dir='ltr'>καὶ</span> <span class='ocrx_word' id='word_1_210' title='bbox 1564 412 1637 447; x_wconf 74' lang='grc' dir='ltr'>Υἱὸς,</span> <span class='ocrx_word' id='word_1_211' title='bbox 1653 411 1697 439; x_wconf 80' lang='grc' dir='ltr'>διὰ</span> <span class='ocrx_word' id='word_1_212' title='bbox 1723 414 1798 440; x_wconf 77' lang='grc' dir='ltr'>τοῦτο</span> <span class='ocrx_word' id='word_1_213' title='bbox 1824 412 1909 450; x_wconf 74' lang='grc' dir='ltr'>ἀνθρω·</span> 
     </span>
    </p>
   </div>
   <div class='ocr_carea' id='block_1_30' title="bbox 1113 455 1911 494">
    <p class='ocr_par' dir='ltr' id='par_1_30' title="bbox 1113 455 1911 494">
     <span class='ocr_line' id='line_1_30' title="bbox 1113 455 1911 494; baseline 0 -10"><span class='ocrx_word' id='word_1_214' title='bbox 1113 458 1192 492; x_wconf 76' lang='grc' dir='ltr'>πίνην</span> <span class='ocrx_word' id='word_1_215' title='bbox 1206 457 1250 484; x_wconf 76' lang='grc' dir='ltr'>καὶ</span> <span class='ocrx_word' id='word_1_216' title='bbox 1278 458 1437 494; x_wconf 75' lang='grc' dir='ltr'>σωματικὴν</span> <span class='ocrx_word' id='word_1_217' title='bbox 1453 458 1508 494; x_wconf 88' lang='grc' dir='ltr'>χρή</span> <span class='ocrx_word' id='word_1_218' title='bbox 1533 457 1582 491; x_wconf 85' lang='grc' dir='ltr'>τήν</span> <span class='ocrx_word' id='word_1_219' title='bbox 1612 457 1733 494; x_wconf 72' lang='grc' dir='ltr'>γέννησιν</span> <span class='ocrx_word' id='word_1_220' title='bbox 1758 455 1911 492; x_wconf 69' lang='grc' dir='ltr'>ἐννοεῖν,κᾶχ</span> 
     </span>
    </p>
   </div>
   <div class='ocr_carea' id='block_1_31' title="bbox 1112 501 1912 539">
    <p class='ocr_par' dir='ltr' id='par_1_31' title="bbox 1112 501 1912 539">
     <span class='ocr_line' id='line_1_31' title="bbox 1112 501 1912 539; baseline -0.001 -10"><span class='ocrx_word' id='word_1_221' title='bbox 1112 505 1166 530; x_wconf 82' lang='grc' dir='ltr'>τῶν</span> <span class='ocrx_word' id='word_1_222' title='bbox 1183 501 1208 529; x_wconf 79' lang='grc' dir='ltr'>ἐν</span> <span class='ocrx_word' id='word_1_223' title='bbox 1227 502 1383 539; x_wconf 79' lang='grc' dir='ltr'>ἀνθρώποις</span> <span class='ocrx_word' id='word_1_224' title='bbox 1412 502 1558 539; x_wconf 78' lang='grc' dir='ltr'>γεννήσεων</span> <span class='ocrx_word' id='word_1_225' title='bbox 1588 501 1781 539; x_wconf 69' lang='grc' dir='ltr'>ἀναγομένους,</span> <span class='ocrx_word' id='word_1_226' title='bbox 1795 503 1848 533; x_wconf 86' lang='grc' dir='ltr'>τοῖς</span> <span class='ocrx_word' id='word_1_227' title='bbox 1873 505 1912 536; x_wconf 77' lang='grc' dir='ltr'>τῆς</span> 
     </span>
    </p>
   </div>
   <div class='ocr_carea' id='block_1_32' title="bbox 1115 545 1911 584">
    <p class='ocr_par' dir='ltr' id='par_1_32' title="bbox 1115 545 1911 584">
     <span class='ocr_line' id='line_1_32' title="bbox 1115 545 1911 584; baseline 0.001 -11"><span class='ocrx_word' id='word_1_228' title='bbox 1115 546 1260 584; x_wconf 72' lang='grc' dir='ltr'>μετουσίας</span> <span class='ocrx_word' id='word_1_229' title='bbox 1278 546 1393 583; x_wconf 81' lang='grc' dir='ltr'>ὀνόμασι</span> <span class='ocrx_word' id='word_1_230' title='bbox 1409 545 1454 573; x_wconf 81' lang='grc' dir='ltr'>καὶ</span> <span class='ocrx_word' id='word_1_231' title='bbox 1469 546 1578 578; x_wconf 84' lang='grc' dir='ltr'>πάθεσιν</span> <span class='ocrx_word' id='word_1_232' title='bbox 1597 546 1706 584; x_wconf 78' lang='grc' dir='ltr'>ὑπάγειν</span> <span class='ocrx_word' id='word_1_233' title='bbox 1721 546 1765 573; x_wconf 84' lang='grc' dir='ltr'>τὸν</span> <span class='ocrx_word' id='word_1_234' title='bbox 1789 546 1847 573; x_wconf 83' lang='grc' dir='ltr'>Θεὸν</span> <span class='ocrx_word' id='word_1_235' title='bbox 1860 547 1911 582; x_wconf 80' lang='grc'>(31),</span> 
     </span>
    </p>
   </div>
   <div class='ocr_carea' id='block_1_33' title="bbox 1114 587 1913 629">
    <p class='ocr_par' dir='ltr' id='par_1_33' title="bbox 1114 587 1913 629">
     <span class='ocr_line' id='line_1_33' title="bbox 1114 587 1913 629; baseline -0.001 -11"><span class='ocrx_word' id='word_1_236' title='bbox 1114 590 1208 626; x_wconf 74' lang='grc' dir='ltr'>ἰπειδὴ</span> <span class='ocrx_word' id='word_1_237' title='bbox 1225 591 1269 619; x_wconf 82' lang='grc' dir='ltr'>καὶ</span> <span class='ocrx_word' id='word_1_238' title='bbox 1286 589 1454 629; x_wconf 81' lang='grc' dir='ltr'>δημιουργὸς</span> <span class='ocrx_word' id='word_1_239' title='bbox 1465 590 1635 626; x_wconf 82' lang='grc' dir='ltr'>ὁΘεὸς,ὕλην</span> <span class='ocrx_word' id='word_1_240' title='bbox 1644 587 1805 618; x_wconf 79' lang='grc' dir='ltr'>ὑποϐάλλειν</span> <span class='ocrx_word' id='word_1_241' title='bbox 1817 589 1853 618; x_wconf 81' lang='grc' dir='ltr'>δεῖ</span> <span class='ocrx_word' id='word_1_242' title='bbox 1860 591 1913 628; x_wconf 84' lang='grc' dir='ltr'>πρὸς</span> 
     </span>
    </p>
   </div>
   <div class='ocr_carea' id='block_1_34' title="bbox 1113 634 1912 674">
    <p class='ocr_par' dir='ltr' id='par_1_34' title="bbox 1113 634 1912 674">
     <span class='ocr_line' id='line_1_34' title="bbox 1113 634 1912 674; baseline -0.001 -11"><span class='ocrx_word' id='word_1_243' title='bbox 1113 636 1214 674; x_wconf 77' lang='grc' dir='ltr'>γένεσιν</span> <span class='ocrx_word' id='word_1_244' title='bbox 1230 638 1283 663; x_wconf 85' lang='grc' dir='ltr'>τῶν</span> <span class='ocrx_word' id='word_1_245' title='bbox 1309 634 1590 673; x_wconf 72' lang='grc' dir='ltr'>δεδημιουργημένων</span> <span class='ocrx_word' id='word_1_246' title='bbox 1615 635 1682 662; x_wconf 74' lang='grc' dir='ltr'>κατὰ</span> <span class='ocrx_word' id='word_1_247' title='bbox 1703 636 1752 670; x_wconf 82' lang='grc' dir='ltr'>τήν</span> <span class='ocrx_word' id='word_1_248' title='bbox 1768 634 1912 670; x_wconf 74' lang='grc' dir='ltr'>Ἑλληνικὴν</span> 
     </span>
    </p>
   </div>
   <div class='ocr_carea' id='block_1_35' title="bbox 1113 678 1914 718">
    <p class='ocr_par' dir='ltr' id='par_1_35' title="bbox 1113 678 1914 718">
     <span class='ocr_line' id='line_1_35' title="bbox 1113 678 1914 718; baseline -0.002 -10"><span class='ocrx_word' id='word_1_249' title='bbox 1113 680 1232 716; x_wconf 80' lang='grc' dir='ltr'>πλάνην.</span> <span class='ocrx_word' id='word_1_250' title='bbox 1249 681 1280 709; x_wconf 92' lang='grc' dir='ltr'>Ὁ</span> <span class='ocrx_word' id='word_1_251' title='bbox 1296 681 1348 718; x_wconf 79' lang='grc' dir='ltr'>γὰρ</span> <span class='ocrx_word' id='word_1_252' title='bbox 1365 680 1395 707; x_wconf 76' lang='grc' dir='ltr'>ἐκ</span> <span class='ocrx_word' id='word_1_253' title='bbox 1409 683 1457 715; x_wconf 83' lang='grc' dir='ltr'>τῆς</span> <span class='ocrx_word' id='word_1_254' title='bbox 1475 679 1544 711; x_wconf 75' lang='grc' dir='ltr'>ἰδίας</span> <span class='ocrx_word' id='word_1_255' title='bbox 1559 679 1650 712; x_wconf 82' lang='grc' dir='ltr'>οὐσίας</span> <span class='ocrx_word' id='word_1_256' title='bbox 1674 682 1774 717; x_wconf 79' lang='grc' dir='ltr'>γεννῶν</span> <span class='ocrx_word' id='word_1_257' title='bbox 1795 678 1914 717; x_wconf 74' lang='grc' dir='ltr'>ἄνθρωπος</span> 
     </span>
    </p>
   </div>
   <div class='ocr_carea' id='block_1_36' title="bbox 1115 722 1912 762">
    <p class='ocr_par' dir='ltr' id='par_1_36' title="bbox 1115 722 1912 762">
     <span class='ocr_line' id='line_1_36' title="bbox 1115 722 1912 762; baseline -0.003 -9"><span class='ocrx_word' id='word_1_258' title='bbox 1115 726 1166 753; x_wconf 77' lang='grc' dir='ltr'>οὐκ</span> <span class='ocrx_word' id='word_1_259' title='bbox 1195 724 1224 752; x_wconf 80' lang='grc' dir='ltr'>ἂν</span> <span class='ocrx_word' id='word_1_260' title='bbox 1254 724 1324 760; x_wconf 77' lang='grc' dir='ltr'>ὕλης</span> <span class='ocrx_word' id='word_1_261' title='bbox 1353 725 1441 762; x_wconf 81' lang='grc' dir='ltr'>χωρὶς</span> <span class='ocrx_word' id='word_1_262' title='bbox 1481 723 1718 762; x_wconf 81' lang='grc' dir='ltr'>δημιουργήσειιν.</span> <span class='ocrx_word' id='word_1_263' title='bbox 1740 723 1770 751; x_wconf 84' lang='grc' dir='ltr'>Εἰ</span> <span class='ocrx_word' id='word_1_264' title='bbox 1799 722 1825 751; x_wconf 73' lang='grc' dir='ltr'>δὲ</span> <span class='ocrx_word' id='word_1_265' title='bbox 1848 726 1912 751; x_wconf 78' lang='grc' dir='ltr'>τοῦτο</span> 
     </span>
    </p>
   </div>
   <div class='ocr_carea' id='block_1_37' title="bbox 1114 767 1914 808">
    <p class='ocr_par' dir='ltr' id='par_1_37' title="bbox 1114 767 1914 808">
     <span class='ocr_line' id='line_1_37' title="bbox 1114 767 1914 808; baseline -0.003 -11"><span class='ocrx_word' id='word_1_266' title='bbox 1114 772 1300 808; x_wconf 79' lang='grc' dir='ltr'>παραιτοῖντο,</span> <span class='ocrx_word' id='word_1_267' title='bbox 1317 768 1402 806; x_wconf 77' lang='grc' dir='ltr'>μηδὶν</span> <span class='ocrx_word' id='word_1_268' title='bbox 1423 773 1473 803; x_wconf 87' lang='grc' dir='ltr'>τῆς</span> <span class='ocrx_word' id='word_1_269' title='bbox 1497 771 1551 796; x_wconf 79' lang='grc' dir='ltr'>τῶν</span> <span class='ocrx_word' id='word_1_270' title='bbox 1581 767 1721 805; x_wconf 78' lang='grc' dir='ltr'>ὀνομάτων</span> <span class='ocrx_word' id='word_1_271' title='bbox 1751 767 1914 807; x_wconf 72' lang='grc' dir='ltr'>φροντίζοντες</span> 
     </span>
    </p>
   </div>
   <div class='ocr_carea' id='block_1_38' title="bbox 1114 811 1911 853">
    <p class='ocr_par' dir='ltr' id='par_1_38' title="bbox 1114 811 1911 853">
     <span class='ocr_line' id='line_1_38' title="bbox 1114 811 1911 853; baseline -0.004 -12"><span class='ocrx_word' id='word_1_272' title='bbox 1114 816 1264 853; x_wconf 78' lang='grc' dir='ltr'>προφορᾶς,</span> <span class='ocrx_word' id='word_1_273' title='bbox 1293 814 1342 848; x_wconf 79' lang='grc' dir='ltr'>τὴν</span> <span class='ocrx_word' id='word_1_274' title='bbox 1373 812 1401 840; x_wconf 73' lang='grc' dir='ltr'><strong>δί</strong></span> <span class='ocrx_word' id='word_1_275' title='bbox 1427 816 1467 850; x_wconf 83' lang='grc' dir='ltr'>τῷ</span> <span class='ocrx_word' id='word_1_276' title='bbox 1497 815 1555 849; x_wconf 83' lang='grc' dir='ltr'>Θεῷ</span> <span class='ocrx_word' id='word_1_277' title='bbox 1594 813 1803 850; x_wconf 78' lang='grc' dir='ltr'>περιπίπτουσαν</span> <span class='ocrx_word' id='word_1_278' title='bbox 1831 811 1911 839; x_wconf 73' lang='grc' dir='ltr'>ἔννοιαν</span> 
     </span>
    </p>
   </div>
   <div class='ocr_carea' id='block_1_39' title="bbox 1115 856 1913 896">
    <p class='ocr_par' dir='ltr' id='par_1_39' title="bbox 1115 856 1913 896">
     <span class='ocr_line' id='line_1_39' title="bbox 1115 856 1913 896; baseline -0.003 -10"><span class='ocrx_word' id='word_1_279' title='bbox 1115 858 1291 893; x_wconf 69' lang='grc' dir='ltr'>διασώζοντες</span> <span class='ocrx_word' id='word_1_280' title='bbox 1320 858 1488 896; x_wconf 70' lang='grc' dir='ltr'>ἒπιτρίποιεν</span> <span class='ocrx_word' id='word_1_281' title='bbox 1518 857 1623 893; x_wconf 81' lang='grc' dir='ltr'>ἐξουσίᾳ</span> <span class='ocrx_word' id='word_1_282' title='bbox 1651 857 1720 895; x_wconf 80' lang='grc' dir='ltr'>μόνῃ</span> <span class='ocrx_word' id='word_1_283' title='bbox 1749 856 1913 894; x_wconf 69' lang='grc' dir='ltr'>δημιουργεῖν,</span> 
     </span>
    </p>
   </div>
   <div class='ocr_carea' id='block_1_40' title="bbox 1116 900 1913 940">
    <p class='ocr_par' dir='ltr' id='par_1_40' title="bbox 1116 900 1913 940">
     <span class='ocr_line' id='line_1_40' title="bbox 1116 900 1913 940; baseline -0.004 -10"><span class='ocrx_word' id='word_1_284' title='bbox 1116 905 1175 934; x_wconf 79' lang='grc' dir='ltr'>πῶς</span> <span class='ocrx_word' id='word_1_285' title='bbox 1191 903 1220 930; x_wconf 77' lang='grc' dir='ltr'>ἃν</span> <span class='ocrx_word' id='word_1_286' title='bbox 1237 900 1297 940; x_wconf 74' lang='grc' dir='ltr'>ἔχοι</span> <span class='ocrx_word' id='word_1_287' title='bbox 1314 903 1408 940; x_wconf 81' lang='grc' dir='ltr'>χώραν</span> <span class='ocrx_word' id='word_1_288' title='bbox 1423 903 1454 930; x_wconf 83' lang='grc' dir='ltr'>τὸ</span> <span class='ocrx_word' id='word_1_289' title='bbox 1468 906 1518 937; x_wconf 88' lang='grc' dir='ltr'>τῆς</span> <span class='ocrx_word' id='word_1_290' title='bbox 1534 901 1675 939; x_wconf 80' lang='grc' dir='ltr'>μετουσίας</span> <span class='ocrx_word' id='word_1_291' title='bbox 1694 901 1778 932; x_wconf 81' lang='grc' dir='ltr'>πάθος</span> <span class='ocrx_word' id='word_1_292' title='bbox 1803 901 1842 929; x_wconf 77' lang='grc' dir='ltr'>ἐπὶ</span> <span class='ocrx_word' id='word_1_293' title='bbox 1861 902 1913 928; x_wconf 77' lang='grc' dir='ltr'>Θεοῦ</span> 
     </span>
    </p>
   </div>
   <div class='ocr_carea' id='block_1_41' title="bbox 1117 944 1914 985">
    <p class='ocr_par' dir='ltr' id='par_1_41' title="bbox 1117 944 1914 985">
     <span class='ocr_line' id='line_1_41' title="bbox 1117 944 1914 985; baseline -0.006 -9"><span class='ocrx_word' id='word_1_294' title='bbox 1117 947 1161 976; x_wconf 80' lang='grc' dir='ltr'>διὰ</span> <span class='ocrx_word' id='word_1_295' title='bbox 1175 948 1224 982; x_wconf 77' lang='grc' dir='ltr'>τὴν</span> <span class='ocrx_word' id='word_1_296' title='bbox 1240 950 1288 975; x_wconf 61' lang='lat' dir='ltr'>to?)</span> <span class='ocrx_word' id='word_1_297' title='bbox 1317 948 1422 985; x_wconf 71' lang='grc' dir='ltr'>Πατρὸς</span> <span class='ocrx_word' id='word_1_298' title='bbox 1451 946 1658 985; x_wconf 80' lang='grc' dir='ltr'>προσηγορίαν;</span> <span class='ocrx_word' id='word_1_299' title='bbox 1675 947 1724 977; x_wconf 84' lang='grc' dir='ltr'>Τίς</span> <span class='ocrx_word' id='word_1_300' title='bbox 1753 947 1802 985; x_wconf 77' lang='grc' dir='ltr'>γὰρ</span> <span class='ocrx_word' id='word_1_301' title='bbox 1830 945 1872 973; x_wconf 79' lang='grc' dir='ltr'>οὐκ</span> <span class='ocrx_word' id='word_1_302' title='bbox 1892 944 1914 972; x_wconf 75' lang='grc' dir='ltr'>ἂν</span> 
     </span>
    </p>
   </div>
   <div class='ocr_carea' id='block_1_42' title="bbox 1117 990 1914 1030">
    <p class='ocr_par' dir='ltr' id='par_1_42' title="bbox 1117 990 1914 1030">
     <span class='ocr_line' id='line_1_42' title="bbox 1117 990 1914 1030; baseline -0.004 -11"><span class='ocrx_word' id='word_1_303' title='bbox 1117 991 1301 1029; x_wconf 78' lang='grc' dir='ltr'>ὁμολογήσειε</span> <span class='ocrx_word' id='word_1_304' title='bbox 1327 994 1381 1019; x_wconf 80' lang='grc' dir='ltr'>τῶν</span> <span class='ocrx_word' id='word_1_305' title='bbox 1408 991 1436 1019; x_wconf 76' lang='grc' dir='ltr'>εὖ</span> <span class='ocrx_word' id='word_1_306' title='bbox 1459 991 1645 1030; x_wconf 72' lang='grc' dir='ltr'>φρονούντων,</span> <span class='ocrx_word' id='word_1_307' title='bbox 1661 990 1702 1018; x_wconf 74' lang='grc' dir='ltr'>ὅτι</span> <span class='ocrx_word' id='word_1_308' title='bbox 1727 993 1779 1018; x_wconf 80' lang='grc' dir='ltr'>τῶν</span> <span class='ocrx_word' id='word_1_309' title='bbox 1796 990 1914 1027; x_wconf 79' lang='grc' dir='ltr'>ὀνομάτων</span> 
     </span>
    </p>
   </div>
   <div class='ocr_carea' id='block_1_43' title="bbox 1115 1035 1915 1075">
    <p class='ocr_par' dir='ltr' id='par_1_43' title="bbox 1115 1035 1915 1075">
     <span class='ocr_line' id='line_1_43' title="bbox 1115 1035 1915 1075; baseline -0.005 -11"><span class='ocrx_word' id='word_1_310' title='bbox 1115 1037 1149 1064; x_wconf 83' lang='grc' dir='ltr'>τὰ</span> <span class='ocrx_word' id='word_1_311' title='bbox 1164 1037 1210 1073; x_wconf 78' lang='grc' dir='ltr'>μὶν</span> <span class='ocrx_word' id='word_1_312' title='bbox 1226 1037 1294 1064; x_wconf 77' lang='grc' dir='ltr'>κατὰ</span> <span class='ocrx_word' id='word_1_313' title='bbox 1307 1037 1356 1071; x_wconf 81' lang='grc' dir='ltr'>τήν</span> <span class='ocrx_word' id='word_1_314' title='bbox 1377 1036 1528 1075; x_wconf 72' lang='grc' dir='ltr'>ἒκφώνησιν</span> <span class='ocrx_word' id='word_1_315' title='bbox 1558 1036 1603 1064; x_wconf 75' lang='grc' dir='ltr'>καὶ</span> <span class='ocrx_word' id='word_1_316' title='bbox 1631 1035 1773 1075; x_wconf 78' lang='grc' dir='ltr'>προφορὰν</span> <span class='ocrx_word' id='word_1_317' title='bbox 1800 1036 1843 1070; x_wconf 73' lang='grc' dir='ltr'>τὴν</span> <span class='ocrx_word' id='word_1_318' title='bbox 1869 1045 1915 1061; x_wconf 86' lang='grc' dir='ltr'>κοι-</span> 
     </span>
    </p>
   </div>
   <div class='ocr_carea' id='block_1_44' title="bbox 1116 1078 1914 1118">
    <p class='ocr_par' dir='ltr' id='par_1_44' title="bbox 1116 1078 1914 1118">
     <span class='ocr_line' id='line_1_44' title="bbox 1116 1078 1914 1118; baseline -0.001 -10"><span class='ocrx_word' id='word_1_319' title='bbox 1116 1081 1213 1109; x_wconf 83' lang='grc' dir='ltr'>νωνίαν</span> <span class='ocrx_word' id='word_1_320' title='bbox 1243 1078 1300 1118; x_wconf 78' lang='grc' dir='ltr'>ἔχει</span> <span class='ocrx_word' id='word_1_321' title='bbox 1325 1080 1418 1117; x_wconf 80' lang='grc' dir='ltr'>μόνον,</span> <span class='ocrx_word' id='word_1_322' title='bbox 1436 1081 1487 1108; x_wconf 81' lang='grc' dir='ltr'>οὐκ</span> <span class='ocrx_word' id='word_1_323' title='bbox 1516 1079 1553 1108; x_wconf 77' lang='grc' dir='ltr'>ἔτι</span> <span class='ocrx_word' id='word_1_324' title='bbox 1583 1079 1612 1107; x_wconf 80' lang='grc' dir='ltr'>δὶ</span> <span class='ocrx_word' id='word_1_325' title='bbox 1637 1080 1706 1108; x_wconf 76' lang='grc' dir='ltr'>κατᾶ</span> <span class='ocrx_word' id='word_1_326' title='bbox 1719 1081 1768 1114; x_wconf 78' lang='grc' dir='ltr'>τὴν</span> <span class='ocrx_word' id='word_1_327' title='bbox 1784 1078 1914 1115; x_wconf 75' lang='grc' dir='ltr'>σημασίανς</span> 
     </span>
    </p>
   </div>
   <div class='ocr_carea' id='block_1_45' title="bbox 1116 1124 1915 1165">
    <p class='ocr_par' dir='ltr' id='par_1_45' title="bbox 1116 1124 1915 1165">
     <span class='ocr_line' id='line_1_45' title="bbox 1116 1124 1915 1165; baseline -0.001 -12"><span class='ocrx_word' id='word_1_328' title='bbox 1116 1127 1161 1158; x_wconf 84' lang='grc' dir='ltr'>Ὧς</span> <span class='ocrx_word' id='word_1_329' title='bbox 1185 1125 1339 1165; x_wconf 71' lang='grc' dir='ltr'>ὀφθαλμὸς,</span> <span class='ocrx_word' id='word_1_330' title='bbox 1355 1125 1399 1152; x_wconf 83' lang='grc' dir='ltr'>ἐπί</span> <span class='ocrx_word' id='word_1_331' title='bbox 1423 1136 1452 1153; x_wconf 78' lang='grc' dir='ltr'>τι</span> <span class='ocrx_word' id='word_1_332' title='bbox 1478 1125 1622 1163; x_wconf 74' lang='grc' dir='ltr'>ἀνθρώπου</span> <span class='ocrx_word' id='word_1_333' title='bbox 1636 1125 1681 1152; x_wconf 78' lang='grc' dir='ltr'>καὶ</span> <span class='ocrx_word' id='word_1_334' title='bbox 1698 1127 1764 1153; x_wconf 75' lang='grc' dir='ltr'>Θεοῦ</span> <span class='ocrx_word' id='word_1_335' title='bbox 1780 1124 1915 1162; x_wconf 76' lang='grc' dir='ltr'>λεγόμενος·</span> 
     </span>
    </p>
   </div>
   <div class='ocr_carea' id='block_1_46' title="bbox 1117 1168 1915 1208">
    <p class='ocr_par' dir='ltr' id='par_1_46' title="bbox 1117 1168 1915 1208">
     <span class='ocr_line' id='line_1_46' title="bbox 1117 1168 1915 1208; baseline -0.005 -10"><span class='ocrx_word' id='word_1_336' title='bbox 1117 1173 1164 1198; x_wconf 74' lang='grc' dir='ltr'>τοῦ</span> <span class='ocrx_word' id='word_1_337' title='bbox 1195 1171 1241 1207; x_wconf 69' lang='grc' dir='ltr'>μὲν</span> <span class='ocrx_word' id='word_1_338' title='bbox 1267 1171 1319 1208; x_wconf 74' lang='grc' dir='ltr'>γὰρ</span> <span class='ocrx_word' id='word_1_339' title='bbox 1348 1170 1474 1207; x_wconf 80' lang='grc' dir='ltr'>σημαίνει</span> <span class='ocrx_word' id='word_1_340' title='bbox 1493 1181 1519 1197; x_wconf 92' lang='grc' dir='ltr'>τι</span> <span class='ocrx_word' id='word_1_341' title='bbox 1537 1169 1629 1208; x_wconf 73' lang='grc' dir='ltr'>μέρος,</span> <span class='ocrx_word' id='word_1_342' title='bbox 1641 1172 1689 1198; x_wconf 77' lang='grc' dir='ltr'>τοῦ</span> <span class='ocrx_word' id='word_1_343' title='bbox 1705 1169 1735 1197; x_wconf 77' lang='grc' dir='ltr'>δὲ</span> <span class='ocrx_word' id='word_1_344' title='bbox 1748 1169 1811 1197; x_wconf 70' lang='grc' dir='ltr'>ποτὶ</span> <span class='ocrx_word' id='word_1_345' title='bbox 1826 1169 1867 1206; x_wconf 76' lang='grc' dir='ltr'>μὲν</span> <span class='ocrx_word' id='word_1_346' title='bbox 1881 1168 1915 1194; x_wconf 81' lang='grc' dir='ltr'>ἆν-</span> 
     </span>
    </p>
   </div>
   <div class='ocr_carea' id='block_1_47' title="bbox 1116 1213 1915 1252">
    <p class='ocr_par' dir='ltr' id='par_1_47' title="bbox 1116 1213 1915 1252">
     <span class='ocr_line' id='line_1_47' title="bbox 1116 1213 1915 1252; baseline -0.005 -10"><span class='ocrx_word' id='word_1_347' title='bbox 1116 1214 1230 1251; x_wconf 76' lang='grc' dir='ltr'>τίληψιν</span> <span class='ocrx_word' id='word_1_348' title='bbox 1260 1215 1304 1242; x_wconf 72' lang='grc' dir='ltr'>χοὶ</span> <span class='ocrx_word' id='word_1_349' title='bbox 1335 1213 1458 1252; x_wconf 76' lang='grc' dir='ltr'>φυλακὴν</span> <span class='ocrx_word' id='word_1_350' title='bbox 1481 1217 1535 1242; x_wconf 84' lang='grc' dir='ltr'>τῶν</span> <span class='ocrx_word' id='word_1_351' title='bbox 1560 1213 1682 1249; x_wconf 80' lang='grc' dir='ltr'>δικαίων,</span> <span class='ocrx_word' id='word_1_352' title='bbox 1699 1214 1766 1242; x_wconf 77' lang='grc' dir='ltr'>ποτὶ</span> <span class='ocrx_word' id='word_1_353' title='bbox 1780 1213 1807 1241; x_wconf 72' lang='grc' dir='ltr'>δι</span> <span class='ocrx_word' id='word_1_354' title='bbox 1819 1213 1861 1247; x_wconf 76' lang='grc' dir='ltr'>τὴν</span> <span class='ocrx_word' id='word_1_355' title='bbox 1874 1214 1915 1239; x_wconf 82' lang='grc' dir='ltr'>τῶν</span> 
     </span>
    </p>
   </div>
   <div class='ocr_carea' id='block_1_48' title="bbox 1117 1259 1439 1297">
    <p class='ocr_par' dir='ltr' id='par_1_48' title="bbox 1117 1259 1439 1297">
     <span class='ocr_line' id='line_1_48' title="bbox 1117 1259 1439 1297; baseline 0 -11"><span class='ocrx_word' id='word_1_356' title='bbox 1117 1259 1312 1297; x_wconf 74' lang='grc' dir='ltr'>πραττομένων</span> <span class='ocrx_word' id='word_1_357' title='bbox 1328 1261 1439 1296; x_wconf 81' lang='grc' dir='ltr'>γνῶσιν.</span> 
     </span>
    </p>
   </div>
   <div class='ocr_carea' id='block_1_49' title="bbox 238 1303 1917 1342">
    <p class='ocr_par' dir='ltr' id='par_1_49' title="bbox 238 1303 1917 1342">
     <span class='ocr_line' id='line_1_49' title="bbox 238 1303 1917 1342; baseline -0.003 -8"><span class='ocrx_word' id='word_1_358' title='bbox 238 1305 431 1334; x_wconf 85' lang='lat' dir='ltr'>nunliationis</span> <span class='ocrx_word' id='word_1_359' title='bbox 447 1308 476 1333; x_wconf 88' lang='lat' dir='ltr'>et</span> <span class='ocrx_word' id='word_1_360' title='bbox 490 1305 674 1340; x_wconf 89' lang='lat' dir='ltr'>elocutionis,</span> <span class='ocrx_word' id='word_1_361' title='bbox 691 1315 748 1333; x_wconf 92' lang='lat' dir='ltr'>non</span> <span class='ocrx_word' id='word_1_362' title='bbox 763 1308 860 1333; x_wconf 86' lang='lat' dir='ltr'>autem</span> <span class='ocrx_word' id='word_1_363' title='bbox 878 1306 972 1341; x_wconf 88' lang='lat' dir='ltr'>quoad</span> <span class='ocrx_word' id='word_1_364' title='bbox 989 1305 1254 1342; x_wconf 79' lang='lat' dir='ltr'>signiﬁcationem?</span> <span class='ocrx_word' id='word_1_365' title='bbox 1270 1304 1306 1332; x_wconf 91' lang='lat' dir='ltr'>Ut</span> <span class='ocrx_word' id='word_1_366' title='bbox 1321 1304 1436 1338; x_wconf 85' lang='lat' dir='ltr'>oculus,</span> <span class='ocrx_word' id='word_1_367' title='bbox 1453 1304 1502 1340; x_wconf 92' lang='lat' dir='ltr'>qui</span> <span class='ocrx_word' id='word_1_368' title='bbox 1519 1305 1554 1332; x_wconf 89' lang='lat' dir='ltr'>de</span> <span class='ocrx_word' id='word_1_369' title='bbox 1575 1304 1695 1332; x_wconf 87' lang='lat' dir='ltr'>homine</span> <span class='ocrx_word' id='word_1_370' title='bbox 1708 1306 1737 1332; x_wconf 90' lang='lat' dir='ltr'>et</span> <span class='ocrx_word' id='word_1_371' title='bbox 1752 1304 1807 1332; x_wconf 87' lang='lat' dir='ltr'>Deo</span> <span class='ocrx_word' id='word_1_372' title='bbox 1821 1303 1917 1337; x_wconf 87' lang='lat' dir='ltr'>dicitur,</span> 
     </span>
    </p>
   </div>
   <div class='ocr_carea' id='block_1_50' title="bbox 238 1348 1917 1386">
    <p class='ocr_par' dir='ltr' id='par_1_50' title="bbox 238 1348 1917 1386">
     <span class='ocr_line' id='line_1_50' title="bbox 238 1348 1917 1386; baseline -0.002 -8"><span class='ocrx_word' id='word_1_373' title='bbox 238 1350 320 1378; x_wconf 88' lang='lat' dir='ltr'>illius</span> <span class='ocrx_word' id='word_1_374' title='bbox 335 1351 454 1386; x_wconf 89' lang='lat' dir='ltr'>quidem</span> <span class='ocrx_word' id='word_1_375' title='bbox 471 1354 583 1386; x_wconf 87' lang='lat' dir='ltr'>partem</span> <span class='ocrx_word' id='word_1_376' title='bbox 599 1351 760 1386; x_wconf 88' lang='lat' dir='ltr'>quamdam</span> <span class='ocrx_word' id='word_1_377' title='bbox 776 1352 866 1385; x_wconf 83' lang='lat' dir='ltr'>notat,</span> <span class='ocrx_word' id='word_1_378' title='bbox 882 1349 972 1385; x_wconf 87' lang='lat' dir='ltr'>hujus</span> <span class='ocrx_word' id='word_1_379' title='bbox 986 1357 1053 1377; x_wconf 90' lang='lat' dir='ltr'>vero</span> <span class='ocrx_word' id='word_1_380' title='bbox 1068 1349 1215 1377; x_wconf 89' lang='lat' dir='ltr'>interdum</span> <span class='ocrx_word' id='word_1_381' title='bbox 1238 1349 1391 1384; x_wconf 77' lang='lat' dir='ltr'>auxilium,</span> <span class='ocrx_word' id='word_1_382' title='bbox 1407 1351 1436 1377; x_wconf 86' lang='lat' dir='ltr'>et</span> <span class='ocrx_word' id='word_1_383' title='bbox 1451 1348 1613 1377; x_wconf 82' lang='lat' dir='ltr'>custodiam</span> <span class='ocrx_word' id='word_1_384' title='bbox 1625 1349 1788 1384; x_wconf 86' lang='lat' dir='ltr'>justorum,</span> <span class='ocrx_word' id='word_1_385' title='bbox 1803 1355 1917 1376; x_wconf 87' lang='lat' dir='ltr'>nonnun-</span> 
     </span>
    </p>
   </div>
   <div class='ocr_carea' id='block_1_51' title="bbox 239 1395 941 1431">
    <p class='ocr_par' dir='ltr' id='par_1_51' title="bbox 239 1395 941 1431">
     <span class='ocr_line' id='line_1_51' title="bbox 239 1395 941 1431; baseline 0 -9"><span class='ocrx_word' id='word_1_386' title='bbox 239 1403 328 1431; x_wconf 85' lang='lat' dir='ltr'>quam</span> <span class='ocrx_word' id='word_1_387' title='bbox 344 1395 439 1431; x_wconf 88' lang='lat' dir='ltr'>ipsam</span> <span class='ocrx_word' id='word_1_388' title='bbox 457 1395 590 1423; x_wconf 88' lang='lat' dir='ltr'>notitiam</span> <span class='ocrx_word' id='word_1_389' title='bbox 607 1403 707 1423; x_wconf 90' lang='lat' dir='ltr'>eorum</span> <span class='ocrx_word' id='word_1_390' title='bbox 722 1403 787 1430; x_wconf 60' lang='lat' dir='ltr'>qua:</span> <span class='ocrx_word' id='word_1_391' title='bbox 804 1397 941 1431; x_wconf 81' lang='lat' dir='ltr'>aguntur.</span> 
     </span>
    </p>
   </div>
   <div class='ocr_carea' id='block_1_52' title="bbox 276 1439 1100 1475">
    <p class='ocr_par' dir='ltr' id='par_1_52' title="bbox 276 1439 1100 1475">
     <span class='ocr_line' id='line_1_52' title="bbox 276 1439 1100 1475; baseline -0.001 -8"><span class='ocrx_word' id='word_1_392' title='bbox 276 1440 318 1467; x_wconf 90' lang='grc'>17.</span> <span class='ocrx_word' id='word_1_393' title='bbox 337 1439 429 1467; x_wconf 86' lang='lat' dir='ltr'>Multa</span> <span class='ocrx_word' id='word_1_394' title='bbox 442 1448 521 1472; x_wconf 90' lang='lat' dir='ltr'>vero,</span> <span class='ocrx_word' id='word_1_395' title='bbox 539 1448 605 1467; x_wconf 89' lang='lat' dir='ltr'>cum</span> <span class='ocrx_word' id='word_1_396' title='bbox 631 1447 766 1475; x_wconf 82' lang='lat' dir='ltr'>magnam</span> <span class='ocrx_word' id='word_1_397' title='bbox 794 1440 931 1472; x_wconf 85' lang='lat' dir='ltr'>habeant,</span> <span class='ocrx_word' id='word_1_398' title='bbox 945 1439 1063 1474; x_wconf 88' lang='lat' dir='ltr'>quando</span> <span class='ocrx_word' id='word_1_399' title='bbox 1079 1439 1100 1472; x_wconf 86' lang='lat' dir='ltr'>C</span> 
     </span>
    </p>
   </div>
   <div class='ocr_carea' id='block_1_53' title="bbox 240 1483 1066 1520">
    <p class='ocr_par' dir='ltr' id='par_1_53' title="bbox 240 1483 1066 1520">
     <span class='ocr_line' id='line_1_53' title="bbox 240 1483 1066 1520; baseline -0.001 -9"><span class='ocrx_word' id='word_1_400' title='bbox 240 1484 479 1520; x_wconf 84' lang='lat' dir='ltr'>pronuntiantur,</span> <span class='ocrx_word' id='word_1_401' title='bbox 490 1484 728 1520; x_wconf 85' lang='lat' dir='ltr'>discrepantiam,</span> <span class='ocrx_word' id='word_1_402' title='bbox 741 1484 874 1512; x_wconf 88' lang='lat' dir='ltr'>eamdem</span> <span class='ocrx_word' id='word_1_403' title='bbox 887 1485 983 1511; x_wconf 87' lang='lat' dir='ltr'>tamen</span> <span class='ocrx_word' id='word_1_404' title='bbox 995 1483 1066 1511; x_wconf 86' lang='lat' dir='ltr'>obti-</span> 
     </span>
    </p>
   </div>
   <div class='ocr_carea' id='block_1_54' title="bbox 241 1527 1064 1564">
    <p class='ocr_par' dir='ltr' id='par_1_54' title="bbox 241 1527 1064 1564">
     <span class='ocr_line' id='line_1_54' title="bbox 241 1527 1064 1564; baseline 0 -9"><span class='ocrx_word' id='word_1_405' title='bbox 241 1530 312 1555; x_wconf 91' lang='lat' dir='ltr'>nent</span> <span class='ocrx_word' id='word_1_406' title='bbox 327 1527 584 1564; x_wconf 84' lang='lat' dir='ltr'>signiﬁcationem,</span> <span class='ocrx_word' id='word_1_407' title='bbox 598 1531 628 1555; x_wconf 91' lang='lat' dir='ltr'>ul</span> <span class='ocrx_word' id='word_1_408' title='bbox 654 1537 717 1562; x_wconf 89' lang='lat' dir='ltr'>ens,</span> <span class='ocrx_word' id='word_1_409' title='bbox 728 1531 756 1556; x_wconf 89' lang='lat' dir='ltr'>et</span> <span class='ocrx_word' id='word_1_410' title='bbox 780 1528 861 1556; x_wconf 88' lang='lat' dir='ltr'>solus</span> <span class='ocrx_word' id='word_1_411' title='bbox 875 1536 962 1556; x_wconf 86' lang='lat' dir='ltr'>verus</span> <span class='ocrx_word' id='word_1_412' title='bbox 977 1528 1064 1556; x_wconf 88' lang='lat' dir='ltr'>Deus.</span> 
     </span>
    </p>
   </div>
   <div class='ocr_carea' id='block_1_55' title="bbox 241 1572 1066 1608">
    <p class='ocr_par' dir='ltr' id='par_1_55' title="bbox 241 1572 1066 1608">
     <span class='ocr_line' id='line_1_55' title="bbox 241 1572 1066 1608; baseline 0.001 -9"><span class='ocrx_word' id='word_1_413' title='bbox 241 1572 316 1607; x_wconf 85' lang='lat' dir='ltr'>Ergo</span> <span class='ocrx_word' id='word_1_414' title='bbox 331 1580 426 1608; x_wconf 90' lang='lat' dir='ltr'>neque</span> <span class='ocrx_word' id='word_1_415' title='bbox 441 1572 465 1600; x_wconf 92' lang='lat' dir='ltr'>si</span> <span class='ocrx_word' id='word_1_416' title='bbox 481 1573 599 1608; x_wconf 84' lang='lat' dir='ltr'>quando</span> <span class='ocrx_word' id='word_1_417' title='bbox 616 1573 700 1600; x_wconf 89' lang='lat' dir='ltr'>Pater</span> <span class='ocrx_word' id='word_1_418' title='bbox 714 1572 894 1608; x_wconf 89' lang='lat' dir='ltr'>nominetur,</span> <span class='ocrx_word' id='word_1_419' title='bbox 910 1573 1009 1600; x_wconf 82' lang='lat' dir='ltr'>statim</span> <span class='ocrx_word' id='word_1_420' title='bbox 1025 1574 1066 1600; x_wconf 91' lang='lat' dir='ltr'>ta-</span> 
     </span>
    </p>
   </div>
   <div class='ocr_carea' id='block_1_56' title="bbox 241 1615 1065 1652">
    <p class='ocr_par' dir='ltr' id='par_1_56' title="bbox 241 1615 1065 1652">
     <span class='ocr_line' id='line_1_56' title="bbox 241 1615 1065 1652; baseline 0.002 -10"><span class='ocrx_word' id='word_1_421' title='bbox 241 1615 299 1644; x_wconf 88' lang='lat' dir='ltr'>lem</span> <span class='ocrx_word' id='word_1_422' title='bbox 322 1616 473 1652; x_wconf 84' lang='lat' dir='ltr'>concipere</span> <span class='ocrx_word' id='word_1_423' title='bbox 499 1618 596 1645; x_wconf 84' lang='lat' dir='ltr'>mente</span> <span class='ocrx_word' id='word_1_424' title='bbox 620 1617 819 1652; x_wconf 89' lang='lat' dir='ltr'>operationem</span> <span class='ocrx_word' id='word_1_425' title='bbox 835 1617 987 1652; x_wconf 88' lang='lat' dir='ltr'>debemus,</span> <span class='ocrx_word' id='word_1_426' title='bbox 1004 1625 1065 1651; x_wconf 65' lang='lat' dir='ltr'>qua!</span> 
     </span>
    </p>
   </div>
   <div class='ocr_carea' id='block_1_57' title="bbox 241 1660 1066 1696">
    <p class='ocr_par' dir='ltr' id='par_1_57' title="bbox 241 1660 1066 1696">
     <span class='ocr_line' id='line_1_57' title="bbox 241 1660 1066 1696; baseline 0.001 -9"><span class='ocrx_word' id='word_1_427' title='bbox 241 1660 406 1688; x_wconf 83' lang='lat' dir='ltr'>communis</span> <span class='ocrx_word' id='word_1_428' title='bbox 422 1660 479 1696; x_wconf 87' lang='lat' dir='ltr'>ipsi</span> <span class='ocrx_word' id='word_1_429' title='bbox 495 1660 534 1688; x_wconf 90' lang='lat' dir='ltr'>sit</span> <span class='ocrx_word' id='word_1_430' title='bbox 556 1669 622 1688; x_wconf 89' lang='lat' dir='ltr'>cum</span> <span class='ocrx_word' id='word_1_431' title='bbox 639 1661 819 1693; x_wconf 80' lang='lat' dir='ltr'>hominibus,</span> <span class='ocrx_word' id='word_1_432' title='bbox 837 1664 869 1688; x_wconf 92' lang='lat' dir='ltr'>ut</span> <span class='ocrx_word' id='word_1_433' title='bbox 884 1661 970 1689; x_wconf 86' lang='lat' dir='ltr'>simul</span> <span class='ocrx_word' id='word_1_434' title='bbox 985 1664 1066 1688; x_wconf 91' lang='lat' dir='ltr'>utro-</span> 
     </span>
    </p>
   </div>
   <div class='ocr_carea' id='block_1_58' title="bbox 239 1704 1066 1740">
    <p class='ocr_par' dir='ltr' id='par_1_58' title="bbox 239 1704 1066 1740">
     <span class='ocr_line' id='line_1_58' title="bbox 239 1704 1066 1740; baseline 0.002 -9"><span class='ocrx_word' id='word_1_435' title='bbox 239 1704 329 1740; x_wconf 86' lang='lat' dir='ltr'>bique</span> <span class='ocrx_word' id='word_1_436' title='bbox 351 1704 406 1731; x_wconf 89' lang='lat' dir='ltr'>hac</span> <span class='ocrx_word' id='word_1_437' title='bbox 430 1705 541 1732; x_wconf 86' lang='lat' dir='ltr'>ratione</span> <span class='ocrx_word' id='word_1_438' title='bbox 557 1705 667 1732; x_wconf 82' lang='lat' dir='ltr'>ﬂuxum</span> <span class='ocrx_word' id='word_1_439' title='bbox 697 1708 748 1732; x_wconf 87' lang='lat' dir='ltr'>aut</span> <span class='ocrx_word' id='word_1_440' title='bbox 778 1705 944 1740; x_wconf 87' lang='lat' dir='ltr'>passionem</span> <span class='ocrx_word' id='word_1_441' title='bbox 971 1707 1066 1733; x_wconf 87' lang='lat' dir='ltr'>mente</span> 
     </span>
    </p>
   </div>
   <div class='ocr_carea' id='block_1_59' title="bbox 241 1748 1067 1785">
    <p class='ocr_par' dir='ltr' id='par_1_59' title="bbox 241 1748 1067 1785">
     <span class='ocr_line' id='line_1_59' title="bbox 241 1748 1067 1785; baseline 0.001 -9"><span class='ocrx_word' id='word_1_442' title='bbox 241 1748 396 1784; x_wconf 79' lang='lat' dir='ltr'>agitemus.</span> <span class='ocrx_word' id='word_1_443' title='bbox 414 1749 566 1785; x_wconf 89' lang='lat' dir='ltr'>Siquidem</span> <span class='ocrx_word' id='word_1_444' title='bbox 587 1749 717 1785; x_wconf 89' lang='lat' dir='ltr'>operatio</span> <span class='ocrx_word' id='word_1_445' title='bbox 734 1749 831 1777; x_wconf 87' lang='lat' dir='ltr'>divina</span> <span class='ocrx_word' id='word_1_446' title='bbox 848 1749 920 1776; x_wconf 85' lang='lat' dir='ltr'>nulli</span> <span class='ocrx_word' id='word_1_447' title='bbox 937 1750 1067 1785; x_wconf 86' lang='lat' dir='ltr'>passioni</span> 
     </span>
    </p>
   </div>
   <div class='ocr_carea' id='block_1_60' title="bbox 241 1793 1064 1829">
    <p class='ocr_par' dir='ltr' id='par_1_60' title="bbox 241 1793 1064 1829">
     <span class='ocr_line' id='line_1_60' title="bbox 241 1793 1064 1829; baseline 0 -8"><span class='ocrx_word' id='word_1_448' title='bbox 241 1796 293 1821; x_wconf 90' lang='lat' dir='ltr'>aut</span> <span class='ocrx_word' id='word_1_449' title='bbox 308 1793 453 1821; x_wconf 82' lang='lat' dir='ltr'>aﬂ&#39;ectioni</span> <span class='ocrx_word' id='word_1_450' title='bbox 465 1796 510 1821; x_wconf 85' lang='lat' dir='ltr'>est</span> <span class='ocrx_word' id='word_1_451' title='bbox 525 1794 660 1829; x_wconf 80' lang='lat' dir='ltr'>obnoxia,</span> <span class='ocrx_word' id='word_1_452' title='bbox 673 1793 825 1821; x_wconf 90' lang='lat' dir='ltr'>hominum</span> <span class='ocrx_word' id='word_1_453' title='bbox 840 1796 936 1821; x_wconf 82' lang='lat' dir='ltr'>autem</span> <span class='ocrx_word' id='word_1_454' title='bbox 953 1795 985 1821; x_wconf 89' lang='lat' dir='ltr'>ﬁt</span> <span class='ocrx_word' id='word_1_455' title='bbox 999 1802 1064 1821; x_wconf 88' lang='lat' dir='ltr'>curn</span> 
     </span>
    </p>
   </div>
   <div class='ocr_carea' id='block_1_61' title="bbox 241 1837 1066 1874">
    <p class='ocr_par' dir='ltr' id='par_1_61' title="bbox 241 1837 1066 1874">
     <span class='ocr_line' id='line_1_61' title="bbox 241 1837 1066 1874; baseline 0 -8"><span class='ocrx_word' id='word_1_456' title='bbox 241 1838 399 1874; x_wconf 80' lang='lat' dir='ltr'>passione:</span> <span class='ocrx_word' id='word_1_457' title='bbox 420 1837 472 1866; x_wconf 88' lang='lat' dir='ltr'>illa</span> <span class='ocrx_word' id='word_1_458' title='bbox 494 1839 630 1874; x_wconf 87' lang='lat' dir='ltr'>passione</span> <span class='ocrx_word' id='word_1_459' title='bbox 654 1841 743 1873; x_wconf 87' lang='lat' dir='ltr'>caret,</span> <span class='ocrx_word' id='word_1_460' title='bbox 761 1839 820 1866; x_wconf 78' lang='lat' dir='ltr'>haec</span> <span class='ocrx_word' id='word_1_461' title='bbox 846 1847 912 1866; x_wconf 87' lang='lat' dir='ltr'>cum</span> <span class='ocrx_word' id='word_1_462' title='bbox 938 1838 988 1866; x_wconf 91' lang='lat' dir='ltr'>illa</span> <span class='ocrx_word' id='word_1_463' title='bbox 1011 1841 1066 1866; x_wconf 83' lang='lat' dir='ltr'>est-</span> 
     </span>
    </p>
   </div>
   <div class='ocr_carea' id='block_1_62' title="bbox 240 1883 1066 1919">
    <p class='ocr_par' dir='ltr' id='par_1_62' title="bbox 240 1883 1066 1919">
     <span class='ocr_line' id='line_1_62' title="bbox 240 1883 1066 1919; baseline 0 -9"><span class='ocrx_word' id='word_1_464' title='bbox 240 1883 340 1918; x_wconf 88' lang='lat' dir='ltr'>Neque</span> <span class='ocrx_word' id='word_1_465' title='bbox 356 1883 381 1910; x_wconf 92' lang='lat' dir='ltr'>si</span> <span class='ocrx_word' id='word_1_466' title='bbox 397 1883 514 1919; x_wconf 89' lang='lat' dir='ltr'>quando</span> <span class='ocrx_word' id='word_1_467' title='bbox 536 1883 704 1910; x_wconf 88' lang='lat' dir='ltr'>nominetur</span> <span class='ocrx_word' id='word_1_468' title='bbox 719 1883 857 1919; x_wconf 88' lang='lat' dir='ltr'>Spiritus,</span> <span class='ocrx_word' id='word_1_469' title='bbox 874 1883 973 1911; x_wconf 89' lang='lat' dir='ltr'>statim</span> <span class='ocrx_word' id='word_1_470' title='bbox 998 1891 1066 1919; x_wconf 91' lang='lat' dir='ltr'>pro-</span> 
     </span>
    </p>
   </div>
   <div class='ocr_carea' id='block_1_63' title="bbox 241 1927 1067 1964">
    <p class='ocr_par' dir='ltr' id='par_1_63' title="bbox 241 1927 1067 1964">
     <span class='ocr_line' id='line_1_63' title="bbox 241 1927 1067 1964; baseline 0.001 -10"><span class='ocrx_word' id='word_1_471' title='bbox 241 1929 342 1962; x_wconf 85' lang='lat' dir='ltr'>pterea</span> <span class='ocrx_word' id='word_1_472' title='bbox 354 1935 541 1954; x_wconf 87' lang='lat' dir='ltr'>communem</span> <span class='ocrx_word' id='word_1_473' title='bbox 565 1927 653 1955; x_wconf 84' lang='lat' dir='ltr'>habet</span> <span class='ocrx_word' id='word_1_474' title='bbox 678 1930 812 1955; x_wconf 86' lang='lat' dir='ltr'>naturam</span> <span class='ocrx_word' id='word_1_475' title='bbox 831 1935 897 1955; x_wconf 90' lang='lat' dir='ltr'>cum</span> <span class='ocrx_word' id='word_1_476' title='bbox 922 1927 988 1955; x_wconf 90' lang='lat' dir='ltr'>aliis</span> <span class='ocrx_word' id='word_1_477' title='bbox 1004 1936 1067 1964; x_wconf 68' lang='lat' dir='ltr'>quae</span> 
     </span>
    </p>
   </div>
   <div class='ocr_carea' id='block_1_64' title="bbox 241 1971 1067 2007">
    <p class='ocr_par' dir='ltr' id='par_1_64' title="bbox 241 1971 1067 2007">
     <span class='ocr_line' id='line_1_64' title="bbox 241 1971 1067 2007; baseline 0.001 -9"><span class='ocrx_word' id='word_1_478' title='bbox 241 1971 365 2007; x_wconf 87' lang='lat' dir='ltr'>spiritus</span> <span class='ocrx_word' id='word_1_479' title='bbox 377 1971 572 2007; x_wconf 83' lang='lat' dir='ltr'>appellantur.</span> <span class='ocrx_word' id='word_1_480' title='bbox 591 1971 621 1998; x_wconf 88' lang='lat' dir='ltr'>in</span> <span class='ocrx_word' id='word_1_481' title='bbox 633 1971 768 1999; x_wconf 87' lang='lat' dir='ltr'>omnibus</span> <span class='ocrx_word' id='word_1_482' title='bbox 779 1974 877 1999; x_wconf 90' lang='lat' dir='ltr'>autem</span> <span class='ocrx_word' id='word_1_483' title='bbox 890 1974 1003 2007; x_wconf 89' lang='lat' dir='ltr'>oportet</span> <span class='ocrx_word' id='word_1_484' title='bbox 1014 1980 1067 1999; x_wconf 87' lang='lat' dir='ltr'>nos</span> 
     </span>
    </p>
   </div>
   <div class='ocr_carea' id='block_1_65' title="bbox 242 2015 1066 2051">
    <p class='ocr_par' dir='ltr' id='par_1_65' title="bbox 242 2015 1066 2051">
     <span class='ocr_line' id='line_1_65' title="bbox 242 2015 1066 2051; baseline 0 -8"><span class='ocrx_word' id='word_1_485' title='bbox 242 2015 363 2043; x_wconf 87' lang='lat' dir='ltr'>modum</span> <span class='ocrx_word' id='word_1_486' title='bbox 379 2018 409 2043; x_wconf 90' lang='lat' dir='ltr'>et</span> <span class='ocrx_word' id='word_1_487' title='bbox 423 2015 587 2051; x_wconf 82' lang='lat' dir='ltr'>analogiam</span> <span class='ocrx_word' id='word_1_488' title='bbox 613 2015 718 2043; x_wconf 87' lang='lat' dir='ltr'>rationi</span> <span class='ocrx_word' id='word_1_489' title='bbox 733 2017 761 2043; x_wconf 88' lang='lat' dir='ltr'>et</span> <span class='ocrx_word' id='word_1_490' title='bbox 782 2015 940 2051; x_wconf 88' lang='lat' dir='ltr'>unicuique</span> <span class='ocrx_word' id='word_1_491' title='bbox 956 2018 1066 2044; x_wconf 62' lang='lat' dir='ltr'>natura;</span> 
     </span>
    </p>
   </div>
   <div class='ocr_carea' id='block_1_66' title="bbox 242 2060 1066 2096">
    <p class='ocr_par' dir='ltr' id='par_1_66' title="bbox 242 2060 1066 2096">
     <span class='ocr_line' id='line_1_66' title="bbox 242 2060 1066 2096; baseline 0 -8"><span class='ocrx_word' id='word_1_492' title='bbox 242 2062 470 2089; x_wconf 89' lang='lat' dir='ltr'>consentaneam</span> <span class='ocrx_word' id='word_1_493' title='bbox 483 2068 608 2093; x_wconf 85' lang='lat' dir='ltr'>servare,</span> <span class='ocrx_word' id='word_1_494' title='bbox 621 2069 715 2096; x_wconf 88' lang='lat' dir='ltr'>neque</span> <span class='ocrx_word' id='word_1_495' title='bbox 726 2060 825 2088; x_wconf 87' lang='lat' dir='ltr'>statim</span> <span class='ocrx_word' id='word_1_496' title='bbox 838 2060 1066 2096; x_wconf 87' lang='lat' dir='ltr'>indignari,cum</span> 
     </span>
    </p>
   </div>
   <div class='ocr_carea' id='block_1_67' title="bbox 242 2104 1065 2140">
    <p class='ocr_par' dir='ltr' id='par_1_67' title="bbox 242 2104 1065 2140">
     <span class='ocr_line' id='line_1_67' title="bbox 242 2104 1065 2140; baseline 0 -8"><span class='ocrx_word' id='word_1_497' title='bbox 242 2104 346 2133; x_wconf 87' lang='lat' dir='ltr'>Filium</span> <span class='ocrx_word' id='word_1_498' title='bbox 363 2106 527 2132; x_wconf 85' lang='lat' dir='ltr'>creaturam</span> <span class='ocrx_word' id='word_1_499' title='bbox 548 2112 612 2132; x_wconf 90' lang='lat' dir='ltr'>esse</span> <span class='ocrx_word' id='word_1_500' title='bbox 637 2105 784 2137; x_wconf 78' lang='lat' dir='ltr'>audimus,</span> <span class='ocrx_word' id='word_1_501' title='bbox 802 2104 885 2140; x_wconf 87' lang='lat' dir='ltr'>quasi</span> <span class='ocrx_word' id='word_1_502' title='bbox 912 2105 1065 2132; x_wconf 90' lang='lat' dir='ltr'>nominum</span> 
     </span>
    </p>
   </div>
   <div class='ocr_carea' id='block_1_68' title="bbox 243 2146 1067 2185">
    <p class='ocr_par' dir='ltr' id='par_1_68' title="bbox 243 2146 1067 2185">
     <span class='ocr_line' id='line_1_68' title="bbox 243 2146 1067 2185; baseline -0.001 -8"><span class='ocrx_word' id='word_1_503' title='bbox 243 2149 431 2185; x_wconf 73' lang='lat' dir='ltr'>aaquivocatio</span> <span class='ocrx_word' id='word_1_504' title='bbox 452 2149 547 2184; x_wconf 89' lang='lat' dir='ltr'>ipsam</span> <span class='ocrx_word' id='word_1_505' title='bbox 563 2157 682 2184; x_wconf 84' lang='lat' dir='ltr'>prorsus</span> <span class='ocrx_word' id='word_1_506' title='bbox 705 2146 863 2176; x_wconf 82' lang='lat' dir='ltr'>essentiam</span> <span class='ocrx_word' id='word_1_507' title='bbox 880 2156 1067 2176; x_wconf 88' lang='lat' dir='ltr'>communem</span> 
     </span>
    </p>
   </div>
   <div class='ocr_carea' id='block_1_69' title="bbox 243 2193 1068 2229">
    <p class='ocr_par' dir='ltr' id='par_1_69' title="bbox 243 2193 1068 2229">
     <span class='ocr_line' id='line_1_69' title="bbox 243 2193 1068 2229; baseline -0.001 -8"><span class='ocrx_word' id='word_1_508' title='bbox 243 2194 355 2222; x_wconf 71' lang='lat' dir='ltr'>reddat;</span> <span class='ocrx_word' id='word_1_509' title='bbox 373 2194 465 2221; x_wconf 85' lang='lat' dir='ltr'>Filius</span> <span class='ocrx_word' id='word_1_510' title='bbox 488 2193 564 2221; x_wconf 86' lang='lat' dir='ltr'>enim</span> <span class='ocrx_word' id='word_1_511' title='bbox 582 2196 626 2221; x_wconf 88' lang='lat' dir='ltr'>est</span> <span class='ocrx_word' id='word_1_512' title='bbox 640 2194 760 2229; x_wconf 83' lang='lat' dir='ltr'>ingeniti</span> <span class='ocrx_word' id='word_1_513' title='bbox 777 2197 802 2221; x_wconf 84' lang='lat' dir='ltr'>et</span> <span class='ocrx_word' id='word_1_514' title='bbox 818 2201 876 2221; x_wconf 90' lang='lat' dir='ltr'>non</span> <span class='ocrx_word' id='word_1_515' title='bbox 892 2193 961 2221; x_wconf 79' lang='lat' dir='ltr'>facti</span> <span class='ocrx_word' id='word_1_516' title='bbox 985 2194 1068 2229; x_wconf 77' lang='lat' dir='ltr'>geni~</span> 
     </span>
    </p>
   </div>
   <div class='ocr_carea' id='block_1_70' title="bbox 244 2237 1070 2274">
    <p class='ocr_par' dir='ltr' id='par_1_70' title="bbox 244 2237 1070 2274">
     <span class='ocr_line' id='line_1_70' title="bbox 244 2237 1070 2274; baseline 0.001 -9"><span class='ocrx_word' id='word_1_517' title='bbox 244 2246 305 2265; x_wconf 89' lang='lat' dir='ltr'>men</span> <span class='ocrx_word' id='word_1_518' title='bbox 322 2240 351 2265; x_wconf 91' lang='lat' dir='ltr'>et</span> <span class='ocrx_word' id='word_1_519' title='bbox 363 2245 447 2273; x_wconf 89' lang='lat' dir='ltr'>opus.</span> <span class='ocrx_word' id='word_1_520' title='bbox 459 2237 569 2265; x_wconf 82' lang='lat' dir='ltr'>Ccelum</span> <span class='ocrx_word' id='word_1_521' title='bbox 584 2245 652 2265; x_wconf 92' lang='lat' dir='ltr'>vero</span> <span class='ocrx_word' id='word_1_522' title='bbox 664 2240 692 2265; x_wconf 86' lang='lat' dir='ltr'>et</span> <span class='ocrx_word' id='word_1_523' title='bbox 707 2238 813 2273; x_wconf 84' lang='lat' dir='ltr'>angeli,</span> <span class='ocrx_word' id='word_1_524' title='bbox 825 2240 853 2265; x_wconf 89' lang='lat' dir='ltr'>et</span> <span class='ocrx_word' id='word_1_525' title='bbox 865 2238 1007 2274; x_wconf 88' lang='lat' dir='ltr'>quidquid</span> <span class='ocrx_word' id='word_1_526' title='bbox 1024 2240 1070 2266; x_wconf 85' lang='lat' dir='ltr'>est</span> 
     </span>
    </p>
   </div>
   <div class='ocr_carea' id='block_1_71' title="bbox 244 2281 1068 2318">
    <p class='ocr_par' dir='ltr' id='par_1_71' title="bbox 244 2281 1068 2318">
     <span class='ocr_line' id='line_1_71' title="bbox 244 2281 1068 2318; baseline 0.002 -10"><span class='ocrx_word' id='word_1_527' title='bbox 244 2284 384 2318; x_wconf 73' lang='lat' dir='ltr'>prmterea</span> <span class='ocrx_word' id='word_1_528' title='bbox 409 2284 620 2314; x_wconf 87' lang='lat' dir='ltr'>creaturarum,</span> <span class='ocrx_word' id='word_1_529' title='bbox 641 2281 730 2316; x_wconf 85' lang='lat' dir='ltr'>hujus</span> <span class='ocrx_word' id='word_1_530' title='bbox 753 2282 850 2318; x_wconf 89' lang='lat' dir='ltr'>operis</span> <span class='ocrx_word' id='word_1_531' title='bbox 878 2284 947 2309; x_wconf 87' lang='lat' dir='ltr'>sunt</span> <span class='ocrx_word' id='word_1_532' title='bbox 971 2290 1068 2317; x_wconf 88' lang='lat' dir='ltr'>opera,</span> 
     </span>
    </p>
   </div>
   <div class='ocr_carea' id='block_1_72' title="bbox 245 2325 1068 2361">
    <p class='ocr_par' dir='ltr' id='par_1_72' title="bbox 245 2325 1068 2361">
     <span class='ocr_line' id='line_1_72' title="bbox 245 2325 1068 2361; baseline 0.002 -10"><span class='ocrx_word' id='word_1_533' title='bbox 245 2326 388 2361; x_wconf 70' lang='lat' dir='ltr'>prmcepto</span> <span class='ocrx_word' id='word_1_534' title='bbox 404 2325 500 2352; x_wconf 84' lang='lat' dir='ltr'>Patris</span> <span class='ocrx_word' id='word_1_535' title='bbox 525 2332 576 2360; x_wconf 86' lang='lat' dir='ltr'>per</span> <span class='ocrx_word' id='word_1_536' title='bbox 602 2325 700 2361; x_wconf 86' lang='lat' dir='ltr'>ipsum</span> <span class='ocrx_word' id='word_1_537' title='bbox 717 2326 801 2353; x_wconf 85' lang='lat' dir='ltr'>facta.</span> <span class='ocrx_word' id='word_1_538' title='bbox 817 2326 863 2353; x_wconf 88' lang='lat' dir='ltr'>Sic</span> <span class='ocrx_word' id='word_1_539' title='bbox 887 2326 965 2353; x_wconf 88' lang='lat' dir='ltr'>enim</span> <span class='ocrx_word' id='word_1_540' title='bbox 990 2326 1068 2354; x_wconf 84' lang='lat' dir='ltr'>Seri—</span> 
     </span>
    </p>
   </div>
   <div class='ocr_carea' id='block_1_73' title="bbox 1155 1435 1919 1476">
    <p class='ocr_par' dir='ltr' id='par_1_73' title="bbox 1155 1435 1919 1476">
     <span class='ocr_line' id='line_1_73' title="bbox 1155 1435 1919 1476; baseline -0.004 -11"><span class='ocrx_word' id='word_1_541' title='bbox 1155 1439 1199 1466; x_wconf 90' lang='grc'>17.</span> <span class='ocrx_word' id='word_1_542' title='bbox 1215 1437 1255 1465; x_wconf 82' lang='grc' dir='ltr'>Τὰ</span> <span class='ocrx_word' id='word_1_543' title='bbox 1270 1436 1299 1464; x_wconf 70' lang='grc' dir='ltr'>δὲ</span> <span class='ocrx_word' id='word_1_544' title='bbox 1313 1435 1416 1473; x_wconf 73' lang='grc' dir='ltr'>πολλὰ,</span> <span class='ocrx_word' id='word_1_545' title='bbox 1430 1437 1498 1464; x_wconf 74' lang='grc' dir='ltr'>κατὰ</span> <span class='ocrx_word' id='word_1_546' title='bbox 1520 1437 1570 1471; x_wconf 82' lang='grc' dir='ltr'>τὴν</span> <span class='ocrx_word' id='word_1_547' title='bbox 1594 1436 1748 1476; x_wconf 75' lang='grc' dir='ltr'>ἐκφώνησιν</span> <span class='ocrx_word' id='word_1_548' title='bbox 1772 1435 1919 1474; x_wconf 61' lang='grc' dir='ltr'>κεχωρισμέ-</span> 
     </span>
    </p>
   </div>
   <div class='ocr_carea' id='block_1_74' title="bbox 1121 1480 1921 1519">
    <p class='ocr_par' dir='ltr' id='par_1_74' title="bbox 1121 1480 1921 1519">
     <span class='ocr_line' id='line_1_74' title="bbox 1121 1480 1921 1519; baseline -0.004 -10"><span class='ocrx_word' id='word_1_549' title='bbox 1121 1492 1163 1516; x_wconf 74' lang='grc' dir='ltr'>να,</span> <span class='ocrx_word' id='word_1_550' title='bbox 1179 1482 1228 1516; x_wconf 78' lang='grc' dir='ltr'>τὴν</span> <span class='ocrx_word' id='word_1_551' title='bbox 1257 1481 1341 1516; x_wconf 73' lang='grc' dir='ltr'>αὐτὴν</span> <span class='ocrx_word' id='word_1_552' title='bbox 1367 1481 1425 1519; x_wconf 78' lang='grc' dir='ltr'>ἔχει</span> <span class='ocrx_word' id='word_1_553' title='bbox 1454 1481 1600 1518; x_wconf 83' lang='grc' dir='ltr'>σημασίαν,</span> <span class='ocrx_word' id='word_1_554' title='bbox 1618 1482 1655 1512; x_wconf 83' lang='grc' dir='ltr'>ὡς</span> <span class='ocrx_word' id='word_1_555' title='bbox 1678 1482 1712 1509; x_wconf 85' lang='grc' dir='ltr'>τὸ</span> <span class='ocrx_word' id='word_1_556' title='bbox 1741 1481 1780 1517; x_wconf 75' lang='grc' dir='ltr'>ὃν,</span> <span class='ocrx_word' id='word_1_557' title='bbox 1795 1480 1835 1508; x_wconf 76' lang='grc' dir='ltr'>καὶ</span> <span class='ocrx_word' id='word_1_558' title='bbox 1856 1480 1921 1516; x_wconf 78' lang='grc' dir='ltr'>μόνος</span> 
     </span>
    </p>
   </div>
   <div class='ocr_carea' id='block_1_75' title="bbox 1121 1525 1922 1563">
    <p class='ocr_par' dir='ltr' id='par_1_75' title="bbox 1121 1525 1922 1563">
     <span class='ocr_line' id='line_1_75' title="bbox 1121 1525 1922 1563; baseline -0.004 -9"><span class='ocrx_word' id='word_1_559' title='bbox 1121 1526 1251 1562; x_wconf 85' lang='grc' dir='ltr'>ἀληθινὸς</span> <span class='ocrx_word' id='word_1_560' title='bbox 1268 1526 1344 1558; x_wconf 86' lang='grc' dir='ltr'>Θεός.</span> <span class='ocrx_word' id='word_1_561' title='bbox 1361 1525 1465 1554; x_wconf 80' lang='grc' dir='ltr'>Οὐκοῦν</span> <span class='ocrx_word' id='word_1_562' title='bbox 1481 1525 1544 1553; x_wconf 75' lang='grc' dir='ltr'>οὖδὶ</span> <span class='ocrx_word' id='word_1_563' title='bbox 1559 1525 1620 1554; x_wconf 74' lang='grc' dir='ltr'>ὅταν</span> <span class='ocrx_word' id='word_1_564' title='bbox 1638 1525 1753 1563; x_wconf 70' lang='grc' dir='ltr'>λέγηται</span> <span class='ocrx_word' id='word_1_565' title='bbox 1770 1526 1864 1563; x_wconf 78' lang='grc' dir='ltr'>Πατὴρ,</span> <span class='ocrx_word' id='word_1_566' title='bbox 1877 1533 1922 1551; x_wconf 77' lang='grc' dir='ltr'>κοι-</span> 
     </span>
    </p>
   </div>
   <div class='ocr_carea' id='block_1_76' title="bbox 1120 1567 1922 1608">
    <p class='ocr_par' dir='ltr' id='par_1_76' title="bbox 1120 1567 1922 1608">
     <span class='ocr_line' id='line_1_76' title="bbox 1120 1567 1922 1608; baseline -0.002 -10"><span class='ocrx_word' id='word_1_567' title='bbox 1120 1572 1168 1606; x_wconf 76' lang='grc' dir='ltr'>νὴν</span> <span class='ocrx_word' id='word_1_568' title='bbox 1196 1570 1295 1598; x_wconf 81' lang='grc' dir='ltr'>ἐννοεῖν</span> <span class='ocrx_word' id='word_1_569' title='bbox 1325 1571 1382 1608; x_wconf 87' lang='grc' dir='ltr'>χρή</span> <span class='ocrx_word' id='word_1_570' title='bbox 1411 1571 1479 1606; x_wconf 81' lang='grc' dir='ltr'>πρὸς</span> <span class='ocrx_word' id='word_1_571' title='bbox 1494 1570 1652 1608; x_wconf 83' lang='grc' dir='ltr'>ἀνθρώπους</span> <span class='ocrx_word' id='word_1_572' title='bbox 1666 1571 1718 1605; x_wconf 83' lang='grc' dir='ltr'>τήν</span> <span class='ocrx_word' id='word_1_573' title='bbox 1744 1570 1877 1608; x_wconf 74' lang='grc' dir='ltr'>ἐνέργειαν,</span> <span class='ocrx_word' id='word_1_574' title='bbox 1890 1567 1922 1595; x_wconf 62' lang='grc' dir='ltr'>ἐπ’</span> 
     </span>
    </p>
   </div>
   <div class='ocr_carea' id='block_1_77' title="bbox 1122 1610 1922 1654">
    <p class='ocr_par' dir='ltr' id='par_1_77' title="bbox 1122 1610 1922 1654">
     <span class='ocr_line' id='line_1_77' title="bbox 1122 1610 1922 1654; baseline -0.003 -12"><span class='ocrx_word' id='word_1_575' title='bbox 1122 1616 1223 1654; x_wconf 81' lang='grc' dir='ltr'>ἀμφοῖν</span> <span class='ocrx_word' id='word_1_576' title='bbox 1249 1617 1470 1645; x_wconf 77' lang='grc' dir='ltr'>συνιπινοοῦντας</span> <span class='ocrx_word' id='word_1_577' title='bbox 1497 1615 1582 1648; x_wconf 85' lang='grc' dir='ltr'>ταύτη</span> <span class='ocrx_word' id='word_1_578' title='bbox 1612 1614 1700 1652; x_wconf 77' lang='grc' dir='ltr'>ῥεῦσιν</span> <span class='ocrx_word' id='word_1_579' title='bbox 1725 1616 1743 1650; x_wconf 73' lang='grc' dir='ltr'><strong>ἢ</strong></span> <span class='ocrx_word' id='word_1_580' title='bbox 1766 1614 1854 1648; x_wconf 77' lang='grc' dir='ltr'>πάθος,</span> <span class='ocrx_word' id='word_1_581' title='bbox 1867 1610 1922 1640; x_wconf 67' lang='grc' dir='ltr'>ἐπιί-</span> 
     </span>
    </p>
   </div>
   <div class='ocr_carea' id='block_1_78' title="bbox 1120 1656 1921 1698">
    <p class='ocr_par' dir='ltr' id='par_1_78' title="bbox 1120 1656 1921 1698">
     <span class='ocr_line' id='line_1_78' title="bbox 1120 1656 1921 1698; baseline -0.007 -10"><span class='ocrx_word' id='word_1_582' title='bbox 1120 1670 1170 1698; x_wconf 80' lang='grc' dir='ltr'>περ</span> <span class='ocrx_word' id='word_1_583' title='bbox 1186 1661 1203 1695; x_wconf 76' lang='grc' dir='ltr'>ἡ</span> <span class='ocrx_word' id='word_1_584' title='bbox 1220 1660 1267 1697; x_wconf 74' lang='grc' dir='ltr'>μὲν</span> <span class='ocrx_word' id='word_1_585' title='bbox 1284 1659 1354 1687; x_wconf 74' lang='grc' dir='ltr'>ἐστιν</span> <span class='ocrx_word' id='word_1_586' title='bbox 1369 1659 1488 1694; x_wconf 79' lang='grc' dir='ltr'>ἀπαθὴς,</span> <span class='ocrx_word' id='word_1_587' title='bbox 1503 1660 1520 1694; x_wconf 85' lang='grc' dir='ltr'><strong>ἡ</strong></span> <span class='ocrx_word' id='word_1_588' title='bbox 1538 1658 1566 1686; x_wconf 63' lang='grc' dir='ltr'>δι</span> <span class='ocrx_word' id='word_1_589' title='bbox 1583 1659 1650 1696; x_wconf 79' lang='grc' dir='ltr'>μετὰ</span> <span class='ocrx_word' id='word_1_590' title='bbox 1661 1659 1775 1690; x_wconf 78' lang='grc' dir='ltr'>πάθους.</span> <span class='ocrx_word' id='word_1_591' title='bbox 1792 1657 1855 1688; x_wconf 76' lang='grc' dir='ltr'><strong>Οὐδὲ</strong></span> <span class='ocrx_word' id='word_1_592' title='bbox 1871 1656 1921 1684; x_wconf 77' lang='grc' dir='ltr'>ὅταν</span> 
     </span>
    </p>
   </div>
   <div class='ocr_carea' id='block_1_79' title="bbox 1122 1701 1919 1742">
    <p class='ocr_par' dir='ltr' id='par_1_79' title="bbox 1122 1701 1919 1742">
     <span class='ocr_line' id='line_1_79' title="bbox 1122 1701 1919 1742; baseline -0.005 -10"><span class='ocrx_word' id='word_1_593' title='bbox 1122 1704 1235 1742; x_wconf 73' lang='grc' dir='ltr'>λέγηται</span> <span class='ocrx_word' id='word_1_594' title='bbox 1251 1705 1373 1740; x_wconf 76' lang='grc' dir='ltr'>Πνεῦμα,</span> <span class='ocrx_word' id='word_1_595' title='bbox 1388 1704 1483 1738; x_wconf 79' lang='grc' dir='ltr'>κοινὴν</span> <span class='ocrx_word' id='word_1_596' title='bbox 1499 1703 1556 1741; x_wconf 68' lang='grc' dir='ltr'>ἔχει</span> <span class='ocrx_word' id='word_1_597' title='bbox 1572 1703 1640 1741; x_wconf 86' lang='grc' dir='ltr'>πρὸς</span> <span class='ocrx_word' id='word_1_598' title='bbox 1655 1703 1688 1730; x_wconf 71' lang='grc' dir='ltr'>τὰ</span> <span class='ocrx_word' id='word_1_599' title='bbox 1703 1703 1834 1741; x_wconf 79' lang='grc' dir='ltr'>λεγόμενα</span> <span class='ocrx_word' id='word_1_600' title='bbox 1857 1701 1919 1729; x_wconf 68' lang='grc' dir='ltr'>πνεύ-</span> 
     </span>
    </p>
   </div>
   <div class='ocr_carea' id='block_1_80' title="bbox 1123 1746 1919 1786">
    <p class='ocr_par' dir='ltr' id='par_1_80' title="bbox 1123 1746 1919 1786">
     <span class='ocr_line' id='line_1_80' title="bbox 1123 1746 1919 1786; baseline 0 -11"><span class='ocrx_word' id='word_1_601' title='bbox 1123 1759 1193 1785; x_wconf 86' lang='grc' dir='ltr'>ματα</span> <span class='ocrx_word' id='word_1_602' title='bbox 1216 1749 1266 1783; x_wconf 81' lang='grc' dir='ltr'>τήν</span> <span class='ocrx_word' id='word_1_603' title='bbox 1296 1748 1385 1786; x_wconf 67' lang='grc' dir='ltr'>φύσιν.</span> <span class='ocrx_word' id='word_1_604' title='bbox 1402 1749 1444 1775; x_wconf 88' lang='grc' dir='ltr'>Ἐν</span> <span class='ocrx_word' id='word_1_605' title='bbox 1473 1751 1537 1775; x_wconf 78' lang='grc' dir='ltr'>πᾶσι</span> <span class='ocrx_word' id='word_1_606' title='bbox 1557 1746 1586 1774; x_wconf 71' lang='grc' dir='ltr'>’δὲ</span> <span class='ocrx_word' id='word_1_607' title='bbox 1599 1748 1631 1775; x_wconf 82' lang='grc' dir='ltr'>τὸ</span> <span class='ocrx_word' id='word_1_608' title='bbox 1646 1747 1779 1786; x_wconf 84' lang='grc' dir='ltr'>ἀνάλογον</span> <span class='ocrx_word' id='word_1_609' title='bbox 1793 1747 1919 1781; x_wconf 74' lang='grc' dir='ltr'>σώζοντας,</span> 
     </span>
    </p>
   </div>
   <div class='ocr_carea' id='block_1_81' title="bbox 1123 1790 1922 1830">
    <p class='ocr_par' dir='ltr' id='par_1_81' title="bbox 1123 1790 1922 1830">
     <span class='ocr_line' id='line_1_81' title="bbox 1123 1790 1922 1830; baseline -0.005 -10"><span class='ocrx_word' id='word_1_610' title='bbox 1123 1794 1192 1829; x_wconf 77' lang='grc' dir='ltr'>μήτε</span> <span class='ocrx_word' id='word_1_611' title='bbox 1218 1793 1264 1820; x_wconf 85' lang='grc' dir='ltr'>τὸν</span> <span class='ocrx_word' id='word_1_612' title='bbox 1283 1793 1345 1820; x_wconf 79' lang='grc' dir='ltr'>Υἱὸν</span> <span class='ocrx_word' id='word_1_613' title='bbox 1358 1793 1415 1830; x_wconf 86' lang='grc'>(32)</span> <span class='ocrx_word' id='word_1_614' title='bbox 1439 1791 1583 1824; x_wconf 80' lang='grc' dir='ltr'>ἀκούοντας</span> <span class='ocrx_word' id='word_1_615' title='bbox 1610 1791 1722 1829; x_wconf 81' lang='grc' dir='ltr'>ποίημα</span> <span class='ocrx_word' id='word_1_616' title='bbox 1750 1790 1922 1829; x_wconf 69' lang='grc' dir='ltr'>δυσχεραίνειν,</span> 
     </span>
    </p>
   </div>
   <div class='ocr_carea' id='block_1_82' title="bbox 1122 1835 1924 1873">
    <p class='ocr_par' dir='ltr' id='par_1_82' title="bbox 1122 1835 1924 1873">
     <span class='ocr_line' id='line_1_82' title="bbox 1122 1835 1924 1873; baseline -0.002 -9"><span class='ocrx_word' id='word_1_617' title='bbox 1122 1837 1158 1868; x_wconf 84' lang='grc' dir='ltr'>ὡς</span> <span class='ocrx_word' id='word_1_618' title='bbox 1175 1836 1422 1873; x_wconf 67' lang='grc' dir='ltr'>κοινοποιουμὲνης</span> <span class='ocrx_word' id='word_1_619' title='bbox 1438 1837 1545 1867; x_wconf 87' lang='grc' dir='ltr'>πάντως</span> <span class='ocrx_word' id='word_1_620' title='bbox 1559 1837 1603 1864; x_wconf 78' lang='grc' dir='ltr'>καὶ</span> <span class='ocrx_word' id='word_1_621' title='bbox 1618 1837 1669 1872; x_wconf 78' lang='grc' dir='ltr'>τὴς</span> <span class='ocrx_word' id='word_1_622' title='bbox 1699 1836 1791 1868; x_wconf 78' lang='grc' dir='ltr'>οὐσίας</span> <span class='ocrx_word' id='word_1_623' title='bbox 1818 1835 1863 1864; x_wconf 82' lang='grc' dir='ltr'>ὑπὸ</span> <span class='ocrx_word' id='word_1_624' title='bbox 1885 1835 1924 1867; x_wconf 77' lang='grc' dir='ltr'>τῆς</span> 
     </span>
    </p>
   </div>
   <div class='ocr_carea' id='block_1_83' title="bbox 1120 1877 1922 1919">
    <p class='ocr_par' dir='ltr' id='par_1_83' title="bbox 1120 1877 1922 1919">
     <span class='ocr_line' id='line_1_83' title="bbox 1120 1877 1922 1919; baseline -0.004 -11"><span class='ocrx_word' id='word_1_625' title='bbox 1120 1884 1173 1909; x_wconf 80' lang='grc' dir='ltr'>τῶν</span> <span class='ocrx_word' id='word_1_626' title='bbox 1200 1881 1341 1918; x_wconf 81' lang='grc' dir='ltr'>ὀνομάτων</span> <span class='ocrx_word' id='word_1_627' title='bbox 1366 1881 1521 1912; x_wconf 82' lang='grc' dir='ltr'>κοινωνίας.</span> <span class='ocrx_word' id='word_1_628' title='bbox 1545 1884 1574 1910; x_wconf 92' lang='lat' dir='ltr'>&#39;O</span> <span class='ocrx_word' id='word_1_629' title='bbox 1602 1881 1649 1918; x_wconf 72' lang='grc' dir='ltr'>μὶν</span> <span class='ocrx_word' id='word_1_630' title='bbox 1675 1882 1728 1919; x_wconf 82' lang='grc' dir='ltr'>γάρ</span> <span class='ocrx_word' id='word_1_631' title='bbox 1748 1880 1815 1908; x_wconf 79' lang='grc' dir='ltr'>ἐστιν</span> <span class='ocrx_word' id='word_1_632' title='bbox 1831 1877 1922 1917; x_wconf 78' lang='grc' dir='ltr'>ἀγεννή-</span> 
     </span>
    </p>
   </div>
   <div class='ocr_carea' id='block_1_84' title="bbox 1121 1920 1923 1963">
    <p class='ocr_par' dir='ltr' id='par_1_84' title="bbox 1121 1920 1923 1963">
     <span class='ocr_line' id='line_1_84' title="bbox 1121 1920 1923 1963; baseline 0 -10"><span class='ocrx_word' id='word_1_633' title='bbox 1121 1937 1168 1954; x_wconf 86' lang='grc' dir='ltr'>του</span> <span class='ocrx_word' id='word_1_634' title='bbox 1197 1926 1240 1954; x_wconf 77' lang='grc' dir='ltr'>καὶ</span> <span class='ocrx_word' id='word_1_635' title='bbox 1272 1926 1406 1961; x_wconf 71' lang='grc' dir='ltr'>ἀποιήτου</span> <span class='ocrx_word' id='word_1_636' title='bbox 1428 1925 1549 1963; x_wconf 69' lang='grc' dir='ltr'>γέννημα</span> <span class='ocrx_word' id='word_1_637' title='bbox 1572 1925 1616 1953; x_wconf 75' lang='grc' dir='ltr'>καὶ</span> <span class='ocrx_word' id='word_1_638' title='bbox 1640 1926 1759 1963; x_wconf 85' lang='grc' dir='ltr'>ποίημα·</span> <span class='ocrx_word' id='word_1_639' title='bbox 1775 1924 1877 1963; x_wconf 78' lang='grc' dir='ltr'>οὐρανὸς</span> <span class='ocrx_word' id='word_1_640' title='bbox 1901 1920 1923 1948; x_wconf 57' lang='grc' dir='ltr'>δῖ</span> 
     </span>
    </p>
   </div>
   <div class='ocr_carea' id='block_1_85' title="bbox 1120 1967 1922 2008">
    <p class='ocr_par' dir='ltr' id='par_1_85' title="bbox 1120 1967 1922 2008">
     <span class='ocr_line' id='line_1_85' title="bbox 1120 1967 1922 2008; baseline -0.006 -10"><span class='ocrx_word' id='word_1_641' title='bbox 1120 1971 1165 1998; x_wconf 79' lang='grc' dir='ltr'>καὶ</span> <span class='ocrx_word' id='word_1_642' title='bbox 1182 1970 1304 2008; x_wconf 77' lang='grc' dir='ltr'>ἄγγελοι,</span> <span class='ocrx_word' id='word_1_643' title='bbox 1320 1971 1365 1998; x_wconf 81' lang='grc' dir='ltr'>καὶ</span> <span class='ocrx_word' id='word_1_644' title='bbox 1379 1973 1430 1998; x_wconf 79' lang='grc' dir='ltr'>πᾶν</span> <span class='ocrx_word' id='word_1_645' title='bbox 1452 1970 1516 2007; x_wconf 77' lang='grc' dir='ltr'>ὅπερ</span> <span class='ocrx_word' id='word_1_646' title='bbox 1540 1969 1609 1998; x_wconf 70' lang='grc' dir='ltr'>ἐστίν</span> <span class='ocrx_word' id='word_1_647' title='bbox 1627 1968 1697 1998; x_wconf 74' lang='grc' dir='ltr'>ἄλλο</span> <span class='ocrx_word' id='word_1_648' title='bbox 1715 1970 1829 2006; x_wconf 85' lang='grc' dir='ltr'>ποίημα,</span> <span class='ocrx_word' id='word_1_649' title='bbox 1843 1967 1922 1996; x_wconf 72' lang='grc' dir='ltr'>τούτου</span> 
     </span>
    </p>
   </div>
   <div class='ocr_carea' id='block_1_86' title="bbox 1121 2014 1924 2052">
    <p class='ocr_par' dir='ltr' id='par_1_86' title="bbox 1121 2014 1924 2052">
     <span class='ocr_line' id='line_1_86' title="bbox 1121 2014 1924 2052; baseline -0.004 -10"><span class='ocrx_word' id='word_1_650' title='bbox 1121 2026 1169 2042; x_wconf 88' lang='grc' dir='ltr'>του</span> <span class='ocrx_word' id='word_1_651' title='bbox 1184 2014 1340 2051; x_wconf 75' lang='grc' dir='ltr'>ποιήματός</span> <span class='ocrx_word' id='word_1_652' title='bbox 1356 2014 1412 2042; x_wconf 78' lang='grc' dir='ltr'>ἐστι</span> <span class='ocrx_word' id='word_1_653' title='bbox 1427 2015 1579 2051; x_wconf 79' lang='grc' dir='ltr'>ποιήματα,</span> <span class='ocrx_word' id='word_1_654' title='bbox 1596 2015 1786 2052; x_wconf 83' lang='grc' dir='ltr'>προστάγματι</span> <span class='ocrx_word' id='word_1_655' title='bbox 1813 2015 1856 2041; x_wconf 78' lang='grc' dir='ltr'>τοῦ</span> <span class='ocrx_word' id='word_1_656' title='bbox 1880 2014 1924 2038; x_wconf 70' lang='lat' dir='ltr'>Ha-</span> 
     </span>
    </p>
   </div>
   <div class='ocr_carea' id='block_1_87' title="bbox 1120 2058 1922 2098">
    <p class='ocr_par' dir='ltr' id='par_1_87' title="bbox 1120 2058 1922 2098">
     <span class='ocr_line' id='line_1_87' title="bbox 1120 2058 1922 2098; baseline -0.002 -11"><span class='ocrx_word' id='word_1_657' title='bbox 1120 2060 1184 2098; x_wconf 85' lang='grc' dir='ltr'>τρὸς</span> <span class='ocrx_word' id='word_1_658' title='bbox 1215 2059 1249 2087; x_wconf 72' lang='grc' dir='ltr'>δι’</span> <span class='ocrx_word' id='word_1_659' title='bbox 1265 2060 1346 2087; x_wconf 77' lang='grc' dir='ltr'>αὐτοῦ</span> <span class='ocrx_word' id='word_1_660' title='bbox 1374 2059 1516 2097; x_wconf 80' lang='grc' dir='ltr'>γενόμενα.</span> <span class='ocrx_word' id='word_1_661' title='bbox 1533 2059 1609 2087; x_wconf 79' lang='grc' dir='ltr'>Οὕτω</span> <span class='ocrx_word' id='word_1_662' title='bbox 1638 2060 1687 2097; x_wconf 73' lang='grc' dir='ltr'>γάρ</span> <span class='ocrx_word' id='word_1_663' title='bbox 1704 2060 1735 2087; x_wconf 74' lang='grc' dir='ltr'>ἂν</span> <span class='ocrx_word' id='word_1_664' title='bbox 1750 2063 1809 2091; x_wconf 86' lang='grc' dir='ltr'>ταῖς</span> <span class='ocrx_word' id='word_1_665' title='bbox 1823 2058 1922 2096; x_wconf 75' lang='grc' dir='ltr'>Γραφαῖς</span> 
     </span>
    </p>
   </div>
   <div class='ocr_carea' id='block_1_88' title="bbox 1120 2099 1922 2142">
    <p class='ocr_par' dir='ltr' id='par_1_88' title="bbox 1120 2099 1922 2142">
     <span class='ocr_line' id='line_1_88' title="bbox 1120 2099 1922 2142; baseline -0.001 -11"><span class='ocrx_word' id='word_1_666' title='bbox 1120 2104 1151 2131; x_wconf 85' lang='grc' dir='ltr'>τὸ</span> <span class='ocrx_word' id='word_1_667' title='bbox 1174 2103 1299 2141; x_wconf 81' lang='grc' dir='ltr'>ἀψευδεῖν</span> <span class='ocrx_word' id='word_1_668' title='bbox 1316 2103 1490 2142; x_wconf 77' lang='grc' dir='ltr'>φυλάττοιτο,</span> <span class='ocrx_word' id='word_1_669' title='bbox 1505 2104 1614 2140; x_wconf 82' lang='grc' dir='ltr'>ποίημα</span> <span class='ocrx_word' id='word_1_670' title='bbox 1634 2104 1678 2132; x_wconf 76' lang='grc' dir='ltr'>καὶ</span> <span class='ocrx_word' id='word_1_671' title='bbox 1702 2105 1820 2142; x_wconf 70' lang='grc' dir='ltr'>γέννημα</span> <span class='ocrx_word' id='word_1_672' title='bbox 1844 2099 1922 2138; x_wconf 71' lang='grc' dir='ltr'>λεγού-</span> 
     </span>
    </p>
   </div>
   <div class='ocr_carea' id='block_1_89' title="bbox 1123 2146 1923 2186">
    <p class='ocr_par' dir='ltr' id='par_1_89' title="bbox 1123 2146 1923 2186">
     <span class='ocr_line' id='line_1_89' title="bbox 1123 2146 1923 2186; baseline -0.004 -11"><span class='ocrx_word' id='word_1_673' title='bbox 1123 2158 1181 2179; x_wconf 82' lang='grc' dir='ltr'>σαις</span> <span class='ocrx_word' id='word_1_674' title='bbox 1195 2148 1240 2175; x_wconf 84' lang='grc' dir='ltr'>τὸν</span> <span class='ocrx_word' id='word_1_675' title='bbox 1256 2149 1329 2184; x_wconf 65' lang='lat' dir='ltr'>Tios,</span> <span class='ocrx_word' id='word_1_676' title='bbox 1345 2148 1391 2175; x_wconf 83' lang='grc' dir='ltr'>καὶ</span> <span class='ocrx_word' id='word_1_677' title='bbox 1403 2150 1456 2175; x_wconf 84' lang='grc' dir='ltr'>τῶν</span> <span class='ocrx_word' id='word_1_678' title='bbox 1475 2148 1648 2185; x_wconf 83' lang='grc' dir='ltr'>ὑγιαινόντων</span> <span class='ocrx_word' id='word_1_679' title='bbox 1673 2150 1757 2186; x_wconf 78' lang='grc' dir='ltr'>ἡμεῖς</span> <span class='ocrx_word' id='word_1_680' title='bbox 1777 2148 1824 2176; x_wconf 77' lang='grc' dir='ltr'>οὐκ</span> <span class='ocrx_word' id='word_1_681' title='bbox 1842 2146 1923 2178; x_wconf 74' lang='grc' dir='ltr'>ἔκστη-</span> 
     </span>
    </p>
   </div>
   <div class='ocr_carea' id='block_1_90' title="bbox 1123 2192 1924 2230">
    <p class='ocr_par' dir='ltr' id='par_1_90' title="bbox 1123 2192 1924 2230">
     <span class='ocr_line' id='line_1_90' title="bbox 1123 2192 1924 2230; baseline -0.004 -11"><span class='ocrx_word' id='word_1_682' title='bbox 1123 2192 1224 2228; x_wconf 82' lang='grc' dir='ltr'>σόμεθα</span> <span class='ocrx_word' id='word_1_683' title='bbox 1239 2192 1390 2230; x_wconf 81' lang='grc' dir='ltr'>λογισμῶν,</span> <span class='ocrx_word' id='word_1_684' title='bbox 1409 2194 1478 2229; x_wconf 77' lang='grc' dir='ltr'>μήτε</span> <span class='ocrx_word' id='word_1_685' title='bbox 1492 2193 1560 2230; x_wconf 75' lang='grc' dir='ltr'>μὲρη</span> <span class='ocrx_word' id='word_1_686' title='bbox 1590 2196 1630 2229; x_wconf 79' lang='grc' dir='ltr'>τῷ</span> <span class='ocrx_word' id='word_1_687' title='bbox 1656 2195 1716 2229; x_wconf 87' lang='grc' dir='ltr'>Θεῷ</span> <span class='ocrx_word' id='word_1_688' title='bbox 1743 2192 1924 2230; x_wconf 75' lang='grc' dir='ltr'>περιάπτοντες,</span> 
     </span>
    </p>
   </div>
   <div class='ocr_carea' id='block_1_91' title="bbox 1126 2233 1924 2275">
    <p class='ocr_par' dir='ltr' id='par_1_91' title="bbox 1126 2233 1924 2275">
     <span class='ocr_line' id='line_1_91' title="bbox 1126 2233 1924 2275; baseline -0.004 -11"><span class='ocrx_word' id='word_1_689' title='bbox 1126 2238 1195 2273; x_wconf 79' lang='grc' dir='ltr'>μήτε</span> <span class='ocrx_word' id='word_1_690' title='bbox 1212 2237 1265 2273; x_wconf 79' lang='grc' dir='ltr'>μὴν</span> <span class='ocrx_word' id='word_1_691' title='bbox 1282 2237 1353 2275; x_wconf 86' lang='grc' dir='ltr'>πρὸσ</span> <span class='ocrx_word' id='word_1_692' title='bbox 1369 2237 1418 2273; x_wconf 73' lang='grc' dir='ltr'>μὲν</span> <span class='ocrx_word' id='word_1_693' title='bbox 1438 2236 1562 2275; x_wconf 72' lang='grc' dir='ltr'>γέννησιν</span> <span class='ocrx_word' id='word_1_694' title='bbox 1578 2238 1626 2272; x_wconf 81' lang='grc' dir='ltr'>τὴν</span> <span class='ocrx_word' id='word_1_695' title='bbox 1658 2236 1728 2265; x_wconf 72' lang='grc' dir='ltr'>ῗδίαν</span> <span class='ocrx_word' id='word_1_696' title='bbox 1759 2236 1856 2269; x_wconf 76' lang='grc' dir='ltr'>οὐσίαν,</span> <span class='ocrx_word' id='word_1_697' title='bbox 1870 2233 1924 2271; x_wconf 79' lang='grc' dir='ltr'>πρὸς</span> 
     </span>
    </p>
   </div>
   <div class='ocr_carea' id='block_1_92' title="bbox 1125 2278 1924 2317">
    <p class='ocr_par' dir='ltr' id='par_1_92' title="bbox 1125 2278 1924 2317">
     <span class='ocr_line' id='line_1_92' title="bbox 1125 2278 1924 2317; baseline -0.004 -9"><span class='ocrx_word' id='word_1_698' title='bbox 1125 2280 1153 2308; x_wconf 75' lang='grc' dir='ltr'>δὲ</span> <span class='ocrx_word' id='word_1_699' title='bbox 1167 2281 1254 2308; x_wconf 76' lang='grc' dir='ltr'>κτίσιν</span> <span class='ocrx_word' id='word_1_700' title='bbox 1271 2280 1339 2316; x_wconf 84' lang='grc' dir='ltr'>ὕλην</span> <span class='ocrx_word' id='word_1_701' title='bbox 1357 2279 1572 2316; x_wconf 74' lang='grc' dir='ltr'>ὑποϐάλλοντας,</span> <span class='ocrx_word' id='word_1_702' title='bbox 1591 2281 1617 2317; x_wconf 77' lang='grc' dir='ltr'>ἐξ</span> <span class='ocrx_word' id='word_1_703' title='bbox 1633 2282 1669 2308; x_wconf 86' lang='grc' dir='ltr'>ὧν</span> <span class='ocrx_word' id='word_1_704' title='bbox 1686 2282 1705 2317; x_wconf 78' lang='grc' dir='ltr'>ἠ</span> <span class='ocrx_word' id='word_1_705' title='bbox 1721 2284 1775 2309; x_wconf 82' lang='grc' dir='ltr'>τῶν</span> <span class='ocrx_word' id='word_1_706' title='bbox 1805 2278 1924 2315; x_wconf 80' lang='grc' dir='ltr'>ὀνομάτων</span> 
     </span>
    </p>
   </div>
   <div class='ocr_carea' id='block_1_93' title="bbox 1125 2324 1514 2365">
    <p class='ocr_par' dir='ltr' id='par_1_93' title="bbox 1125 2324 1514 2365">
     <span class='ocr_line' id='line_1_93' title="bbox 1125 2324 1514 2365; baseline 0 -12"><span class='ocrx_word' id='word_1_707' title='bbox 1125 2324 1240 2363; x_wconf 81' lang='grc' dir='ltr'>διαφορᾶ</span> <span class='ocrx_word' id='word_1_708' title='bbox 1254 2326 1372 2364; x_wconf 79' lang='grc' dir='ltr'>γίνεσθαι</span> <span class='ocrx_word' id='word_1_709' title='bbox 1388 2326 1514 2365; x_wconf 69' lang='grc' dir='ltr'>πέφυκεν.</span> 
     </span>
    </p>
   </div>
   <div class='ocr_carea' id='block_1_94' title="bbox 244 2366 1927 2408">
    <p class='ocr_par' dir='ltr' id='par_1_94' title="bbox 244 2366 1927 2408">
     <span class='ocr_line' id='line_1_94' title="bbox 244 2366 1927 2408; baseline -0.002 -12"><span class='ocrx_word' id='word_1_710' title='bbox 244 2370 339 2406; x_wconf 89' lang='lat' dir='ltr'>pturis</span> <span class='ocrx_word' id='word_1_711' title='bbox 355 2378 410 2397; x_wconf 85' lang='lat' dir='ltr'>sua</span> <span class='ocrx_word' id='word_1_712' title='bbox 423 2369 569 2397; x_wconf 85' lang='lat' dir='ltr'>constabit</span> <span class='ocrx_word' id='word_1_713' title='bbox 582 2369 700 2405; x_wconf 83' lang='lat' dir='ltr'>veritas,</span> <span class='ocrx_word' id='word_1_714' title='bbox 716 2372 744 2397; x_wconf 86' lang='lat' dir='ltr'>et</span> <span class='ocrx_word' id='word_1_715' title='bbox 757 2369 827 2405; x_wconf 64' lang='lat' dir='ltr'>ipsa:</span> <span class='ocrx_word' id='word_1_716' title='bbox 844 2370 879 2397; x_wconf 87' lang='lat' dir='ltr'>ab</span> <span class='ocrx_word' id='word_1_717' title='bbox 895 2370 974 2398; x_wconf 86' lang='lat' dir='ltr'>omni</span> <span class='ocrx_word' id='word_1_718' title='bbox 999 2370 1152 2398; x_wconf 88' lang='lat' dir='ltr'>mendacio</span> <span class='ocrx_word' id='word_1_719' title='bbox 1174 2374 1261 2399; x_wconf 58' lang='lat' dir='ltr'>sartae</span> <span class='ocrx_word' id='word_1_720' title='bbox 1283 2374 1365 2399; x_wconf 70' lang='lat' dir='ltr'>tectas</span> <span class='ocrx_word' id='word_1_721' title='bbox 1381 2371 1546 2399; x_wconf 87' lang='lat' dir='ltr'>conservari</span> <span class='ocrx_word' id='word_1_722' title='bbox 1568 2373 1715 2408; x_wconf 87' lang='lat' dir='ltr'>poterunt,</span> <span class='ocrx_word' id='word_1_723' title='bbox 1732 2379 1798 2399; x_wconf 89' lang='lat' dir='ltr'>cum</span> <span class='ocrx_word' id='word_1_724' title='bbox 1812 2366 1927 2398; x_wconf 85' lang='lat' dir='ltr'>videlicet</span> 
     </span>
    </p>
   </div>
   <div class='ocr_carea' id='block_1_95' title="bbox 243 2410 1926 2452">
    <p class='ocr_par' dir='ltr' id='par_1_95' title="bbox 243 2410 1926 2452">
     <span class='ocr_line' id='line_1_95' title="bbox 243 2410 1926 2452; baseline -0.001 -11"><span class='ocrx_word' id='word_1_725' title='bbox 243 2414 302 2441; x_wconf 75' lang='lat' dir='ltr'>illae</span> <span class='ocrx_word' id='word_1_726' title='bbox 316 2413 352 2441; x_wconf 89' lang='lat' dir='ltr'>de</span> <span class='ocrx_word' id='word_1_727' title='bbox 367 2413 437 2441; x_wconf 87' lang='lat' dir='ltr'>Filio</span> <span class='ocrx_word' id='word_1_728' title='bbox 453 2415 652 2449; x_wconf 88' lang='lat' dir='ltr'>pronuntient,</span> <span class='ocrx_word' id='word_1_729' title='bbox 669 2415 746 2449; x_wconf 91' lang='lat' dir='ltr'>quod</span> <span class='ocrx_word' id='word_1_730' title='bbox 770 2414 882 2442; x_wconf 83' lang='lat' dir='ltr'>factura</span> <span class='ocrx_word' id='word_1_731' title='bbox 896 2415 935 2442; x_wconf 88' lang='lat' dir='ltr'>sit</span> <span class='ocrx_word' id='word_1_732' title='bbox 947 2418 976 2442; x_wconf 88' lang='lat' dir='ltr'>et</span> <span class='ocrx_word' id='word_1_733' title='bbox 989 2414 1136 2451; x_wconf 85' lang='lat' dir='ltr'>genimem</span> <span class='ocrx_word' id='word_1_734' title='bbox 1154 2424 1160 2442; x_wconf 90' lang='lat'><strong>:</strong></span> <span class='ocrx_word' id='word_1_735' title='bbox 1178 2418 1378 2451; x_wconf 69' lang='lat' dir='ltr'>praetereaque</span> <span class='ocrx_word' id='word_1_736' title='bbox 1405 2415 1459 2444; x_wconf 90' lang='lat' dir='ltr'>hoc</span> <span class='ocrx_word' id='word_1_737' title='bbox 1483 2419 1568 2452; x_wconf 85' lang='lat' dir='ltr'>pacto</span> <span class='ocrx_word' id='word_1_738' title='bbox 1584 2425 1600 2444; x_wconf 89' lang='lat' dir='ltr'>a</span> <span class='ocrx_word' id='word_1_739' title='bbox 1615 2416 1695 2444; x_wconf 89' lang='lat' dir='ltr'>sanis</span> <span class='ocrx_word' id='word_1_740' title='bbox 1719 2410 1926 2444; x_wconf 82' lang='lat' dir='ltr'>ratiocinationi-</span> 
     </span>
    </p>
   </div>
   <div class='ocr_carea' id='block_1_96' title="bbox 244 2459 1924 2497">
    <p class='ocr_par' dir='ltr' id='par_1_96' title="bbox 244 2459 1924 2497">
     <span class='ocr_line' id='line_1_96' title="bbox 244 2459 1924 2497; baseline -0.001 -10"><span class='ocrx_word' id='word_1_741' title='bbox 244 2459 300 2487; x_wconf 89' lang='lat' dir='ltr'>bus</span> <span class='ocrx_word' id='word_1_742' title='bbox 316 2467 374 2487; x_wconf 90' lang='lat' dir='ltr'>non</span> <span class='ocrx_word' id='word_1_743' title='bbox 394 2459 592 2494; x_wconf 84' lang='lat' dir='ltr'>deﬂectemus,</span> <span class='ocrx_word' id='word_1_744' title='bbox 609 2460 678 2487; x_wconf 90' lang='lat' dir='ltr'>dum</span> <span class='ocrx_word' id='word_1_745' title='bbox 693 2460 829 2488; x_wconf 89' lang='lat' dir='ltr'>videlicet</span> <span class='ocrx_word' id='word_1_746' title='bbox 843 2468 938 2496; x_wconf 90' lang='lat' dir='ltr'>neque</span> <span class='ocrx_word' id='word_1_747' title='bbox 962 2459 1037 2487; x_wconf 86' lang='lat' dir='ltr'>ullas</span> <span class='ocrx_word' id='word_1_748' title='bbox 1053 2460 1111 2488; x_wconf 89' lang='lat' dir='ltr'>Deo</span> <span class='ocrx_word' id='word_1_749' title='bbox 1127 2463 1224 2496; x_wconf 87' lang='lat' dir='ltr'>partes</span> <span class='ocrx_word' id='word_1_750' title='bbox 1249 2461 1453 2493; x_wconf 87' lang='lat' dir='ltr'>attribuimus,</span> <span class='ocrx_word' id='word_1_751' title='bbox 1470 2469 1564 2497; x_wconf 87' lang='lat' dir='ltr'>neque</span> <span class='ocrx_word' id='word_1_752' title='bbox 1587 2461 1644 2497; x_wconf 89' lang='lat' dir='ltr'>ipsi</span> <span class='ocrx_word' id='word_1_753' title='bbox 1669 2462 1705 2489; x_wconf 91' lang='lat' dir='ltr'>ad</span> <span class='ocrx_word' id='word_1_754' title='bbox 1729 2459 1924 2497; x_wconf 79' lang='lat' dir='ltr'>generationem</span> 
     </span>
    </p>
   </div>
   <div class='ocr_carea' id='block_1_97' title="bbox 242 2500 1926 2540">
    <p class='ocr_par' dir='ltr' id='par_1_97' title="bbox 242 2500 1926 2540">
     <span class='ocr_line' id='line_1_97' title="bbox 242 2500 1926 2540; baseline -0.002 -9"><span class='ocrx_word' id='word_1_755' title='bbox 242 2503 392 2540; x_wconf 88' lang='lat' dir='ltr'>propriam</span> <span class='ocrx_word' id='word_1_756' title='bbox 416 2503 584 2539; x_wconf 86' lang='lat' dir='ltr'>essentiam,</span> <span class='ocrx_word' id='word_1_757' title='bbox 609 2505 644 2532; x_wconf 84' lang='lat' dir='ltr'>ad</span> <span class='ocrx_word' id='word_1_758' title='bbox 669 2505 846 2533; x_wconf 85' lang='lat' dir='ltr'>creationem</span> <span class='ocrx_word' id='word_1_759' title='bbox 864 2513 931 2532; x_wconf 91' lang='lat' dir='ltr'>vero</span> <span class='ocrx_word' id='word_1_760' title='bbox 956 2505 1109 2532; x_wconf 86' lang='lat' dir='ltr'>materiam</span> <span class='ocrx_word' id='word_1_761' title='bbox 1135 2505 1323 2540; x_wconf 86' lang='lat' dir='ltr'>subjicimus,</span> <span class='ocrx_word' id='word_1_762' title='bbox 1341 2505 1420 2534; x_wconf 88' lang='lat' dir='ltr'>unde</span> <span class='ocrx_word' id='word_1_763' title='bbox 1443 2505 1566 2534; x_wconf 82' lang='lat' dir='ltr'>existere</span> <span class='ocrx_word' id='word_1_764' title='bbox 1591 2505 1665 2534; x_wconf 83' lang='lat' dir='ltr'>solet</span> <span class='ocrx_word' id='word_1_765' title='bbox 1687 2505 1837 2534; x_wconf 88' lang='lat' dir='ltr'>nominum</span> <span class='ocrx_word' id='word_1_766' title='bbox 1858 2500 1926 2529; x_wconf 77' lang='lat' dir='ltr'>dilic-</span> 
     </span>
    </p>
   </div>
   <div class='ocr_carea' id='block_1_98' title="bbox 241 2549 346 2577">
    <p class='ocr_par' dir='ltr' id='par_1_98' title="bbox 241 2549 346 2577">
     <span class='ocr_line' id='line_1_98' title="bbox 241 2549 346 2577; baseline 0.01 -1"><span class='ocrx_word' id='word_1_767' title='bbox 241 2549 346 2577; x_wconf 85' lang='lat' dir='ltr'>rentia.</span> 
     </span>
    </p>
   </div>
   <div class='ocr_carea' id='block_1_99' title="bbox 278 2593 1067 2630">
    <p class='ocr_par' dir='ltr' id='par_1_99' title="bbox 278 2593 1067 2630">
     <span class='ocr_line' id='line_1_99' title="bbox 278 2593 1067 2630; baseline -0.001 -8"><span class='ocrx_word' id='word_1_768' title='bbox 278 2594 320 2622; x_wconf 86' lang='grc'>18.</span> <span class='ocrx_word' id='word_1_769' title='bbox 337 2593 365 2621; x_wconf 89' lang='lat' dir='ltr'>Si</span> <span class='ocrx_word' id='word_1_770' title='bbox 381 2602 449 2622; x_wconf 89' lang='lat' dir='ltr'>vero</span> <span class='ocrx_word' id='word_1_771' title='bbox 477 2594 561 2628; x_wconf 83' lang='lat' dir='ltr'>Deus,</span> <span class='ocrx_word' id='word_1_772' title='bbox 588 2601 683 2630; x_wconf 85' lang='lat' dir='ltr'>neque</span> <span class='ocrx_word' id='word_1_773' title='bbox 706 2594 777 2621; x_wconf 87' lang='lat' dir='ltr'>dum</span> <span class='ocrx_word' id='word_1_774' title='bbox 802 2596 931 2629; x_wconf 83' lang='lat' dir='ltr'>generat,</span> <span class='ocrx_word' id='word_1_775' title='bbox 947 2594 983 2621; x_wconf 91' lang='lat' dir='ltr'>de</span> <span class='ocrx_word' id='word_1_776' title='bbox 999 2602 1067 2629; x_wconf 88' lang='lat' dir='ltr'>pro-</span> 
     </span>
    </p>
   </div>
   <div class='ocr_carea' id='block_1_100' title="bbox 240 2637 1066 2675">
    <p class='ocr_par' dir='ltr' id='par_1_100' title="bbox 240 2637 1066 2675">
     <span class='ocr_line' id='line_1_100' title="bbox 240 2637 1066 2675; baseline -0.001 -9"><span class='ocrx_word' id='word_1_777' title='bbox 240 2639 306 2674; x_wconf 83' lang='lat' dir='ltr'>pria</span> <span class='ocrx_word' id='word_1_778' title='bbox 314 2647 368 2667; x_wconf 87' lang='lat' dir='ltr'>sua</span> <span class='ocrx_word' id='word_1_779' title='bbox 376 2641 483 2667; x_wconf 87' lang='lat' dir='ltr'>natura</span> <span class='ocrx_word' id='word_1_780' title='bbox 493 2638 592 2675; x_wconf 84' lang='lat' dir='ltr'>genito</span> <span class='ocrx_word' id='word_1_781' title='bbox 599 2638 759 2674; x_wconf 85' lang='lat' dir='ltr'>quidquam</span> <span class='ocrx_word' id='word_1_782' title='bbox 772 2637 903 2674; x_wconf 88' lang='lat' dir='ltr'>impertit</span> <span class='ocrx_word' id='word_1_783' title='bbox 914 2637 1066 2665; x_wconf 90' lang='lat' dir='ltr'>hominum</span> 
     </span>
    </p>
   </div>
   <div class='ocr_carea' id='block_1_101' title="bbox 243 2682 1068 2720">
    <p class='ocr_par' dir='ltr' id='par_1_101' title="bbox 243 2682 1068 2720">
     <span class='ocr_line' id='line_1_101' title="bbox 243 2682 1068 2720; baseline 0.001 -10"><span class='ocrx_word' id='word_1_784' title='bbox 243 2691 334 2718; x_wconf 91' lang='lat' dir='ltr'>more,</span> <span class='ocrx_word' id='word_1_785' title='bbox 351 2684 500 2720; x_wconf 84' lang='lat' dir='ltr'>ingenitus</span> <span class='ocrx_word' id='word_1_786' title='bbox 514 2683 593 2711; x_wconf 89' lang='lat' dir='ltr'>enim</span> <span class='ocrx_word' id='word_1_787' title='bbox 614 2685 659 2711; x_wconf 88' lang='lat' dir='ltr'>est</span> <span class='ocrx_word' id='word_1_788' title='bbox 677 2691 683 2709; x_wconf 92' lang='lat'><strong>:</strong></span> <span class='ocrx_word' id='word_1_789' title='bbox 701 2690 795 2718; x_wconf 89' lang='lat' dir='ltr'>neque</span> <span class='ocrx_word' id='word_1_790' title='bbox 816 2682 886 2710; x_wconf 88' lang='lat' dir='ltr'>dum</span> <span class='ocrx_word' id='word_1_791' title='bbox 903 2684 990 2716; x_wconf 87' lang='lat' dir='ltr'>creat,</span> <span class='ocrx_word' id='word_1_792' title='bbox 1007 2690 1068 2711; x_wconf 85' lang='lat' dir='ltr'>ma-</span> 
     </span>
    </p>
   </div>
   <div class='ocr_carea' id='block_1_102' title="bbox 279 2791 677 2861">
    <p class='ocr_par' dir='ltr' id='par_1_102' title="bbox 279 2791 677 2861">
     <span class='ocr_line' id='line_1_102' title="bbox 279 2791 677 2861; baseline 0 -43"><span class='ocrx_word' id='word_1_793' title='bbox 279 2791 333 2861; x_wconf 42' lang='lat'>}30)</span> <span class='ocrx_word' id='word_1_794' title='bbox 350 2791 437 2819; x_wconf 88' lang='lat' dir='ltr'>Basil.</span> <span class='ocrx_word' id='word_1_795' title='bbox 454 2799 521 2827; x_wconf 86' lang='lat' dir='ltr'>pag.</span> <span class='ocrx_word' id='word_1_796' title='bbox 538 2791 600 2824; x_wconf 84' lang='lat'>255,</span> <span class='ocrx_word' id='word_1_797' title='bbox 615 2791 677 2818; x_wconf 84' lang='lat'>256.</span> 
     </span>
     <span class='ocr_line' id='line_1_103' title="bbox 291 2827 672 2861; baseline 0 -7"><span class='ocrx_word' id='word_1_798' title='bbox 291 2827 334 2861; x_wconf 88' lang='grc'>31)</span> <span class='ocrx_word' id='word_1_799' title='bbox 350 2827 476 2854; x_wconf 86' lang='lat' dir='ltr'>Basilius</span> <span class='ocrx_word' id='word_1_800' title='bbox 491 2827 594 2861; x_wconf 83' lang='lat' dir='ltr'>p.257,</span> <span class='ocrx_word' id='word_1_801' title='bbox 610 2827 672 2854; x_wconf 80' lang='lat'>259.</span> 
     </span>
    </p>
   </div>
   <div class='ocr_carea' id='block_1_103' title="bbox 291 2827 672 2862">
    <p class='ocr_par' dir='ltr' id='par_1_103' title="bbox 291 2827 672 2862">
     <span class='ocr_line' id='line_1_104' title="bbox 291 2827 672 2862; baseline 0 -8"><span class='ocrx_word' id='word_1_802' title='bbox 291 2827 334 2861; x_wconf 88' lang='grc'>31)</span> <span class='ocrx_word' id='word_1_803' title='bbox 350 2827 476 2854; x_wconf 86' lang='lat' dir='ltr'>Basilius</span> <span class='ocrx_word' id='word_1_804' title='bbox 491 2827 594 2862; x_wconf 83' lang='lat' dir='ltr'>p.257,</span> <span class='ocrx_word' id='word_1_805' title='bbox 610 2827 672 2854; x_wconf 80' lang='lat'>259.</span> 
     </span>
    </p>
   </div>
   <div class='ocr_carea' id='block_1_104' title="bbox 1160 2590 1925 2631">
    <p class='ocr_par' dir='ltr' id='par_1_104' title="bbox 1160 2590 1925 2631">
     <span class='ocr_line' id='line_1_105' title="bbox 1160 2590 1925 2631; baseline -0.005 -9"><span class='ocrx_word' id='word_1_806' title='bbox 1160 2594 1202 2622; x_wconf 87' lang='grc'>18.</span> <span class='ocrx_word' id='word_1_807' title='bbox 1220 2593 1250 2621; x_wconf 78' lang='lat' dir='ltr'>Ei</span> <span class='ocrx_word' id='word_1_808' title='bbox 1268 2592 1296 2620; x_wconf 71' lang='grc' dir='ltr'>δὲ</span> <span class='ocrx_word' id='word_1_809' title='bbox 1313 2593 1383 2630; x_wconf 80' lang='grc' dir='ltr'>μήτε</span> <span class='ocrx_word' id='word_1_810' title='bbox 1396 2595 1494 2631; x_wconf 84' lang='grc' dir='ltr'>γεννῶν</span> <span class='ocrx_word' id='word_1_811' title='bbox 1511 2594 1525 2621; x_wconf 81' lang='grc' dir='ltr'>ὁ</span> <span class='ocrx_word' id='word_1_812' title='bbox 1541 2594 1606 2625; x_wconf 80' lang='grc' dir='ltr'>Θεὸς</span> <span class='ocrx_word' id='word_1_813' title='bbox 1619 2596 1669 2628; x_wconf 82' lang='grc' dir='ltr'>τῆς</span> <span class='ocrx_word' id='word_1_814' title='bbox 1699 2593 1799 2624; x_wconf 81' lang='grc' dir='ltr'>οίκιίας</span> <span class='ocrx_word' id='word_1_815' title='bbox 1821 2590 1857 2627; x_wconf 86' lang='grc' dir='ltr'>τῷ</span> <span class='ocrx_word' id='word_1_816' title='bbox 1876 2597 1925 2625; x_wconf 84' lang='grc' dir='ltr'>γεν·</span> 
     </span>
    </p>
   </div>
   <div class='ocr_carea' id='block_1_105' title="bbox 1122 2635 1924 2676">
    <p class='ocr_par' dir='ltr' id='par_1_105' title="bbox 1122 2635 1924 2676">
     <span class='ocr_line' id='line_1_106' title="bbox 1122 2635 1924 2676; baseline -0.005 -11"><span class='ocrx_word' id='word_1_817' title='bbox 1122 2637 1235 2674; x_wconf 77' lang='grc' dir='ltr'>νωμὲνῳ</span> <span class='ocrx_word' id='word_1_818' title='bbox 1265 2637 1429 2675; x_wconf 79' lang='grc' dir='ltr'>μεταδίδωσι</span> <span class='ocrx_word' id='word_1_819' title='bbox 1456 2637 1561 2676; x_wconf 79' lang='grc' dir='ltr'>φύσεως</span> <span class='ocrx_word' id='word_1_820' title='bbox 1589 2638 1656 2666; x_wconf 81' lang='grc' dir='ltr'>κατά</span> <span class='ocrx_word' id='word_1_821' title='bbox 1683 2637 1747 2669; x_wconf 83' lang='grc' dir='ltr'>τοὺς</span> <span class='ocrx_word' id='word_1_822' title='bbox 1775 2635 1924 2673; x_wconf 80' lang='grc' dir='ltr'>ἀνθρώπους,</span> 
     </span>
    </p>
   </div>
   <div class='ocr_carea' id='block_1_106' title="bbox 1124 2681 1925 2721">
    <p class='ocr_par' dir='ltr' id='par_1_106' title="bbox 1124 2681 1925 2721">
     <span class='ocr_line' id='line_1_107' title="bbox 1124 2681 1925 2721; baseline -0.006 -11"><span class='ocrx_word' id='word_1_823' title='bbox 1124 2683 1269 2720; x_wconf 79' lang='grc' dir='ltr'>ἀγὲννητος</span> <span class='ocrx_word' id='word_1_824' title='bbox 1298 2683 1361 2721; x_wconf 89' lang='grc' dir='ltr'>γάρ·</span> <span class='ocrx_word' id='word_1_825' title='bbox 1380 2681 1451 2719; x_wconf 74' lang='grc' dir='ltr'>μηδὶ</span> <span class='ocrx_word' id='word_1_826' title='bbox 1479 2682 1576 2718; x_wconf 78' lang='grc' dir='ltr'>κτίζων</span> <span class='ocrx_word' id='word_1_827' title='bbox 1606 2682 1675 2719; x_wconf 77' lang='grc' dir='ltr'>ὕλης</span> <span class='ocrx_word' id='word_1_828' title='bbox 1700 2681 1829 2710; x_wconf 71' lang='grc' dir='ltr'>ἐπιδεῖταί</span> <span class='ocrx_word' id='word_1_829' title='bbox 1854 2686 1925 2709; x_wconf 76' lang='grc' dir='ltr'>τινος,</span> 
     </span>
    </p>
   </div>
   <div class='ocr_carea' id='block_1_107' title="bbox 1157 2791 1512 2828">
    <p class='ocr_par' dir='ltr' id='par_1_107' title="bbox 1157 2791 1512 2828">
     <span class='ocr_line' id='line_1_108' title="bbox 1157 2791 1512 2828; baseline 0.006 -10"><span class='ocrx_word' id='word_1_830' title='bbox 1157 2791 1213 2827; x_wconf 77' lang='grc'>(32)</span> <span class='ocrx_word' id='word_1_831' title='bbox 1229 2791 1354 2820; x_wconf 88' lang='lat' dir='ltr'>Basilius</span> <span class='ocrx_word' id='word_1_832' title='bbox 1369 2800 1434 2828; x_wconf 78' lang='lat' dir='ltr'>pag.</span> <span class='ocrx_word' id='word_1_833' title='bbox 1448 2791 1512 2820; x_wconf 76' lang='grc'>261.</span> 
     </span>
    </p>
   </div>
  </div>
