  <div class='ocr_page' id='page_1' title='image "/cluster/home/n/w/nwhite01/storage/ocr_20150623/30/njp.32101013202591/440.png"; bbox 0 0 2011 3142; ppageno 0'>
   <div class='ocr_carea' id='block_1_1' title="bbox 106 174 168 204">
    <p class='ocr_par' dir='ltr' id='par_1_1' title="bbox 106 174 168 204">
     <span class='ocr_line' id='line_1_1' title="bbox 106 174 168 204; baseline 0 0"><span class='ocrx_word' id='word_1_1' title='bbox 106 174 168 204; x_wconf 82' lang='lat'>853</span> 
     </span>
    </p>
   </div>
   <div class='ocr_carea' id='block_1_2' title="bbox 642 175 1278 207">
    <p class='ocr_par' dir='ltr' id='par_1_2' title="bbox 642 175 1278 207">
     <span class='ocr_line' id='line_1_2' title="bbox 642 175 1278 207; baseline -0.002 0"><span class='ocrx_word' id='word_1_2' title='bbox 642 175 808 207; x_wconf 82' lang='lat' dir='ltr'>EUNOMII</span> <span class='ocrx_word' id='word_1_3' title='bbox 831 175 948 206; x_wconf 78' lang='lat' dir='ltr'>LIBER</span> <span class='ocrx_word' id='word_1_4' title='bbox 968 175 1278 206; x_wconf 79' lang='lat' dir='ltr'>APOLOGETIGUS.</span> 
     </span>
    </p>
   </div>
   <div class='ocr_carea' id='block_1_3' title="bbox 1755 173 1816 203">
    <p class='ocr_par' dir='ltr' id='par_1_3' title="bbox 1755 173 1816 203">
     <span class='ocr_line' id='line_1_3' title="bbox 1755 173 1816 203; baseline -0.033 0"><span class='ocrx_word' id='word_1_5' title='bbox 1755 173 1816 203; x_wconf 64' lang='lat'>854</span> 
     </span>
    </p>
   </div>
   <div class='ocr_carea' id='block_1_4' title="bbox 106 237 926 277">
    <p class='ocr_par' dir='ltr' id='par_1_4' title="bbox 106 238 926 277">
     <span class='ocr_line' id='line_1_4' title="bbox 106 238 926 277; baseline -0.001 -10"><span class='ocrx_word' id='word_1_6' title='bbox 106 238 262 277; x_wconf 74' lang='grc' dir='ltr'>ἀπροσδιὴς</span> <span class='ocrx_word' id='word_1_7' title='bbox 277 239 314 267; x_wconf 81' lang='grc' dir='ltr'>ὥν</span> <span class='ocrx_word' id='word_1_8' title='bbox 329 241 374 267; x_wconf 76' lang='grc' dir='ltr'>καὶ</span> <span class='ocrx_word' id='word_1_9' title='bbox 403 239 527 272; x_wconf 81' lang='grc' dir='ltr'>δυνατός·</span> <span class='ocrx_word' id='word_1_10' title='bbox 558 238 706 277; x_wconf 72' lang='grc' dir='ltr'>ἀλόγιστος</span> <span class='ocrx_word' id='word_1_11' title='bbox 730 241 899 268; x_wconf 78' lang='grc' dir='ltr'>παντάπασιν</span> <span class='ocrx_word' id='word_1_12' title='bbox 915 241 926 266; x_wconf 79' lang='grc'>-1</span> 
     </span>
    </p>
   </div>
   <div class='ocr_carea' id='block_1_5' title="bbox 982 237 1815 277">
    <p class='ocr_par' dir='ltr' id='par_1_5' title="bbox 989 237 1815 277">
     <span class='ocr_line' id='line_1_5' title="bbox 989 237 1815 277; baseline -0.004 -9"><span class='ocrx_word' id='word_1_13' title='bbox 989 241 1063 268; x_wconf 85' lang='lat' dir='ltr'>teria</span> <span class='ocrx_word' id='word_1_14' title='bbox 1084 241 1205 277; x_wconf 80' lang='lat' dir='ltr'>indiget,</span> <span class='ocrx_word' id='word_1_15' title='bbox 1224 243 1324 277; x_wconf 81' lang='lat' dir='ltr'>utpote</span> <span class='ocrx_word' id='word_1_16' title='bbox 1349 239 1398 276; x_wconf 90' lang='lat' dir='ltr'>qui</span> <span class='ocrx_word' id='word_1_17' title='bbox 1424 239 1504 267; x_wconf 88' lang='lat' dir='ltr'>nulla</span> <span class='ocrx_word' id='word_1_18' title='bbox 1526 247 1556 266; x_wconf 86' lang='lat' dir='ltr'>re</span> <span class='ocrx_word' id='word_1_19' title='bbox 1571 246 1646 274; x_wconf 90' lang='lat' dir='ltr'>opus</span> <span class='ocrx_word' id='word_1_20' title='bbox 1670 237 1770 271; x_wconf 87' lang='lat' dir='ltr'>habet,</span> <span class='ocrx_word' id='word_1_21' title='bbox 1786 240 1815 266; x_wconf 89' lang='lat' dir='ltr'>et</span> 
     </span>
    </p>
   </div>
   <div class='ocr_carea' id='block_1_6' title="bbox 106 283 933 323">
    <p class='ocr_par' dir='ltr' id='par_1_6' title="bbox 106 283 933 323">
     <span class='ocr_line' id='line_1_6' title="bbox 106 283 933 323; baseline 0.001 -13"><span class='ocrx_word' id='word_1_22' title='bbox 106 286 154 311; x_wconf 68' lang='grc' dir='ltr'>τοῦ</span> <span class='ocrx_word' id='word_1_23' title='bbox 179 283 330 320; x_wconf 80' lang='grc' dir='ltr'>κτίσματος</span> <span class='ocrx_word' id='word_1_24' title='bbox 357 284 530 323; x_wconf 69' lang='grc' dir='ltr'>παραίτησις,</span> <span class='ocrx_word' id='word_1_25' title='bbox 548 285 594 312; x_wconf 87' lang='grc' dir='ltr'>Ἐκ</span> <span class='ocrx_word' id='word_1_26' title='bbox 619 283 652 319; x_wconf 81' lang='grc' dir='ltr'>δὴ</span> <span class='ocrx_word' id='word_1_27' title='bbox 681 284 784 312; x_wconf 78' lang='grc' dir='ltr'>τούτων</span> <span class='ocrx_word' id='word_1_28' title='bbox 807 284 852 312; x_wconf 83' lang='grc' dir='ltr'>καὶ</span> <span class='ocrx_word' id='word_1_29' title='bbox 879 286 933 311; x_wconf 81' lang='grc' dir='ltr'>τῶν</span> 
     </span>
    </p>
   </div>
   <div class='ocr_carea' id='block_1_7' title="bbox 106 327 934 367">
    <p class='ocr_par' dir='ltr' id='par_1_7' title="bbox 106 327 934 367">
     <span class='ocr_line' id='line_1_7' title="bbox 106 327 934 367; baseline 0.001 -12"><span class='ocrx_word' id='word_1_30' title='bbox 106 327 239 356; x_wconf 71' lang='grc' dir='ltr'>τοιούτων</span> <span class='ocrx_word' id='word_1_31' title='bbox 256 327 449 365; x_wconf 71' lang='grc' dir='ltr'>δεικνυμένους</span> <span class='ocrx_word' id='word_1_32' title='bbox 468 328 578 367; x_wconf 81' lang='grc' dir='ltr'>(ἐχρῆν)</span> <span class='ocrx_word' id='word_1_33' title='bbox 599 330 667 366; x_wconf 77' lang='grc' dir='ltr'>μήτε</span> <span class='ocrx_word' id='word_1_34' title='bbox 682 329 768 362; x_wconf 80' lang='grc' dir='ltr'>πάντη</span> <span class='ocrx_word' id='word_1_35' title='bbox 790 332 849 359; x_wconf 82' lang='grc' dir='ltr'>τοῖς</span> <span class='ocrx_word' id='word_1_36' title='bbox 877 328 934 356; x_wconf 75' lang='grc' dir='ltr'>ὀνό-</span> 
     </span>
    </p>
   </div>
   <div class='ocr_carea' id='block_1_8' title="bbox 109 373 934 411">
    <p class='ocr_par' dir='ltr' id='par_1_8' title="bbox 109 373 934 411">
     <span class='ocr_line' id='line_1_8' title="bbox 109 373 934 411; baseline 0.001 -12"><span class='ocrx_word' id='word_1_37' title='bbox 109 383 172 409; x_wconf 80' lang='grc' dir='ltr'>μασι</span> <span class='ocrx_word' id='word_1_38' title='bbox 208 373 398 410; x_wconf 75' lang='grc' dir='ltr'>συνεξομοιοῦν</span> <span class='ocrx_word' id='word_1_39' title='bbox 436 377 577 411; x_wconf 77' lang='grc' dir='ltr'>πειρᾶσθαι</span> <span class='ocrx_word' id='word_1_40' title='bbox 613 374 660 405; x_wconf 80' lang='grc' dir='ltr'>τὰς</span> <span class='ocrx_word' id='word_1_41' title='bbox 690 374 836 410; x_wconf 82' lang='grc' dir='ltr'>σημασίας,</span> <span class='ocrx_word' id='word_1_42' title='bbox 865 375 934 410; x_wconf 69' lang='grc' dir='ltr'>μήτε</span> 
     </span>
    </p>
   </div>
   <div class='ocr_carea' id='block_1_9' title="bbox 108 416 932 455">
    <p class='ocr_par' dir='ltr' id='par_1_9' title="bbox 108 416 932 455">
     <span class='ocr_line' id='line_1_9' title="bbox 108 416 932 455; baseline 0.001 -11"><span class='ocrx_word' id='word_1_43' title='bbox 108 417 160 453; x_wconf 78' lang='grc' dir='ltr'>μὴν</span> <span class='ocrx_word' id='word_1_44' title='bbox 177 416 382 453; x_wconf 76' lang='grc' dir='ltr'>παραλλάττειν</span> <span class='ocrx_word' id='word_1_45' title='bbox 399 417 647 455; x_wconf 78' lang='grc' dir='ltr'>παρηλλατμὲνων’</span> <span class='ocrx_word' id='word_1_46' title='bbox 675 421 733 448; x_wconf 84' lang='grc' dir='ltr'>ταῖς</span> <span class='ocrx_word' id='word_1_47' title='bbox 751 416 779 445; x_wconf 72' lang='grc' dir='ltr'>δὲ</span> <span class='ocrx_word' id='word_1_48' title='bbox 792 420 846 445; x_wconf 84' lang='grc' dir='ltr'>τῶν</span> <span class='ocrx_word' id='word_1_49' title='bbox 865 418 932 445; x_wconf 81' lang='grc' dir='ltr'>ὑπο-</span> 
     </span>
    </p>
   </div>
   <div class='ocr_carea' id='block_1_10' title="bbox 103 461 932 501">
    <p class='ocr_par' dir='ltr' id='par_1_10' title="bbox 103 461 932 501">
     <span class='ocr_line' id='line_1_10' title="bbox 103 461 932 501; baseline 0.001 -12"><span class='ocrx_word' id='word_1_50' title='bbox 103 461 235 498; x_wconf 72' lang='grc' dir='ltr'>κιιμένων</span> <span class='ocrx_word' id='word_1_51' title='bbox 263 461 378 493; x_wconf 76' lang='grc' dir='ltr'>ἐννοίαις</span> <span class='ocrx_word' id='word_1_52' title='bbox 401 462 597 500; x_wconf 71' lang='grc' dir='ltr'>προσᾶχοντας,</span> <span class='ocrx_word' id='word_1_53' title='bbox 623 462 780 494; x_wconf 73' lang='grc' dir='ltr'>ἀκολούθως</span> <span class='ocrx_word' id='word_1_54' title='bbox 797 462 932 501; x_wconf 76' lang='grc' dir='ltr'>ἐφαρμότ-</span> 
     </span>
    </p>
   </div>
   <div class='ocr_carea' id='block_1_11' title="bbox 102 505 932 546">
    <p class='ocr_par' dir='ltr' id='par_1_11' title="bbox 102 505 932 546">
     <span class='ocr_line' id='line_1_11' title="bbox 102 505 932 546; baseline 0.001 -13"><span class='ocrx_word' id='word_1_55' title='bbox 102 516 156 533; x_wconf 81' lang='grc' dir='ltr'>τειν</span> <span class='ocrx_word' id='word_1_56' title='bbox 171 505 221 537; x_wconf 80' lang='grc' dir='ltr'>τὰς</span> <span class='ocrx_word' id='word_1_57' title='bbox 236 506 434 544; x_wconf 79' lang='grc' dir='ltr'>προσηγορίας,</span> <span class='ocrx_word' id='word_1_58' title='bbox 451 506 508 535; x_wconf 68' lang='grc' dir='ltr'>ἐπεὶ</span> <span class='ocrx_word' id='word_1_59' title='bbox 528 506 599 544; x_wconf 77' lang='grc' dir='ltr'>μηὸὶ</span> <span class='ocrx_word' id='word_1_60' title='bbox 613 509 672 538; x_wconf 85' lang='grc' dir='ltr'>ταῖς</span> <span class='ocrx_word' id='word_1_61' title='bbox 694 509 796 546; x_wconf 76' lang='grc' dir='ltr'>φυ-ναῖς</span> <span class='ocrx_word' id='word_1_62' title='bbox 817 506 932 546; x_wconf 74' lang='grc' dir='ltr'>πέφυκεν</span> 
     </span>
    </p>
   </div>
   <div class='ocr_carea' id='block_1_12' title="bbox 102 549 930 591">
    <p class='ocr_par' dir='ltr' id='par_1_12' title="bbox 102 549 930 591">
     <span class='ocr_line' id='line_1_12' title="bbox 102 549 930 591; baseline 0.001 -13"><span class='ocrx_word' id='word_1_63' title='bbox 102 549 266 582; x_wconf 79' lang='grc' dir='ltr'>ἀκολουθεῖν</span> <span class='ocrx_word' id='word_1_64' title='bbox 296 553 351 578; x_wconf 81' lang='grc' dir='ltr'>τῶο</span> <span class='ocrx_word' id='word_1_65' title='bbox 380 550 548 590; x_wconf 82' lang='grc' dir='ltr'>πραγμάτων</span> <span class='ocrx_word' id='word_1_66' title='bbox 570 552 587 586; x_wconf 81' lang='grc' dir='ltr'><strong>ἡ</strong></span> <span class='ocrx_word' id='word_1_67' title='bbox 617 552 704 591; x_wconf 79' lang='grc' dir='ltr'>φύσις,</span> <span class='ocrx_word' id='word_1_68' title='bbox 728 554 786 582; x_wconf 84' lang='grc' dir='ltr'>τοῖς</span> <span class='ocrx_word' id='word_1_69' title='bbox 811 550 840 579; x_wconf 80' lang='grc' dir='ltr'>δὶ</span> <span class='ocrx_word' id='word_1_70' title='bbox 863 551 930 589; x_wconf 84' lang='grc' dir='ltr'>πρά-</span> 
     </span>
    </p>
   </div>
   <div class='ocr_carea' id='block_1_13' title="bbox 101 594 930 634">
    <p class='ocr_par' dir='ltr' id='par_1_13' title="bbox 101 594 930 634">
     <span class='ocr_line' id='line_1_13' title="bbox 101 594 930 634; baseline 0.001 -12"><span class='ocrx_word' id='word_1_71' title='bbox 101 605 200 632; x_wconf 88' lang='grc' dir='ltr'>γμασιν</span> <span class='ocrx_word' id='word_1_72' title='bbox 216 594 413 634; x_wconf 74' lang='grc' dir='ltr'>ἐφαρμόζεσθαι</span> <span class='ocrx_word' id='word_1_73' title='bbox 429 596 498 623; x_wconf 76' lang='grc' dir='ltr'>κατὰ</span> <span class='ocrx_word' id='word_1_74' title='bbox 514 596 564 630; x_wconf 79' lang='grc' dir='ltr'>τήν</span> <span class='ocrx_word' id='word_1_75' title='bbox 580 596 653 631; x_wconf 76' lang='grc' dir='ltr'>ἀξίαν</span> <span class='ocrx_word' id='word_1_76' title='bbox 669 597 686 631; x_wconf 81' lang='grc' dir='ltr'>ἡ</span> <span class='ocrx_word' id='word_1_77' title='bbox 707 598 760 624; x_wconf 83' lang='grc' dir='ltr'>τῶν</span> <span class='ocrx_word' id='word_1_78' title='bbox 788 596 930 632; x_wconf 75' lang='grc' dir='ltr'>ὀνομάτων</span> 
     </span>
    </p>
   </div>
   <div class='ocr_carea' id='block_1_14' title="bbox 102 637 930 678">
    <p class='ocr_par' dir='ltr' id='par_1_14' title="bbox 102 637 930 678">
     <span class='ocr_line' id='line_1_14' title="bbox 102 637 930 678; baseline 0.001 -12"><span class='ocrx_word' id='word_1_79' title='bbox 102 637 230 676; x_wconf 78' lang='grc' dir='ltr'>δύναμις.</span> <span class='ocrx_word' id='word_1_80' title='bbox 248 639 464 677; x_wconf 72' lang='grc' dir='ltr'>Καταμέμψαιτο</span> <span class='ocrx_word' id='word_1_81' title='bbox 490 639 513 667; x_wconf 78' lang='grc' dir='ltr'>δ’</span> <span class='ocrx_word' id='word_1_82' title='bbox 538 639 567 667; x_wconf 77' lang='grc' dir='ltr'>ἄν</span> <span class='ocrx_word' id='word_1_83' title='bbox 583 651 624 671; x_wconf 87' lang='grc' dir='ltr'>τις</span> <span class='ocrx_word' id='word_1_84' title='bbox 641 641 696 678; x_wconf 83' lang='grc' dir='ltr'>οὐχ</span> <span class='ocrx_word' id='word_1_85' title='bbox 710 640 793 674; x_wconf 80' lang='grc' dir='ltr'>ἦττον</span> <span class='ocrx_word' id='word_1_86' title='bbox 809 640 852 667; x_wconf 77' lang='grc' dir='ltr'>καὶ</span> <span class='ocrx_word' id='word_1_87' title='bbox 868 639 930 671; x_wconf 83' lang='grc' dir='ltr'>τοὺς</span> 
     </span>
    </p>
   </div>
   <div class='ocr_carea' id='block_1_15' title="bbox 100 683 929 721">
    <p class='ocr_par' dir='ltr' id='par_1_15' title="bbox 100 683 929 721">
     <span class='ocr_line' id='line_1_15' title="bbox 100 683 929 721; baseline 0.002 -11"><span class='ocrx_word' id='word_1_88' title='bbox 100 683 224 720; x_wconf 62' lang='grc' dir='ltr'>γέννημα</span> <span class='ocrx_word' id='word_1_89' title='bbox 246 684 293 720; x_wconf 74' lang='grc' dir='ltr'>μὲν</span> <span class='ocrx_word' id='word_1_90' title='bbox 314 684 358 711; x_wconf 87' lang='grc' dir='ltr'><strong>καί</strong></span> <span class='ocrx_word' id='word_1_91' title='bbox 381 684 490 721; x_wconf 79' lang='grc' dir='ltr'>ποίημα</span> <span class='ocrx_word' id='word_1_92' title='bbox 512 684 557 712; x_wconf 82' lang='grc' dir='ltr'>τὸν</span> <span class='ocrx_word' id='word_1_93' title='bbox 581 685 642 712; x_wconf 76' lang='grc' dir='ltr'>Υἱὸν</span> <span class='ocrx_word' id='word_1_94' title='bbox 658 685 723 712; x_wconf 70' lang='grc' dir='ltr'>εἶναι</span> <span class='ocrx_word' id='word_1_95' title='bbox 740 685 929 721; x_wconf 67' lang='grc' dir='ltr'>πειθομένους,</span> 
     </span>
    </p>
   </div>
   <div class='ocr_carea' id='block_1_16' title="bbox 100 727 928 766">
    <p class='ocr_par' dir='ltr' id='par_1_16' title="bbox 100 727 928 766">
     <span class='ocr_line' id='line_1_16' title="bbox 100 727 928 766; baseline 0.002 -11"><span class='ocrx_word' id='word_1_96' title='bbox 100 727 248 766; x_wconf 72' lang='grc' dir='ltr'>ἀγέννητόν</span> <span class='ocrx_word' id='word_1_97' title='bbox 276 738 304 756; x_wconf 88' lang='grc' dir='ltr'>τε</span> <span class='ocrx_word' id='word_1_98' title='bbox 330 728 375 755; x_wconf 85' lang='grc' dir='ltr'>καὶ</span> <span class='ocrx_word' id='word_1_99' title='bbox 393 729 518 756; x_wconf 77' lang='grc' dir='ltr'>ἄκτιστον</span> <span class='ocrx_word' id='word_1_100' title='bbox 547 729 592 756; x_wconf 87' lang='grc' dir='ltr'>τὸν</span> <span class='ocrx_word' id='word_1_101' title='bbox 623 729 686 757; x_wconf 82' lang='grc' dir='ltr'>Θεὸν</span> <span class='ocrx_word' id='word_1_102' title='bbox 712 730 928 766; x_wconf 72' lang='grc' dir='ltr'>συντιθεμένους,</span> 
     </span>
    </p>
   </div>
   <div class='ocr_carea' id='block_1_17' title="bbox 98 771 929 811">
    <p class='ocr_par' dir='ltr' id='par_1_17' title="bbox 98 771 929 811">
     <span class='ocr_line' id='line_1_17' title="bbox 98 771 929 811; baseline 0.002 -12"><span class='ocrx_word' id='word_1_103' title='bbox 98 774 131 809; x_wconf 78' lang='grc' dir='ltr'>τῇ</span> <span class='ocrx_word' id='word_1_104' title='bbox 148 771 178 799; x_wconf 69' lang='grc' dir='ltr'>δὲ</span> <span class='ocrx_word' id='word_1_105' title='bbox 206 774 261 800; x_wconf 84' lang='grc' dir='ltr'>τῶν</span> <span class='ocrx_word' id='word_1_106' title='bbox 293 771 424 811; x_wconf 74' lang='grc' dir='ltr'>δευτέρων</span> <span class='ocrx_word' id='word_1_107' title='bbox 453 774 606 811; x_wconf 74' lang='grc' dir='ltr'>προσθήκῃ,</span> <span class='ocrx_word' id='word_1_108' title='bbox 631 774 675 801; x_wconf 85' lang='grc' dir='ltr'>καὶ</span> <span class='ocrx_word' id='word_1_109' title='bbox 699 775 734 811; x_wconf 76' lang='grc' dir='ltr'>τῇ</span> <span class='ocrx_word' id='word_1_110' title='bbox 759 775 817 802; x_wconf 83' lang='grc' dir='ltr'>κατ’</span> <span class='ocrx_word' id='word_1_111' title='bbox 839 774 929 802; x_wconf 83' lang='grc' dir='ltr'>οὐσίαν</span> 
     </span>
    </p>
   </div>
   <div class='ocr_carea' id='block_1_18' title="bbox 101 815 927 856">
    <p class='ocr_par' dir='ltr' id='par_1_18' title="bbox 101 815 927 856">
     <span class='ocr_line' id='line_1_18' title="bbox 101 815 927 856; baseline 0.004 -13"><span class='ocrx_word' id='word_1_112' title='bbox 101 816 247 853; x_wconf 79' lang='grc' dir='ltr'>ὁμοιότητι</span> <span class='ocrx_word' id='word_1_113' title='bbox 264 819 324 848; x_wconf 81' lang='grc' dir='ltr'>ταῖς</span> <span class='ocrx_word' id='word_1_114' title='bbox 340 815 544 854; x_wconf 74' lang='grc' dir='ltr'>προλαϐούσαις</span> <span class='ocrx_word' id='word_1_115' title='bbox 568 817 730 856; x_wconf 85' lang='grc' dir='ltr'>ὁμολογίαις</span> <span class='ocrx_word' id='word_1_116' title='bbox 756 818 927 856; x_wconf 70' lang='grc' dir='ltr'>ἐναντιουμέ-</span> 
     </span>
    </p>
   </div>
   <div class='ocr_carea' id='block_1_19' title="bbox 99 860 928 899">
    <p class='ocr_par' dir='ltr' id='par_1_19' title="bbox 99 860 928 899">
     <span class='ocr_line' id='line_1_19' title="bbox 99 860 928 899; baseline 0.002 -11"><span class='ocrx_word' id='word_1_117' title='bbox 99 871 171 891; x_wconf 86' lang='grc' dir='ltr'>νους.</span> <span class='ocrx_word' id='word_1_118' title='bbox 189 862 248 898; x_wconf 88' lang='grc'>(33)</span> <span class='ocrx_word' id='word_1_119' title='bbox 263 860 316 892; x_wconf 77' lang='grc' dir='ltr'>Οῧς</span> <span class='ocrx_word' id='word_1_120' title='bbox 332 860 428 899; x_wconf 77' lang='grc' dir='ltr'>ἐχρῆν,</span> <span class='ocrx_word' id='word_1_121' title='bbox 446 861 470 889; x_wconf 78' lang='lat' dir='ltr'>si</span> <span class='ocrx_word' id='word_1_122' title='bbox 483 862 530 899; x_wconf 76' lang='grc' dir='ltr'>μὲν</span> <span class='ocrx_word' id='word_1_123' title='bbox 554 872 597 893; x_wconf 84' lang='grc' dir='ltr'>τις</span> <span class='ocrx_word' id='word_1_124' title='bbox 623 863 656 897; x_wconf 80' lang='grc' dir='ltr'>ἦν</span> <span class='ocrx_word' id='word_1_125' title='bbox 683 863 775 894; x_wconf 77' lang='grc' dir='ltr'>αὐτοῖς</span> <span class='ocrx_word' id='word_1_126' title='bbox 799 863 928 898; x_wconf 80' lang='grc' dir='ltr'>ἀληθείας</span> 
     </span>
    </p>
   </div>
   <div class='ocr_carea' id='block_1_20' title="bbox 100 905 966 959">
    <p class='ocr_par' dir='ltr' id='par_1_20' title="bbox 100 905 966 959">
     <span class='ocr_line' id='line_1_20' title="bbox 100 905 966 959; baseline 0.005 -27"><span class='ocrx_word' id='word_1_127' title='bbox 100 905 229 959; x_wconf 40' lang='grc' dir='ltr'>φροντὶςζ</span> <span class='ocrx_word' id='word_1_128' title='bbox 237 905 477 959; x_wconf 28' lang='grc' dir='ltr'>παρῇηλλαγμὲνων</span> <span class='ocrx_word' id='word_1_129' title='bbox 561 907 712 944; x_wconf 81' lang='grc' dir='ltr'>ὀνομάτων,</span> <span class='ocrx_word' id='word_1_130' title='bbox 728 906 926 959; x_wconf 66' lang='grc' dir='ltr'>παρηλλαγμέ-</span> <span class='ocrx_word' id='word_1_131' title='bbox 943 927 966 959; x_wconf 79' lang='grc' dir='ltr'>Β</span> 
     </span>
    </p>
   </div>
   <div class='ocr_carea' id='block_1_21' title="bbox 99 950 927 989">
    <p class='ocr_par' dir='ltr' id='par_1_21' title="bbox 99 950 927 989">
     <span class='ocr_line' id='line_1_21' title="bbox 99 950 927 989; baseline 0.004 -13"><span class='ocrx_word' id='word_1_132' title='bbox 99 960 143 981; x_wconf 86' lang='grc' dir='ltr'>νας</span> <span class='ocrx_word' id='word_1_133' title='bbox 161 950 312 987; x_wconf 79' lang='grc' dir='ltr'>ὁμολογιῖν</span> <span class='ocrx_word' id='word_1_134' title='bbox 335 951 382 978; x_wconf 83' lang='grc' dir='ltr'>καὶ</span> <span class='ocrx_word' id='word_1_135' title='bbox 405 950 453 982; x_wconf 80' lang='grc' dir='ltr'>τὰς</span> <span class='ocrx_word' id='word_1_136' title='bbox 483 950 583 982; x_wconf 81' lang='grc' dir='ltr'>οὐσίας.</span> <span class='ocrx_word' id='word_1_137' title='bbox 613 953 648 978; x_wconf 84' lang='lat' dir='ltr'>&#39;Il</span> <span class='ocrx_word' id='word_1_138' title='bbox 671 952 722 989; x_wconf 82' lang='grc' dir='ltr'>γὰρ</span> <span class='ocrx_word' id='word_1_139' title='bbox 739 951 768 979; x_wconf 77' lang='grc' dir='ltr'>ἄν</span> <span class='ocrx_word' id='word_1_140' title='bbox 799 951 927 980; x_wconf 76' lang='grc' dir='ltr'>οὕτωκαὶ</span> 
     </span>
    </p>
   </div>
   <div class='ocr_carea' id='block_1_22' title="bbox 101 993 926 1034">
    <p class='ocr_par' dir='ltr' id='par_1_22' title="bbox 101 993 926 1034">
     <span class='ocr_line' id='line_1_22' title="bbox 101 993 926 1034; baseline 0.004 -13"><span class='ocrx_word' id='word_1_141' title='bbox 101 994 190 1031; x_wconf 78' lang='grc' dir='ltr'>μόνως</span> <span class='ocrx_word' id='word_1_142' title='bbox 205 995 255 1029; x_wconf 81' lang='grc' dir='ltr'>τὴν</span> <span class='ocrx_word' id='word_1_143' title='bbox 272 993 376 1022; x_wconf 82' lang='grc' dir='ltr'>δικαίαν</span> <span class='ocrx_word' id='word_1_144' title='bbox 394 995 544 1034; x_wconf 73' lang='grc' dir='ltr'>ἰφύλαττον</span> <span class='ocrx_word' id='word_1_145' title='bbox 573 995 658 1032; x_wconf 77' lang='grc' dir='ltr'>τάξιν,</span> <span class='ocrx_word' id='word_1_146' title='bbox 689 996 800 1032; x_wconf 69' lang='grc' dir='ltr'>ἑκατέρᾳ</span> <span class='ocrx_word' id='word_1_147' title='bbox 824 996 926 1024; x_wconf 78' lang='grc' dir='ltr'>τούτων</span> 
     </span>
    </p>
   </div>
   <div class='ocr_carea' id='block_1_23' title="bbox 97 1038 926 1078">
    <p class='ocr_par' dir='ltr' id='par_1_23' title="bbox 97 1038 926 1078">
     <span class='ocr_line' id='line_1_23' title="bbox 97 1038 926 1078; baseline 0.002 -12"><span class='ocrx_word' id='word_1_148' title='bbox 97 1039 146 1074; x_wconf 82' lang='grc' dir='ltr'>τήν</span> <span class='ocrx_word' id='word_1_149' title='bbox 163 1039 355 1077; x_wconf 73' lang='grc' dir='ltr'>προσήκουσαν</span> <span class='ocrx_word' id='word_1_150' title='bbox 383 1038 558 1072; x_wconf 79' lang='grc' dir='ltr'>ἀποδιδόντες</span> <span class='ocrx_word' id='word_1_151' title='bbox 584 1039 741 1078; x_wconf 86' lang='grc' dir='ltr'>ὁμολογίαν.</span> <span class='ocrx_word' id='word_1_152' title='bbox 772 1041 803 1069; x_wconf 82' lang='lat' dir='ltr'>El.</span> <span class='ocrx_word' id='word_1_153' title='bbox 830 1039 858 1068; x_wconf 67' lang='grc' dir='ltr'>δὲ</span> <span class='ocrx_word' id='word_1_154' title='bbox 888 1041 926 1077; x_wconf 79' lang='grc' dir='ltr'><strong>μή</strong></span> 
     </span>
    </p>
   </div>
   <div class='ocr_carea' id='block_1_24' title="bbox 97 1084 927 1123">
    <p class='ocr_par' dir='ltr' id='par_1_24' title="bbox 97 1084 927 1123">
     <span class='ocr_line' id='line_1_24' title="bbox 97 1084 927 1123; baseline 0.001 -11"><span class='ocrx_word' id='word_1_155' title='bbox 97 1084 197 1120; x_wconf 62' lang='grc' dir='ltr'>ταύτης</span> <span class='ocrx_word' id='word_1_156' title='bbox 212 1084 356 1112; x_wconf 76' lang='grc' dir='ltr'>ποιοῦνταί</span> <span class='ocrx_word' id='word_1_157' title='bbox 383 1095 444 1112; x_wconf 78' lang='grc' dir='ltr'>τινα</span> <span class='ocrx_word' id='word_1_158' title='bbox 460 1084 553 1122; x_wconf 84' lang='grc' dir='ltr'>λόγον,</span> <span class='ocrx_word' id='word_1_159' title='bbox 576 1089 626 1119; x_wconf 80' lang='grc' dir='ltr'>τῆς</span> <span class='ocrx_word' id='word_1_160' title='bbox 641 1087 706 1123; x_wconf 78' lang='grc' dir='ltr'>γοῦν</span> <span class='ocrx_word' id='word_1_161' title='bbox 723 1085 793 1116; x_wconf 76' lang='grc' dir='ltr'>ἰδίας</span> <span class='ocrx_word' id='word_1_162' title='bbox 809 1084 927 1116; x_wconf 82' lang='grc' dir='ltr'>ἐπινοίας</span> 
     </span>
    </p>
   </div>
   <div class='ocr_carea' id='block_1_25' title="bbox 97 1128 925 1168">
    <p class='ocr_par' dir='ltr' id='par_1_25' title="bbox 97 1128 925 1168">
     <span class='ocr_line' id='line_1_25' title="bbox 97 1128 925 1168; baseline 0.004 -12"><span class='ocrx_word' id='word_1_163' title='bbox 97 1128 211 1168; x_wconf 67' lang='grc' dir='ltr'>φυλάξαι</span> <span class='ocrx_word' id='word_1_164' title='bbox 236 1130 287 1164; x_wconf 80' lang='grc' dir='ltr'>τὴν</span> <span class='ocrx_word' id='word_1_165' title='bbox 311 1129 481 1162; x_wconf 72' lang='grc' dir='ltr'>ἀκολουθίαν,</span> <span class='ocrx_word' id='word_1_166' title='bbox 508 1130 555 1157; x_wconf 85' lang='grc' dir='ltr'>καὶ</span> <span class='ocrx_word' id='word_1_167' title='bbox 578 1131 615 1166; x_wconf 82' lang='grc' dir='ltr'>μὴ</span> <span class='ocrx_word' id='word_1_168' title='bbox 632 1134 682 1165; x_wconf 83' lang='grc' dir='ltr'>τῆς</span> <span class='ocrx_word' id='word_1_169' title='bbox 708 1130 792 1165; x_wconf 77' lang='grc' dir='ltr'>αὐτῆς</span> <span class='ocrx_word' id='word_1_170' title='bbox 821 1131 925 1168; x_wconf 74' lang='grc' dir='ltr'>φύσεως</span> 
     </span>
    </p>
   </div>
   <div class='ocr_carea' id='block_1_26' title="bbox 97 1173 927 1213">
    <p class='ocr_par' dir='ltr' id='par_1_26' title="bbox 97 1173 927 1213">
     <span class='ocr_line' id='line_1_26' title="bbox 97 1173 927 1213; baseline 0.002 -12"><span class='ocrx_word' id='word_1_171' title='bbox 97 1176 341 1212; x_wconf 75' lang='grc' dir='ltr'>παραχωροῦντας,</span> <span class='ocrx_word' id='word_1_172' title='bbox 356 1173 518 1212; x_wconf 77' lang='grc' dir='ltr'>ἀλλοτριοῦν</span> <span class='ocrx_word' id='word_1_173' title='bbox 548 1177 598 1209; x_wconf 80' lang='grc' dir='ltr'>τῆς</span> <span class='ocrx_word' id='word_1_174' title='bbox 628 1174 802 1213; x_wconf 73' lang='grc' dir='ltr'>ἁρμοζούσης</span> <span class='ocrx_word' id='word_1_175' title='bbox 831 1175 927 1212; x_wconf 78' lang='grc' dir='ltr'>ὄνομα·</span> 
     </span>
    </p>
   </div>
   <div class='ocr_carea' id='block_1_27' title="bbox 98 1217 925 1258">
    <p class='ocr_par' dir='ltr' id='par_1_27' title="bbox 98 1217 925 1258">
     <span class='ocr_line' id='line_1_27' title="bbox 98 1217 925 1258; baseline 0.004 -13"><span class='ocrx_word' id='word_1_176' title='bbox 98 1217 166 1248; x_wconf 72' lang='grc' dir='ltr'>σίαςί</span> <span class='ocrx_word' id='word_1_177' title='bbox 196 1217 430 1256; x_wconf 72' lang='grc' dir='ltr'>ἀποδεδειγμένου</span> <span class='ocrx_word' id='word_1_178' title='bbox 446 1217 490 1246; x_wconf 78' lang='grc' dir='ltr'>διὰ</span> <span class='ocrx_word' id='word_1_179' title='bbox 514 1220 621 1246; x_wconf 87' lang='grc' dir='ltr'>πάντων</span> <span class='ocrx_word' id='word_1_180' title='bbox 646 1220 714 1255; x_wconf 83' lang='grc' dir='ltr'>ἡμῖν</span> <span class='ocrx_word' id='word_1_181' title='bbox 738 1221 792 1246; x_wconf 83' lang='grc' dir='ltr'>τῶν</span> <span class='ocrx_word' id='word_1_182' title='bbox 819 1227 925 1258; x_wconf 81' lang='grc' dir='ltr'>προΛα-</span> 
     </span>
    </p>
   </div>
   <div class='ocr_carea' id='block_1_28' title="bbox 98 1259 926 1304">
    <p class='ocr_par' dir='ltr' id='par_1_28' title="bbox 98 1259 926 1304">
     <span class='ocr_line' id='line_1_28' title="bbox 98 1259 926 1304; baseline 0.005 -15"><span class='ocrx_word' id='word_1_183' title='bbox 98 1259 199 1290; x_wconf 76' lang='grc' dir='ltr'>ϐόντων</span> <span class='ocrx_word' id='word_1_184' title='bbox 217 1262 306 1290; x_wconf 79' lang='grc' dir='ltr'>αὐτῶν</span> <span class='ocrx_word' id='word_1_185' title='bbox 323 1263 387 1291; x_wconf 83' lang='grc' dir='ltr'>ιῖναι</span> <span class='ocrx_word' id='word_1_186' title='bbox 403 1265 456 1290; x_wconf 82' lang='grc' dir='ltr'>τῶν</span> <span class='ocrx_word' id='word_1_187' title='bbox 469 1263 568 1291; x_wconf 69' lang='grc' dir='ltr'>οὐσιῶν</span> <span class='ocrx_word' id='word_1_188' title='bbox 588 1263 754 1300; x_wconf 79' lang='grc' dir='ltr'>σημαντικὰς</span> <span class='ocrx_word' id='word_1_189' title='bbox 767 1264 814 1296; x_wconf 79' lang='grc' dir='ltr'>τὰς</span> <span class='ocrx_word' id='word_1_190' title='bbox 842 1275 926 1304; x_wconf 86' lang='grc' dir='ltr'>προσ-</span> 
     </span>
    </p>
   </div>
   <div class='ocr_carea' id='block_1_29' title="bbox 100 1307 224 1346">
    <p class='ocr_par' dir='ltr' id='par_1_29' title="bbox 100 1307 224 1346">
     <span class='ocr_line' id='line_1_29' title="bbox 100 1307 224 1346; baseline 0.016 -12"><span class='ocrx_word' id='word_1_191' title='bbox 100 1307 224 1346; x_wconf 81' lang='grc' dir='ltr'>ηγορίας.</span> 
     </span>
    </p>
   </div>
   <div class='ocr_carea' id='block_1_30' title="bbox 989 282 1813 320">
    <p class='ocr_par' dir='ltr' id='par_1_30' title="bbox 989 282 1813 320">
     <span class='ocr_line' id='line_1_30' title="bbox 989 282 1813 320; baseline -0.005 -7"><span class='ocrx_word' id='word_1_192' title='bbox 989 288 1094 320; x_wconf 85' lang='lat' dir='ltr'>potens</span> <span class='ocrx_word' id='word_1_193' title='bbox 1109 288 1154 313; x_wconf 88' lang='lat' dir='ltr'>est</span> <span class='ocrx_word' id='word_1_194' title='bbox 1167 294 1174 314; x_wconf 87' lang='lat'><strong>:</strong></span> <span class='ocrx_word' id='word_1_195' title='bbox 1192 285 1310 313; x_wconf 86' lang='lat' dir='ltr'>omnino</span> <span class='ocrx_word' id='word_1_196' title='bbox 1334 285 1477 312; x_wconf 88' lang='lat' dir='ltr'>rationem</span> <span class='ocrx_word' id='word_1_197' title='bbox 1492 283 1604 311; x_wconf 88' lang='lat' dir='ltr'>nullam</span> <span class='ocrx_word' id='word_1_198' title='bbox 1620 282 1720 316; x_wconf 87' lang='lat' dir='ltr'>habet,</span> <span class='ocrx_word' id='word_1_199' title='bbox 1735 282 1813 318; x_wconf 88' lang='lat' dir='ltr'>quod</span> 
     </span>
    </p>
   </div>
   <div class='ocr_carea' id='block_1_31' title="bbox 991 327 1813 362">
    <p class='ocr_par' dir='ltr' id='par_1_31' title="bbox 991 327 1813 362">
     <span class='ocr_line' id='line_1_31' title="bbox 991 327 1813 362; baseline -0.002 -6"><span class='ocrx_word' id='word_1_200' title='bbox 991 330 1093 358; x_wconf 83' lang='lat' dir='ltr'>Filium</span> <span class='ocrx_word' id='word_1_201' title='bbox 1111 332 1273 359; x_wconf 78' lang='lat' dir='ltr'>creaturam</span> <span class='ocrx_word' id='word_1_202' title='bbox 1287 330 1343 357; x_wconf 84' lang='lat' dir='ltr'>dici</span> <span class='ocrx_word' id='word_1_203' title='bbox 1361 329 1473 357; x_wconf 91' lang='lat' dir='ltr'>nolunt.</span> <span class='ocrx_word' id='word_1_204' title='bbox 1491 330 1529 355; x_wconf 84' lang='lat' dir='ltr'><strong>Ex</strong></span> <span class='ocrx_word' id='word_1_205' title='bbox 1542 328 1588 355; x_wconf 88' lang='lat' dir='ltr'>his</span> <span class='ocrx_word' id='word_1_206' title='bbox 1605 335 1675 355; x_wconf 83' lang='lat' dir='ltr'>sane</span> <span class='ocrx_word' id='word_1_207' title='bbox 1691 329 1719 354; x_wconf 89' lang='lat' dir='ltr'>et</span> <span class='ocrx_word' id='word_1_208' title='bbox 1733 327 1813 362; x_wconf 82' lang='lat' dir='ltr'>ejus-</span> 
     </span>
    </p>
   </div>
   <div class='ocr_carea' id='block_1_32' title="bbox 988 371 1814 408">
    <p class='ocr_par' dir='ltr' id='par_1_32' title="bbox 988 371 1814 408">
     <span class='ocr_line' id='line_1_32' title="bbox 988 371 1814 408; baseline -0.005 -6"><span class='ocrx_word' id='word_1_209' title='bbox 988 375 1068 402; x_wconf 88' lang='lat' dir='ltr'>modi</span> <span class='ocrx_word' id='word_1_210' title='bbox 1098 375 1163 402; x_wconf 88' lang='lat' dir='ltr'>aliis</span> <span class='ocrx_word' id='word_1_211' title='bbox 1188 383 1254 402; x_wconf 91' lang='lat' dir='ltr'>cum</span> <span class='ocrx_word' id='word_1_212' title='bbox 1278 375 1470 402; x_wconf 86' lang='lat' dir='ltr'>manifestum</span> <span class='ocrx_word' id='word_1_213' title='bbox 1494 373 1542 408; x_wconf 84' lang='lat' dir='ltr'>sit,</span> <span class='ocrx_word' id='word_1_214' title='bbox 1570 372 1629 400; x_wconf 88' lang='lat' dir='ltr'>imo</span> <span class='ocrx_word' id='word_1_215' title='bbox 1655 371 1814 399; x_wconf 84' lang='lat' dir='ltr'>adversarii</span> 
     </span>
    </p>
   </div>
   <div class='ocr_carea' id='block_1_33' title="bbox 988 416 1813 456">
    <p class='ocr_par' dir='ltr' id='par_1_33' title="bbox 988 416 1813 456">
     <span class='ocr_line' id='line_1_33' title="bbox 988 416 1813 456; baseline -0.005 -9"><span class='ocrx_word' id='word_1_216' title='bbox 988 419 1097 448; x_wconf 86' lang='lat' dir='ltr'>oculari</span> <span class='ocrx_word' id='word_1_217' title='bbox 1109 420 1192 456; x_wconf 88' lang='lat' dir='ltr'>quasi</span> <span class='ocrx_word' id='word_1_218' title='bbox 1204 419 1455 448; x_wconf 83' lang='lat' dir='ltr'>demonstratione</span> <span class='ocrx_word' id='word_1_219' title='bbox 1465 419 1635 450; x_wconf 85' lang='lat' dir='ltr'>doceantur,</span> <span class='ocrx_word' id='word_1_220' title='bbox 1648 424 1703 444; x_wconf 91' lang='lat' dir='ltr'>non</span> <span class='ocrx_word' id='word_1_221' title='bbox 1717 416 1813 444; x_wconf 81' lang='lat' dir='ltr'>ubivis</span> 
     </span>
    </p>
   </div>
   <div class='ocr_carea' id='block_1_34' title="bbox 987 460 1813 500">
    <p class='ocr_par' dir='ltr' id='par_1_34' title="bbox 987 460 1813 500">
     <span class='ocr_line' id='line_1_34' title="bbox 987 460 1813 500; baseline -0.006 -8"><span class='ocrx_word' id='word_1_222' title='bbox 987 464 1218 500; x_wconf 65' lang='lat' dir='ltr'>signiﬁcationes</span> <span class='ocrx_word' id='word_1_223' title='bbox 1233 463 1329 492; x_wconf 81' lang='lat' dir='ltr'>verbis</span> <span class='ocrx_word' id='word_1_224' title='bbox 1353 472 1418 492; x_wconf 90' lang='lat' dir='ltr'>esse</span> <span class='ocrx_word' id='word_1_225' title='bbox 1433 462 1639 498; x_wconf 68' lang='lat' dir='ltr'>comquandas,</span> <span class='ocrx_word' id='word_1_226' title='bbox 1661 469 1756 497; x_wconf 89' lang='lat' dir='ltr'>neque</span> <span class='ocrx_word' id='word_1_227' title='bbox 1772 460 1813 488; x_wconf 91' lang='lat' dir='ltr'>al-</span> 
     </span>
    </p>
   </div>
   <div class='ocr_carea' id='block_1_35' title="bbox 985 505 1813 541">
    <p class='ocr_par' dir='ltr' id='par_1_35' title="bbox 985 505 1813 541">
     <span class='ocr_line' id='line_1_35' title="bbox 985 505 1813 541; baseline -0.005 -5"><span class='ocrx_word' id='word_1_228' title='bbox 985 509 1144 536; x_wconf 84' lang='lat' dir='ltr'>ternandas</span> <span class='ocrx_word' id='word_1_229' title='bbox 1156 516 1220 537; x_wconf 87' lang='lat' dir='ltr'>esse</span> <span class='ocrx_word' id='word_1_230' title='bbox 1230 516 1276 536; x_wconf 89' lang='lat' dir='ltr'>res</span> <span class='ocrx_word' id='word_1_231' title='bbox 1286 516 1342 536; x_wconf 90' lang='lat' dir='ltr'>sua</span> <span class='ocrx_word' id='word_1_232' title='bbox 1357 509 1463 536; x_wconf 83' lang='lat' dir='ltr'>natura</span> <span class='ocrx_word' id='word_1_233' title='bbox 1472 507 1640 535; x_wconf 69' lang='lat' dir='ltr'>differentes</span> <span class='ocrx_word' id='word_1_234' title='bbox 1652 514 1659 534; x_wconf 86' lang='lat'><strong>:</strong></span> <span class='ocrx_word' id='word_1_235' title='bbox 1671 505 1813 541; x_wconf 74' lang='lat' dir='ltr'>subjectis</span> 
     </span>
    </p>
   </div>
   <div class='ocr_carea' id='block_1_36' title="bbox 986 550 1811 586">
    <p class='ocr_par' dir='ltr' id='par_1_36' title="bbox 986 550 1811 586">
     <span class='ocr_line' id='line_1_36' title="bbox 986 550 1811 586; baseline -0.005 -5"><span class='ocrx_word' id='word_1_236' title='bbox 986 556 1084 581; x_wconf 86' lang='lat' dir='ltr'>autem</span> <span class='ocrx_word' id='word_1_237' title='bbox 1094 553 1182 581; x_wconf 81' lang='lat' dir='ltr'>rebus</span> <span class='ocrx_word' id='word_1_238' title='bbox 1191 555 1326 581; x_wconf 85' lang='lat' dir='ltr'>accurata</span> <span class='ocrx_word' id='word_1_239' title='bbox 1334 551 1568 581; x_wconf 78' lang='lat' dir='ltr'>consideratione</span> <span class='ocrx_word' id='word_1_240' title='bbox 1574 550 1707 579; x_wconf 82' lang='lat' dir='ltr'>adhibita</span> <span class='ocrx_word' id='word_1_241' title='bbox 1715 552 1811 586; x_wconf 87' lang='lat' dir='ltr'>aptas,</span> 
     </span>
    </p>
   </div>
   <div class='ocr_carea' id='block_1_37' title="bbox 986 594 1810 634">
    <p class='ocr_par' dir='ltr' id='par_1_37' title="bbox 986 594 1810 634">
     <span class='ocr_line' id='line_1_37' title="bbox 986 594 1810 634; baseline -0.006 -8"><span class='ocrx_word' id='word_1_242' title='bbox 986 599 1190 626; x_wconf 83' lang='lat' dir='ltr'>convenientes</span> <span class='ocrx_word' id='word_1_243' title='bbox 1205 600 1233 625; x_wconf 86' lang='lat' dir='ltr'>et</span> <span class='ocrx_word' id='word_1_244' title='bbox 1244 597 1379 634; x_wconf 86' lang='lat' dir='ltr'>proprias</span> <span class='ocrx_word' id='word_1_245' title='bbox 1389 595 1619 633; x_wconf 83' lang='lat' dir='ltr'>signiﬁcationes</span> <span class='ocrx_word' id='word_1_246' title='bbox 1635 601 1700 623; x_wconf 86' lang='lat' dir='ltr'>esse</span> <span class='ocrx_word' id='word_1_247' title='bbox 1716 594 1810 630; x_wconf 86' lang='lat' dir='ltr'>appli-</span> 
     </span>
    </p>
   </div>
   <div class='ocr_carea' id='block_1_38' title="bbox 985 639 1808 679">
    <p class='ocr_par' dir='ltr' id='par_1_38' title="bbox 985 639 1808 679">
     <span class='ocr_line' id='line_1_38' title="bbox 985 639 1808 679; baseline -0.005 -9"><span class='ocrx_word' id='word_1_248' title='bbox 985 643 1094 671; x_wconf 83' lang='lat' dir='ltr'>candae</span> <span class='ocrx_word' id='word_1_249' title='bbox 1112 651 1117 669; x_wconf 94' lang='lat'>:</span> <span class='ocrx_word' id='word_1_250' title='bbox 1136 642 1282 679; x_wconf 89' lang='lat' dir='ltr'>siquidem</span> <span class='ocrx_word' id='word_1_251' title='bbox 1309 644 1415 670; x_wconf 87' lang='lat' dir='ltr'>natura</span> <span class='ocrx_word' id='word_1_252' title='bbox 1433 649 1529 669; x_wconf 88' lang='lat' dir='ltr'>rerum</span> <span class='ocrx_word' id='word_1_253' title='bbox 1556 648 1613 668; x_wconf 90' lang='lat' dir='ltr'>non</span> <span class='ocrx_word' id='word_1_254' title='bbox 1629 639 1710 676; x_wconf 89' lang='lat' dir='ltr'>ipsas</span> <span class='ocrx_word' id='word_1_255' title='bbox 1726 639 1808 676; x_wconf 83' lang='lat' dir='ltr'>sequi</span> 
     </span>
    </p>
   </div>
   <div class='ocr_carea' id='block_1_39' title="bbox 984 684 1810 723">
    <p class='ocr_par' dir='ltr' id='par_1_39' title="bbox 984 684 1810 723">
     <span class='ocr_line' id='line_1_39' title="bbox 984 684 1810 723; baseline -0.007 -7"><span class='ocrx_word' id='word_1_256' title='bbox 984 696 1068 716; x_wconf 80' lang='lat' dir='ltr'>voces</span> <span class='ocrx_word' id='word_1_257' title='bbox 1084 687 1169 723; x_wconf 81' lang='lat' dir='ltr'>solet,</span> <span class='ocrx_word' id='word_1_258' title='bbox 1185 687 1236 715; x_wconf 88' lang='lat' dir='ltr'>sed</span> <span class='ocrx_word' id='word_1_259' title='bbox 1253 695 1372 715; x_wconf 87' lang='lat' dir='ltr'>necesse</span> <span class='ocrx_word' id='word_1_260' title='bbox 1382 687 1427 714; x_wconf 88' lang='lat' dir='ltr'>est</span> <span class='ocrx_word' id='word_1_261' title='bbox 1442 688 1473 714; x_wconf 90' lang='lat' dir='ltr'>ut</span> <span class='ocrx_word' id='word_1_262' title='bbox 1487 693 1591 713; x_wconf 89' lang='lat' dir='ltr'>vocum</span> <span class='ocrx_word' id='word_1_263' title='bbox 1606 684 1688 713; x_wconf 87' lang='lat' dir='ltr'>valor</span> <span class='ocrx_word' id='word_1_264' title='bbox 1704 685 1771 720; x_wconf 87' lang='lat' dir='ltr'>apte</span> <span class='ocrx_word' id='word_1_265' title='bbox 1782 685 1810 711; x_wconf 89' lang='lat' dir='ltr'>et</span> 
     </span>
    </p>
   </div>
   <div class='ocr_carea' id='block_1_40' title="bbox 984 728 1809 766">
    <p class='ocr_par' dir='ltr' id='par_1_40' title="bbox 984 728 1809 766">
     <span class='ocr_line' id='line_1_40' title="bbox 984 728 1809 766; baseline -0.005 -6"><span class='ocrx_word' id='word_1_266' title='bbox 984 732 1190 761; x_wconf 81' lang='lat' dir='ltr'>convenienter</span> <span class='ocrx_word' id='word_1_267' title='bbox 1204 732 1293 760; x_wconf 84' lang='lat' dir='ltr'>rebus</span> <span class='ocrx_word' id='word_1_268' title='bbox 1318 731 1448 759; x_wconf 86' lang='lat' dir='ltr'>indatur.</span> <span class='ocrx_word' id='word_1_269' title='bbox 1471 729 1636 766; x_wconf 85' lang='lat' dir='ltr'>Culpaverit</span> <span class='ocrx_word' id='word_1_270' title='bbox 1655 736 1725 756; x_wconf 89' lang='lat' dir='ltr'>sane</span> <span class='ocrx_word' id='word_1_271' title='bbox 1741 728 1809 764; x_wconf 86' lang='lat' dir='ltr'>quis</span> 
     </span>
    </p>
   </div>
   <div class='ocr_carea' id='block_1_41' title="bbox 984 773 1808 814">
    <p class='ocr_par' dir='ltr' id='par_1_41' title="bbox 984 773 1808 814">
     <span class='ocr_line' id='line_1_41' title="bbox 984 773 1808 814; baseline -0.006 -9"><span class='ocrx_word' id='word_1_272' title='bbox 984 786 1041 805; x_wconf 91' lang='lat' dir='ltr'>non</span> <span class='ocrx_word' id='word_1_273' title='bbox 1058 785 1162 814; x_wconf 85' lang='lat' dir='ltr'>parum</span> <span class='ocrx_word' id='word_1_274' title='bbox 1178 777 1267 804; x_wconf 89' lang='lat' dir='ltr'>etiam</span> <span class='ocrx_word' id='word_1_275' title='bbox 1293 785 1353 811; x_wconf 87' lang='lat' dir='ltr'>eos,</span> <span class='ocrx_word' id='word_1_276' title='bbox 1370 776 1420 812; x_wconf 90' lang='lat' dir='ltr'>qui</span> <span class='ocrx_word' id='word_1_277' title='bbox 1446 775 1565 811; x_wconf 88' lang='lat' dir='ltr'>quidem</span> <span class='ocrx_word' id='word_1_278' title='bbox 1581 773 1686 802; x_wconf 86' lang='lat' dir='ltr'>Filium</span> <span class='ocrx_word' id='word_1_279' title='bbox 1703 781 1808 809; x_wconf 76' lang='lat' dir='ltr'>proge-</span> 
     </span>
    </p>
   </div>
   <div class='ocr_carea' id='block_1_42' title="bbox 984 817 1808 856">
    <p class='ocr_par' dir='ltr' id='par_1_42' title="bbox 984 817 1808 856">
     <span class='ocr_line' id='line_1_42' title="bbox 984 817 1808 856; baseline -0.007 -6"><span class='ocrx_word' id='word_1_280' title='bbox 984 823 1062 850; x_wconf 91' lang='lat' dir='ltr'>niem</span> <span class='ocrx_word' id='word_1_281' title='bbox 1082 824 1111 850; x_wconf 90' lang='lat' dir='ltr'>et</span> <span class='ocrx_word' id='word_1_282' title='bbox 1135 822 1277 850; x_wconf 78' lang='lat' dir='ltr'>facturam</span> <span class='ocrx_word' id='word_1_283' title='bbox 1302 829 1366 849; x_wconf 88' lang='lat' dir='ltr'>esse</span> <span class='ocrx_word' id='word_1_284' title='bbox 1391 820 1524 856; x_wconf 79' lang='lat' dir='ltr'>persuasi</span> <span class='ocrx_word' id='word_1_285' title='bbox 1551 821 1630 854; x_wconf 87' lang='lat' dir='ltr'>sunt,</span> <span class='ocrx_word' id='word_1_286' title='bbox 1658 817 1808 854; x_wconf 85' lang='lat' dir='ltr'>simulque</span> 
     </span>
    </p>
   </div>
   <div class='ocr_carea' id='block_1_43' title="bbox 983 864 1809 903">
    <p class='ocr_par' dir='ltr' id='par_1_43' title="bbox 983 864 1809 903">
     <span class='ocr_line' id='line_1_43' title="bbox 983 864 1809 903; baseline -0.006 -9"><span class='ocrx_word' id='word_1_287' title='bbox 983 866 1145 903; x_wconf 88' lang='lat' dir='ltr'>ingenitum</span> <span class='ocrx_word' id='word_1_288' title='bbox 1161 868 1190 894; x_wconf 91' lang='lat' dir='ltr'>et</span> <span class='ocrx_word' id='word_1_289' title='bbox 1204 866 1366 893; x_wconf 86' lang='lat' dir='ltr'>increatum</span> <span class='ocrx_word' id='word_1_290' title='bbox 1382 865 1474 893; x_wconf 90' lang='lat' dir='ltr'>Deum</span> <span class='ocrx_word' id='word_1_291' title='bbox 1487 864 1627 897; x_wconf 79' lang='lat' dir='ltr'>fatentur;</span> <span class='ocrx_word' id='word_1_292' title='bbox 1640 871 1740 891; x_wconf 92' lang='lat' dir='ltr'>verum</span> <span class='ocrx_word' id='word_1_293' title='bbox 1758 870 1809 898; x_wconf 91' lang='lat' dir='ltr'>po-</span> 
     </span>
    </p>
   </div>
   <div class='ocr_carea' id='block_1_44' title="bbox 983 907 1805 943">
    <p class='ocr_par' dir='ltr' id='par_1_44' title="bbox 983 907 1805 943">
     <span class='ocr_line' id='line_1_44' title="bbox 983 907 1805 943; baseline -0.006 -4"><span class='ocrx_word' id='word_1_294' title='bbox 983 911 1140 940; x_wconf 85' lang='lat' dir='ltr'>steriorum</span> <span class='ocrx_word' id='word_1_295' title='bbox 1156 912 1351 938; x_wconf 78' lang='lat' dir='ltr'>assertionum</span> <span class='ocrx_word' id='word_1_296' title='bbox 1376 909 1542 938; x_wconf 88' lang='lat' dir='ltr'>accessione</span> <span class='ocrx_word' id='word_1_297' title='bbox 1564 909 1592 936; x_wconf 91' lang='lat' dir='ltr'>et</span> <span class='ocrx_word' id='word_1_298' title='bbox 1606 907 1805 943; x_wconf 69' lang='lat' dir='ltr'>exaequatione</span> 
     </span>
    </p>
   </div>
   <div class='ocr_carea' id='block_1_45' title="bbox 981 951 1802 992">
    <p class='ocr_par' dir='ltr' id='par_1_45' title="bbox 981 951 1802 992">
     <span class='ocr_line' id='line_1_45' title="bbox 981 951 1802 992; baseline -0.006 -8"><span class='ocrx_word' id='word_1_299' title='bbox 981 956 1032 984; x_wconf 88' lang='lat' dir='ltr'>illa</span> <span class='ocrx_word' id='word_1_300' title='bbox 1048 965 1135 992; x_wconf 86' lang='lat' dir='ltr'>quam</span> <span class='ocrx_word' id='word_1_301' title='bbox 1153 956 1263 984; x_wconf 85' lang='lat' dir='ltr'>faciunt</span> <span class='ocrx_word' id='word_1_302' title='bbox 1272 955 1385 984; x_wconf 78' lang='lat' dir='ltr'>ratione</span> <span class='ocrx_word' id='word_1_303' title='bbox 1399 954 1543 987; x_wconf 65' lang='lat' dir='ltr'>essentia,</span> <span class='ocrx_word' id='word_1_304' title='bbox 1557 953 1636 981; x_wconf 88' lang='lat' dir='ltr'>hisce</span> <span class='ocrx_word' id='word_1_305' title='bbox 1647 952 1709 981; x_wconf 88' lang='lat' dir='ltr'>suis</span> <span class='ocrx_word' id='word_1_306' title='bbox 1725 951 1802 988; x_wconf 89' lang='lat' dir='ltr'>prio-</span> 
     </span>
    </p>
   </div>
   <div class='ocr_carea' id='block_1_46' title="bbox 982 997 1803 1032">
    <p class='ocr_par' dir='ltr' id='par_1_46' title="bbox 982 997 1803 1032">
     <span class='ocr_line' id='line_1_46' title="bbox 982 997 1803 1032; baseline -0.007 -3"><span class='ocrx_word' id='word_1_307' title='bbox 982 1001 1064 1029; x_wconf 83' lang='lat' dir='ltr'>ribus</span> <span class='ocrx_word' id='word_1_308' title='bbox 1093 1000 1329 1029; x_wconf 84' lang='lat' dir='ltr'>confessionibus</span> <span class='ocrx_word' id='word_1_309' title='bbox 1358 999 1572 1027; x_wconf 81' lang='lat' dir='ltr'>contradicunt.</span> <span class='ocrx_word' id='word_1_310' title='bbox 1601 999 1678 1031; x_wconf 88' lang='lat' dir='ltr'>Quos</span> <span class='ocrx_word' id='word_1_311' title='bbox 1701 997 1803 1032; x_wconf 87' lang='lat' dir='ltr'>utique</span> 
     </span>
    </p>
   </div>
   <div class='ocr_carea' id='block_1_47' title="bbox 982 1044 1803 1081">
    <p class='ocr_par' dir='ltr' id='par_1_47' title="bbox 982 1044 1803 1081">
     <span class='ocr_line' id='line_1_47' title="bbox 982 1044 1803 1081; baseline -0.006 -8"><span class='ocrx_word' id='word_1_312' title='bbox 982 1047 1106 1081; x_wconf 85' lang='lat' dir='ltr'>deceret,</span> <span class='ocrx_word' id='word_1_313' title='bbox 1131 1045 1154 1073; x_wconf 90' lang='lat' dir='ltr'>si</span> <span class='ocrx_word' id='word_1_314' title='bbox 1180 1053 1238 1081; x_wconf 83' lang='lat' dir='ltr'>qua</span> <span class='ocrx_word' id='word_1_315' title='bbox 1262 1044 1391 1073; x_wconf 81' lang='lat' dir='ltr'>veritatis</span> <span class='ocrx_word' id='word_1_316' title='bbox 1416 1052 1487 1071; x_wconf 88' lang='lat' dir='ltr'>cura</span> <span class='ocrx_word' id='word_1_317' title='bbox 1511 1044 1708 1075; x_wconf 86' lang='lat' dir='ltr'>moverentur,</span> <span class='ocrx_word' id='word_1_318' title='bbox 1736 1049 1803 1069; x_wconf 89' lang='lat' dir='ltr'>cum</span> 
     </span>
    </p>
   </div>
   <div class='ocr_carea' id='block_1_48' title="bbox 981 1086 1805 1124">
    <p class='ocr_par' dir='ltr' id='par_1_48' title="bbox 981 1086 1805 1124">
     <span class='ocr_line' id='line_1_48' title="bbox 981 1086 1805 1124; baseline -0.006 -6"><span class='ocrx_word' id='word_1_319' title='bbox 981 1090 1095 1118; x_wconf 81' lang='lat' dir='ltr'>diversa</span> <span class='ocrx_word' id='word_1_320' title='bbox 1106 1090 1167 1117; x_wconf 89' lang='lat' dir='ltr'>sint</span> <span class='ocrx_word' id='word_1_321' title='bbox 1182 1089 1312 1124; x_wconf 86' lang='lat' dir='ltr'>nomina,</span> <span class='ocrx_word' id='word_1_322' title='bbox 1329 1089 1459 1116; x_wconf 84' lang='lat' dir='ltr'>diversas</span> <span class='ocrx_word' id='word_1_323' title='bbox 1474 1088 1562 1116; x_wconf 87' lang='lat' dir='ltr'>etiam</span> <span class='ocrx_word' id='word_1_324' title='bbox 1579 1086 1723 1115; x_wconf 86' lang='lat' dir='ltr'>essentias</span> <span class='ocrx_word' id='word_1_325' title='bbox 1739 1094 1805 1114; x_wconf 92' lang='lat' dir='ltr'>con-</span> 
     </span>
    </p>
   </div>
   <div class='ocr_carea' id='block_1_49' title="bbox 980 1129 1803 1168">
    <p class='ocr_par' dir='ltr' id='par_1_49' title="bbox 980 1129 1803 1168">
     <span class='ocr_line' id='line_1_49' title="bbox 980 1129 1803 1168; baseline -0.005 -7"><span class='ocrx_word' id='word_1_326' title='bbox 980 1134 1069 1162; x_wconf 84' lang='lat' dir='ltr'>ﬁteri.</span> <span class='ocrx_word' id='word_1_327' title='bbox 1089 1133 1162 1160; x_wconf 89' lang='lat' dir='ltr'>Nam</span> <span class='ocrx_word' id='word_1_328' title='bbox 1178 1132 1221 1160; x_wconf 89' lang='lat' dir='ltr'>vel</span> <span class='ocrx_word' id='word_1_329' title='bbox 1237 1132 1292 1161; x_wconf 86' lang='lat' dir='ltr'>hac</span> <span class='ocrx_word' id='word_1_330' title='bbox 1308 1134 1336 1160; x_wconf 88' lang='lat' dir='ltr'>et</span> <span class='ocrx_word' id='word_1_331' title='bbox 1350 1132 1470 1168; x_wconf 88' lang='lat' dir='ltr'>quidem</span> <span class='ocrx_word' id='word_1_332' title='bbox 1486 1131 1548 1159; x_wconf 87' lang='lat' dir='ltr'>sola</span> <span class='ocrx_word' id='word_1_333' title='bbox 1564 1129 1675 1158; x_wconf 80' lang='lat' dir='ltr'>ratione</span> <span class='ocrx_word' id='word_1_334' title='bbox 1690 1130 1803 1166; x_wconf 75' lang='lat' dir='ltr'>iustum</span> 
     </span>
    </p>
   </div>
   <div class='ocr_carea' id='block_1_50' title="bbox 981 1174 1804 1212">
    <p class='ocr_par' dir='ltr' id='par_1_50' title="bbox 981 1174 1804 1212">
     <span class='ocr_line' id='line_1_50' title="bbox 981 1174 1804 1212; baseline -0.005 -7"><span class='ocrx_word' id='word_1_335' title='bbox 981 1179 1130 1206; x_wconf 85' lang='lat' dir='ltr'>servarent</span> <span class='ocrx_word' id='word_1_336' title='bbox 1145 1177 1288 1211; x_wconf 87' lang='lat' dir='ltr'>ordinem,</span> <span class='ocrx_word' id='word_1_337' title='bbox 1305 1178 1334 1205; x_wconf 88' lang='lat' dir='ltr'>et</span> <span class='ocrx_word' id='word_1_338' title='bbox 1352 1177 1393 1205; x_wconf 88' lang='lat' dir='ltr'>sic</span> <span class='ocrx_word' id='word_1_339' title='bbox 1410 1176 1506 1212; x_wconf 85' lang='lat' dir='ltr'>quoad</span> <span class='ocrx_word' id='word_1_340' title='bbox 1522 1177 1683 1211; x_wconf 90' lang='lat' dir='ltr'>utrumque</span> <span class='ocrx_word' id='word_1_341' title='bbox 1698 1174 1804 1202; x_wconf 89' lang='lat' dir='ltr'>horum</span> 
     </span>
    </p>
   </div>
   <div class='ocr_carea' id='block_1_51' title="bbox 979 1218 1804 1250">
    <p class='ocr_par' dir='ltr' id='par_1_51' title="bbox 979 1218 1804 1250">
     <span class='ocr_line' id='line_1_51' title="bbox 979 1218 1804 1250; baseline -0.005 0"><span class='ocrx_word' id='word_1_342' title='bbox 979 1222 1199 1250; x_wconf 85' lang='lat' dir='ltr'>convenientem</span> <span class='ocrx_word' id='word_1_343' title='bbox 1209 1222 1328 1250; x_wconf 86' lang='lat' dir='ltr'>ederent</span> <span class='ocrx_word' id='word_1_344' title='bbox 1338 1221 1563 1250; x_wconf 80' lang='lat' dir='ltr'>confessionem.</span> <span class='ocrx_word' id='word_1_345' title='bbox 1575 1219 1605 1247; x_wconf 89' lang='lat' dir='ltr'>Si</span> <span class='ocrx_word' id='word_1_346' title='bbox 1612 1227 1681 1247; x_wconf 87' lang='lat' dir='ltr'>vero</span> <span class='ocrx_word' id='word_1_347' title='bbox 1692 1218 1804 1247; x_wconf 87' lang='lat' dir='ltr'>nullam</span> 
     </span>
    </p>
   </div>
   <div class='ocr_carea' id='block_1_52' title="bbox 979 1263 1804 1304">
    <p class='ocr_par' dir='ltr' id='par_1_52' title="bbox 979 1263 1804 1304">
     <span class='ocr_line' id='line_1_52' title="bbox 979 1263 1804 1304; baseline -0.006 -9"><span class='ocrx_word' id='word_1_348' title='bbox 979 1275 1101 1304; x_wconf 87' lang='lat' dir='ltr'>prorsus</span> <span class='ocrx_word' id='word_1_349' title='bbox 1117 1267 1249 1295; x_wconf 78' lang='lat' dir='ltr'>veritatis</span> <span class='ocrx_word' id='word_1_350' title='bbox 1272 1266 1401 1294; x_wconf 87' lang='lat' dir='ltr'>habeant</span> <span class='ocrx_word' id='word_1_351' title='bbox 1424 1265 1580 1299; x_wconf 85' lang='lat' dir='ltr'>rationem,</span> <span class='ocrx_word' id='word_1_352' title='bbox 1598 1264 1701 1292; x_wconf 89' lang='lat' dir='ltr'>saltem</span> <span class='ocrx_word' id='word_1_353' title='bbox 1726 1263 1804 1299; x_wconf 87' lang='lat' dir='ltr'>prio-</span> 
     </span>
    </p>
   </div>
   <div class='ocr_carea' id='block_1_53' title="bbox 979 1309 1803 1346">
    <p class='ocr_par' dir='ltr' id='par_1_53' title="bbox 979 1309 1803 1346">
     <span class='ocr_line' id='line_1_53' title="bbox 979 1309 1803 1346; baseline -0.007 -6"><span class='ocrx_word' id='word_1_354' title='bbox 979 1321 1044 1340; x_wconf 88' lang='lat' dir='ltr'>rum</span> <span class='ocrx_word' id='word_1_355' title='bbox 1071 1313 1304 1340; x_wconf 89' lang='lat' dir='ltr'>commentorum</span> <span class='ocrx_word' id='word_1_356' title='bbox 1334 1310 1575 1346; x_wconf 85' lang='lat' dir='ltr'>consequentiam</span> <span class='ocrx_word' id='word_1_357' title='bbox 1605 1309 1803 1340; x_wconf 85' lang='lat' dir='ltr'>observarent,</span> 
     </span>
    </p>
   </div>
   <div class='ocr_carea' id='block_1_54' title="bbox 98 1356 1802 1396">
    <p class='ocr_par' dir='ltr' id='par_1_54' title="bbox 98 1356 1802 1396">
     <span class='ocr_line' id='line_1_54' title="bbox 98 1356 1802 1396; baseline -0.001 -12"><span class='ocrx_word' id='word_1_358' title='bbox 98 1365 191 1393; x_wconf 86' lang='lat' dir='ltr'>neque</span> <span class='ocrx_word' id='word_1_359' title='bbox 208 1357 370 1385; x_wconf 88' lang='lat' dir='ltr'>recedendo</span> <span class='ocrx_word' id='word_1_360' title='bbox 387 1357 423 1385; x_wconf 89' lang='lat' dir='ltr'>ab</span> <span class='ocrx_word' id='word_1_361' title='bbox 439 1366 499 1385; x_wconf 91' lang='lat' dir='ltr'>una</span> <span class='ocrx_word' id='word_1_362' title='bbox 514 1357 675 1394; x_wconf 86' lang='lat' dir='ltr'>eademque</span> <span class='ocrx_word' id='word_1_363' title='bbox 691 1360 796 1386; x_wconf 88' lang='lat' dir='ltr'>natura</span> <span class='ocrx_word' id='word_1_364' title='bbox 810 1359 1020 1396; x_wconf 86' lang='lat' dir='ltr'>appellationes</span> <span class='ocrx_word' id='word_1_365' title='bbox 1036 1369 1052 1388; x_wconf 94' lang='lat' dir='ltr'>a</span> <span class='ocrx_word' id='word_1_366' title='bbox 1067 1360 1271 1389; x_wconf 83' lang='lat' dir='ltr'>convenientia</span> <span class='ocrx_word' id='word_1_367' title='bbox 1285 1360 1402 1396; x_wconf 89' lang='lat' dir='ltr'>propria</span> <span class='ocrx_word' id='word_1_368' title='bbox 1415 1359 1592 1395; x_wconf 85' lang='lat' dir='ltr'>|a1ienarent,</span> <span class='ocrx_word' id='word_1_369' title='bbox 1609 1365 1675 1385; x_wconf 89' lang='lat' dir='ltr'>cum</span> <span class='ocrx_word' id='word_1_370' title='bbox 1691 1356 1802 1392; x_wconf 85' lang='lat' dir='ltr'>passim</span> 
     </span>
    </p>
   </div>
   <div class='ocr_carea' id='block_1_55' title="bbox 97 1401 1447 1441">
    <p class='ocr_par' dir='ltr' id='par_1_55' title="bbox 97 1401 1447 1441">
     <span class='ocr_line' id='line_1_55' title="bbox 97 1401 1447 1441; baseline 0.001 -12"><span class='ocrx_word' id='word_1_371' title='bbox 97 1401 125 1429; x_wconf 91' lang='lat' dir='ltr'>in</span> <span class='ocrx_word' id='word_1_372' title='bbox 140 1402 374 1438; x_wconf 69' lang='lat' dir='ltr'>praecedentibus</span> <span class='ocrx_word' id='word_1_373' title='bbox 392 1410 408 1429; x_wconf 89' lang='lat' dir='ltr'>a</span> <span class='ocrx_word' id='word_1_374' title='bbox 424 1401 509 1430; x_wconf 88' lang='lat' dir='ltr'>nobis</span> <span class='ocrx_word' id='word_1_375' title='bbox 524 1402 562 1430; x_wconf 86' lang='lat' dir='ltr'>sit</span> <span class='ocrx_word' id='word_1_376' title='bbox 578 1403 822 1437; x_wconf 89' lang='lat' dir='ltr'>demonstratum,</span> <span class='ocrx_word' id='word_1_377' title='bbox 839 1412 923 1432; x_wconf 86' lang='lat' dir='ltr'>voces</span> <span class='ocrx_word' id='word_1_378' title='bbox 939 1413 1004 1433; x_wconf 87' lang='lat' dir='ltr'>esse</span> <span class='ocrx_word' id='word_1_379' title='bbox 1018 1406 1212 1434; x_wconf 87' lang='lat' dir='ltr'>essentiarum</span> <span class='ocrx_word' id='word_1_380' title='bbox 1228 1404 1447 1441; x_wconf 82' lang='lat' dir='ltr'>significativas.</span> 
     </span>
    </p>
   </div>
   <div class='ocr_carea' id='block_1_56' title="bbox 135 1462 924 1503">
    <p class='ocr_par' dir='ltr' id='par_1_56' title="bbox 135 1462 924 1503">
     <span class='ocr_line' id='line_1_56' title="bbox 135 1462 924 1503; baseline 0.003 -11"><span class='ocrx_word' id='word_1_381' title='bbox 135 1465 178 1493; x_wconf 81' lang='grc'>19,</span> <span class='ocrx_word' id='word_1_382' title='bbox 193 1463 275 1491; x_wconf 55' lang='grc' dir='ltr'>Εἶεποι</span> <span class='ocrx_word' id='word_1_383' title='bbox 291 1462 313 1492; x_wconf 85' lang='grc' dir='ltr'>δ’</span> <span class='ocrx_word' id='word_1_384' title='bbox 336 1462 365 1493; x_wconf 73' lang='grc' dir='ltr'>ἅν</span> <span class='ocrx_word' id='word_1_385' title='bbox 382 1475 424 1496; x_wconf 84' lang='grc' dir='ltr'>τις</span> <span class='ocrx_word' id='word_1_386' title='bbox 448 1463 513 1496; x_wconf 67' lang='grc' dir='ltr'>ἴσως</span> <span class='ocrx_word' id='word_1_387' title='bbox 530 1465 598 1503; x_wconf 86' lang='grc' dir='ltr'>πρὸς</span> <span class='ocrx_word' id='word_1_388' title='bbox 612 1465 769 1503; x_wconf 82' lang='grc' dir='ltr'>ἀντιλογίαν</span> <span class='ocrx_word' id='word_1_389' title='bbox 785 1466 924 1502; x_wconf 68' lang='grc' dir='ltr'>ἠκονημέ-</span> 
     </span>
    </p>
   </div>
   <div class='ocr_carea' id='block_1_57' title="bbox 1016 1463 1801 1502">
    <p class='ocr_par' dir='ltr' id='par_1_57' title="bbox 1016 1463 1801 1502">
     <span class='ocr_line' id='line_1_57' title="bbox 1016 1463 1801 1502; baseline -0.008 -6"><span class='ocrx_word' id='word_1_390' title='bbox 1016 1469 1057 1497; x_wconf 88' lang='grc'>19,</span> <span class='ocrx_word' id='word_1_391' title='bbox 1075 1469 1182 1496; x_wconf 89' lang='lat' dir='ltr'>Dixerit</span> <span class='ocrx_word' id='word_1_392' title='bbox 1198 1471 1297 1496; x_wconf 88' lang='lat' dir='ltr'>autem</span> <span class='ocrx_word' id='word_1_393' title='bbox 1314 1468 1438 1496; x_wconf 82' lang='lat' dir='ltr'>fortasse</span> <span class='ocrx_word' id='word_1_394' title='bbox 1462 1465 1530 1502; x_wconf 87' lang='lat' dir='ltr'>quis</span> <span class='ocrx_word' id='word_1_395' title='bbox 1546 1466 1582 1493; x_wconf 88' lang='lat' dir='ltr'>ad</span> <span class='ocrx_word' id='word_1_396' title='bbox 1598 1463 1801 1493; x_wconf 85' lang='lat' dir='ltr'>contradicen-</span> 
     </span>
    </p>
   </div>
   <div class='ocr_carea' id='block_1_58' title="bbox 100 1507 926 1548">
    <p class='ocr_par' dir='ltr' id='par_1_58' title="bbox 100 1507 923 1548">
     <span class='ocr_line' id='line_1_58' title="bbox 100 1507 923 1548; baseline 0.004 -13"><span class='ocrx_word' id='word_1_397' title='bbox 100 1519 154 1543; x_wconf 87' lang='grc' dir='ltr'>νος,</span> <span class='ocrx_word' id='word_1_398' title='bbox 171 1509 208 1539; x_wconf 84' lang='grc' dir='ltr'>ὡς</span> <span class='ocrx_word' id='word_1_399' title='bbox 233 1508 307 1545; x_wconf 70' lang='grc' dir='ltr'>εἴπερ</span> <span class='ocrx_word' id='word_1_400' title='bbox 339 1507 380 1536; x_wconf 73' lang='grc' dir='ltr'>δεῖ</span> <span class='ocrx_word' id='word_1_401' title='bbox 406 1511 465 1541; x_wconf 88' lang='grc' dir='ltr'>τοῖς</span> <span class='ocrx_word' id='word_1_402' title='bbox 494 1509 607 1546; x_wconf 81' lang='grc' dir='ltr'>ὀνόμασι</span> <span class='ocrx_word' id='word_1_403' title='bbox 634 1509 778 1548; x_wconf 83' lang='grc' dir='ltr'>προσὲχιιν</span> <span class='ocrx_word' id='word_1_404' title='bbox 804 1510 849 1538; x_wconf 84' lang='grc' dir='ltr'>καὶ</span> <span class='ocrx_word' id='word_1_405' title='bbox 878 1509 923 1538; x_wconf 80' lang='grc' dir='ltr'>διὰ</span> 
     </span>
    </p>
   </div>
   <div class='ocr_carea' id='block_1_59' title="bbox 982 1507 1800 1548">
    <p class='ocr_par' dir='ltr' id='par_1_59' title="bbox 982 1508 1800 1547">
     <span class='ocr_line' id='line_1_59' title="bbox 982 1508 1800 1547; baseline -0.006 -7"><span class='ocrx_word' id='word_1_406' title='bbox 982 1513 1047 1540; x_wconf 77' lang='lat' dir='ltr'>dum</span> <span class='ocrx_word' id='word_1_407' title='bbox 1063 1513 1234 1547; x_wconf 85' lang='lat' dir='ltr'>instructus,</span> <span class='ocrx_word' id='word_1_408' title='bbox 1250 1521 1283 1540; x_wconf 85' lang='lat' dir='ltr'>ac</span> <span class='ocrx_word' id='word_1_409' title='bbox 1291 1511 1381 1540; x_wconf 91' lang='lat' dir='ltr'>veluti</span> <span class='ocrx_word' id='word_1_410' title='bbox 1389 1514 1453 1539; x_wconf 86' lang='lat' dir='ltr'>cote</span> <span class='ocrx_word' id='word_1_411' title='bbox 1460 1513 1565 1538; x_wconf 89' lang='lat' dir='ltr'>acutus</span> <span class='ocrx_word' id='word_1_412' title='bbox 1575 1508 1800 1543; x_wconf 87' lang='lat' dir='ltr'>redditus,quod</span> 
     </span>
    </p>
   </div>
   <div class='ocr_carea' id='block_1_60' title="bbox 97 1547 926 1592">
    <p class='ocr_par' dir='ltr' id='par_1_60' title="bbox 97 1553 921 1592">
     <span class='ocr_line' id='line_1_60' title="bbox 97 1553 921 1592; baseline 0.002 -12"><span class='ocrx_word' id='word_1_413' title='bbox 97 1553 199 1580; x_wconf 76' lang='grc' dir='ltr'>τούτων</span> <span class='ocrx_word' id='word_1_414' title='bbox 217 1554 472 1591; x_wconf 77' lang='grc' dir='ltr'>προσάγισθαιταὶς</span> <span class='ocrx_word' id='word_1_415' title='bbox 499 1556 553 1581; x_wconf 83' lang='grc' dir='ltr'>τῶν</span> <span class='ocrx_word' id='word_1_416' title='bbox 581 1554 765 1591; x_wconf 61' lang='grc' dir='ltr'>ὑποκειμένων</span> <span class='ocrx_word' id='word_1_417' title='bbox 794 1554 921 1592; x_wconf 70' lang='grc' dir='ltr'>ἱννοίαις,</span> 
     </span>
    </p>
   </div>
   <div class='ocr_carea' id='block_1_61' title="bbox 982 1547 1800 1592">
    <p class='ocr_par' dir='ltr' id='par_1_61' title="bbox 982 1554 1800 1589">
     <span class='ocr_line' id='line_1_61' title="bbox 982 1554 1800 1589; baseline -0.007 -4"><span class='ocrx_word' id='word_1_418' title='bbox 982 1558 1005 1585; x_wconf 88' lang='lat' dir='ltr'>si</span> <span class='ocrx_word' id='word_1_419' title='bbox 1020 1557 1120 1585; x_wconf 82' lang='lat' dir='ltr'>habita</span> <span class='ocrx_word' id='word_1_420' title='bbox 1134 1558 1248 1585; x_wconf 83' lang='lat' dir='ltr'>ratione</span> <span class='ocrx_word' id='word_1_421' title='bbox 1273 1557 1424 1584; x_wconf 88' lang='lat' dir='ltr'>nominum</span> <span class='ocrx_word' id='word_1_422' title='bbox 1440 1556 1470 1583; x_wconf 92' lang='lat' dir='ltr'>in</span> <span class='ocrx_word' id='word_1_423' title='bbox 1486 1563 1583 1582; x_wconf 90' lang='lat' dir='ltr'>rerum</span> <span class='ocrx_word' id='word_1_424' title='bbox 1599 1554 1800 1589; x_wconf 85' lang='lat' dir='ltr'>subjectarum</span> 
     </span>
    </p>
   </div>
   <div class='ocr_carea' id='block_1_62' title="bbox 98 1597 921 1639">
    <p class='ocr_par' dir='ltr' id='par_1_62' title="bbox 98 1597 921 1639">
     <span class='ocr_line' id='line_1_62' title="bbox 98 1597 921 1639; baseline 0.004 -15"><span class='ocrx_word' id='word_1_425' title='bbox 98 1597 162 1629; x_wconf 82' lang='grc' dir='ltr'>καθὸ</span> <span class='ocrx_word' id='word_1_426' title='bbox 187 1597 406 1638; x_wconf 51' lang='grc' dir='ltr'>μὶνβγέννητον</span> <span class='ocrx_word' id='word_1_427' title='bbox 430 1597 475 1625; x_wconf 86' lang='grc' dir='ltr'>καὶ</span> <span class='ocrx_word' id='word_1_428' title='bbox 498 1599 626 1635; x_wconf 77' lang='grc' dir='ltr'>γεννητὸν</span> <span class='ocrx_word' id='word_1_429' title='bbox 652 1598 848 1637; x_wconf 74' lang='grc' dir='ltr'>παρηλλάχθαι</span> <span class='ocrx_word' id='word_1_430' title='bbox 872 1610 921 1639; x_wconf 80' lang='grc' dir='ltr'>φα-</span> 
     </span>
    </p>
   </div>
   <div class='ocr_carea' id='block_1_63' title="bbox 99 1640 923 1681">
    <p class='ocr_par' dir='ltr' id='par_1_63' title="bbox 99 1640 923 1681">
     <span class='ocr_line' id='line_1_63' title="bbox 99 1640 923 1681; baseline 0.004 -13"><span class='ocrx_word' id='word_1_431' title='bbox 99 1642 156 1678; x_wconf 72' lang='grc' dir='ltr'>μὲν,</span> <span class='ocrx_word' id='word_1_432' title='bbox 172 1642 240 1674; x_wconf 75' lang='grc' dir='ltr'>καθὸ</span> <span class='ocrx_word' id='word_1_433' title='bbox 256 1640 285 1669; x_wconf 80' lang='grc' dir='ltr'>’ὀὶ</span> <span class='ocrx_word' id='word_1_434' title='bbox 300 1644 357 1681; x_wconf 76' lang='grc' dir='ltr'>φῶς</span> <span class='ocrx_word' id='word_1_435' title='bbox 372 1642 416 1670; x_wconf 85' lang='grc' dir='ltr'>καὶ</span> <span class='ocrx_word' id='word_1_436' title='bbox 432 1644 501 1680; x_wconf 80' lang='grc' dir='ltr'>φῶς,</span> <span class='ocrx_word' id='word_1_437' title='bbox 516 1644 573 1678; x_wconf 79' lang='grc' dir='ltr'>ζωή</span> <span class='ocrx_word' id='word_1_438' title='bbox 597 1653 625 1670; x_wconf 83' lang='grc' dir='ltr'>τε</span> <span class='ocrx_word' id='word_1_439' title='bbox 646 1643 691 1670; x_wconf 88' lang='grc' dir='ltr'>καὶ</span> <span class='ocrx_word' id='word_1_440' title='bbox 714 1644 782 1679; x_wconf 79' lang='grc' dir='ltr'>ζωὴ,</span> <span class='ocrx_word' id='word_1_441' title='bbox 809 1643 923 1680; x_wconf 74' lang='grc' dir='ltr'>δύναμις</span> 
     </span>
    </p>
   </div>
   <div class='ocr_carea' id='block_1_64' title="bbox 97 1685 924 1726">
    <p class='ocr_par' dir='ltr' id='par_1_64' title="bbox 97 1685 924 1726">
     <span class='ocr_line' id='line_1_64' title="bbox 97 1685 924 1726; baseline 0.004 -13"><span class='ocrx_word' id='word_1_442' title='bbox 97 1687 138 1714; x_wconf 77' lang='grc' dir='ltr'>καὶ</span> <span class='ocrx_word' id='word_1_443' title='bbox 156 1685 284 1723; x_wconf 77' lang='grc' dir='ltr'>δύναμις,</span> <span class='ocrx_word' id='word_1_444' title='bbox 301 1686 427 1714; x_wconf 70' lang='grc' dir='ltr'>ιοικέναι.</span> <span class='ocrx_word' id='word_1_445' title='bbox 456 1687 528 1725; x_wconf 83' lang='grc' dir='ltr'>Πρὸς</span> <span class='ocrx_word' id='word_1_446' title='bbox 553 1687 582 1715; x_wconf 79' lang='grc' dir='ltr'>δν</span> <span class='ocrx_word' id='word_1_447' title='bbox 609 1698 706 1725; x_wconf 78' lang='grc' dir='ltr'>φαμεν,</span> <span class='ocrx_word' id='word_1_448' title='bbox 732 1688 763 1716; x_wconf 81' lang='grc' dir='ltr'>οὐ</span> <span class='ocrx_word' id='word_1_449' title='bbox 790 1689 924 1726; x_wconf 80' lang='grc' dir='ltr'>βακτηρίᾳ</span> 
     </span>
    </p>
   </div>
   <div class='ocr_carea' id='block_1_65' title="bbox 98 1731 925 1770">
    <p class='ocr_par' dir='ltr' id='par_1_65' title="bbox 98 1731 925 1770">
     <span class='ocr_line' id='line_1_65' title="bbox 98 1731 925 1770; baseline 0.002 -12"><span class='ocrx_word' id='word_1_450' title='bbox 98 1732 241 1769; x_wconf 80' lang='grc' dir='ltr'>χρώμινοι</span> <span class='ocrx_word' id='word_1_451' title='bbox 268 1731 336 1768; x_wconf 86' lang='grc' dir='ltr'>πρὸς</span> <span class='ocrx_word' id='word_1_452' title='bbox 364 1732 414 1766; x_wconf 75' lang='grc' dir='ltr'>τὴν</span> <span class='ocrx_word' id='word_1_453' title='bbox 442 1731 576 1769; x_wconf 81' lang='grc' dir='ltr'>ἐρώτησιν</span> <span class='ocrx_word' id='word_1_454' title='bbox 598 1732 652 1760; x_wconf 80' lang='grc' dir='ltr'>ἀντ’</span> <span class='ocrx_word' id='word_1_455' title='bbox 667 1732 835 1770; x_wconf 80' lang='grc' dir='ltr'>ἀποκρίσεως</span> <span class='ocrx_word' id='word_1_456' title='bbox 856 1733 925 1760; x_wconf 73' lang='grc' dir='ltr'>κατὰ</span> 
     </span>
    </p>
   </div>
   <div class='ocr_carea' id='block_1_66' title="bbox 97 1775 924 1816">
    <p class='ocr_par' dir='ltr' id='par_1_66' title="bbox 97 1775 924 1816">
     <span class='ocr_line' id='line_1_66' title="bbox 97 1775 924 1816; baseline 0.002 -13"><span class='ocrx_word' id='word_1_457' title='bbox 97 1776 140 1803; x_wconf 81' lang='grc' dir='ltr'>τὸν</span> <span class='ocrx_word' id='word_1_458' title='bbox 157 1776 302 1813; x_wconf 68' lang='grc' dir='ltr'>Διογάνους</span> <span class='ocrx_word' id='word_1_459' title='bbox 331 1775 484 1812; x_wconf 73' lang='grc' dir='ltr'>ἐπαινέτην·</span> <span class='ocrx_word' id='word_1_460' title='bbox 500 1775 573 1804; x_wconf 86' lang='grc' dir='ltr'>πολὺ</span> <span class='ocrx_word' id='word_1_461' title='bbox 597 1778 648 1815; x_wconf 78' lang='grc' dir='ltr'>γὰρ</span> <span class='ocrx_word' id='word_1_462' title='bbox 676 1777 806 1814; x_wconf 78' lang='grc' dir='ltr'>κυνισμὸς</span> <span class='ocrx_word' id='word_1_463' title='bbox 833 1779 924 1816; x_wconf 82' lang='grc' dir='ltr'>κεχώ-</span> 
     </span>
    </p>
   </div>
   <div class='ocr_carea' id='block_1_67' title="bbox 99 1819 922 1860">
    <p class='ocr_par' dir='ltr' id='par_1_67' title="bbox 99 1819 922 1860">
     <span class='ocr_line' id='line_1_67' title="bbox 99 1819 922 1860; baseline 0.004 -13"><span class='ocrx_word' id='word_1_464' title='bbox 99 1830 186 1857; x_wconf 85' lang='grc' dir='ltr'>ρισται</span> <span class='ocrx_word' id='word_1_465' title='bbox 227 1821 452 1858; x_wconf 79' lang='grc' dir='ltr'>Χριστιανισμοῦ·</span> <span class='ocrx_word' id='word_1_466' title='bbox 494 1820 540 1848; x_wconf 82' lang='grc' dir='ltr'>τὸν</span> <span class='ocrx_word' id='word_1_467' title='bbox 580 1819 608 1848; x_wconf 73' lang='grc' dir='ltr'>δὲ</span> <span class='ocrx_word' id='word_1_468' title='bbox 654 1823 785 1860; x_wconf 83' lang='grc' dir='ltr'>μακάριον</span> <span class='ocrx_word' id='word_1_469' title='bbox 814 1822 922 1851; x_wconf 82' lang='grc' dir='ltr'>Ηαῦλον</span> 
     </span>
    </p>
   </div>
   <div class='ocr_carea' id='block_1_68' title="bbox 100 1863 925 1904">
    <p class='ocr_par' dir='ltr' id='par_1_68' title="bbox 100 1863 925 1904">
     <span class='ocr_line' id='line_1_68' title="bbox 100 1863 925 1904; baseline 0.002 -12"><span class='ocrx_word' id='word_1_470' title='bbox 100 1863 282 1900; x_wconf 67' lang='grc' dir='ltr'>ἄζηλωκότις,</span> <span class='ocrx_word' id='word_1_471' title='bbox 299 1865 328 1896; x_wconf 75' lang='grc' dir='ltr'>ὃς</span> <span class='ocrx_word' id='word_1_472' title='bbox 358 1875 426 1903; x_wconf 84' lang='grc' dir='ltr'>φησι</span> <span class='ocrx_word' id='word_1_473' title='bbox 453 1864 507 1893; x_wconf 77' lang='grc' dir='ltr'>δεῖν</span> <span class='ocrx_word' id='word_1_474' title='bbox 524 1865 549 1894; x_wconf 71' lang='grc' dir='ltr'>ἐν</span> <span class='ocrx_word' id='word_1_475' title='bbox 565 1865 660 1902; x_wconf 84' lang='grc' dir='ltr'>πολλῇ</span> <span class='ocrx_word' id='word_1_476' title='bbox 674 1866 847 1904; x_wconf 78' lang='grc' dir='ltr'>μακροθυμίᾳ</span> <span class='ocrx_word' id='word_1_477' title='bbox 861 1877 925 1894; x_wconf 90' lang='grc' dir='ltr'>παι-</span> 
     </span>
    </p>
   </div>
   <div class='ocr_carea' id='block_1_69' title="bbox 101 1908 924 1949">
    <p class='ocr_par' dir='ltr' id='par_1_69' title="bbox 101 1908 924 1949">
     <span class='ocr_line' id='line_1_69' title="bbox 101 1908 924 1949; baseline 0.004 -13"><span class='ocrx_word' id='word_1_478' title='bbox 101 1908 185 1937; x_wconf 72' lang='grc' dir='ltr'>δεύειν</span> <span class='ocrx_word' id='word_1_479' title='bbox 200 1910 265 1941; x_wconf 84' lang='grc' dir='ltr'>τοὺς</span> <span class='ocrx_word' id='word_1_480' title='bbox 280 1908 554 1947; x_wconf 69' lang='grc' dir='ltr'>ἀντιδιατιθεμένους,</span> <span class='ocrx_word' id='word_1_481' title='bbox 570 1910 611 1938; x_wconf 76' lang='grc' dir='ltr'>ὅτι</span> <span class='ocrx_word' id='word_1_482' title='bbox 625 1911 656 1939; x_wconf 88' lang='grc' dir='ltr'>τὸ</span> <span class='ocrx_word' id='word_1_483' title='bbox 678 1912 724 1947; x_wconf 66' lang='grc' dir='ltr'>μέν</span> <span class='ocrx_word' id='word_1_484' title='bbox 747 1911 817 1939; x_wconf 72' lang='grc' dir='ltr'>ἐστιν</span> <span class='ocrx_word' id='word_1_485' title='bbox 846 1913 924 1949; x_wconf 72' lang='grc' dir='ltr'>ἇγὲν-</span> 
     </span>
    </p>
   </div>
   <div class='ocr_carea' id='block_1_70' title="bbox 100 1953 924 1993">
    <p class='ocr_par' dir='ltr' id='par_1_70' title="bbox 100 1953 924 1993">
     <span class='ocr_line' id='line_1_70' title="bbox 100 1953 924 1993; baseline 0.002 -12"><span class='ocrx_word' id='word_1_486' title='bbox 100 1965 180 1989; x_wconf 78' lang='grc' dir='ltr'>νητον</span> <span class='ocrx_word' id='word_1_487' title='bbox 197 1957 265 1992; x_wconf 73' lang='grc' dir='ltr'>φῶς,</span> <span class='ocrx_word' id='word_1_488' title='bbox 281 1955 312 1982; x_wconf 84' lang='grc' dir='ltr'>τὸ</span> <span class='ocrx_word' id='word_1_489' title='bbox 328 1953 356 1982; x_wconf 68' lang='grc' dir='ltr'>δὲ</span> <span class='ocrx_word' id='word_1_490' title='bbox 371 1955 512 1992; x_wconf 75' lang='grc' dir='ltr'>γεννητόν.</span> <span class='ocrx_word' id='word_1_491' title='bbox 528 1955 644 1992; x_wconf 82' lang='grc' dir='ltr'>Πότερον</span> <span class='ocrx_word' id='word_1_492' title='bbox 661 1954 731 1984; x_wconf 81' lang='grc' dir='ltr'>ἄλλο</span> <span class='ocrx_word' id='word_1_493' title='bbox 754 1967 780 1983; x_wconf 88' lang='grc' dir='ltr'>τι</span> <span class='ocrx_word' id='word_1_494' title='bbox 797 1956 924 1993; x_wconf 74' lang='grc' dir='ltr'>σημαίνει</span> 
     </span>
    </p>
   </div>
   <div class='ocr_carea' id='block_1_71' title="bbox 99 1998 954 2038">
    <p class='ocr_par' dir='ltr' id='par_1_71' title="bbox 99 1998 954 2038">
     <span class='ocr_line' id='line_1_71' title="bbox 99 1998 954 2038; baseline 0.001 -12"><span class='ocrx_word' id='word_1_495' title='bbox 99 1999 128 2026; x_wconf 77' lang='grc' dir='ltr'>τὸ</span> <span class='ocrx_word' id='word_1_496' title='bbox 155 2001 215 2036; x_wconf 78' lang='grc' dir='ltr'>φῶς</span> <span class='ocrx_word' id='word_1_497' title='bbox 238 1999 280 2026; x_wconf 60' lang='grc' dir='ltr'>ἐπ’</span> <span class='ocrx_word' id='word_1_498' title='bbox 306 2000 451 2036; x_wconf 74' lang='grc' dir='ltr'>ἀγεννήτω</span> <span class='ocrx_word' id='word_1_499' title='bbox 479 1998 625 2038; x_wconf 82' lang='grc' dir='ltr'>λεγόμενον</span> <span class='ocrx_word' id='word_1_500' title='bbox 651 2000 725 2037; x_wconf 82' lang='grc' dir='ltr'>παρὰ</span> <span class='ocrx_word' id='word_1_501' title='bbox 738 2000 770 2028; x_wconf 81' lang='grc' dir='ltr'>τὸ</span> <span class='ocrx_word' id='word_1_502' title='bbox 785 2000 923 2037; x_wconf 75' lang='grc' dir='ltr'>γεννητὸν,</span> <span class='ocrx_word' id='word_1_503' title='bbox 951 2011 954 2014; x_wconf 51' lang='grc'><strong>⁴</strong></span> 
     </span>
    </p>
   </div>
   <div class='ocr_carea' id='block_1_72' title="bbox 100 2042 924 2082">
    <p class='ocr_par' dir='ltr' id='par_1_72' title="bbox 100 2042 924 2082">
     <span class='ocr_line' id='line_1_72' title="bbox 100 2042 924 2082; baseline 0.001 -12"><span class='ocrx_word' id='word_1_504' title='bbox 100 2043 227 2077; x_wconf 78' lang='grc' dir='ltr'>ἢταυτὸν</span> <span class='ocrx_word' id='word_1_505' title='bbox 255 2043 397 2081; x_wconf 75' lang='grc' dir='ltr'>ἓκᾶτιρονς</span> <span class='ocrx_word' id='word_1_506' title='bbox 418 2043 450 2072; x_wconf 73' lang='lat' dir='ltr'>Et</span> <span class='ocrx_word' id='word_1_507' title='bbox 481 2044 527 2080; x_wconf 66' lang='grc' dir='ltr'>μὶν</span> <span class='ocrx_word' id='word_1_508' title='bbox 555 2044 607 2082; x_wconf 80' lang='grc' dir='ltr'>γὰρ</span> <span class='ocrx_word' id='word_1_509' title='bbox 635 2042 725 2082; x_wconf 67' lang='grc' dir='ltr'>ἕτερόν</span> <span class='ocrx_word' id='word_1_510' title='bbox 754 2055 780 2071; x_wconf 89' lang='grc' dir='ltr'>τι</span> <span class='ocrx_word' id='word_1_511' title='bbox 799 2044 844 2071; x_wconf 87' lang='grc' dir='ltr'>καὶ</span> <span class='ocrx_word' id='word_1_512' title='bbox 868 2042 924 2072; x_wconf 56' lang='grc' dir='ltr'>ἴτε-</span> 
     </span>
    </p>
   </div>
   <div class='ocr_carea' id='block_1_73' title="bbox 101 2086 924 2126">
    <p class='ocr_par' dir='ltr' id='par_1_73' title="bbox 101 2086 924 2126">
     <span class='ocr_line' id='line_1_73' title="bbox 101 2086 924 2126; baseline 0.002 -12"><span class='ocrx_word' id='word_1_513' title='bbox 101 2097 156 2124; x_wconf 84' lang='grc' dir='ltr'>ρον,</span> <span class='ocrx_word' id='word_1_514' title='bbox 183 2086 314 2122; x_wconf 70' lang='grc' dir='ltr'>εὔδηλον,</span> <span class='ocrx_word' id='word_1_515' title='bbox 337 2087 380 2115; x_wconf 74' lang='grc' dir='ltr'>ὅτι</span> <span class='ocrx_word' id='word_1_516' title='bbox 404 2088 449 2115; x_wconf 82' lang='grc' dir='ltr'>καὶ</span> <span class='ocrx_word' id='word_1_517' title='bbox 471 2087 593 2116; x_wconf 74' lang='grc' dir='ltr'>σύνθετον</span> <span class='ocrx_word' id='word_1_518' title='bbox 617 2089 648 2116; x_wconf 80' lang='grc' dir='ltr'>τὸ</span> <span class='ocrx_word' id='word_1_519' title='bbox 663 2088 688 2124; x_wconf 73' lang='grc' dir='ltr'>ἐξ</span> <span class='ocrx_word' id='word_1_520' title='bbox 702 2089 793 2126; x_wconf 78' lang='grc' dir='ltr'>ὲτὲρου</span> <span class='ocrx_word' id='word_1_521' title='bbox 807 2088 851 2116; x_wconf 87' lang='grc' dir='ltr'>καὶ</span> <span class='ocrx_word' id='word_1_522' title='bbox 868 2088 924 2116; x_wconf 75' lang='grc' dir='ltr'>ὲτὲ-</span> 
     </span>
    </p>
   </div>
   <div class='ocr_carea' id='block_1_74' title="bbox 101 2131 924 2170">
    <p class='ocr_par' dir='ltr' id='par_1_74' title="bbox 101 2131 924 2170">
     <span class='ocr_line' id='line_1_74' title="bbox 101 2131 924 2170; baseline 0.001 -12"><span class='ocrx_word' id='word_1_523' title='bbox 101 2141 147 2166; x_wconf 87' lang='grc' dir='ltr'>ρου</span> <span class='ocrx_word' id='word_1_524' title='bbox 171 2131 360 2168; x_wconf 81' lang='grc' dir='ltr'>συγκιίμενον.</span> <span class='ocrx_word' id='word_1_525' title='bbox 383 2133 423 2161; x_wconf 83' lang='grc' dir='ltr'>Τὸ</span> <span class='ocrx_word' id='word_1_526' title='bbox 446 2131 474 2159; x_wconf 64' lang='grc' dir='ltr'>δὲ</span> <span class='ocrx_word' id='word_1_527' title='bbox 499 2131 622 2160; x_wconf 79' lang='grc' dir='ltr'>σύνθετον</span> <span class='ocrx_word' id='word_1_528' title='bbox 649 2132 698 2160; x_wconf 82' lang='grc' dir='ltr'>οὐκ</span> <span class='ocrx_word' id='word_1_529' title='bbox 720 2133 874 2170; x_wconf 66' lang='grc' dir='ltr'>ἀγέννητον.</span> <span class='ocrx_word' id='word_1_530' title='bbox 892 2132 924 2161; x_wconf 84' lang='grc' dir='ltr'>Εἰ</span> 
     </span>
    </p>
   </div>
   <div class='ocr_carea' id='block_1_75' title="bbox 102 2174 924 2214">
    <p class='ocr_par' dir='ltr' id='par_1_75' title="bbox 102 2174 924 2214">
     <span class='ocr_line' id='line_1_75' title="bbox 102 2174 924 2214; baseline 0.001 -11"><span class='ocrx_word' id='word_1_531' title='bbox 102 2174 128 2203; x_wconf 71' lang='grc' dir='ltr'>δὲ</span> <span class='ocrx_word' id='word_1_532' title='bbox 142 2176 252 2210; x_wconf 78' lang='grc' dir='ltr'>ταυτὸν,</span> <span class='ocrx_word' id='word_1_533' title='bbox 275 2175 338 2204; x_wconf 73' lang='grc' dir='ltr'>ὅσον</span> <span class='ocrx_word' id='word_1_534' title='bbox 353 2176 547 2213; x_wconf 76' lang='grc' dir='ltr'>παρήλλακται</span> <span class='ocrx_word' id='word_1_535' title='bbox 575 2177 607 2204; x_wconf 86' lang='grc' dir='ltr'>τὸ</span> <span class='ocrx_word' id='word_1_536' title='bbox 630 2176 774 2214; x_wconf 73' lang='grc' dir='ltr'>ἀγιννητον</span> <span class='ocrx_word' id='word_1_537' title='bbox 804 2177 871 2214; x_wconf 86' lang='grc' dir='ltr'>πρὸς</span> <span class='ocrx_word' id='word_1_538' title='bbox 894 2177 924 2204; x_wconf 87' lang='grc' dir='ltr'>τὸ</span> 
     </span>
    </p>
   </div>
   <div class='ocr_carea' id='block_1_76' title="bbox 977 1597 1802 1635">
    <p class='ocr_par' dir='ltr' id='par_1_76' title="bbox 977 1597 1802 1635">
     <span class='ocr_line' id='line_1_76' title="bbox 977 1597 1802 1635; baseline -0.007 -6"><span class='ocrx_word' id='word_1_539' title='bbox 977 1602 1241 1630; x_wconf 83' lang='lat' dir='ltr'>considerationem</span> <span class='ocrx_word' id='word_1_540' title='bbox 1253 1604 1297 1629; x_wconf 88' lang='lat' dir='ltr'>est</span> <span class='ocrx_word' id='word_1_541' title='bbox 1307 1601 1449 1634; x_wconf 87' lang='lat' dir='ltr'>eundum,</span> <span class='ocrx_word' id='word_1_542' title='bbox 1461 1601 1608 1635; x_wconf 82' lang='lat' dir='ltr'>quatenus</span> <span class='ocrx_word' id='word_1_543' title='bbox 1620 1597 1739 1634; x_wconf 87' lang='lat' dir='ltr'>quidem</span> <span class='ocrx_word' id='word_1_544' title='bbox 1756 1597 1802 1624; x_wconf 91' lang='lat' dir='ltr'>iu-</span> 
     </span>
    </p>
   </div>
   <div class='ocr_carea' id='block_1_77' title="bbox 977 1640 1801 1683">
    <p class='ocr_par' dir='ltr' id='par_1_77' title="bbox 977 1640 1801 1683">
     <span class='ocr_line' id='line_1_77' title="bbox 977 1640 1801 1683; baseline -0.007 -9"><span class='ocrx_word' id='word_1_545' title='bbox 977 1646 1110 1683; x_wconf 86' lang='lat' dir='ltr'>genitum</span> <span class='ocrx_word' id='word_1_546' title='bbox 1119 1649 1148 1674; x_wconf 93' lang='lat' dir='ltr'>et</span> <span class='ocrx_word' id='word_1_547' title='bbox 1157 1646 1290 1682; x_wconf 83' lang='lat' dir='ltr'>genitum</span> <span class='ocrx_word' id='word_1_548' title='bbox 1299 1645 1414 1673; x_wconf 80' lang='lat' dir='ltr'>diﬂ&#39;erre</span> <span class='ocrx_word' id='word_1_549' title='bbox 1422 1643 1548 1672; x_wconf 85' lang='lat' dir='ltr'>dicimus</span> <span class='ocrx_word' id='word_1_550' title='bbox 1556 1652 1563 1671; x_wconf 85' lang='lat'><strong>:</strong></span> <span class='ocrx_word' id='word_1_551' title='bbox 1571 1647 1717 1679; x_wconf 79' lang='lat' dir='ltr'>quatenus</span> <span class='ocrx_word' id='word_1_552' title='bbox 1725 1640 1801 1669; x_wconf 74' lang='lat'>698</span> 
     </span>
    </p>
   </div>
   <div class='ocr_carea' id='block_1_78' title="bbox 977 1686 1802 1724">
    <p class='ocr_par' dir='ltr' id='par_1_78' title="bbox 977 1686 1802 1724">
     <span class='ocr_line' id='line_1_78' title="bbox 977 1686 1802 1724; baseline -0.006 -6"><span class='ocrx_word' id='word_1_553' title='bbox 977 1699 1045 1718; x_wconf 88' lang='lat' dir='ltr'>vero</span> <span class='ocrx_word' id='word_1_554' title='bbox 1061 1690 1159 1718; x_wconf 85' lang='lat' dir='ltr'>lumen</span> <span class='ocrx_word' id='word_1_555' title='bbox 1175 1693 1204 1718; x_wconf 93' lang='lat' dir='ltr'>et</span> <span class='ocrx_word' id='word_1_556' title='bbox 1218 1690 1328 1724; x_wconf 89' lang='lat' dir='ltr'>lumen,</span> <span class='ocrx_word' id='word_1_557' title='bbox 1346 1690 1406 1717; x_wconf 87' lang='lat' dir='ltr'>vita</span> <span class='ocrx_word' id='word_1_558' title='bbox 1429 1691 1458 1716; x_wconf 87' lang='lat' dir='ltr'>et</span> <span class='ocrx_word' id='word_1_559' title='bbox 1472 1689 1541 1722; x_wconf 86' lang='lat' dir='ltr'>vita,</span> <span class='ocrx_word' id='word_1_560' title='bbox 1558 1686 1688 1723; x_wconf 87' lang='lat' dir='ltr'>potentia</span> <span class='ocrx_word' id='word_1_561' title='bbox 1708 1688 1737 1713; x_wconf 90' lang='lat' dir='ltr'>et</span> <span class='ocrx_word' id='word_1_562' title='bbox 1752 1694 1802 1721; x_wconf 88' lang='lat' dir='ltr'>po-</span> 
     </span>
    </p>
   </div>
   <div class='ocr_carea' id='block_1_79' title="bbox 978 1730 1802 1770">
    <p class='ocr_par' dir='ltr' id='par_1_79' title="bbox 978 1730 1802 1770">
     <span class='ocr_line' id='line_1_79' title="bbox 978 1730 1802 1770; baseline -0.007 -7"><span class='ocrx_word' id='word_1_563' title='bbox 978 1735 1081 1770; x_wconf 87' lang='lat' dir='ltr'>tentia,</span> <span class='ocrx_word' id='word_1_564' title='bbox 1097 1743 1152 1762; x_wconf 92' lang='lat' dir='ltr'>non</span> <span class='ocrx_word' id='word_1_565' title='bbox 1167 1735 1293 1768; x_wconf 70' lang='lat' dir='ltr'>differre,</span> <span class='ocrx_word' id='word_1_566' title='bbox 1311 1735 1362 1762; x_wconf 88' lang='lat' dir='ltr'>sed</span> <span class='ocrx_word' id='word_1_567' title='bbox 1377 1734 1509 1769; x_wconf 80' lang='lat' dir='ltr'>ejusdem</span> <span class='ocrx_word' id='word_1_568' title='bbox 1527 1741 1592 1760; x_wconf 87' lang='lat' dir='ltr'>esse</span> <span class='ocrx_word' id='word_1_569' title='bbox 1607 1731 1738 1760; x_wconf 82' lang='lat' dir='ltr'>rationis.</span> <span class='ocrx_word' id='word_1_570' title='bbox 1751 1730 1802 1757; x_wconf 84' lang='lat' dir='ltr'>Cui</span> 
     </span>
    </p>
   </div>
   <div class='ocr_carea' id='block_1_80' title="bbox 979 1775 1801 1815">
    <p class='ocr_par' dir='ltr' id='par_1_80' title="bbox 979 1775 1801 1815">
     <span class='ocr_line' id='line_1_80' title="bbox 979 1775 1801 1815; baseline -0.006 -8"><span class='ocrx_word' id='word_1_571' title='bbox 979 1780 1203 1815; x_wconf 87' lang='lat' dir='ltr'>respondemus,</span> <span class='ocrx_word' id='word_1_572' title='bbox 1227 1787 1283 1806; x_wconf 91' lang='lat' dir='ltr'>non</span> <span class='ocrx_word' id='word_1_573' title='bbox 1299 1779 1404 1807; x_wconf 86' lang='lat' dir='ltr'>baculo</span> <span class='ocrx_word' id='word_1_574' title='bbox 1419 1780 1535 1805; x_wconf 87' lang='lat' dir='ltr'>utentes</span> <span class='ocrx_word' id='word_1_575' title='bbox 1556 1778 1591 1805; x_wconf 89' lang='lat' dir='ltr'>ad</span> <span class='ocrx_word' id='word_1_576' title='bbox 1607 1775 1801 1811; x_wconf 66' lang='lat' dir='ltr'>questionem</span> 
     </span>
    </p>
   </div>
   <div class='ocr_carea' id='block_1_81' title="bbox 979 1819 1801 1860">
    <p class='ocr_par' dir='ltr' id='par_1_81' title="bbox 979 1819 1801 1860">
     <span class='ocr_line' id='line_1_81' title="bbox 979 1819 1801 1860; baseline -0.009 -8"><span class='ocrx_word' id='word_1_577' title='bbox 979 1824 1041 1852; x_wconf 91' lang='lat' dir='ltr'>loco</span> <span class='ocrx_word' id='word_1_578' title='bbox 1056 1823 1268 1860; x_wconf 86' lang='lat' dir='ltr'>responsionis,</span> <span class='ocrx_word' id='word_1_579' title='bbox 1287 1823 1316 1851; x_wconf 88' lang='lat' dir='ltr'>id</span> <span class='ocrx_word' id='word_1_580' title='bbox 1333 1823 1411 1858; x_wconf 90' lang='lat' dir='ltr'>quod</span> <span class='ocrx_word' id='word_1_581' title='bbox 1434 1823 1471 1850; x_wconf 82' lang='lat' dir='ltr'>de</span> <span class='ocrx_word' id='word_1_582' title='bbox 1493 1822 1621 1856; x_wconf 84' lang='lat' dir='ltr'>Diogene</span> <span class='ocrx_word' id='word_1_583' title='bbox 1636 1820 1723 1847; x_wconf 82' lang='lat' dir='ltr'>refert</span> <span class='ocrx_word' id='word_1_584' title='bbox 1737 1819 1801 1854; x_wconf 86' lang='lat' dir='ltr'>ejus</span> 
     </span>
    </p>
   </div>
   <div class='ocr_carea' id='block_1_82' title="bbox 977 1862 1801 1904">
    <p class='ocr_par' dir='ltr' id='par_1_82' title="bbox 977 1862 1801 1904">
     <span class='ocr_line' id='line_1_82' title="bbox 977 1862 1801 1904; baseline -0.006 -9"><span class='ocrx_word' id='word_1_585' title='bbox 977 1868 1121 1902; x_wconf 85' lang='lat' dir='ltr'>laudator,</span> <span class='ocrx_word' id='word_1_586' title='bbox 1138 1868 1289 1904; x_wconf 78' lang='lat' dir='ltr'>cynismus</span> <span class='ocrx_word' id='word_1_587' title='bbox 1299 1867 1377 1895; x_wconf 88' lang='lat' dir='ltr'>enim</span> <span class='ocrx_word' id='word_1_588' title='bbox 1391 1866 1517 1894; x_wconf 87' lang='lat' dir='ltr'>multum</span> <span class='ocrx_word' id='word_1_589' title='bbox 1529 1865 1625 1893; x_wconf 80' lang='lat' dir='ltr'>diil&#39;ert</span> <span class='ocrx_word' id='word_1_590' title='bbox 1634 1873 1650 1892; x_wconf 72' lang='grc' dir='ltr'>ο</span> <span class='ocrx_word' id='word_1_591' title='bbox 1659 1862 1801 1891; x_wconf 82' lang='lat' dir='ltr'>Christia-</span> 
     </span>
    </p>
   </div>
   <div class='ocr_carea' id='block_1_83' title="bbox 979 1907 1802 1944">
    <p class='ocr_par' dir='ltr' id='par_1_83' title="bbox 979 1907 1802 1944">
     <span class='ocr_line' id='line_1_83' title="bbox 979 1907 1802 1944; baseline -0.009 -3"><span class='ocrx_word' id='word_1_592' title='bbox 979 1914 1074 1941; x_wconf 83' lang='lat' dir='ltr'>nismo</span> <span class='ocrx_word' id='word_1_593' title='bbox 1090 1921 1096 1940; x_wconf 91' lang='lat'>:</span> <span class='ocrx_word' id='word_1_594' title='bbox 1114 1913 1165 1940; x_wconf 88' lang='lat' dir='ltr'>sed</span> <span class='ocrx_word' id='word_1_595' title='bbox 1181 1915 1315 1940; x_wconf 84' lang='lat' dir='ltr'>sanctum</span> <span class='ocrx_word' id='word_1_596' title='bbox 1339 1911 1464 1939; x_wconf 86' lang='lat' dir='ltr'>Paulum</span> <span class='ocrx_word' id='word_1_597' title='bbox 1479 1910 1643 1943; x_wconf 88' lang='lat' dir='ltr'>imitantes,</span> <span class='ocrx_word' id='word_1_598' title='bbox 1665 1908 1715 1944; x_wconf 90' lang='lat' dir='ltr'>qui</span> <span class='ocrx_word' id='word_1_599' title='bbox 1730 1907 1802 1935; x_wconf 89' lang='lat' dir='ltr'>dicit</span> 
     </span>
    </p>
   </div>
   <div class='ocr_carea' id='block_1_84' title="bbox 978 1953 1801 1993">
    <p class='ocr_par' dir='ltr' id='par_1_84' title="bbox 978 1953 1801 1993">
     <span class='ocr_line' id='line_1_84' title="bbox 978 1953 1801 1993; baseline -0.006 -8"><span class='ocrx_word' id='word_1_600' title='bbox 978 1957 1198 1993; x_wconf 74' lang='lat' dir='ltr'>longanimitate</span> <span class='ocrx_word' id='word_1_601' title='bbox 1213 1956 1396 1984; x_wconf 86' lang='lat' dir='ltr'>adversarios</span> <span class='ocrx_word' id='word_1_602' title='bbox 1417 1963 1482 1983; x_wconf 88' lang='lat' dir='ltr'>esse</span> <span class='ocrx_word' id='word_1_603' title='bbox 1495 1954 1673 1983; x_wconf 86' lang='lat' dir='ltr'>erudiendos</span> <span class='ocrx_word' id='word_1_604' title='bbox 1682 1953 1715 1982; x_wconf 79' lang='lat'>&quot;.</span> <span class='ocrx_word' id='word_1_605' title='bbox 1732 1953 1801 1980; x_wconf 78' lang='lat' dir='ltr'>Bes-</span> 
     </span>
    </p>
   </div>
   <div class='ocr_carea' id='block_1_85' title="bbox 979 1998 1801 2038">
    <p class='ocr_par' dir='ltr' id='par_1_85' title="bbox 979 1998 1801 2038">
     <span class='ocr_line' id='line_1_85' title="bbox 979 1998 1801 2038; baseline -0.007 -8"><span class='ocrx_word' id='word_1_606' title='bbox 979 2000 1381 2038; x_wconf 88' lang='lat' dir='ltr'>pondemus,inquam,quod</span> <span class='ocrx_word' id='word_1_607' title='bbox 1396 2000 1528 2036; x_wconf 55' lang='lat' dir='ltr'>quasdam</span> <span class='ocrx_word' id='word_1_608' title='bbox 1543 1999 1593 2027; x_wconf 83' lang='lat' dir='ltr'>lux</span> <span class='ocrx_word' id='word_1_609' title='bbox 1604 2001 1649 2026; x_wconf 89' lang='lat' dir='ltr'>est</span> <span class='ocrx_word' id='word_1_610' title='bbox 1659 1998 1801 2034; x_wconf 81' lang='lat' dir='ltr'>ingenita,</span> 
     </span>
    </p>
   </div>
   <div class='ocr_carea' id='block_1_86' title="bbox 979 2042 1801 2083">
    <p class='ocr_par' dir='ltr' id='par_1_86' title="bbox 979 2042 1801 2083">
     <span class='ocr_line' id='line_1_86' title="bbox 979 2042 1801 2083; baseline -0.007 -8"><span class='ocrx_word' id='word_1_611' title='bbox 979 2047 1112 2083; x_wconf 59' lang='lat' dir='ltr'>quadam</span> <span class='ocrx_word' id='word_1_612' title='bbox 1120 2054 1188 2074; x_wconf 87' lang='lat' dir='ltr'>vero</span> <span class='ocrx_word' id='word_1_613' title='bbox 1198 2045 1307 2082; x_wconf 77' lang='lat' dir='ltr'>genita.</span> <span class='ocrx_word' id='word_1_614' title='bbox 1317 2045 1419 2073; x_wconf 88' lang='lat' dir='ltr'>Utrum</span> <span class='ocrx_word' id='word_1_615' title='bbox 1426 2052 1492 2072; x_wconf 89' lang='lat' dir='ltr'>vero</span> <span class='ocrx_word' id='word_1_616' title='bbox 1501 2043 1648 2071; x_wconf 85' lang='lat' dir='ltr'>diversum</span> <span class='ocrx_word' id='word_1_617' title='bbox 1656 2050 1708 2070; x_wconf 89' lang='lat' dir='ltr'>seu</span> <span class='ocrx_word' id='word_1_618' title='bbox 1720 2042 1801 2070; x_wconf 88' lang='lat' dir='ltr'>aliud</span> 
     </span>
    </p>
   </div>
   <div class='ocr_carea' id='block_1_87' title="bbox 979 2087 1803 2127">
    <p class='ocr_par' dir='ltr' id='par_1_87' title="bbox 979 2087 1803 2127">
     <span class='ocr_line' id='line_1_87' title="bbox 979 2087 1803 2127; baseline -0.007 -8"><span class='ocrx_word' id='word_1_619' title='bbox 979 2092 1050 2127; x_wconf 88' lang='lat' dir='ltr'>quid</span> <span class='ocrx_word' id='word_1_620' title='bbox 1066 2091 1115 2119; x_wconf 86' lang='lat' dir='ltr'>lux</span> <span class='ocrx_word' id='word_1_621' title='bbox 1131 2090 1278 2126; x_wconf 84' lang='lat' dir='ltr'>signiﬁcat</span> <span class='ocrx_word' id='word_1_622' title='bbox 1292 2098 1360 2117; x_wconf 91' lang='lat' dir='ltr'>cum</span> <span class='ocrx_word' id='word_1_623' title='bbox 1376 2089 1411 2116; x_wconf 88' lang='lat' dir='ltr'>de</span> <span class='ocrx_word' id='word_1_624' title='bbox 1426 2088 1569 2123; x_wconf 79' lang='lat' dir='ltr'>ingenita,</span> <span class='ocrx_word' id='word_1_625' title='bbox 1580 2095 1668 2122; x_wconf 89' lang='lat' dir='ltr'>quam</span> <span class='ocrx_word' id='word_1_626' title='bbox 1683 2095 1750 2114; x_wconf 89' lang='lat' dir='ltr'>cum</span> <span class='ocrx_word' id='word_1_627' title='bbox 1767 2087 1803 2114; x_wconf 87' lang='lat' dir='ltr'>de</span> 
     </span>
    </p>
   </div>
   <div class='ocr_carea' id='block_1_88' title="bbox 979 2131 1804 2173">
    <p class='ocr_par' dir='ltr' id='par_1_88' title="bbox 979 2131 1804 2173">
     <span class='ocr_line' id='line_1_88' title="bbox 979 2131 1804 2173; baseline -0.008 -9"><span class='ocrx_word' id='word_1_628' title='bbox 979 2135 1077 2173; x_wconf 83' lang='lat' dir='ltr'>genita</span> <span class='ocrx_word' id='word_1_629' title='bbox 1093 2138 1198 2163; x_wconf 84' lang='lat' dir='ltr'>natura</span> <span class='ocrx_word' id='word_1_630' title='bbox 1206 2133 1428 2170; x_wconf 88' lang='lat' dir='ltr'>usurpatur,vel</span> <span class='ocrx_word' id='word_1_631' title='bbox 1437 2141 1474 2160; x_wconf 89' lang='lat' dir='ltr'>an</span> <span class='ocrx_word' id='word_1_632' title='bbox 1489 2140 1581 2160; x_wconf 88' lang='lat' dir='ltr'>unum</span> <span class='ocrx_word' id='word_1_633' title='bbox 1592 2134 1622 2159; x_wconf 88' lang='lat' dir='ltr'>et</span> <span class='ocrx_word' id='word_1_634' title='bbox 1632 2131 1710 2158; x_wconf 88' lang='lat' dir='ltr'>idem</span> <span class='ocrx_word' id='word_1_635' title='bbox 1721 2133 1804 2158; x_wconf 88' lang='lat' dir='ltr'>notat</span> 
     </span>
    </p>
   </div>
   <div class='ocr_carea' id='block_1_89' title="bbox 980 2176 1801 2216">
    <p class='ocr_par' dir='ltr' id='par_1_89' title="bbox 980 2176 1801 2216">
     <span class='ocr_line' id='line_1_89' title="bbox 980 2176 1801 2216; baseline -0.007 -8"><span class='ocrx_word' id='word_1_636' title='bbox 980 2180 1157 2216; x_wconf 79' lang='lat' dir='ltr'>utrobique?</span> <span class='ocrx_word' id='word_1_637' title='bbox 1173 2179 1299 2211; x_wconf 84' lang='lat' dir='ltr'>Etenim,</span> <span class='ocrx_word' id='word_1_638' title='bbox 1314 2179 1339 2206; x_wconf 90' lang='lat' dir='ltr'>si</span> <span class='ocrx_word' id='word_1_639' title='bbox 1355 2179 1472 2214; x_wconf 88' lang='lat' dir='ltr'>quidem</span> <span class='ocrx_word' id='word_1_640' title='bbox 1492 2177 1641 2204; x_wconf 88' lang='lat' dir='ltr'>diversum</span> <span class='ocrx_word' id='word_1_641' title='bbox 1658 2176 1729 2211; x_wconf 89' lang='lat' dir='ltr'>quid</span> <span class='ocrx_word' id='word_1_642' title='bbox 1745 2176 1801 2211; x_wconf 81' lang='lat' dir='ltr'>hic,</span> 
     </span>
    </p>
   </div>
   <div class='ocr_carea' id='block_1_90' title="bbox 101 2220 926 2265">
    <p class='ocr_par' dir='ltr' id='par_1_90' title="bbox 101 2220 924 2261">
     <span class='ocr_line' id='line_1_90' title="bbox 101 2220 924 2261; baseline 0.002 -13"><span class='ocrx_word' id='word_1_643' title='bbox 101 2220 229 2257; x_wconf 71' lang='grc' dir='ltr'>γεννητὸν</span> <span class='ocrx_word' id='word_1_644' title='bbox 246 2221 328 2257; x_wconf 86' lang='grc'>(33“),</span> <span class='ocrx_word' id='word_1_645' title='bbox 342 2223 471 2249; x_wconf 80' lang='grc' dir='ltr'>τοσοῦτον</span> <span class='ocrx_word' id='word_1_646' title='bbox 494 2220 694 2260; x_wconf 83' lang='grc' dir='ltr'>παρηλλάχθαι</span> <span class='ocrx_word' id='word_1_647' title='bbox 708 2220 748 2249; x_wconf 75' lang='grc' dir='ltr'>δεῖ</span> <span class='ocrx_word' id='word_1_648' title='bbox 762 2222 806 2249; x_wconf 88' lang='grc' dir='ltr'>καὶ</span> <span class='ocrx_word' id='word_1_649' title='bbox 820 2222 852 2250; x_wconf 86' lang='grc' dir='ltr'>τὸ</span> <span class='ocrx_word' id='word_1_650' title='bbox 867 2225 924 2261; x_wconf 82' lang='grc' dir='ltr'>φῶς</span> 
     </span>
    </p>
   </div>
   <div class='ocr_carea' id='block_1_91' title="bbox 982 2220 1803 2265">
    <p class='ocr_par' dir='ltr' id='par_1_91' title="bbox 982 2220 1803 2259">
     <span class='ocr_line' id='line_1_91' title="bbox 982 2220 1803 2259; baseline -0.006 -7"><span class='ocrx_word' id='word_1_651' title='bbox 982 2227 1008 2253; x_wconf 81' lang='lat' dir='ltr'>et</span> <span class='ocrx_word' id='word_1_652' title='bbox 1023 2224 1171 2252; x_wconf 88' lang='lat' dir='ltr'>diversum</span> <span class='ocrx_word' id='word_1_653' title='bbox 1193 2224 1252 2252; x_wconf 86' lang='lat' dir='ltr'>illic</span> <span class='ocrx_word' id='word_1_654' title='bbox 1276 2223 1432 2259; x_wconf 84' lang='lat' dir='ltr'>signiﬁcat,</span> <span class='ocrx_word' id='word_1_655' title='bbox 1449 2221 1640 2250; x_wconf 83' lang='lat' dir='ltr'>manifestum</span> <span class='ocrx_word' id='word_1_656' title='bbox 1664 2220 1733 2248; x_wconf 90' lang='lat' dir='ltr'>inde</span> <span class='ocrx_word' id='word_1_657' title='bbox 1748 2223 1803 2254; x_wconf 69' lang='lat' dir='ltr'>est,</span> 
     </span>
    </p>
   </div>
   <div class='ocr_carea' id='block_1_92' title="bbox 101 2265 924 2304">
    <p class='ocr_par' dir='ltr' id='par_1_92' title="bbox 101 2265 924 2304">
     <span class='ocr_line' id='line_1_92' title="bbox 101 2265 924 2304; baseline 0.004 -13"><span class='ocrx_word' id='word_1_658' title='bbox 101 2265 168 2302; x_wconf 87' lang='grc' dir='ltr'>πρὸς</span> <span class='ocrx_word' id='word_1_659' title='bbox 182 2265 214 2292; x_wconf 86' lang='grc' dir='ltr'>τὸ</span> <span class='ocrx_word' id='word_1_660' title='bbox 230 2267 300 2303; x_wconf 76' lang='grc' dir='ltr'>φῶς,</span> <span class='ocrx_word' id='word_1_661' title='bbox 316 2266 360 2292; x_wconf 78' lang='grc' dir='ltr'>καὶ</span> <span class='ocrx_word' id='word_1_662' title='bbox 377 2266 426 2300; x_wconf 82' lang='grc' dir='ltr'>τήν</span> <span class='ocrx_word' id='word_1_663' title='bbox 444 2266 516 2300; x_wconf 82' lang='grc' dir='ltr'>ζωὴν</span> <span class='ocrx_word' id='word_1_664' title='bbox 532 2266 600 2304; x_wconf 86' lang='grc' dir='ltr'>πρὸς</span> <span class='ocrx_word' id='word_1_665' title='bbox 623 2266 672 2300; x_wconf 83' lang='grc' dir='ltr'>τήν</span> <span class='ocrx_word' id='word_1_666' title='bbox 697 2267 781 2302; x_wconf 78' lang='grc' dir='ltr'>ζωὴν,</span> <span class='ocrx_word' id='word_1_667' title='bbox 806 2267 851 2294; x_wconf 85' lang='grc' dir='ltr'>καὶ</span> <span class='ocrx_word' id='word_1_668' title='bbox 875 2267 924 2301; x_wconf 75' lang='grc' dir='ltr'>τὴν</span> 
     </span>
    </p>
   </div>
   <div class='ocr_carea' id='block_1_93' title="bbox 101 2307 926 2348">
    <p class='ocr_par' dir='ltr' id='par_1_93' title="bbox 101 2307 926 2348">
     <span class='ocr_line' id='line_1_93' title="bbox 101 2307 926 2348; baseline 0.002 -12"><span class='ocrx_word' id='word_1_669' title='bbox 101 2307 217 2345; x_wconf 76' lang='grc' dir='ltr'>δύναμιν</span> <span class='ocrx_word' id='word_1_670' title='bbox 247 2309 316 2347; x_wconf 83' lang='grc' dir='ltr'>πρὸς</span> <span class='ocrx_word' id='word_1_671' title='bbox 343 2310 393 2344; x_wconf 80' lang='grc' dir='ltr'>τήν</span> <span class='ocrx_word' id='word_1_672' title='bbox 420 2308 546 2347; x_wconf 83' lang='grc' dir='ltr'>δύναμιν.</span> <span class='ocrx_word' id='word_1_673' title='bbox 562 2311 593 2339; x_wconf 92' lang='grc' dir='ltr'>Ὁ</span> <span class='ocrx_word' id='word_1_674' title='bbox 607 2311 658 2348; x_wconf 83' lang='grc' dir='ltr'>γὰρ</span> <span class='ocrx_word' id='word_1_675' title='bbox 673 2311 752 2342; x_wconf 81' lang='grc' dir='ltr'>αὐτὸς</span> <span class='ocrx_word' id='word_1_676' title='bbox 768 2311 855 2339; x_wconf 85' lang='grc' dir='ltr'>κανὼν</span> <span class='ocrx_word' id='word_1_677' title='bbox 881 2311 926 2338; x_wconf 88' lang='grc' dir='ltr'>καὶ</span> 
     </span>
    </p>
   </div>
   <div class='ocr_carea' id='block_1_94' title="bbox 100 2353 926 2392">
    <p class='ocr_par' dir='ltr' id='par_1_94' title="bbox 100 2353 926 2392">
     <span class='ocr_line' id='line_1_94' title="bbox 100 2353 926 2392; baseline 0.001 -11"><span class='ocrx_word' id='word_1_678' title='bbox 100 2353 203 2392; x_wconf 84' lang='grc' dir='ltr'>τρόπος</span> <span class='ocrx_word' id='word_1_679' title='bbox 216 2354 285 2392; x_wconf 89' lang='grc' dir='ltr'>πρὸς</span> <span class='ocrx_word' id='word_1_680' title='bbox 309 2354 359 2389; x_wconf 84' lang='grc' dir='ltr'>τὴν</span> <span class='ocrx_word' id='word_1_681' title='bbox 382 2354 508 2382; x_wconf 80' lang='grc' dir='ltr'>ἁπάντων</span> <span class='ocrx_word' id='word_1_682' title='bbox 522 2357 576 2382; x_wconf 82' lang='grc' dir='ltr'>τῶν</span> <span class='ocrx_word' id='word_1_683' title='bbox 596 2355 727 2383; x_wconf 81' lang='grc' dir='ltr'>τοιούτων</span> <span class='ocrx_word' id='word_1_684' title='bbox 744 2354 878 2385; x_wconf 80' lang='grc' dir='ltr'>διάλυσιν.</span> <span class='ocrx_word' id='word_1_685' title='bbox 895 2356 926 2383; x_wconf 86' lang='grc' dir='ltr'>Εἰ</span> 
     </span>
    </p>
   </div>
   <div class='ocr_carea' id='block_1_95' title="bbox 101 2396 926 2439">
    <p class='ocr_par' dir='ltr' id='par_1_95' title="bbox 101 2396 926 2439">
     <span class='ocr_line' id='line_1_95' title="bbox 101 2396 926 2439; baseline 0.004 -14"><span class='ocrx_word' id='word_1_686' title='bbox 101 2398 193 2426; x_wconf 84' lang='grc' dir='ltr'>τοίνυν</span> <span class='ocrx_word' id='word_1_687' title='bbox 229 2401 281 2426; x_wconf 81' lang='grc' dir='ltr'>πᾶν</span> <span class='ocrx_word' id='word_1_688' title='bbox 309 2396 374 2436; x_wconf 70' lang='grc' dir='ltr'>ὅπιρ</span> <span class='ocrx_word' id='word_1_689' title='bbox 405 2398 510 2436; x_wconf 67' lang='grc' dir='ltr'>λέγεται</span> <span class='ocrx_word' id='word_1_690' title='bbox 541 2401 590 2432; x_wconf 78' lang='grc' dir='ltr'>τῆς</span> <span class='ocrx_word' id='word_1_691' title='bbox 624 2402 672 2427; x_wconf 78' lang='grc' dir='ltr'>τοῦ</span> <span class='ocrx_word' id='word_1_692' title='bbox 702 2401 805 2439; x_wconf 82' lang='grc' dir='ltr'>Πατρὸς</span> <span class='ocrx_word' id='word_1_693' title='bbox 834 2400 926 2432; x_wconf 76' lang='grc' dir='ltr'>οὐσίας</span> 
     </span>
    </p>
   </div>
   <div class='ocr_carea' id='block_1_96' title="bbox 102 2442 925 2482">
    <p class='ocr_par' dir='ltr' id='par_1_96' title="bbox 102 2442 925 2482">
     <span class='ocr_line' id='line_1_96' title="bbox 102 2442 925 2482; baseline 0.005 -13"><span class='ocrx_word' id='word_1_694' title='bbox 102 2442 284 2478; x_wconf 74' lang='grc' dir='ltr'>σημαντικὸν,</span> <span class='ocrx_word' id='word_1_695' title='bbox 301 2442 358 2471; x_wconf 64' lang='grc' dir='ltr'>ἴσον</span> <span class='ocrx_word' id='word_1_696' title='bbox 372 2443 428 2471; x_wconf 64' lang='grc' dir='ltr'>ἐστὶ</span> <span class='ocrx_word' id='word_1_697' title='bbox 441 2444 509 2471; x_wconf 84' lang='grc' dir='ltr'>κατὰ</span> <span class='ocrx_word' id='word_1_698' title='bbox 522 2445 572 2479; x_wconf 78' lang='grc' dir='ltr'>τὴν</span> <span class='ocrx_word' id='word_1_699' title='bbox 587 2448 637 2479; x_wconf 86' lang='grc' dir='ltr'>τῆς</span> <span class='ocrx_word' id='word_1_700' title='bbox 660 2445 797 2481; x_wconf 81' lang='grc' dir='ltr'>σημασίας</span> <span class='ocrx_word' id='word_1_701' title='bbox 813 2444 925 2482; x_wconf 68' lang='grc' dir='ltr'>δύναμιν</span> 
     </span>
    </p>
   </div>
   <div class='ocr_carea' id='block_1_97' title="bbox 102 2487 928 2526">
    <p class='ocr_par' dir='ltr' id='par_1_97' title="bbox 102 2487 928 2526">
     <span class='ocr_line' id='line_1_97' title="bbox 102 2487 928 2526; baseline 0.004 -11"><span class='ocrx_word' id='word_1_702' title='bbox 102 2489 141 2523; x_wconf 82' lang='grc' dir='ltr'>τῷ</span> <span class='ocrx_word' id='word_1_703' title='bbox 155 2488 213 2525; x_wconf 75' lang='grc'>(34)</span> <span class='ocrx_word' id='word_1_704' title='bbox 239 2488 378 2525; x_wconf 81' lang='grc' dir='ltr'>ἁγεννήτῳ</span> <span class='ocrx_word' id='word_1_705' title='bbox 394 2487 438 2516; x_wconf 79' lang='grc' dir='ltr'>διὰ</span> <span class='ocrx_word' id='word_1_706' title='bbox 451 2489 483 2516; x_wconf 83' lang='grc' dir='ltr'>τὸ</span> <span class='ocrx_word' id='word_1_707' title='bbox 513 2489 610 2526; x_wconf 72' lang='grc' dir='ltr'>ἀμερὲς</span> <span class='ocrx_word' id='word_1_708' title='bbox 624 2489 669 2517; x_wconf 85' lang='grc' dir='ltr'>καὶ</span> <span class='ocrx_word' id='word_1_709' title='bbox 685 2489 838 2525; x_wconf 75' lang='grc' dir='ltr'>ἀσύνθετον,</span> <span class='ocrx_word' id='word_1_710' title='bbox 860 2490 928 2518; x_wconf 75' lang='grc' dir='ltr'>κατὰ</span> 
     </span>
    </p>
   </div>
   <div class='ocr_carea' id='block_1_98' title="bbox 103 2529 926 2572">
    <p class='ocr_par' dir='ltr' id='par_1_98' title="bbox 103 2529 926 2572">
     <span class='ocr_line' id='line_1_98' title="bbox 103 2529 926 2572; baseline 0.007 -14"><span class='ocrx_word' id='word_1_711' title='bbox 103 2529 132 2558; x_wconf 75' lang='grc' dir='ltr'>εὶ</span> <span class='ocrx_word' id='word_1_712' title='bbox 147 2531 193 2559; x_wconf 82' lang='grc' dir='ltr'>τὸν</span> <span class='ocrx_word' id='word_1_713' title='bbox 210 2532 290 2560; x_wconf 78' lang='grc' dir='ltr'>αὐτὸν</span> <span class='ocrx_word' id='word_1_714' title='bbox 309 2531 390 2571; x_wconf 87' lang='grc' dir='ltr'>λόγον</span> <span class='ocrx_word' id='word_1_715' title='bbox 403 2534 468 2561; x_wconf 81' lang='grc' dir='ltr'><strong>κάπῖ</strong></span> <span class='ocrx_word' id='word_1_716' title='bbox 487 2535 536 2561; x_wconf 81' lang='grc' dir='ltr'>τοῦ</span> <span class='ocrx_word' id='word_1_717' title='bbox 562 2533 734 2572; x_wconf 79' lang='grc' dir='ltr'>Μονογενοῦς</span> <span class='ocrx_word' id='word_1_718' title='bbox 762 2535 840 2563; x_wconf 78' lang='grc' dir='ltr'>αὐτὸν</span> <span class='ocrx_word' id='word_1_719' title='bbox 871 2536 926 2572; x_wconf 88' lang='grc'>(35)</span> 
     </span>
    </p>
   </div>
   <div class='ocr_carea' id='block_1_99' title="bbox 101 2576 926 2618">
    <p class='ocr_par' dir='ltr' id='par_1_99' title="bbox 101 2576 926 2618">
     <span class='ocr_line' id='line_1_99' title="bbox 101 2576 926 2618; baseline 0.005 -15"><span class='ocrx_word' id='word_1_720' title='bbox 101 2577 143 2612; x_wconf 83' lang='grc' dir='ltr'>τῷ</span> <span class='ocrx_word' id='word_1_721' title='bbox 157 2577 318 2613; x_wconf 77' lang='grc' dir='ltr'>γιννήματι.</span> <span class='ocrx_word' id='word_1_722' title='bbox 339 2577 541 2616; x_wconf 79' lang='grc' dir='ltr'>Παρηλλάχθαι</span> <span class='ocrx_word' id='word_1_723' title='bbox 556 2576 586 2607; x_wconf 78' lang='grc' dir='ltr'>δὶ</span> <span class='ocrx_word' id='word_1_724' title='bbox 611 2579 695 2607; x_wconf 76' lang='grc' dir='ltr'>ταῦτά</span> <span class='ocrx_word' id='word_1_725' title='bbox 715 2589 778 2618; x_wconf 76' lang='grc' dir='ltr'>φασι</span> <span class='ocrx_word' id='word_1_726' title='bbox 806 2580 852 2607; x_wconf 88' lang='grc' dir='ltr'>καὶ</span> <span class='ocrx_word' id='word_1_727' title='bbox 880 2579 926 2607; x_wconf 80' lang='grc' dir='ltr'>αὖ-</span> 
     </span>
    </p>
   </div>
   <div class='ocr_carea' id='block_1_100' title="bbox 139 2675 407 2713">
    <p class='ocr_par' dir='ltr' id='par_1_100' title="bbox 139 2675 407 2713">
     <span class='ocr_line' id='line_1_100' title="bbox 139 2675 407 2713; baseline 0.007 -9"><span class='ocrx_word' id='word_1_728' title='bbox 139 2675 162 2694; x_wconf 86' lang='grc'><strong><em>⁸³</em></strong></span> <span class='ocrx_word' id='word_1_729' title='bbox 180 2677 205 2705; x_wconf 92' lang='lat' dir='ltr'><strong>II</strong></span> <span class='ocrx_word' id='word_1_730' title='bbox 222 2676 299 2706; x_wconf 88' lang='lat' dir='ltr'>Tim.</span> <span class='ocrx_word' id='word_1_731' title='bbox 315 2684 347 2713; x_wconf 80' lang='grc' dir='ltr'>ιι,</span> <span class='ocrx_word' id='word_1_732' title='bbox 361 2678 407 2706; x_wconf 90' lang='lat'>25.</span> 
     </span>
    </p>
   </div>
   <div class='ocr_carea' id='block_1_101' title="bbox 142 2765 425 2803">
    <p class='ocr_par' dir='ltr' id='par_1_101' title="bbox 142 2765 425 2803">
     <span class='ocr_line' id='line_1_101' title="bbox 142 2765 425 2803; baseline 0.004 0"><span class='ocrx_word' id='word_1_733' title='bbox 142 2765 304 2803; x_wconf 57' lang='lat' dir='ltr'>samum</span> <span class='ocrx_word' id='word_1_734' title='bbox 319 2775 349 2803; x_wconf 76' lang='grc' dir='ltr'><strong>ρ.</strong></span> <span class='ocrx_word' id='word_1_735' title='bbox 361 2767 425 2796; x_wconf 68' lang='lat'>261.</span> 
     </span>
    </p>
   </div>
   <div class='ocr_carea' id='block_1_102' title="bbox 138 2773 929 2845">
    <p class='ocr_par' dir='ltr' id='par_1_102' title="bbox 138 2773 929 2845">
     <span class='ocr_line' id='line_1_102' title="bbox 138 2773 929 2845; baseline 0.03 -33"><span class='ocrx_word' id='word_1_736' title='bbox 458 2803 523 2841; x_wconf 85' lang='lat'>262,</span> <span class='ocrx_word' id='word_1_737' title='bbox 537 2803 569 2831; x_wconf 79' lang='grc' dir='ltr'>τὸ</span> <span class='ocrx_word' id='word_1_738' title='bbox 583 2804 709 2841; x_wconf 81' lang='grc' dir='ltr'>γιννητὸν</span> <span class='ocrx_word' id='word_1_739' title='bbox 725 2805 792 2843; x_wconf 83' lang='grc' dir='ltr'>πρὸς</span> <span class='ocrx_word' id='word_1_740' title='bbox 805 2805 836 2834; x_wconf 77' lang='grc' dir='ltr'>τὸ</span> <span class='ocrx_word' id='word_1_741' title='bbox 852 2806 929 2845; x_wconf 74' lang='grc' dir='ltr'>ἀγὶν-</span> 
     </span>
    </p>
   </div>
   <div class='ocr_carea' id='block_1_103' title="bbox 104 2838 432 2874">
    <p class='ocr_par' dir='ltr' id='par_1_103' title="bbox 104 2838 432 2874">
     <span class='ocr_line' id='line_1_103' title="bbox 104 2838 432 2874; baseline 0.009 -10"><span class='ocrx_word' id='word_1_742' title='bbox 104 2845 195 2874; x_wconf 78' lang='grc' dir='ltr'>νητον,</span> <span class='ocrx_word' id='word_1_743' title='bbox 211 2838 317 2867; x_wconf 85' lang='lat' dir='ltr'>eodem</span> <span class='ocrx_word' id='word_1_744' title='bbox 332 2838 432 2867; x_wconf 58' lang='lat' dir='ltr'>sensui</span> 
     </span>
    </p>
   </div>
   <div class='ocr_carea' id='block_1_104' title="bbox 981 2264 1805 2304">
    <p class='ocr_par' dir='ltr' id='par_1_104' title="bbox 981 2264 1805 2304">
     <span class='ocr_line' id='line_1_104' title="bbox 981 2264 1805 2304; baseline -0.004 -8"><span class='ocrx_word' id='word_1_745' title='bbox 981 2269 1059 2304; x_wconf 89' lang='lat' dir='ltr'>quod</span> <span class='ocrx_word' id='word_1_746' title='bbox 1075 2269 1162 2296; x_wconf 84' lang='lat' dir='ltr'>etiam</span> <span class='ocrx_word' id='word_1_747' title='bbox 1179 2268 1375 2304; x_wconf 87' lang='lat' dir='ltr'>compositum</span> <span class='ocrx_word' id='word_1_748' title='bbox 1398 2267 1468 2302; x_wconf 90' lang='lat' dir='ltr'>quid</span> <span class='ocrx_word' id='word_1_749' title='bbox 1484 2266 1532 2299; x_wconf 88' lang='lat' dir='ltr'>sit,</span> <span class='ocrx_word' id='word_1_750' title='bbox 1549 2274 1584 2293; x_wconf 85' lang='lat' dir='ltr'>ex</span> <span class='ocrx_word' id='word_1_751' title='bbox 1599 2264 1655 2293; x_wconf 85' lang='lat' dir='ltr'>alio</span> <span class='ocrx_word' id='word_1_752' title='bbox 1670 2264 1805 2293; x_wconf 88' lang='lat' dir='ltr'>videlicet</span> 
     </span>
    </p>
   </div>
   <div class='ocr_carea' id='block_1_105' title="bbox 981 2309 1802 2347">
    <p class='ocr_par' dir='ltr' id='par_1_105' title="bbox 981 2309 1802 2347">
     <span class='ocr_line' id='line_1_105' title="bbox 981 2309 1802 2347; baseline -0.005 -7"><span class='ocrx_word' id='word_1_753' title='bbox 981 2316 1009 2341; x_wconf 83' lang='lat' dir='ltr'>et</span> <span class='ocrx_word' id='word_1_754' title='bbox 1023 2313 1080 2340; x_wconf 91' lang='lat' dir='ltr'>alio</span> <span class='ocrx_word' id='word_1_755' title='bbox 1094 2315 1244 2340; x_wconf 82' lang='lat' dir='ltr'>constans.</span> <span class='ocrx_word' id='word_1_756' title='bbox 1259 2312 1341 2344; x_wconf 85' lang='lat' dir='ltr'>Quod</span> <span class='ocrx_word' id='word_1_757' title='bbox 1357 2314 1455 2339; x_wconf 85' lang='lat' dir='ltr'>autem</span> <span class='ocrx_word' id='word_1_758' title='bbox 1472 2309 1669 2347; x_wconf 86' lang='lat' dir='ltr'>compositum</span> <span class='ocrx_word' id='word_1_759' title='bbox 1686 2310 1741 2343; x_wconf 88' lang='lat' dir='ltr'>est,</span> <span class='ocrx_word' id='word_1_760' title='bbox 1755 2309 1802 2337; x_wconf 92' lang='lat' dir='ltr'>in-</span> 
     </span>
    </p>
   </div>
   <div class='ocr_carea' id='block_1_106' title="bbox 981 2353 1802 2393">
    <p class='ocr_par' dir='ltr' id='par_1_106' title="bbox 981 2353 1802 2393">
     <span class='ocr_line' id='line_1_106' title="bbox 981 2353 1802 2393; baseline -0.005 -8"><span class='ocrx_word' id='word_1_761' title='bbox 981 2358 1113 2393; x_wconf 87' lang='lat' dir='ltr'>genitum</span> <span class='ocrx_word' id='word_1_762' title='bbox 1128 2365 1193 2385; x_wconf 85' lang='lat' dir='ltr'>esse</span> <span class='ocrx_word' id='word_1_763' title='bbox 1208 2365 1264 2384; x_wconf 93' lang='lat' dir='ltr'>non</span> <span class='ocrx_word' id='word_1_764' title='bbox 1290 2359 1395 2392; x_wconf 85' lang='lat' dir='ltr'>potest.</span> <span class='ocrx_word' id='word_1_765' title='bbox 1411 2356 1459 2383; x_wconf 90' lang='lat' dir='ltr'>Sin</span> <span class='ocrx_word' id='word_1_766' title='bbox 1475 2363 1541 2383; x_wconf 86' lang='lat' dir='ltr'>vero</span> <span class='ocrx_word' id='word_1_767' title='bbox 1565 2363 1658 2383; x_wconf 89' lang='lat' dir='ltr'>unum</span> <span class='ocrx_word' id='word_1_768' title='bbox 1680 2356 1710 2382; x_wconf 85' lang='lat' dir='ltr'>et</span> <span class='ocrx_word' id='word_1_769' title='bbox 1725 2353 1802 2382; x_wconf 90' lang='lat' dir='ltr'>idem</span> 
     </span>
    </p>
   </div>
   <div class='ocr_carea' id='block_1_107' title="bbox 982 2399 1804 2438">
    <p class='ocr_par' dir='ltr' id='par_1_107' title="bbox 982 2399 1804 2438">
     <span class='ocr_line' id='line_1_107' title="bbox 982 2399 1804 2438; baseline -0.004 -9"><span class='ocrx_word' id='word_1_770' title='bbox 982 2401 1138 2438; x_wconf 89' lang='lat' dir='ltr'>utrobique</span> <span class='ocrx_word' id='word_1_771' title='bbox 1153 2404 1244 2436; x_wconf 85' lang='lat' dir='ltr'>notat,</span> <span class='ocrx_word' id='word_1_772' title='bbox 1260 2403 1405 2437; x_wconf 87' lang='lat' dir='ltr'>quantum</span> <span class='ocrx_word' id='word_1_773' title='bbox 1426 2400 1522 2428; x_wconf 76' lang='lat' dir='ltr'>diti‘ert</span> <span class='ocrx_word' id='word_1_774' title='bbox 1541 2399 1705 2436; x_wconf 82' lang='lat' dir='ltr'>ingenitum</span> <span class='ocrx_word' id='word_1_775' title='bbox 1722 2407 1739 2427; x_wconf 88' lang='lat' dir='ltr'>a</span> <span class='ocrx_word' id='word_1_776' title='bbox 1753 2406 1804 2434; x_wconf 85' lang='lat' dir='ltr'>ge-</span> 
     </span>
    </p>
   </div>
   <div class='ocr_carea' id='block_1_108' title="bbox 981 2443 1805 2481">
    <p class='ocr_par' dir='ltr' id='par_1_108' title="bbox 981 2443 1805 2481">
     <span class='ocr_line' id='line_1_108' title="bbox 981 2443 1805 2481; baseline -0.004 -7"><span class='ocrx_word' id='word_1_777' title='bbox 981 2447 1053 2480; x_wconf 79' lang='lat' dir='ltr'>nito,</span> <span class='ocrx_word' id='word_1_778' title='bbox 1065 2449 1182 2474; x_wconf 89' lang='lat' dir='ltr'>tantum</span> <span class='ocrx_word' id='word_1_779' title='bbox 1191 2446 1281 2474; x_wconf 88' lang='lat' dir='ltr'>etiam</span> <span class='ocrx_word' id='word_1_780' title='bbox 1294 2445 1410 2473; x_wconf 72' lang='lat' dir='ltr'>differre</span> <span class='ocrx_word' id='word_1_781' title='bbox 1420 2445 1641 2481; x_wconf 82' lang='lat' dir='ltr'>Oportetlumen</span> <span class='ocrx_word' id='word_1_782' title='bbox 1651 2443 1805 2476; x_wconf 88' lang='lat' dir='ltr'>alumine,</span> 
     </span>
    </p>
   </div>
   <div class='ocr_carea' id='block_1_109' title="bbox 981 2487 1803 2525">
    <p class='ocr_par' dir='ltr' id='par_1_109' title="bbox 981 2487 1803 2525">
     <span class='ocr_line' id='line_1_109' title="bbox 981 2487 1803 2525; baseline -0.005 -6"><span class='ocrx_word' id='word_1_783' title='bbox 981 2494 1010 2519; x_wconf 84' lang='lat' dir='ltr'>et</span> <span class='ocrx_word' id='word_1_784' title='bbox 1024 2491 1111 2519; x_wconf 89' lang='lat' dir='ltr'>vitam</span> <span class='ocrx_word' id='word_1_785' title='bbox 1128 2500 1145 2518; x_wconf 87' lang='lat' dir='ltr'>a</span> <span class='ocrx_word' id='word_1_786' title='bbox 1159 2491 1229 2523; x_wconf 88' lang='lat' dir='ltr'>vita,</span> <span class='ocrx_word' id='word_1_787' title='bbox 1241 2490 1440 2525; x_wconf 87' lang='lat' dir='ltr'>etpotentiam</span> <span class='ocrx_word' id='word_1_788' title='bbox 1453 2498 1469 2517; x_wconf 73' lang='grc' dir='ltr'>ιι</span> <span class='ocrx_word' id='word_1_789' title='bbox 1479 2489 1619 2525; x_wconf 90' lang='lat' dir='ltr'>potentia.</span> <span class='ocrx_word' id='word_1_790' title='bbox 1634 2489 1713 2517; x_wconf 88' lang='lat' dir='ltr'>Unus</span> <span class='ocrx_word' id='word_1_791' title='bbox 1725 2487 1803 2516; x_wconf 86' lang='lat' dir='ltr'>enim</span> 
     </span>
    </p>
   </div>
   <div class='ocr_carea' id='block_1_110' title="bbox 982 2531 1804 2564">
    <p class='ocr_par' dir='ltr' id='par_1_110' title="bbox 982 2531 1804 2564">
     <span class='ocr_line' id='line_1_110' title="bbox 982 2531 1804 2564; baseline -0.007 0"><span class='ocrx_word' id='word_1_792' title='bbox 982 2538 1010 2564; x_wconf 90' lang='lat' dir='ltr'>et</span> <span class='ocrx_word' id='word_1_793' title='bbox 1025 2536 1102 2564; x_wconf 87' lang='lat' dir='ltr'>idem</span> <span class='ocrx_word' id='word_1_794' title='bbox 1118 2536 1164 2564; x_wconf 89' lang='lat' dir='ltr'>hic</span> <span class='ocrx_word' id='word_1_795' title='bbox 1175 2531 1312 2563; x_wconf 73' lang='lat' dir='ltr'>canon&#39;ac</span> <span class='ocrx_word' id='word_1_796' title='bbox 1324 2535 1430 2562; x_wconf 87' lang='lat' dir='ltr'>modus</span> <span class='ocrx_word' id='word_1_797' title='bbox 1441 2534 1475 2561; x_wconf 89' lang='lat' dir='ltr'>ad</span> <span class='ocrx_word' id='word_1_798' title='bbox 1488 2533 1662 2561; x_wconf 86' lang='lat' dir='ltr'>solutionem</span> <span class='ocrx_word' id='word_1_799' title='bbox 1673 2531 1804 2560; x_wconf 88' lang='lat' dir='ltr'>omnium</span> 
     </span>
    </p>
   </div>
   <div class='ocr_carea' id='block_1_111' title="bbox 982 2574 1806 2616">
    <p class='ocr_par' dir='ltr' id='par_1_111' title="bbox 982 2574 1806 2616">
     <span class='ocr_line' id='line_1_111' title="bbox 982 2574 1806 2616; baseline -0.007 -8"><span class='ocrx_word' id='word_1_800' title='bbox 982 2580 1007 2616; x_wconf 89' lang='lat' dir='ltr'>ej</span> <span class='ocrx_word' id='word_1_801' title='bbox 1014 2580 1129 2608; x_wconf 90' lang='lat' dir='ltr'>usmodi</span> <span class='ocrx_word' id='word_1_802' title='bbox 1135 2579 1332 2615; x_wconf 87' lang='lat' dir='ltr'>objectionum</span> <span class='ocrx_word' id='word_1_803' title='bbox 1341 2578 1472 2607; x_wconf 85' lang='lat' dir='ltr'>adhiberi</span> <span class='ocrx_word' id='word_1_804' title='bbox 1480 2577 1616 2613; x_wconf 86' lang='lat' dir='ltr'>potest.Si</span> <span class='ocrx_word' id='word_1_805' title='bbox 1626 2577 1716 2612; x_wconf 80' lang='lat' dir='ltr'>igitur</span> <span class='ocrx_word' id='word_1_806' title='bbox 1724 2574 1806 2611; x_wconf 86' lang='lat' dir='ltr'>quid-</span> 
     </span>
    </p>
   </div>
   <div class='ocr_carea' id='block_1_112' title="bbox 1019 2771 1404 2808">
    <p class='ocr_par' dir='ltr' id='par_1_112' title="bbox 1019 2771 1404 2808">
     <span class='ocr_line' id='line_1_112' title="bbox 1019 2771 1404 2808; baseline -0.008 -8"><span class='ocrx_word' id='word_1_807' title='bbox 1019 2772 1077 2808; x_wconf 85' lang='grc'>(34)</span> <span class='ocrx_word' id='word_1_808' title='bbox 1093 2772 1252 2808; x_wconf 34' lang='lat' dir='ltr'>TQrEditi,</span> <span class='ocrx_word' id='word_1_809' title='bbox 1268 2771 1309 2799; x_wconf 82' lang='grc' dir='ltr'>τό.</span> <span class='ocrx_word' id='word_1_810' title='bbox 1326 2771 1404 2808; x_wconf 78' lang='lat' dir='ltr'>Eni-r.</span> 
     </span>
    </p>
   </div>
   <div class='ocr_carea' id='block_1_113' title="bbox 1020 2804 1480 2843">
    <p class='ocr_par' dir='ltr' id='par_1_113' title="bbox 1020 2804 1480 2843">
     <span class='ocr_line' id='line_1_113' title="bbox 1020 2804 1480 2843; baseline -0.009 -8"><span class='ocrx_word' id='word_1_811' title='bbox 1090 2804 1187 2836; x_wconf 68' lang='grc' dir='ltr'>Αὸτόν.</span> <span class='ocrx_word' id='word_1_812' title='bbox 1204 2804 1296 2841; x_wconf 79' lang='lat' dir='ltr'>Forte,</span> <span class='ocrx_word' id='word_1_813' title='bbox 1308 2805 1415 2834; x_wconf 80' lang='grc' dir='ltr'>ταυτόν.</span> <span class='ocrx_word' id='word_1_814' title='bbox 1432 2804 1480 2832; x_wconf 83' lang='grc' dir='ltr'>Εο.</span> 
     </span>
    </p>
   </div>
  </div>
