2011 3142
185 166 244 198 855
654 165 851 196 APPENDIX
873 163 1035 195 OPERUM
1054 164 1091 199 ;S.
1115 163 1258 194 BASILII
1284 163 1421 193 MAGNI.
1833 163 1893 192 856

184 233 254 268 quid
270 231 499 268 signiﬁcativum
514 233 559 259 est
568 231 702 260 essentia:
718 231 824 264 Patris,
836 230 948 266 aequale
963 232 1009 257 est

1069 228 1168 259 τοί.Τίς
1184 226 1223 256 ἔτι
1239 229 1416 265 συγχωρήσει
1433 227 1513 266 λόγον
1529 228 1578 262 τὴν
1593 231 1643 262 τῆς
1658 226 1747 258 οὐσίας
1760 227 1895 263 ὸμοιότη¹

182 277 209 305 vi
226 276 454 313 signiﬁcationis
479 278 518 311 τῷ
533 275 673 311 ingenito,
689 278 843 311 propterea
868 275 946 310 quod
962 274 1011 301 hic

1069 283 1098 300 τα
1113 271 1304 310 προσάγειν,ἢ
1335 283 1389 299 τινι
1414 273 1463 307 τήν
1490 272 1628 310 ὑπεροχὴν
1657 271 1724 299 κατὰ
1742 272 1773 299 τὸ
1800 273 1893 307 μεῖζον

183 322 311 358 partium
327 320 609 356 autcompositionis
617 323 662 348 est
671 320 744 348 nihil
759 329 765 348 :
781 320 883 348 eadem
895 327 1011 355 quoque

1069 316 1218 354 ὁρίσασθαι,
1241 317 1340 349 παντὸς
1370 317 1417 354 μὲν
1444 315 1538 354 ὄγκου,
1554 317 1653 348 παντὸς
1675 315 1703 344 δὲ
1717 315 1832 354 χρόνον,
1848 315 1893 342 καὶ

185 367 297 394 ratione
321 366 357 393 de
381 365 536 400 Unigenito
561 365 718 392 dicendum
743 366 798 399 est,
822 364 898 400 quod
923 367 951 391 et
972 363 1012 391 ibi

1069 364 1119 389 τῶν
1135 361 1267 389 τοιούτων
1282 361 1468 399 ἰξῃρημὲνων,
1493 360 1583 396 ἁπλῆς
1603 371 1632 389 τε
1644 361 1688 388 καὶ
1706 361 1792 397 μόνης
1810 360 1893 395 οὔσης

186 410 297 446 aequale
313 413 357 438 est
371 411 412 445 τῷ
431 410 538 445 genito.
557 412 595 437 At
610 409 667 445 ipsi
693 417 809 445 quoque
824 409 885 436 hac
899 408 1012 436 differre

1069 417 1097 434 τε
1109 410 1157 441 τῆς
1173 406 1265 437 οὐσίας
1280 407 1323 434 καὶ
1340 407 1509 443 νοουμένης;

188 455 300 483 dicunt.
318 454 400 488 Quis,
417 462 526 490 quaeso,
542 453 670 489 amplius
686 453 824 480 concedet
849 460 1015 480 sermonem
1031 451 1163 480 essentia
1185 451 1382 487 aequalitatem
1405 452 1559 485 adducere,
1574 453 1625 479 aut
1640 450 1687 479 cui
1707 450 1838 487 aliquam
1855 450 1896 477 ita

187 499 442 535 praeminentiam
458 501 598 533 statuere,
615 499 691 533 quod
717 497 790 525 alter
813 497 904 525 altero
929 496 967 525 sit
982 497 1077 532 major
1099 497 1178 524 omni
1200 496 1320 532 quidem
1345 495 1429 531 mole,
1446 495 1526 523 omni
1549 503 1616 523 vero
1632 497 1763 531 tempore
1778 496 1808 522 et
1830 493 1897 522 aliis

191 544 338 580 ejusmodi
354 544 441 571 rebus
457 543 590 579 remotis,
606 550 804 578 concessoque
821 542 896 577 quod
912 541 1038 578 simplex
1052 543 1081 569 et
1096 549 1155 569 una
1170 540 1209 569 sit
1222 542 1251 569 et
1265 540 1389 577 intelligi
1404 539 1530 568 debeat?

222 615 267 642 20.
283 615 428 642 Videntur
443 622 509 642 vero
532 613 616 641 nobis
633 613 752 641 omnino
776 613 818 640 illi
835 613 885 648 qui
902 612 1014 640 nulliu-s

187 659 317 688 dominio
334 659 484 687 subditam
498 661 526 686 et
540 658 619 686 omni
631 666 721 685 causa
736 658 929 693 superiorem,
939 659 967 684 et
978 657 1015 684 ab

189 704 326 731 omnibus
341 703 592 739 legibusliberam
608 702 768 730 essentiam
785 704 895 729 naturae
911 701 1015 737 genitas

188 751 216 775 et
232 748 362 784 paternis
377 747 492 783 legibus
509 747 643 775 servienti
668 754 839 782 comparare
856 747 920 773 ausi
934 749 1013 779 sunt,

188 800 282 828 neque
297 792 357 819 ullo
368 791 453 827 plane
465 792 552 819 modo
564 791 764 819 universitatis
775 798 872 818 rerum
883 791 1016 818 conside-

188 845 270 864 rasse
285 839 433 870 naturam,
444 838 494 864 aut
503 837 527 863 si
539 836 657 871 quando
669 835 723 862 hoc
740 835 860 868 faciunt,
873 843 929 862 non
943 843 1017 870 pura

190 883 288 909 mente
303 881 426 908 dehisce
438 881 526 908 rebus
540 881 614 907 ferre
625 879 746 914 judicia.
759 879 871 907 Etenim
885 887 952 906 cum
964 887 1016 905 no-

1103 612 1147 639 20.
1162 612 1215 645 Τὴν
1232 611 1320 649 ἀρχὴν
1338 609 1366 638 δὲ
1381 609 1492 638 δοκοῦσί
1509 620 1554 647 μοι
1572 610 1597 637 οἱ
1612 610 1661 644 τὴν
1684 608 1832 637 ἀδέσποτον
1849 608 1895 636 καὶ

1068 655 1157 690 πάσης
1179 656 1225 692 μὲν
1252 655 1341 686 αἰτίας
1363 655 1514 693 κρείττονα,
1533 655 1640 682 πάντων
1658 653 1686 681 δὲ
1697 654 1792 691 νόμων
1817 653 1895 681 ἰλευ-

1070 699 1146 738 θέραν
1174 699 1276 734 οὐσίαν,
1303 702 1337 736 τῇ
1361 701 1476 738 γεννητῇ
1497 699 1541 726 καὶ
1555 698 1652 735 νόμοις
1668 701 1811 737 πατρικοῖς
1832 697 1896 726 δου-

1070 744 1187 781 λευούσῃ
1210 746 1350 782 συγκρῖναι
1453 745 1654 780 τολμήσαντες⁷
1671 743 1688 778 ἢ
1722 741 1794 780 μηδὶ
1820 742 1896 774 ὅλως

1068 790 1118 823 τὴν
1142 791 1195 816 τῶν
1219 788 1293 816 ὅλων
1316 790 1393 826 φύσιν
1420 788 1589 827 ἐπεσκέφθαι,
1616 788 1634 823 ἢ
1662 789 1700 825 μὴ
1729 790 1834 825 καθαρᾷ
1859 789 1896 825 τῇ

1071 833 1176 869 διανοίᾳ
1189 835 1236 864 τὰς
1251 834 1312 871 περὶ
1336 833 1439 862 τούτων
1462 836 1598 866 ποιεῖσθαι
1623 833 1735 870 κρίσεις.
1751 836 1829 860 Δυεῖν
1844 833 1895 871 γὰρ

1070 879 1138 914 ἡμῖν
1164 879 1342 915 τετμημένων
1368 877 1437 905 ὁδῶν
1467 878 1534 915 πρὸς
1560 879 1610 913 τὴν
1638 880 1692 905 τῶν
1719 878 1895 914 ζητουμένων

191 926 237 954 bis
253 926 317 953 duae
334 927 404 953 sunt
418 924 562 952 distinctae
574 924 624 951 viae
635 924 670 951 ad
682 931 783 951 earum
796 931 894 950 rerum
908 923 943 950 de
953 923 1012 958 qui-

1071 922 1192 961 εῧρεσιν,
1224 925 1286 959 μιᾶς
1313 923 1370 960 μὶν,
1394 926 1454 955 καθ’
1482 923 1512 957 ἣν
1536 923 1582 954 τὰς
1607 922 1701 954 οὐσίας
1728 923 1812 952 αὑτὰς
1838 922 1896 950 ἐπι-

193 970 249 997 bus
263 968 608 1004 quasriturinventionem
619 968 786 1002 excogitata:
803 976 810 995 :
829 976 887 1006 una
898 968 1017 1003 quidem

189 1014 276 1049 juxta
288 1021 375 1049 quam
385 1014 465 1049 ipsas
474 1013 617 1041 essentias
626 1012 858 1044 consideramus,
871 1014 899 1038 et
909 1012 949 1039 ita
960 1011 1018 1039 sin-

192 1066 258 1086 cera
273 1058 308 1085 de
323 1057 396 1093 ipsis
413 1058 524 1085 ratione
539 1057 772 1092 unumquodque
787 1057 842 1084 sub
861 1064 1015 1084 censuram

190 1104 322 1129 nostram
333 1109 488 1129 vocamus:
501 1101 592 1129 altera
601 1105 698 1129 autem
714 1109 778 1137 qua:
790 1101 822 1128 ﬁt
833 1109 884 1136 per
894 1100 1017 1135 indaga-

187 1146 298 1174 tionem
314 1146 529 1182 operationem,
546 1154 596 1173 seu
622 1154 690 1173 cum
714 1153 766 1181 per
779 1145 968 1181 {operationes
984 1145 1017 1172 ﬁt

187 1191 348 1226 indagatio,
357 1199 445 1226 quam
458 1199 491 1218 ex
500 1190 645 1226 ipsisjam
656 1190 742 1218 factis
753 1192 781 1217 et
792 1189 934 1217 absolutis
945 1197 1015 1225 ope-

187 1235 273 1262 ribus
288 1235 498 1270 dijudicamus.
523 1235 652 1262 Tertiam
677 1234 753 1261 viam
771 1242 834 1269 qua:
859 1236 962 1261 neutra
977 1234 1016 1261 sit

187 1279 305 1313 harum,
321 1281 349 1306 et
364 1287 427 1314 quas
451 1281 554 1314 praeter
574 1279 634 1313 jam
660 1278 754 1306 dictas
768 1278 857 1306 talem
881 1279 1015 1306 essentia:

187 1332 249 1359 aqu
255 1323 385 1351 alitatem
398 1323 680 1358 monstret,reperire
688 1325 732 1350 est
739 1322 932 1358 impossibile.
940 1323 1013 1350 Nam

187 1368 246 1396 sive
263 1368 329 1403 quis
341 1368 556 1403 disquisitionis
568 1366 684 1394 initium
700 1375 803 1402 capere
815 1367 884 1394 velit
897 1375 931 1394 ex
942 1367 1015 1402 ipsis

187 1412 335 1446 essentiis,
352 1411 403 1439 illa
419 1412 538 1448 quidem
554 1420 618 1448 quae
634 1412 770 1447 superior
787 1413 841 1445 est,
859 1420 925 1438 cum
941 1411 1013 1439 alte-

187 1458 248 1484 rius
264 1457 428 1485 dominium
444 1457 488 1484 vel
503 1457 594 1484 ullam
607 1456 822 1492 generationem
840 1456 1012 1491 neutiquam

187 1501 335 1536 admittat,
351 1503 379 1529 et
394 1501 540 1536 ejusmodi
557 1501 645 1529 rebus
661 1503 787 1528 mentem
804 1503 934 1528 nostram
946 1509 1012 1528 cum

185 1553 284 1573 amore
299 1545 430 1573 veritatis
445 1546 630 1573 accedentem
654 1545 780 1579 erudiat,
796 1553 884 1580 quam
901 1546 1010 1581 longis-

184 1589 260 1617 sime
272 1589 357 1624 jubet
380 1589 519 1625 repellere
544 1589 607 1625 lege
624 1592 735 1617 naturaa
759 1590 847 1617 talem
873 1590 908 1617 ad
931 1589 1009 1617 aliud

183 1633 445 1668 comparationem,
460 1634 632 1669 lpraebetque
655 1634 849 1668 occasionem,
866 1637 899 1661 ut
921 1634 1010 1661 talem

182 1680 280 1706 mente
296 1685 446 1706 versemus
470 1678 682 1713 operationem,
697 1686 760 1713 qua:
774 1678 957 1711 {conveniens
973 1679 1011 1706 sit

182 1722 317 1750 essentiaa
335 1722 492 1757 majestati,
511 1722 561 1749 Sin
576 1730 643 1749 vero
659 1730 693 1750 ex
708 1722 833 1756 opiﬁciis
847 1723 915 1758 quis
925 1723 1010 1758 judi-

181 1767 259 1794 cium
275 1766 432 1794 instituere
442 1765 520 1799 velit,
536 1767 664 1801 indeque
674 1767 709 1794 ad
726 1767 870 1794 essentias
883 1768 1009 1802 feraturf:

182 1810 233 1838 ubi
258 1811 365 1838 Filium
391 1811 516 1847 ingeniti
540 1811 669 1838 inveniet
692 1811 846 1844 facturam,
863 1811 1010 1847 Unigeniti

182 1858 281 1883 autem
297 1855 491 1890 Paracletum,
516 1863 643 1891 cumque
658 1863 693 1882 ex
719 1855 864 1890 Unigeniti
880 1856 1011 1891 praeemi-

182 1900 283 1927 nentia
296 1900 331 1927 de
346 1899 526 1935 operationis
541 1899 706 1926 differentia
717 1899 839 1926 edoctus
853 1900 949 1934 fuerit,
963 1900 1010 1927 in-

182 1943 347 1971 dubitatam
369 1943 476 1979 accipit
491 1944 526 1970 de
541 1943 722 1976 diversitate,
737 1944 825 1971 etiam
846 1945 1009 1972 secundum

1073 967 1280 1003 σκοπούμενοι,
1313 968 1424 1005 καθαρῷ
1463 969 1503 1003 τῷ
1531 967 1593 1005 περὶ
1622 967 1709 995 αὐτῶν
1739 967 1817 1004 λόγῳ
1846 968 1896 1001 τήν

1073 1012 1184 1039 ἑκάστου
1211 1012 1364 1048 ποιούμεθα
1389 1011 1486 1049 κρίσιν,
1518 1013 1628 1048 θατὲρας
1658 1011 1687 1039 δὲ
1713 1014 1765 1045 τῆς
1785 1011 1830 1039 διὰ
1842 1015 1897 1040 τῶν

1072 1055 1213 1093 ἐνεργειῶν
1239 1056 1403 1092 ἐξετάσεως,
1430 1057 1460 1090 ἢν
1494 1057 1523 1083 ἐκ
1550 1059 1604 1084 τῶν
1638 1055 1896 1094 δημιουργημάτων

1070 1100 1115 1127 καὶ
1137 1103 1190 1128 τῶν
1213 1100 1441 1137 ἀποτελεσμάτων
1463 1099 1646 1138 διακρίνομεν,
1672 1099 1814 1139 οὐδετέραν
1844 1103 1898 1128 τῶν

1071 1143 1224 1182 εἰρημένων
1254 1145 1340 1183 εὐρεῖν
1376 1144 1589 1184 ἄμφαινομένην,
1624 1145 1673 1180 τὴν
1712 1148 1763 1179 τῆς
1804 1145 1897 1176 οὐσίας

1071 1189 1222 1225 ὁμοιότητα
1237 1188 1359 1218 δυνατόν.
1376 1188 1440 1218 E’L'te
1459 1189 1511 1228 γὰρ
1534 1189 1563 1217 ἐκ
1588 1192 1642 1218 τῶν
1667 1189 1765 1217 οὐσιῶν
1786 1190 1896 1218 ποιοῖτό

1069 1244 1110 1264 τις
1125 1237 1174 1268 τῆς
1192 1233 1358 1271 ἐπισκέψεως
1372 1234 1421 1268 τήν
1448 1234 1549 1272 ἀρχὴν,
1574 1235 1591 1269 ἡ
1622 1234 1670 1270 μὲν
1767 1234 1896 1269 ἀνωτέρω

1072 1276 1210 1314 βασιλείας
1235 1278 1280 1305 καὶ
1308 1278 1394 1313 πάντη
1422 1279 1572 1316 γεννήσεως
1599 1277 1773 1310 ἀνεπίδεκτος
1804 1278 1871 1306 οὖσα
1887 1300 1894 1313 ,

1069 1322 1175 1353 τούτοις
1199 1333 1227 1350 τε
1249 1321 1414 1350 παιδεύουσα
1435 1323 1490 1357 ίτήν
1512 1323 1570 1359 μετ’
1592 1323 1696 1354 ἰννοίας
1729 1325 1894 1360 προσιοῦσαν

1070 1365 1201 1400 διάνοιαν,
1242 1367 1359 1393 ἀπωθεῖν
1400 1367 1437 1398 ὡς
1474 1366 1643 1405 ποῤῥωτάτω
1681 1367 1894 1405 παρακελεύεται

1068 1410 1146 1447 νόμῳ
1176 1410 1280 1450 φύσεως
1305 1412 1361 1447 (38)
1385 1411 1435 1445 τὴν
1461 1411 1528 1448 πρὸς
1545 1410 1636 1449 ἕτερον
1658 1411 1810 1449 σύγκρισιν,
1837 1411 1897 1439 ἆκύ-

1068 1455 1169 1483 λουθον
1195 1455 1241 1483 καὶ
1279 1457 1467 1493 προσήκουσαν
1494 1458 1534 1491 τῷ
1561 1459 1612 1491 τῆς
1640 1456 1731 1488 οὐσίας
1759 1456 1895 1493 ἀξιώματι

1067 1500 1238 1538 παρέχουσαν
1263 1503 1332 1528 νοεῖν
1361 1501 1406 1528 καὶ
1429 1501 1479 1535 τὴν
1509 1500 1660 1539 ἰνίργειαν.
1697 1500 1754 1529 Εἵτ¹
1784 1501 1815 1528 ἐκ
1842 1503 1896 1529 τῶν

1068 1543 1323 1582 δημιουργημάτων
1352 1545 1540 1581 σκοπούμενος
1568 1546 1635 1582 (39),
1665 1544 1695 1573 ἐκ
1720 1545 1827 1573 τούτων
1853 1545 1895 1573 ἐπὶ

1067 1589 1115 1620 τὰς
1145 1589 1238 1620 οὐσίας
1266 1589 1402 1628 ἀνάγοιτο,
1431 1591 1479 1617 τοῦ
1511 1589 1558 1625 μὶν
1588 1589 1807 1629 ἀγεννήτουΙτὸν
1833 1591 1894 1618 Υἱὸν

1027 1617 1048 1651 C
1068 1617 1196 1671 εὑρίσκων
1224 1617 1343 1670 ποίημα,
1367 1617 1415 1662 τογῦ
1446 1632 1474 1661 δὲ
1503 1617 1733 1671 όΔονογενοῦςιτὸν
1749 1625 1896 1672 Παράκλη-

1064 1688 1122 1712 τον,
1137 1678 1189 1706 κάκ
1215 1680 1263 1713 τῆς
1278 1680 1327 1706 τοῦ
1358 1679 1531 1716 Μονογενοῦς
1557 1679 1695 1717 ὑπεροχῆς
1711 1680 1768 1716 (40)
1781 1680 1834 1714 τήν
1847 1681 1896 1714 τῆς

1065 1723 1202 1760 ἐνεργείας
1239 1722 1369 1762 διαφορὰν
1413 1724 1604 1761 πιστούμενος,
1648 1722 1894 1761 ἀναμφισϐήτητον

1066 1765 1201 1804 λαμϐάνει
1223 1768 1333 1800 καὶτῆς
1349 1769 1407 1796 κατ’
1436 1768 1526 1796 οὐσίαν
1552 1768 1733 1807 παραλλαγῆς
1748 1770 1800 1804 τήν
1826 1769 1892 1797 ἀπό-

1066 1811 1157 1848 δειξιν,
1184 1811 1230 1839 ’ίνα
1249 1814 1286 1848 μὴ
1303 1813 1394 1850 τρίτον
1416 1811 1551 1851 λέγωμεν,
1579 1813 1620 1841 ὅτι
1650 1813 1784 1850 πάμπολυ
1803 1813 1893 1849 διενή-

1064 1866 1145 1894 νοχεν
1176 1857 1189 1884 ὁ
1219 1856 1395 1895 δημιουργῶν
1419 1858 1525 1894 ἐξουσίᾳ
1551 1860 1600 1885 τοῦ
1629 1858 1739 1894 νεύματι
1767 1861 1893 1895 πατρικῷ

1065 1903 1218 1937 ποιοῦντος,
1234 1901 1278 1928 καὶ
1297 1900 1381 1938 μηδὲν
1398 1902 1443 1939 ἀφ’
1458 1903 1554 1930 ἑαυτοῦ
1569 1905 1655 1930 ποιεῖν
1672 1902 1890 1941 ὁμολογοῦγτος,

1065 1944 1080 1971 6'
1093 1955 1123 1972 τε
1141 1945 1377 1983 προσκυνούμενος
1392 1949 1441 1974 τοῦ
1456 1946 1680 1984 προσκυνῶντος.

185 1987 357 2021 essentiam,
373 1987 666 2019 demonstrationem.
683 1990 715 2014 ut
732 1996 788 2015 non
805 1997 879 2024 opus
895 1989 980 2017 nobis
996 1990 1036 2017 sit
1055 1991 1175 2019 tertium
1192 1991 1345 2020 nominare
1361 2000 1367 2020 :
1386 1992 1531 2028 siquidem
1548 1993 1598 2029 qui
1615 1993 1732 2029 propria
1747 1995 1893 2029 potestate

186 2031 294 2067 aliquid
311 2034 458 2068 operatur,
476 2031 637 2067 plurimum
662 2031 759 2060 dill‘ert
773 2032 809 2060 ab
833 2041 865 2060 eo
881 2033 932 2068 qui
954 2036 1028 2062 nutu
1044 2037 1166 2070 paterno
1186 2036 1257 2072 quid
1282 2037 1361 2070 facit,
1378 2039 1406 2064 et
1420 2036 1527 2065 fatetur
1544 2045 1574 2065 se
1596 2037 1671 2065 nihil
1692 2046 1710 2066 a
1731 2039 1892 2074 semetipso

182 2077 277 2105 facere
287 2077 320 2112 3’,
335 2077 444 2114 quique
459 2077 609 2111 adoratur,
626 2077 663 2104 ab
677 2085 711 2105 eo
727 2078 777 2113 qui
793 2078 905 2107 adorat.

216 2149 259 2176 21.
279 2149 309 2176 Si
324 2149 415 2185 igitur
430 2149 511 2177 nullo
526 2149 613 2177 modo
629 2149 792 2177 absurdum
817 2158 881 2178 esse
894 2152 1010 2186 putant,

181 2193 287 2228 aequali
303 2193 415 2221 ratione
432 2194 566 2229 utrisque
587 2194 646 2222 haec
661 2194 762 2222 eadem
780 2195 1010 2230 communicare,

182 2237 324 2264 nimirum
340 2237 513 2270 essentiam,
530 2238 741 2273 operationem,
759 2241 945 2273 potestatem,
962 2248 1011 2267 no-

183 2289 261 2317 men,
278 2281 404 2310 sublatis
419 2290 540 2318 prorsus
553 2283 706 2310 nominum
718 2285 746 2310 et
759 2291 857 2311 rerum
874 2284 1009 2312 differen-

183 2326 253 2360 tiis;
270 2326 346 2353 699
363 2326 554 2362 pronuntient
570 2335 629 2354 una
644 2335 732 2363 opera
748 2327 866 2362 diserte,
877 2329 934 2356 duo
945 2337 1010 2357 esse

183 2370 323 2406 ingenita.
341 2370 392 2398 Sin
415 2379 481 2398 vero
497 2371 651 2399 manifeste
675 2372 730 2399 hoc
746 2371 869 2408 impium
886 2376 940 2407 est,
958 2382 1010 2411 age

182 2415 317 2451 probent,
342 2423 400 2443 non
426 2415 477 2442 illa
500 2416 705 2444 similitudinis
729 2417 935 2454 appellatione,
951 2427 1009 2454 qua

181 2468 234 2488 ceu
251 2460 413 2488 velamento
431 2461 557 2496 quodam
584 2463 722 2497 utuntur,
739 2462 789 2489 sed
816 2463 905 2490 certis
921 2471 1007 2499 argu-

180 2505 299 2541 mentis,
315 2505 393 2541 quod
408 2506 540 2533 omnium
557 2506 741 2534 confessione
756 2506 899 2542 impietati
911 2508 1006 2535 datur.

178 2551 320 2578 Caeterum
337 2558 372 2578 ne
391 2550 543 2578 videamur
553 2551 640 2586 juxta
656 2551 830 2579 intentatam
841 2552 926 2579 nobis
937 2554 965 2580 et
976 2553 1006 2580 in

214 2649 237 2666 "
250 2649 334 2678 Joan.
351 2657 378 2685 ν,
397 2649 441 2678 19.

226 2751 270 2788 ξςῖ)
284 2751 371 2788 _Apud
389 2749 561 2788 Basilipag.
581 2751 644 2786 267,
662 2751 825 2788 συγκρίνειν.

226 2751 270 2783 36)
285 2751 371 2786 Apud
389 2750 477 2778 Basil.
515 2758 536 2785 ει

213 2750 271 2856 ί37ἐ
284 2785 372 2826 Basil.
391 2794 456 2822 pag.
472 2758 536 2814 2516.

214 2821 260 2856 (38
287 2821 374 2849 Busxl.
392 2830 420 2856 p.
436 2822 498 2848 268.

214 2821 271 2856 (38)
287 2821 374 2849 Busil.
392 2830 420 2857 p.
433 2821 498 2848 268.

1100 2153 1145 2180 21.
1163 2151 1193 2179 Εἰ
1208 2153 1256 2188 μὲν
1281 2152 1326 2179 οὖν
1351 2151 1434 2189 μηδὲν
1449 2153 1549 2181 ἄτοπον
1563 2154 1693 2191 ἡγοῦνται
1721 2156 1775 2182 τῶν
1802 2155 1889 2183 αὐτῶν

1065 2194 1162 2228 ὶπίσης
1182 2195 1314 2234 ἑκατέρων
1346 2195 1519 2234 μεταδιδόναι
1547 2197 1663 2233 τούτων,
1694 2200 1751 2226 οἷον
1784 2199 1888 2234 οὐσίας,

1066 2238 1217 2277 ἐνεργείας,
1248 2239 1386 2275 ἐξουσίας,
1417 2239 1562 2279 ὀνόματος,
1592 2242 1733 2274 ἀνελόντες
1758 2243 1808 2276 τὰς
1835 2246 1887 2272 τῶν

1065 2284 1207 2321 ὀνομάτων
1220 2285 1265 2312 καὶ
1279 2286 1445 2324 πραγμάτων
1474 2285 1616 2326 διαφορὰς,
1633 2286 1681 2315 δύο
1697 2290 1791 2328 σαφῶς
1815 2288 1889 2327 ἆγεν-

1064 2339 1131 2364 νητα
1146 2329 1307 2368 λεγέτωσαν.
1335 2330 1367 2359 Εἰ
1395 2329 1423 2358 δὶ
1447 2333 1528 2359 τοῦτο
1544 2334 1691 2371 προφανῶς
1711 2331 1821 2368 ἀσεϐὲς,
1851 2334 1887 2370 μὴ

1065 2372 1100 2400 δι’
1124 2373 1349 2411 ἐπικαλύμματος
1372 2376 1537 2411 ὁμοιότητος
1553 2377 1666 2413 ὀνόματι
1690 2378 1887 2412 κατασκευαζέ-

1062 2428 1149 2446 τωσαν
1165 2419 1195 2446 τὸ
1223 2422 1301 2447 πᾶσιν
1328 2419 1554 2458 ὁμολογούμενον
1579 2421 1617 2453 εἰς
1643 2419 1777 2451 ἀσέϐειαν.
1809 2421 1886 2451 Ἀλλ’

1060 2461 1106 2490 ἵνα
1120 2474 1151 2500 γε
1168 2464 1205 2500 μὴ
1222 2462 1369 2501 δοκοίημεν
1386 2465 1454 2493 κατὰ
1469 2466 1520 2500 τὴν
1537 2465 1724 2504 ἐπενεχθεῖσαν
1749 2467 1819 2503 ἡμῖν
1843 2467 1886 2494 καὶ

1061 2507 1134 2545 παρὰ
1147 2507 1266 2538 πολλοῖς
1283 2508 1490 2548 θρυλλουμίνην
1508 2511 1683 2549 βλασφημίαν
1709 2510 1791 2543 ἷδίοις
1816 2512 1886 2540 πλά-

1062 2562 1144 2589 σμασι
1171 2552 1217 2580 καὶ
1233 2551 1327 2592 λόγοις
1341 2551 1508 2590 ἐκϐιάζεσθαι
1528 2556 1578 2592 τήν
1602 2554 1744 2592 ἀλήθειαν,
1775 2555 1806 2585 ἐκ
1832 2558 1883 2585 τῶν

1094 2756 1148 2794 (39)
1164 2757 1252 2794 Basil.
1271 2765 1338 2794 pag.
1354 2758 1497 2794 269,270.

1094 2793 1151 2828 (ιο)
1167 2793 1255 2822 Basil.
1271 2793 1339 2831 pag.
1356 2793 1418 2823 269;
