2011 3142
109 181 166 211 857

639 180 806 211 EUNOMlI
829 179 945 210 LIBER
967 178 1276 210 APOLOGETICUS.

1751 177 1812 207 858

109 246 221 284 Γραφῶν
248 245 339 272 αὐτῶν
369 245 541 281 ποιησόμεθα
574 244 677 272 τούτων
701 246 751 279 τήν
782 243 927 279 ἀπόδειξιν.

987 245 1147 273 multorum
1163 253 1212 273 ore
1227 247 1391 273 versantem
1407 243 1621 279 blasphemiam
1638 243 1764 279 propriis
1780 244 1815 270 ﬂ-

109 289 157 321 Εές
188 288 239 316 ὑπὸ
268 288 355 324 νόμου
380 288 424 316 καὶ
453 291 601 328 προφητῶν
625 288 838 326 καταγγέλλεται
854 289 929 320 Θεός.

110 335 193 364 Οὗτος
222 334 268 360 καὶ
293 336 342 361 τοῦ
371 336 541 371 Μονογενοῦς
556 334 623 362 εἶναι
650 334 714 364 Θεὸς
729 333 772 361 ὑπ’
788 333 868 361 αὐτοῦ
883 335 930 361 τοῦ

110 380 242 415 Σωτῆρος
269 377 458 415 ὁμολογειται.
489 378 644 415 Πορεύομαι
673 379 734 416 γὰρ,
763 379 841 417 φησὶ,
863 379 930 416 πρὸς

108 423 152 450 τὸν
183 422 248 450 Θεόν
280 433 334 459 μου
350 422 394 450 καὶ
407 423 470 450 Θεὸν
491 423 577 459 ὑμῶν.
605 423 694 453 Μόνος
709 422 839 457 ἀληθινὸς
855 422 930 458 Θεὸς,

111 466 193 502 μόνος
223 467 318 505 σοφὸς,
350 467 432 504 μόνος
456 467 564 504 ἀγαθὸς,
596 468 679 503 μόνος
709 465 829 501 δυνατὸς,
847 467 930 503 μόνος

108 510 179 549 ἔχων
198 511 351 548 ἀθανασίαν,
367 509 540 550 Θορυϐείσοω
570 510 599 538 δὲ
621 510 729 548 μηδεὶς,
748 510 818 548 μηδέ
831 521 931 549 ταρασ-

107 556 195 588 σέσθω
223 557 273 591 τὴν
304 554 434 584 διάνοιαν.
462 556 501 585 Οὐ
530 556 580 594 γὰρ
610 556 651 583 ἐπ’
677 556 806 593 ἀναιρέσει
820 559 869 591 τῆς
883 554 931 583 τοῦ

107 603 277 638 Μονογενοῦς
294 600 434 636 θεότητος,
462 600 480 635 ἢ
507 602 556 636 τῆς
582 601 690 638 σοφίας,
721 601 738 635 ἢ
756 604 806 635 τῆς
832 601 930 632 ἀθανα-

108 645 175 679 σίας,
201 644 219 679 ἢ
248 648 298 680 τῆς
321 644 490 683 ἀγαθότητος
520 645 654 682 χρώμεθα
679 647 738 676 τοῖς
764 645 930 682 εἰρημένοις

107 689 170 717 ἀλλ’
186 689 231 717 ἐπὶ
248 688 379 728 διακρίσει
395 694 444 725 τῆς
473 692 523 718 τοῦ
539 691 642 725 [ἰατρὸς
668 691 817 728 ὑπεροχῆς.
843 693 932 718 Μονο-

107 738 170 772 γενῆ
205 735 254 771 μὲν
283 734 334 772 γὰρ
373 735 566 772 ὁμολογοῦμεν
599 736 662 762 Θεὸν
688 734 732 762 καί
756 734 801 762 τὸν
831 735 930 772 Κύριον

106 780 187 815 ἡμῶν
219 779 337 814 Ἰησοῦν,
366 777 502 817 ἄφθαρτον
519 779 564 806 καὶ
584 779 726 815 ἀθάνατον,
749 779 842 818 σοφὸν,
867 779 932 817 ἀγα-

107 823 163 852 θόν.
190 822 270 851 Ἀλλ’
298 822 381 858 αὐτῆς
421 833 452 860 γε
479 826 529 858 τῆς
560 824 722 858 συστάσεως,
747 823 793 850 καὶ
823 824 931 858 παντὸς,

107 867 172 905 ὅπερ
203 867 271 903 ἐστὶ,
286 867 333 895 ¹τὸν
349 868 455 905 Πατέρα
470 868 558 906 φαμεν
581 868 668 896 αἶ’τιον
685 867 734 895 οὐκ
755 867 855 906 ἕγοντα
883 872 932 904 τῆς

109 911 178 943 ἰδίας
195 911 289 943 οὖσίας
305 911 323 947 ἢ
337 915 389 947 τῆς
408 913 578 950 ἆγαῡότητος
604 911 689 944 αἴτιος
713 913 750 944 ὡς
779 913 931 951 ἀγέννητον,

107 956 208 992 ταύτην
224 957 293 993 ἡμῖν
316 957 491 995 παρεχόντων
506 957 557 992 τὴν
579 956 682 985 ἔννοιαν
706 959 760 985 τῶν
790 957 934 996 προτεθέν-

107 1012 171 1030 των.

987 290 1115 325 gmentis
1138 290 1196 317 vim
1221 289 1293 317 velle
1317 288 1433 317 veritati
1459 288 1571 322 afferre,
1584 288 1647 322 jam
1671 296 1757 324 porro
1777 296 1814 315 ex

985 334 1058 370 ipsis
1073 334 1232 370 Scripturis
1248 333 1299 361 illa
1307 342 1371 370 qua
1387 332 1516 360 diximus
1527 332 1810 360 demonstrabimus.

986 378 1068 407 Unus
1075 379 1160 415 alege
1166 381 1194 407 et
1201 378 1351 415 prophetis
1357 377 1596 414 perhibeturesse
1603 376 1811 412 Deus.thuod

985 423 1011 451 is
1019 424 1083 459 ipse
1091 424 1129 451 sit
1137 423 1284 459 Unigeniti
1294 430 1411 459 quoque
1421 421 1814 458 Deus,exipsiusSa1vatoris

986 469 1170 497 confessione
1180 470 1270 504 patet.
1282 468 1354 496 Nam
1370 467 1450 502 Vada,
1462 466 1569 502 inquit,
1581 465 1616 494 ad
1626 467 1713 494 Deum
1722 473 1814 493 meum

986 515 1013 541 et
1027 514 1112 541 Deum
1135 515 1257 541 vestrum
1269 513 1301 539 9°.
1318 511 1403 540 Solus
1417 520 1504 539 verus
1529 513 1603 538 Deus
1619 511 1652 545 ⁹¹,
1670 509 1750 538 solus
1765 518 1813 537 sa-

987 557 1069 593 piens
1081 556 1199 590 ",solus
1210 557 1306 584 bonus
1316 556 1348 590 ⁸³,
1359 555 1440 583 solus
1452 557 1556 591 potens
1566 554 1598 590 9‘,
1609 553 1690 582 solus
1701 553 1814 581 habens

985 601 1236 629 immortalitatem
1246 601 1382 632 ".Nemo,
1400 598 1611 636 qumso,animo
1626 597 1813 626 tumultuoso

986 648 1014 674 et
1029 647 1175 674 commoto
1191 646 1251 673 haec
1267 645 1491 681 excipiat,nemo
1503 643 1532 671 in
1549 645 1647 671 mente
1663 643 1814 679 perturbe-

987 692 1045 718 tur.
1062 690 1162 726 Neque
1170 689 1249 717 enim
1258 690 1322 717 ideo
1332 689 1387 717 hoc
1396 688 1483 716 allato
1492 695 1626 716 sermone
1638 695 1741 715 sumus
1756 686 1814 721 usi,

987 737 1020 762 ut
1049 734 1193 770 Unigeniti
1220 734 1413 768 divinitatem,
1429 733 1472 761 vel
1493 732 1679 768 sapientiam,
1699 731 1743 759 vel
1758 731 1815 758 im-

987 779 1207 814 mortalitatem,
1231 779 1275 807 vel
1305 778 1463 807 bonitatem
1493 777 1674 810 tolleremus,
1698 777 1748 804 sed
1777 775 1814 803 ad

987 824 1198 852 ostendendam
1224 823 1418 852 differentiam
1434 824 1566 858 respectu
1588 820 1814 857 praeminentiaz

988 868 1210 896 Patris.Etenim
1227 868 1412 904 unigenitum
1428 867 1604 895 conﬁtemur
1617 866 1709 894 Deum
1721 867 1750 893 et
1760 865 1814 893 Do-

988 913 1102 942 minum
1118 915 1252 942 nostrum
1268 914 1366 941 Jesum
1383 912 1544 944 Christum,
1560 909 1812 946 incorruptibilem

990 961 1019 986 et
1034 956 1601 994 immortalem,sapientem,bonum.Sed
1615 955 1704 990 hujus
1720 954 1814 990 ipsius

989 1003 1196 1036 consistentia,
1213 1003 1335 1038 ejusque
1359 1002 1387 1029 in
1403 1001 1573 1029 universum
1597 999 1674 1036 quod
1690 1001 1744 1034 est,
1761 999 1814 1026 Pa-

107 1048 180 1075 trem
196 1047 355 1075 didicimus
370 1055 434 1075 esse
445 1055 579 1081 causam,
595 1055 661 1076 cum
677 1047 740 1083 ipse
756 1056 813 1075 suae
831 1047 966 1076 essentia
982 1050 1010 1075 et
1024 1047 1165 1075 bonitatis
1179 1047 1291 1075 nullam
1307 1047 1413 1074 habent
1431 1053 1562 1080 causam,
1577 1046 1678 1081 utpote
1698 1043 1814 1080 ingeni-

107 1093 165 1127 tus,
181 1091 261 1120 sicut
277 1100 312 1120 ea
327 1100 391 1128 quae
406 1091 490 1128 prius
504 1094 574 1120 sunt
589 1092 752 1129 proposita,
769 1093 860 1120 menti
875 1093 981 1120 nostra
994 1092 1157 1128 ingenitum
1173 1092 1418 1120 considerandum
1434 1091 1639 1119 exhibuerunt.

140 1179 185 1206 22.
204 1176 307 1205 οὔκουν
324 1177 347 1205 εἰ
365 1176 446 1214 μόνος
464 1177 510 1214 μὶν
525 1177 657 1214 ἀληθινὸς
673 1179 686 1205 ὁ
702 1178 767 1210 θεὸς
779 1178 823 1205 καὶ
836 1179 930 1217 σοφὸς,

107 1221 200 1257 ἐπειδὴ
216 1222 262 1250 καὶ
279 1222 362 1258 μόνος
377 1222 528 1261 ἀγέννητος,
560 1223 711 1260 μονογενής
737 1223 811 1257 Υἱὸς,
836 1221 929 1257 ἐπειδῆ

109 1267 191 1303 μόνος
207 1267 357 1304 ἆγεννήτου
385 1267 517 1304 γέννημα,
545 1268 596 1295 οὐκ
625 1267 654 1294 ἂν
684 1265 712 1294 δέ
726 1278 751 1294 τι
770 1267 852 1304 μόνον
876 1265 930 1304 εἴη,

106 1310 356 1348 κοινοποιουμένης
384 1312 452 1350 πρὸς
478 1309 569 1349 ἕτερον
586 1311 621 1339 δι’
650 1311 801 1348 ὁμοιότητα
815 1313 865 1345 τῆς
882 1312 930 1350 φύ-

107 1366 184 1387 σεως.
220 1356 281 1394 Χρή
297 1355 387 1383 τοίνυν
403 1356 452 1391 τήν
469 1357 526 1383 κατ’
543 1355 634 1383 οὐσίαν
652 1356 803 1393 ὁμοιότητα
818 1355 929 1384 ἀνελόν-

106 1411 159 1435 τες,
182 1400 234 1435 τήν
265 1399 293 1428 δί
320 1402 368 1428 τοῦ
398 1401 461 1428 Υἱοῦ
485 1401 554 1438 πρὸς
581 1401 628 1428 τὸν
658 1401 765 1438 Πατέρα
790 1399 929 1438 δεξάμενοι

106 1446 173 1473 κατὰ
201 1446 248 1473 τὸν
278 1445 378 1472 οἰκεῖον
393 1444 486 1483 λόγον,
517 1445 556 1478 εἷς
583 1444 628 1473 ἕνα
643 1445 687 1473 καὶ
719 1445 800 1482 μόνον
818 1445 930 1481 ἀληθῶς

107 1489 210 1528 ἐνάγειν
240 1490 291 1525 τήν
319 1492 373 1517 τῶν
389 1490 497 1517 πάντων
514 1489 600 1518 αἰτίαν
629 1500 658 1518 τι
687 1491 730 1518 καὶ
745 1490 846 1528 ἀρχὴν,
864 1490 930 1518 ὑπο-

105 1535 273 1572 τεταγμένοι)
302 1533 410 1570 δηλαδὴ
426 1537 474 1562 τοῦ
489 1535 553 1562 Υἱοῦ
568 1537 608 1571 τῷ
623 1536 720 1573 Πατρὶ,
744 1535 794 1570 τὴν
818 1534 846 1562 δὶ
869 1535 929 1573 περὶ

106 1579 211 1607 τούτων
226 1577 330 1606 ἔννοιαν
347 1576 466 1617 ἀκριϐῶς
487 1578 720 1618 διακαθαίροντας,
743 1579 787 1608 καὶ
811 1580 856 1607 τὸν
881 1581 930 1614 τῆς

108 1623 241 1661 ἐνεργείας
265 1623 366 1661 τρόπον
390 1624 442 1651 οὐκ
465 1623 634 1662 ἀνθρώπειον
659 1624 801 1661 νομίζειν,
825 1624 930 1662 εὐμαρῆ

106 1666 135 1695 δὲ
159 1669 205 1696 καὶ
237 1671 310 1700 θεῖον
327 1678 333 1685 ·
364 1668 438 1696 οὕτοι
466 1669 598 1707 μερισμὸν
622 1670 639 1705 ἢ
662 1669 768 1705 κίνησίν
794 1679 854 1697 τινα
883 1670 931 1704 τῆς

1021 1179 1065 1207 22.
1086 1179 1149 1207 Non
1174 1178 1274 1215 igitur,
1297 1178 1445 1215 siquidem
1470 1177 1551 1205 solus
1574 1177 1638 1213 ipse
1660 1178 1705 1204 est
1727 1184 1812 1204 verus

987 1226 1075 1260 Deus,
1091 1226 1119 1252 et
1143 1224 1274 1259 sapiens,
1291 1225 1390 1259 utpote
1414 1223 1463 1259 qui
1479 1222 1560 1250 solus
1583 1223 1628 1250 est
1651 1221 1813 1258 ingenitus,

986 1268 1159 1304 unigenitus
1175 1268 1276 1302 Filius,
1284 1268 1335 1304 qui
1351 1267 1432 1296 solus
1447 1269 1493 1295 est
1507 1266 1630 1303 ingeniti
1646 1266 1812 1302 progenies,

986 1321 1118 1349 unquam
1143 1321 1208 1341 esse
1232 1313 1327 1341 solum
1352 1311 1420 1348 quid
1447 1313 1553 1348 potest,
1568 1313 1721 1347 propterea
1744 1309 1814 1345 quia

986 1358 1052 1393 ejus
1067 1360 1174 1385 natura
1189 1357 1226 1385 ob
1241 1357 1468 1385 similitudinem
1484 1365 1551 1384 cum
1565 1355 1664 1391 aliquo
1675 1354 1765 1382 altero
1782 1354 1814 1381 fit

987 1402 1166 1432 communis.
1179 1402 1303 1430 Necesse
1318 1402 1409 1437 igitur
1422 1403 1477 1436 est,
1493 1403 1526 1428 ut
1541 1399 1658 1428 sublata
1672 1398 1753 1426 omni
1768 1406 1813 1426 se-

987 1447 1115 1474 cundum
1129 1446 1327 1474 substantiam
1347 1445 1551 1479 similitudine,
1568 1444 1698 1472 admissa
1713 1445 1812 1471 autem

987 1499 1022 1518 ea
1032 1499 1118 1526 quam
1130 1490 1221 1518 Filius
1232 1492 1365 1526 respectu
1378 1489 1475 1518 Patris
1486 1489 1591 1517 habere
1602 1490 1706 1524 potest,
1720 1487 1770 1515 uni
1785 1489 1814 1515 ct

987 1535 1042 1563 soli
1055 1543 1120 1562 vere
1135 1535 1193 1562 Deo
1214 1535 1299 1570 juxta
1323 1534 1473 1570 proprium
1497 1540 1663 1562 sermonem
1679 1531 1812 1560 omnium

987 1588 1050 1616 qua:
1064 1587 1190 1615 usquam
1201 1581 1272 1607 sunt
1282 1587 1380 1607 rerum
1392 1586 1509 1606 causam
1521 1580 1550 1605 et
1567 1577 1744 1614 principium
1761 1578 1812 1605 tri-

988 1625 1114 1652 buamus
1132 1632 1138 1651 :
1155 1623 1295 1659 quoniam
1322 1622 1457 1651 videlicet
1480 1623 1569 1650 etiam
1583 1621 1647 1658 ipse
1671 1621 1760 1649 Filius
1776 1621 1814 1649 sit

987 1669 1137 1705 subjectus
1162 1668 1252 1704 Patri,
1266 1670 1356 1704 utque
1380 1676 1454 1704 pura
1468 1667 1589 1695 omnino
1613 1666 1660 1693 his
1675 1666 1705 1694 in
1726 1666 1813 1694 rebus

107 1711 200 1744 οὐσίας
238 1712 288 1746 τήν
326 1711 460 1750 ἐνέργειαν
496 1712 678 1750 ἡγουμένους,
717 1713 784 1750 ἅπερ
814 1712 928 1740 ἐπινοεῖν

987 1715 1086 1742 mente
1095 1715 1258 1746 versantes,
1267 1713 1356 1741 etiam
1367 1713 1488 1740 modum
1499 1711 1677 1748 operationis
1685 1710 1721 1738 ab
1733 1710 1813 1738 omni

107 1757 251 1795 ἀναγκαῖον
265 1756 330 1788 τοὺς
348 1757 536 1794 ὑπαγομένιιυς
550 1759 608 1787 τοῖς
629 1755 772 1792 Ἑλλήνων
799 1756 930 1796 σοφίσμα-

107 1812 160 1838 σιν,
175 1801 309 1829 ἐνούντῶν
333 1801 368 1837 τῇ
383 1801 460 1837 οὐσίᾳ
482 1801 532 1836 τὴν
554 1800 698 1839 ἐνέργειαν,
723 1801 765 1829 καὶ
791 1800 835 1828 διὰ
857 1802 931 1833 τοῦθ’

104 1847 160 1883 ἅμα
186 1846 235 1883 μὶν
259 1848 298 1882 τῷ
323 1848 381 1882 Θεῷ
403 1846 449 1873 τὸν
468 1845 571 1883 κόσμον
587 1845 824 1885 ἀποφαινομένων,
855 1844 931 1873 οὒδὲν

106 1889 135 1918 δὲ
165 1890 273 1927 μᾶλλον
304 1890 333 1918 ἔκ
357 1889 455 1918 τούτου
482 1891 532 1925 τὴν
565 1889 677 1917 ἀτοπίαν
717 1888 929 1928 διαφευγόντων.

101 1935 204 1972 Ἐχρῆν
234 1933 284 1973 γάρ
312 1945 357 1962 τοι
387 1934 455 1973 πρὸς
484 1935 533 1969 τήν
563 1936 613 1967 τῆς
628 1932 808 1972 δφμιουργίας
824 1933 928 1962 παῦλαν

102 1978 260 2016 ἀπιδόντας,
288 1977 372 2016 μηδὶν
403 1979 472 2017 πρὸς
496 1979 546 2013 τήν
570 1978 660 2017 ἀρχὴν
690 1978 837 2007 ἀνανεύειν.
860 1977 930 2007 Οὐδὲ

99 2023 150 2061 γάρ
166 2023 334 2061 ἆντιλήξειεν
357 2024 413 2060 (41)
430 2023 469 2055 εἷς
488 2022 568 2055 τέλος
583 2024 621 2060 μή
644 2023 690 2051 ἀπ’
718 2023 807 2061 ἀρχῆς
833 2023 928 2061 ὁρμώ-

103 2078 198 2105 μινον.

986 1758 1141 1786 hominum
1157 1757 1326 1786 conditione
1341 1758 1470 1785 alienum
1485 1755 1753 1793 putemus,facilem
1770 1757 1812 1783 ta-

986 1811 1054 1831 men
1065 1804 1093 1830 et
1101 1802 1244 1830 divinum.
1261 1803 1324 1830 Non
1337 1810 1418 1838 sane,
1435 1802 1520 1837 quasi
1537 1801 1713 1829 arbitremur
1723 1799 1813 1835 parti-

986 1847 1066 1876 tione
1081 1849 1133 1875 aut
1146 1849 1226 1875 motu
1239 1847 1366 1883 quodam
1377 1847 1482 1874 factam
1496 1854 1560 1873 esse
1570 1845 1651 1872 illam
1667 1844 1813 1880 operatio-

985 1900 1052 1919 nem
1063 1900 1069 1919 :
1080 1892 1247 1928 cujusmodi
1255 1891 1323 1927 quid
1331 1899 1449 1919 necesse
1457 1890 1565 1918 habent
1571 1888 1812 1926 cogitareilli,qui

984 1936 1149 1964 Graecorum
1156 1935 1279 1972 argutiis
1291 1935 1490 1972 operationem
1501 1934 1635 1963 essentize
1647 1934 1811 1962 unientium

984 1982 1072 2016 atque
1088 1980 1154 2009 ideo
1165 1981 1310 2008 mundum
1324 1981 1379 2008 Dec
1391 1980 1574 2008 coexstitisse
1588 1979 1812 2013 dicentium,ne-

984 2033 1042 2061 que
1053 2025 1108 2053 hoc
1119 2025 1183 2061 ipso
1194 2025 1406 2053 absurditatem
1418 2023 1812 2060 lugientium,suntpellecti.

984 2069 1137 2106 Oporteret
1157 2069 1235 2097 enim
1255 2069 1335 2106 ipsos
1356 2069 1539 2104 respiciendo
1559 2068 1595 2096 ad
1618 2067 1812 2096 cessationem

101 2113 272 2148 creationis,
287 2121 477 2150 nequaquam
492 2112 636 2150 principio
652 2121 716 2142 eam
732 2121 883 2150 exaequare
899 2113 1074 2142 extollendo.
1091 2114 1164 2142 Fieri
1180 2113 1258 2142 enim
1275 2122 1333 2142 non
1346 2116 1443 2150 potest
1458 2115 1490 2141 ut
1504 2113 1562 2140 Eine
1577 2112 1675 2148 aliquo
1697 2111 1812 2140 desinat

98 2166 175 2194 esse,
188 2158 267 2195 quod
283 2166 341 2186 non
355 2157 392 2186 ab
407 2157 505 2194 aliquo
519 2158 663 2194 principio
676 2158 763 2195 ccepit
775 2166 849 2187 esse.

133 2237 178 2265 23.
199 2235 280 2264 Ἀλλ’
305 2237 380 2265 οὗτοι
407 2237 454 2273 μὲν
486 2238 552 2273 μήθ’
579 2237 743 2275 ὑγιαίνουσιν
771 2237 927 2277 ὀφθαλμοῖς

97 2281 147 2315 τήν
185 2283 240 2308 τῶν
277 2279 360 2308 ὄντων
400 2282 628 2317 κατανενοηκότες
666 2280 818 2321 διαφορὰν,
857 2284 926 2320 μήτε

97 2323 198 2352 δίκαιοι
223 2326 314 2362 κριταὶ
337 2325 479 2364 γενόμενοι
505 2328 558 2353 τῶν
586 2327 766 2364 πραγμάτων,
792 2326 925 2366 ἀφιέσθω-

97 2379 157 2396 σαψ
189 2368 235 2397 διὰ
257 2371 400 2398 κακόνοιαν
430 2369 649 2408 ἐπικρυπτούσης
665 2371 760 2402 αὐτοῖς
782 2372 830 2406 τὴν
859 2371 926 2407 ἀλή-

96 2415 171 2441 θειαν
196 2417 249 2448 τῆς
271 2413 357 2450 δίκης.
374 2415 469 2451 Ἡμεῖς
491 2413 520 2442 δὲ
542 2415 610 2442 κατὰ
637 2415 671 2443 τὸ.
697 2418 786 2453 μικρῷ
810 2415 925 2454 πρόσθεν

96 2458 212 2495 ῥηθέντα
235 2459 285 2493 τὴν
306 2458 441 2497 ἐνέργειαν
457 2459 488 2486 ἐκ
509 2461 562 2487 τῶν
588 2457 672 2498 ἔργων
697 2461 847 2498 κρίνοντες,
871 2462 922 2489 οὐκ

96 2502 216 2542 ἁσφαλὶς
232 2503 346 2540 οἲόμιθα
361 2502 416 2530 δεῖν
431 2504 506 2530 ἑνοῦν
522 2505 555 2541 τῇ
571 2504 658 2540 οὐσίᾳ,
687 2505 736 2540 τὴν
767 2505 814 2541 μὲν
840 2505 921 2543 ἄναρ-

95 2556 149 2586 χον
162 2546 254 2582 ἁπλῆν
278 2557 308 2575 τε
331 2547 376 2575 καὶ
399 2547 576 2584 ἀτελεύτητον
600 2548 712 2584 εἰδότες,
739 2550 787 2584 τὴν
805 2549 833 2577 δὲ
847 2550 921 2589 ἐνέρ-

95 2602 170 2629 γειαν
185 2591 236 2619 οὐκ
246 2589 410 2630 ἅναρχον.Ἥ
425 2592 475 2630 γὰρ
491 2591 521 2619 ἂν
537 2592 571 2627 ἦν
587 2593 631 2621 καὶ
647 2594 677 2621 τὸ
693 2592 771 2632 ἔργον
788 2593 919 2633 ἄναρχον,

1016 2239 1173 2267 23.Verum
1189 2238 1268 2267 enim
1282 2245 1350 2266 vero
1366 2238 1395 2266 hi
1412 2238 1557 2273 homines,
1569 2246 1637 2266 cum
1653 2237 1748 2266 sciant
1763 2245 1807 2265 re-

982 2291 1048 2311 rum
1055 2283 1085 2311 in
1093 2283 1390 2312 naturaexistentium
1399 2283 1607 2315 differentiam,
1616 2282 1811 2310 nihilominus

982 2328 1085 2356 morbo
1101 2329 1228 2364 quodam
1243 2327 1394 2356 oculorum
1410 2327 1544 2356 laborare
1559 2327 1706 2362 videntur,
1717 2335 1810 2363 neque

981 2374 1052 2400 sunt
1064 2373 1138 2408 sequi
1159 2381 1257 2401 rerum
1267 2373 1394 2408 judices.
1412 2373 1567 2401 Facessant
1580 2380 1661 2407 sane,
1678 2372 1810 2408 quando-

982 2417 1099 2453 quidem
1109 2417 1263 2453 ipsumjus
1273 2417 1331 2445 illis
1340 2417 1376 2445 ob
1384 2417 1527 2445 malitiam
1536 2417 1687 2445 veritatem
1711 2416 1792 2445 occul
1799 2431 1810 2437 ο

978 2462 1094 2490 tat.Nos
1108 2464 1206 2490 autem
1221 2462 1383 2490 secundum
1399 2470 1433 2490 ea
1449 2470 1513 2498 quae
1529 2461 1616 2498 paulo
1633 2462 1716 2498 prius
1741 2463 1811 2490 sunt

976 2506 1169 2541 dicta,habito
1185 2507 1220 2534 de
1234 2506 1403 2542 operatione
1418 2515 1451 2535 ex
1466 2507 1603 2543 operibus
1616 2505 1805 2542 judicio,non

975 2559 1133 2580 censemus
1146 2552 1244 2579 tutum
1256 2559 1322 2579 esse
1333 2551 1411 2579 illam
1425 2551 1466 2579 illi
1478 2551 1611 2579 essentia:
1623 2551 1707 2578 unire
1721 2558 1808 2586 opor-

975 2597 1055 2632 tere;
1067 2604 1135 2624 cum
1155 2596 1285 2624 sciamus
1305 2595 1381 2624 hanc
1397 2596 1460 2624 sine
1475 2595 1630 2632 principio,
1647 2594 1711 2623 sine
1727 2601 1808 2622 com-

133 2723 155 2741 ”
167 2723 255 2752 Joan.
271 2731 318 2758 xx,
334 2723 379 2752 l7.
417 2725 438 2742 "
453 2725 536 2754 Joan.
552 2733 622 2761 xvu,
636 2725 663 2753 3.
701 2725 724 2743 θ’
740 2725 845 2754 Matth.
861 2731 920 2759 xxx,
936 2709 981 2754 17.
1019 2725 1041 2743 ”
1056 2725 1158 2754 Matth.
1172 2733 1230 2759 xxx,
1245 2725 1290 2754 l7.
1337 2725 1360 2742 ’⁸
1375 2725 1385 2752 Ι
1400 2724 1476 2752 Tim.
1491 2733 1530 2758 v1,
1544 2715 1590 2752 i6.
1637 2724 1659 2741 ’⁸
1672 2723 1744 2753 ibid.
1762 2725 1805 2753 15.

127 2845 184 2882 (il)
200 2843 396 2880 Ἀντιλήξιιςν.
412 2849 506 2882 Forte,
522 2845 553 2875 ἂν
568 2856 594 2874 τι
610 2846 727 2882 Αήειιιν.
744 2847 824 2876 Enn.
