2011 3142
175 151 234 181 859

647 149 843 180 ΑΡΡΕΝΠῘΧ
869 148 1030 179 OPERUM
1053 148 1085 178 S.
1109 147 1245 178 BASILII
1269 149 1406 179 MAGNI.

1817 150 1878 180 860

175 215 321 252 positione
331 218 359 243 et
369 215 434 243 sine
445 215 503 243 ﬁne
514 223 586 243 esse.
600 215 712 250 Nam,si
722 218 800 244 esset
813 215 876 243 sine
891 215 1000 251 princi-
1015 244 1017 248 ,

1065 213 1113 241 ὦτ’
1127 212 1315 249 ἀτελεύτητον,
1346 214 1403 242 ἐπεὶ
1429 213 1498 250 μηδὲ
1514 215 1571 242 οἷόν
1586 224 1615 242 τε
1629 215 1808 252 παυσαμένων
1822 218 1877 244 τῶν

175 260 234 296 pio,
246 261 334 288 etiam
346 260 443 295 ipsum
455 268 527 295 opus
541 263 617 288 esset
631 260 767 296 principii
777 268 889 294 expers,
907 267 1001 295 neque

175 305 239 332 sine
251 305 307 332 line
320 313 326 331 :
340 305 578 340 quandoquidem
592 305 651 332 ﬁeri
665 313 721 332 non
736 307 841 340 potest,
854 304 925 340 quin
937 312 999 332 ces-

175 349 310 376 santibus
319 349 456 384 operibus
464 350 528 384 ipsa
540 357 657 385 quoque
667 352 760 377 cesset
769 348 1001 384 operatio.Valde

176 394 253 422 enim
270 393 381 429 puerile
397 397 425 421 et
438 393 558 421 infantis
575 394 683 421 mentis
700 393 901 428 estjudicium
918 394 1000 428 inge-

178 439 269 466 nitam
286 440 314 466 et
330 439 385 466 fine
401 441 548 466 carentem
574 438 670 466 dicere
686 438 897 474 operationem,
915 440 1002 473 atque

178 483 220 511 sic
231 483 313 511 illam
326 492 392 510 cum
405 483 533 511 essentia
547 491 636 510 unam
648 484 842 518 eamdemque
855 491 915 510 rem
926 490 1000 517 esse,

177 536 244 555 cum
261 527 376 555 nullum
392 528 478 563 plane
493 536 567 563 opus
583 527 645 554 ﬁeri
661 527 755 562 possit
769 527 899 563 ingenite
913 529 941 554 et
956 527 1001 554 in-

179 573 268 600 Iinite.
286 573 315 600 Si
331 573 409 600 enim
426 572 480 600 hoc
498 573 573 600 700
588 572 654 608 quis
677 572 878 603 afﬁrmaverit,
892 571 1002 598 alteru-

174 620 253 644 trum
269 624 303 644 ex
319 617 434 644 duobus
449 617 516 644 inde
542 624 726 652 consequens
738 616 793 644 erit
810 624 817 643 :
834 618 885 643 aut
898 624 1004 651 opera-

179 661 286 689 tionem
304 661 353 688 Dei
368 669 432 689 esse
447 661 511 689 sine
526 661 695 694 actione,vel
712 669 786 697 opus
802 654 888 688 etiam
904 661 1002 696 ipsum

178 713 243 733 esse
259 705 433 742 ingenitum.
445 705 474 733 Si
491 714 558 733 vero
574 708 733 741 utrumque
750 706 854 733 horum
870 705 1003 733 omnium

179 750 361 778 confessione
372 753 417 777 est
427 751 598 785 absurdum,
615 758 714 778 verum
726 751 782 778 erit
795 750 824 777 id
841 750 918 786 quod
935 749 1003 777 reli-

180 802 272 830 quum
286 794 477 827 est,videlicet
487 802 552 822 cum
566 803 653 830 opera
664 795 782 822 initium
798 795 1004 829 habeant,ope-

180 839 324 866 rationem
340 839 429 867 etiam
454 847 511 866 non
528 839 592 866 sine
616 839 759 875 principio
774 847 838 867 esse
855 847 862 866 :
878 846 1005 874 cumque

178 886 303 916 cessent,
316 884 448 911 eamdem
463 883 550 911 etiam
567 891 624 911 non
640 892 737 912 carere
749 884 814 911 line.
828 884 889 911 Non
906 884 1004 919 itaque

179 929 262 956 decet
273 936 325 955 nos
337 927 462 955 aliorum
475 928 629 957 sententiis
641 928 739 956 statim
752 930 908 964 antequam
917 928 1006 964 probe

180 973 396 1005 examinentur,
412 972 500 1000 fidem
516 973 634 1008 habere,
650 975 677 1000 et
692 973 734 1000 ita
749 972 884 1000 essentia
905 980 1007 1006 opera—

180 1018 289 1044 tionem
309 1017 411 1051 unire;
428 1017 478 1044 sed
494 1017 663 1044 existimare
677 1019 754 1053 quod
780 1017 840 1045 haec
855 1017 1009 1045 verissima

1056 256 1140 296 ἕργων
1180 257 1314 286 ἄπαυστον
1350 259 1416 286 εἶναι
1454 259 1502 293 τὴν
1541 258 1685 297 ἰνέργειαν.
1725 260 1792 287 Λίαν
1825 261 1877 298 γὰρ

1057 301 1245 339 μειρακιῶδες,
1268 303 1313 330 καὶ
1336 303 1432 342 φρενὸς
1448 303 1556 340 νηπίας,
1579 303 1724 342 ἀγέννητον
1749 305 1796 332 καὶ
1818 305 1877 332 ἀτε-

1056 346 1187 381 λεύτητον
1227 347 1313 385 λέγειν
1345 348 1396 382 τήν
1432 347 1563 386 ἐνέργειαν
1601 349 1696 376 ταυτὸν
1734 351 1769 386 τῇ
1800 349 1879 384 οὐσίᾳ

1055 392 1211 428 τιθεμένους
1229 391 1345 429 μηδενὸς
1366 395 1420 420 τῶν
1447 390 1533 430 ἔργων
1563 393 1716 431 ἀγεννήτως
1741 394 1879 432 γίγνεσθαι

1057 435 1217 472 δυναμένου,
1248 438 1311 473 μήτ’
1328 437 1523 473 ἀτελευτήτως.
1541 439 1587 465 Ἐκ
1604 438 1654 476 γὰρ
1677 439 1783 466 τούτων
1811 449 1880 475 συμ-

1057 478 1145 508 ϐαίνοι
1175 482 1231 518 (42)
1256 480 1331 509 δυοῖν
1345 482 1464 520 θάτερον,
1494 482 1512 517 ἢ
1525 483 1574 516 τὴν
1589 482 1724 520 ὲνέργειαν
1741 482 1880 520 ἄπρακτον

1058 526 1122 553 εῖναι
1137 529 1184 553 τοῦ
1200 528 1278 562 Θεοῦ,
1294 525 1312 561 ἢ
1340 527 1370 554 τὸ
1388 525 1466 565 ἔργον
1495 526 1649 565 ἀγέννητον.
1668 527 1701 556 Ei
1716 526 1739 555 δ’
1755 528 1883 564 ἑκάτερον

1056 570 1160 598 τούτων
1177 570 1406 608 ὁμολογουμένως
1434 569 1545 605 ἄτοπον,
1571 571 1670 607 ἁληοὶς
1696 571 1726 599 τὸ
1749 571 1884 609 λιιπόμι-

1058 625 1113 648 νον,
1130 614 1292 653 ἀρχομένων
1319 626 1348 642 τε
1362 617 1416 643 τῶν
1439 613 1537 654 ἔργων,
1555 616 1593 652 μὴ
1609 616 1727 654 ἄναρχον
1749 617 1817 644 εἶναι
1833 617 1883 650 τὴν

1059 658 1190 697 ἐνέργειαν
1231 659 1391 696 παυομένων
1429 670 1468 694 τε,
1510 661 1547 697 μή
1585 659 1730 689 ἄπαυστον.
1758 660 1798 689 Οὖ
1826 662 1884 699 χρὴ

1058 703 1149 731 τοίνυν
1181 704 1360 741 πειθομένους
1403 705 1526 742 γνώμαις
1564 705 1661 743 ἑτέρων
1696 705 1884 740 ἀνεξετάστως

1059 748 1136 775 ἑνοῦν
1166 750 1198 785 τῇ
1227 748 1304 784 οὐσίᾳ
1331 749 1380 783 τήν
1411 748 1554 786 ἐνέργειαν,
1585 748 1772 785 ἀληθεστάτην
1796 748 1826 777 δὲ
1838 749 1884 776 καὶ

1059 795 1117 829 Θεῷ
1141 791 1367 830 πρεπωδεστάτην
1395 793 1528 831 ἐνέργειαν
1550 795 1673 832 ἡγεῖσθαι
1698 794 1747 828 τήν
1776 793 1885 832 βούλη-

1060 848 1111 873 σιν,
1137 838 1270 875 ἀρκοῦσαν
1310 838 1377 874 πρός
1405 849 1434 866 τε
1461 839 1493 866 τὸ
1518 839 1585 866 εἶναι
1615 838 1660 866 καὶ
1687 839 1820 873 σώζεσθαι
1849 839 1885 866 τὰ

1060 882 1156 915 πάντα,
1185 883 1376 919 μαρτυρούσης
1398 883 1442 910 καὶ
1467 887 1641 922 προφητικῆς
1660 887 1763 921 φωνῆς·
1791 884 1884 911 Πάντα

1061 927 1111 964 γὰρ
1128 927 1176 954 ὅσα
1197 926 1341 962 ἠθέλησεν,
1367 927 1503 963 ἐποίησιν·
1528 927 1566 956 Οὐ
1591 928 1641 966 γὰρ
1662 926 1796 955 ἰπιδέιταί
1809 939 1885 958 τινος

1061 971 1129 1008 πρὸς
1144 971 1193 1005 τὴν
1211 972 1247 998 ὧν
1267 971 1395 1009 βούλεται
1410 972 1545 1007 σύστασιν,
1568 971 1631 1000 ἀλλ’
1655 973 1711 1010 ἅμα
1730 983 1760 1000 τε
1785 972 1885 1010 βούλε-

1061 1026 1116 1050 ται,
1129 1015 1173 1043 καὶ
1184 1015 1290 1053 γέγονεν
1307 1015 1372 1054 ὅπερ
1387 1016 1532 1051 ἠθέλησεν.

184 1062 300 1097 Deoque
314 1061 593 1089 convenientissima
609 1062 648 1089 sit
662 1062 802 1098 operatio,
819 1062 958 1090 nimirum
975 1061 1122 1093 voiuntas,
1137 1070 1201 1097 quae
1217 1061 1293 1089 valet
1309 1063 1337 1089 et
1352 1062 1502 1090 sufﬁciens
1517 1065 1558 1090 est
1575 1063 1610 1090 ad
1637 1071 1734 1091 rerum
1751 1063 1886 1091 omnium

180 1109 243 1134 tum
261 1106 420 1134 essentiam
437 1109 498 1133 tum
517 1106 780 1139 conservationem,
798 1108 924 1134 testante
940 1106 994 1134 hoc
1011 1106 1109 1141 ipsum
1125 1106 1213 1133 etiam
1239 1114 1308 1134 voce
1333 1106 1505 1142 prophetica
1522 1116 1528 1134 :
1546 1107 1643 1135 Omnia
1662 1107 1741 1136 enim
1757 1115 1888 1144 quascun-

181 1158 230 1186 que
242 1151 340 1184 voluit,
357 1151 423 1185 fecit
437 1150 468 1177 “.
485 1151 547 1178 Non
564 1151 641 1178 enim
659 1151 719 1179 ulla
741 1159 771 1179 re
787 1150 900 1187 indiget
923 1151 957 1178 ad
974 1159 1074 1178 earum
1091 1158 1200 1184 rerum,
1218 1158 1292 1186 quas
1310 1158 1374 1179 esse
1385 1150 1460 1185 vult,
1475 1151 1763 1188 consistentiam,sed
1779 1151 1886 1180 simul-

179 1197 268 1231 atque
280 1194 353 1228 vult,
367 1195 504 1222 consistit
517 1195 605 1223 etiam
621 1196 818 1232 quodcunque
832 1195 934 1223 voluit.

215 1261 261 1289 24.
278 1261 419 1294 Quocirca
430 1262 574 1297 siquidem
584 1263 677 1290 oratio
698 1263 868 1297 nostrajam
880 1262 1010 1290 ostendit

181 1307 362 1334 voluntatem
373 1315 437 1335 esse
452 1307 862 1343 operationem,operationem
875 1315 941 1335 vero
952 1315 1009 1334 non

183 1359 248 1380 esse
263 1351 422 1379 essentiam
441 1360 448 1379 :
465 1360 592 1387 cumque
609 1352 781 1388 Unigenitus
800 1352 898 1380 subsit
910 1351 1011 1380 volun-

183 1396 236 1424 tati
251 1396 346 1423 Patris
358 1405 415 1424 non
427 1397 463 1424 ad
474 1396 643 1430 essentiam,
656 1397 707 1425 sed
719 1397 928 1432 operationem,
946 1404 1010 1431 quae

184 1443 212 1468 et
222 1441 287 1476 ipsa
297 1443 341 1468 est
353 1441 504 1469 voluntas:
517 1450 636 1469 necesse
648 1443 692 1469 est
704 1443 735 1468 ut
753 1441 843 1469 Filius
859 1441 934 1468 hanc
951 1449 1010 1468 ser-

185 1487 232 1512 vet
245 1487 274 1512 et
288 1487 385 1513 teneat
400 1485 635 1514 similitudinem.
652 1486 734 1514 Unde
745 1486 809 1521 jam
834 1494 930 1522 porro,
944 1493 1012 1514 cum

187 1530 338 1557 commode
354 1538 387 1557 eo
397 1530 705 1566 provehamur,tenere
721 1539 773 1559 nos
783 1532 899 1566 oportet
913 1538 1011 1558 veram

188 1582 305 1609 quoque
321 1574 476 1610 rationem,
492 1583 544 1604 cur
569 1575 666 1611 imago
691 1576 815 1603 dicatur.
833 1577 897 1611 Ipse
912 1575 1014 1602 beatus

187 1618 297 1646 Paulus
311 1620 456 1654 exposuit,
473 1620 573 1648 dicens
589 1631 596 1654 ;
614 1621 667 1654 Qui
680 1624 718 1648 est
733 1621 829 1654 imago
851 1621 901 1648 Dei
915 1619 1015 1647 invisi-

189 1663 263 1697 bilis,
290 1664 491 1699 primogenita:
518 1664 606 1692 omnis
634 1667 782 1697 creaturae,
804 1665 870 1700 quia
899 1665 930 1691 in
956 1665 1014 1699 ipso

190 1711 280 1735 creata
303 1711 367 1735 sunt
389 1709 495 1742 omnia,
510 1711 571 1737 tam
585 1717 644 1744 quae
665 1710 696 1736 in
717 1710 780 1736 caelo
796 1717 881 1745 quam
906 1715 969 1743 qua?
983 1709 1015 1736 in

189 1753 264 1779 terra
278 1753 480 1784 suntmisibilia
494 1755 518 1780 et
534 1752 692 1780 invisibilia
708 1753 826 1781 ".Hanc
840 1754 876 1780 ob
892 1761 1013 1781 causam

191 1798 235 1824 est
246 1796 350 1833 imago.
369 1797 474 1825 Omnia
487 1805 553 1826 vero
564 1806 629 1834 qua:
639 1798 669 1825 in
681 1797 744 1833 ipso
752 1801 849 1826 creata
859 1800 940 1832 sunt,
955 1806 1015 1825 una

191 1849 258 1869 cum
274 1849 306 1870 eo
317 1842 367 1877 qui
379 1842 593 1879 primogenitus
609 1842 725 1878 dicitur,
736 1851 794 1870 non
809 1845 886 1870 certe
901 1843 1014 1878 ingeni-

190 1887 251 1913 tam
268 1886 427 1921 quamdam
439 1887 597 1915 essentiam
613 1889 724 1915 notant.
740 1886 804 1915 Non
819 1887 898 1915 enim
912 1895 1015 1914 eorum

191 1933 325 1965 respectu
341 1931 469 1959 essentia
483 1933 538 1959 est.
555 1932 652 1967 Ipsam
668 1941 734 1960 vero
750 1932 948 1968 operationem
964 1940 1016 1967 per

193 1982 283 2009 quam
300 1974 399 2009 Filius,
417 1975 444 2002 in
461 1984 519 2012 quo
535 1976 644 2010 omnia,
661 1976 769 2004 referre
795 1976 892 2012 imago
916 1976 952 2004 ad
968 1984 1015 2004 es-

193 2018 320 2047 sentiam
332 2028 388 2047 non
401 2022 505 2056 potest,
522 2029 574 2048 nec
585 2022 698 2057 gestare
709 2021 807 2055 imago
818 2020 899 2048 illam
911 2020 1016 2048 simili-

193 2065 326 2092 tudinem
343 2067 439 2101 potest
454 2065 565 2094 ratione
579 2066 723 2100 essentite,
741 2074 806 2094 cum
822 2066 860 2094 sit
875 2065 1016 2102 operatio,

193 2117 256 2144 qua:
263 2109 392 2145 ingenita
398 2110 453 2138 fuit
461 2118 548 2146 penes
556 2111 647 2138 Deum
659 2111 685 2138 in
698 2110 853 2146 praesentia
859 2113 926 2137 ante
936 2118 1018 2138 cons-

191 2154 356 2182 titutionem
386 2155 474 2183 etiam
492 2155 679 2191 primogeniti
694 2155 863 2182 etomnium
879 2163 943 2190 qua:
965 2163 1017 2190 per

193 2198 291 2233 ipsum
303 2201 401 2227 creata
410 2199 563 2231 sunt.Quis
574 2199 830 2236 enim,quaeso,qui
843 2201 906 2226 tum
918 2199 1015 2234 ipsum

194 2242 383 2278 Unigenitum
399 2244 557 2277 novit,tum
568 2245 667 2272 omnia
682 2253 745 2279 quas
762 2252 813 2280 per
828 2243 925 2279 ipsum
941 2244 1017 2271 facta

194 2290 265 2314 sunt
279 2287 402 2321 ",etiam
420 2289 510 2324 probe
525 2289 641 2323 cognita
656 2288 753 2322 habet,
771 2297 828 2316 non
845 2289 1019 2316 conﬁteatur

194 2339 225 2360 se
240 2340 273 2360 eo
297 2331 405 2360 intueri
421 2340 538 2360 omnem
554 2333 650 2360 Patris
673 2333 832 2368 potentiam
843 2333 857 2360 ?
873 2333 933 2365 Quo
950 2341 1016 2360 cum

1099 1262 1145 1295 24,
1159 1262 1265 1289 Οὐκοῦν
1283 1261 1306 1289 εἴ
1320 1262 1369 1296 τὴν
1388 1262 1435 1298 μὶν
1454 1261 1585 1300 βούλησιν
1601 1261 1736 1298 ἀπέδειξεν
1762 1263 1776 1289 6
1803 1261 1887 1300 λόγος

1065 1305 1211 1343 ἐνέργειαν,
1236 1305 1286 1333 οὐκ
1306 1306 1398 1334 οὐσίαν
1428 1305 1457 1333 δί
1479 1307 1528 1341 τήν
1552 1306 1696 1345 ἐνέργειαν,
1729 1307 1833 1342 ὑπέστη
1857 1305 1889 1333 δὲ

1067 1349 1198 1388 βουλήσει
1214 1353 1261 1378 τοῦ
1275 1351 1380 1388 ΙΙατρὸς
1397 1351 1411 1378 ὁ
1427 1352 1596 1388 Μονογινής,
1619 1351 1649 1379 οὐ
1674 1351 1742 1387 πρὸς
1763 1351 1816 1385 τὴν
1841 1350 1889 1378 οὐ-

1066 1394 1135 1430 σίαν,
1151 1395 1218 1432 πρὸς
1234 1393 1263 1422 δὶ
1277 1395 1326 1430 τὴν
1341 1395 1484 1433 ἐνέργειαν,
1515 1395 1574 1430 ἥτις
1591 1395 1648 1423 ἐστὶ
1668 1395 1713 1423 καὶ
1741 1394 1887 1432 βούλησις-

1066 1438 1216 1474 ἀποσώζειν
1245 1440 1295 1474 τὴν
1310 1440 1462 1476 ὁμοιότητα
1475 1440 1521 1468 τὸν
1538 1441 1599 1468 Υἱὸν
1615 1440 1770 1478 ἀναγκαῖον.
1790 1440 1836 1475 Ἐξ
1852 1440 1889 1467 ὢν

1067 1484 1289 1521 προσαγομένους
1310 1482 1351 1511 δεῖ
1368 1484 1414 1512 τὸν
1439 1482 1530 1519 ἀληθῆ
1547 1487 1598 1517 τῆς
1622 1484 1727 1515 εἰκόνος
1744 1482 1889 1518 διασώζειν

1068 1527 1160 1565 λόγον.
1183 1528 1271 1560 Αὐτὸς
1292 1529 1306 1556 ὁ
1333 1528 1465 1564 μακάριος
1481 1531 1591 1560 ΠαῦΛος
1605 1527 1767 1566 ἐξηγήσατο,
1794 1528 1889 1555 εἰπών·

1067 1573 1117 1604 "Oc
1149 1571 1219 1600 ἐστιν
1259 1572 1339 1600 εῗκὼν
1375 1575 1423 1600 τοῦ
1456 1575 1523 1600 Θεοῦ
1550 1575 1600 1601 τοῦ
1627 1573 1754 1610 ἀοράτου,
1779 1572 1890 1610 πρωτό-

1068 1627 1147 1648 τοκος
1189 1617 1277 1652 πάσης
1321 1618 1444 1652 κτίσεως,
1483 1617 1524 1644 ὅτι
1563 1617 1589 1644 ἐν
1618 1617 1692 1653 αὗτῷ
1719 1616 1829 1651 ἐκτίσθη
1859 1617 1892 1644 τὰ

1069 1662 1166 1697 πάντα,
1195 1662 1228 1689 τά
1249 1672 1278 1689 τε
1296 1661 1322 1689 ἐν
1352 1661 1474 1698 οὐρανῷ,
1500 1661 1544 1689 καὶ
1573 1661 1617 1689 ἐπὶ
1645 1662 1707 1699 γῆς,
1737 1661 1824 1699 ὁρατὰ
1846 1661 1891 1688 καὶ

1031 1691 1052 1725 C
1070 1691 1181 1743 ἀόρατα.
1208 1706 1256 1733 Διὰ
1283 1708 1364 1733 τοῦτο
1385 1691 1492 1734 ἐιχῶκῖ.
1523 1706 1612 1733 Πάντα
1644 1691 1733 1733 Qa
1755 1691 1789 1733 ⁵ὲν
1819 1705 1892 1733 αὖτῶ

1067 1751 1207 1778 κτισθέντα
1237 1750 1303 1786 μετὰ
1329 1749 1378 1778 τοῦ
1404 1750 1580 1788 πρωτοτόκου
1610 1750 1640 1778 οὖ
1669 1751 1718 1784 τὴν
1743 1750 1889 1788 ἀγέννητον

1068 1795 1160 1822 οὐσίαν
1189 1794 1393 1832 χαρακτηρίζει.
1421 1795 1459 1823 Οὐ
1487 1794 1539 1832 γὰρ
1567 1794 1635 1822 κατὰ
1658 1796 1742 1822 ταῦτα
1766 1795 1783 1829 ἡ
1801 1794 1888 1822 οὐσία.

1068 1839 1122 1873 Τήν
1148 1837 1176 1866 δὲ
1191 1838 1333 1876 ἐνέργειαν,
1351 1837 1386 1866 δι’
1412 1839 1446 1873 ἧς
1461 1839 1475 1866 ὁ
1499 1839 1571 1873 Υἱὸς,
1592 1838 1618 1866 ἒν
1634 1839 1657 1875 ᾧ
1683 1839 1717 1866 τὰ
1744 1839 1843 1873 πάντα,
1859 1839 1889 1866 οὗ

1069 1884 1138 1920 πρὸς
1153 1885 1202 1918 τὴν
1225 1883 1315 1911 οὐσίαν
1340 1884 1416 1923 φέροι
1437 1884 1467 1911 ἄν
1491 1885 1509 1918 ἡ
1540 1883 1619 1911 εἰκὼν
1647 1883 1696 1918 τὴν
1727 1883 1890 1919 ὁμοιότητα,

1069 1929 1137 1967 πρὸς
1152 1927 1181 1956 δὲ
1205 1929 1254 1963 τήν
1278 1927 1412 1966 ἐνέργειαν
1438 1927 1649 1964 ἐναποκειμένην
1678 1927 1836 1965 ἀγεννήτως
1857 1929 1890 1964 τῇ

1070 1973 1235 2011 προγνώσει,
1248 1972 1293 2000 καὶ
1308 1973 1361 2010 πρὸ
1385 1976 1434 2008 τῆς
1458 1972 1634 2010 πρωτοτόκου
1658 1973 1824 2005 συστάσεως,
1848 1971 1891 1999 καὶ

1069 2020 1123 2045 τῶν
1140 2017 1165 2045 ἐν
1183 2017 1255 2053 αὖτῷ
1269 2017 1441 2049 κτισθέντων.
1457 2017 1503 2049 Τίς
1531 2018 1582 2055 γὰρ
1601 2016 1680 2044 αὐτόν
1705 2027 1735 2044 τε
1758 2017 1805 2044 τὸν
1833 2017 1893 2045 Mo-

1070 2066 1166 2100 νογενῆ
1192 2063 1346 2099 γινώσκων,
1369 2061 1415 2089 καὶ
1438 2061 1525 2089 πάντα
1547 2061 1581 2089 τὰ
1604 2060 1639 2089 δι’
1653 2061 1736 2088 αὐτοῦ
1762 2061 1894 2099 γινόμενα

1071 2107 1244 2144 καταμαθὼν,
1271 2106 1320 2134 οὐκ
1349 2107 1377 2133 ἂν
1408 2105 1606 2143 ὁμολογήσειεν
1633 2105 1706 2142 αὐτῷ
1734 2107 1894 2143 θεωρεῖσθαι

1071 2155 1157 2179 πᾶσαν
1173 2152 1221 2186 τήν
1237 2153 1285 2179 τοῦ
1310 2151 1416 2187 Πατρὸς
1441 2149 1575 2187 δύναμιν,
1601 2151 1673 2188 Πρὸς
1696 2149 1762 2186 ὅπερ
1788 2149 1893 2177 ἀπιδὼν

1073 2196 1086 2223 ὁ
1104 2196 1310 2234 μακαριώτατος
1324 2194 1444 2229 Παῦλος,
1461 2195 1504 2230 οὗ,
1533 2195 1573 2222 Δι’
1601 2194 1693 2229 αὐτοῦ,
1710 2194 1806 2232 φησὶν,
1833 2193 1895 2222 ἀλλ’

1072 2241 1115 2270 Ἐν
1130 2241 1213 2275 αὐτῶ,
1238 2240 1325 2268 καίτοι
1341 2239 1469 2277 προσθεὶς
1492 2239 1738 2277 τὺ,11ρωτότοκος,
1764 2238 1813 2266 ’ίνα
1839 2240 1897 2269 τοῖς

1073 2284 1110 2313 δι’
1146 2285 1228 2313 αὐτοῦ
1269 2285 1424 2323 γενομένοις
1454 2284 1497 2311 καὶ
1528 2284 1609 2314 αὐτὸς
1638 2282 1896 2322 συμπαραληφθεὶς,

1072 2334 1137 2358 πᾶσι
1152 2330 1269 2368 γνωρίζῃ
1282 2332 1341 2361 τοῖς
1355 2332 1439 2357 ταῦτα
1458 2331 1570 2366 συνορᾷν
1587 2327 1746 2365 δυναμένοις
1770 2328 1822 2362 τὴν
1849 2329 1896 2355 τοῦ

194 2377 354 2412 respexerit
366 2377 554 2405 beatissimus
565 2377 686 2412 Paulus,
697 2386 767 2412 non,
785 2377 836 2405 Per
852 2378 961 2414 ipsum,
977 2378 1017 2405 di-

1074 2375 1178 2412 Πατρὸς
1208 2374 1364 2412 ἐνέργειαν.
1393 2374 1493 2402 Εἶκόνα
1519 2373 1610 2401 τοίνυν
1641 2372 1746 2410 φαμὶν,
1778 2371 1834 2410 οὔχ
1861 2372 1897 2402 ὡς

193 2421 243 2456 cit,
260 2422 323 2456 sed,
338 2422 369 2449 Ιη
385 2423 453 2458 ipso,
471 2425 500 2449 et
513 2430 584 2450 sane
600 2422 734 2450 addendo
749 2420 780 2448 τὸ
799 2422 973 2457 Unigenitus,
987 2424 1017 2450 ut

1074 2420 1210 2457 ἆγεννήτῳ
1242 2419 1363 2457 γέννημα
1388 2416 1610 2456 παραϐάλλοντες
1640 2417 1820 2454 (ἀνάρμοστον
1847 2417 1896 2455 γὰρ

194 2467 257 2502 ipse
265 2474 332 2494 cum
342 2466 486 2503 aliis,quaa
494 2467 649 2503 peripsum
659 2467 734 2495 facta
742 2469 824 2502 sunt,
837 2469 1017 2502 assumptus,

1073 2464 1153 2492 τοῦτό
1179 2474 1209 2501 γε
1237 2463 1281 2491 καὶ
1305 2466 1364 2495 τοῖς
1388 2466 1467 2491 πᾶσιν
1484 2462 1636 2499 ἀδύνατον),
1652 2461 1715 2489 ἀλλ’
1730 2462 1794 2489 Υἱὸν
1816 2471 1898 2498 μονο-

194 2511 270 2539 lianc
285 2511 380 2539 Patris
404 2511 602 2547 operationem
628 2513 815 2539 manifestam
840 2512 947 2539 faceret
961 2510 1017 2539 illis

1074 2512 1138 2546 γινῆ
1162 2508 1207 2536 καὶ
1233 2508 1407 2547 πρωτότυκον
1432 2507 1528 2546 Πατρὶ,
1544 2511 1595 2542 τῆς
1614 2507 1660 2544 μὶν
1677 2504 1742 2534 Υἱοῦ
1757 2516 1897 2544 προσηγο-

194 2556 245 2591 qui
261 2556 322 2585 haec
336 2556 467 2584 contueri
483 2555 760 2592 valent.lmaginem
777 2555 961 2592 igitur-illum
976 2555 1017 2583 di-

1076 2553 1134 2592 ρίας
1162 2553 1211 2588 τὴν
1237 2552 1328 2581 οὐσίαν
1346 2552 1498 2589 δηλούσης,
1514 2556 1564 2588 τῆς
1580 2551 1608 2580 δὶ
1624 2551 1742 2588 Πατρὸς,
1770 2551 1821 2586 τὴν
1851 2551 1898 2578 τοῦ

232 2689 254 2708 ⁸⁸
267 2688 345 2718 Psal.
361 2697 440 2725 cmi,
455 2689 482 2717 3.
521 2687 543 2706 ⁸⁷
557 2687 668 2718 Coloss.
686 2697 706 2723 ι,
722 2687 768 2724 45,
783 2687 829 2716 16.
866 2687 888 2706 ⁸⁸
901 2689 986 2717 Joan.
998 2695 1020 2725 ι,
1034 2688 1062 2718 3.

231 2815 288 2852 (42)
304 2812 466 2852 Συμϐαίνοι.
484 2818 580 2852 Forte,
596 2813 751 2854 συμϐαίνει.
767 2817 846 2845 Εοιτ.
