2011 3142
119 166 175 198 861

654 167 820 199 ΕΠΝΟΜΠ
842 168 958 199 LIBER
983 169 1292 201 APOLOGETICUS.

1767 171 1827 201 862

119 233 301 269 γεννήσαντος
327 232 471 270 ἐνέργειαν.
499 232 531 261 Εἰ
567 231 596 260 δέ
627 244 668 264 τις
696 232 860 272 φιλονείκως
888 236 942 266 τοῖς

1003 235 1171 269 cimus,non
1182 237 1258 272 quod
1269 236 1398 272 ingenito
1415 236 1545 272 genitum
1564 235 1763 264 assimilemus
1772 232 1828 272 (in'

119 276 234 307 οἰκείοις
251 276 377 313 ἐμμένων
395 278 432 314 μὴ
450 277 583 314 προσέχοι
595 280 653 308 τοῖς
680 277 784 316 ῥηθεῖσι
808 279 853 306 τὸν
874 280 946 313 νοῦν,

120 319 276 355 έκὸιάζοιτο
308 320 335 348 δὲ
365 322 414 356 τὴν
443 323 492 348 τοῦ
520 322 624 359 Πατρὸς
653 322 841 360 προσηγορίαν
857 322 946 354 οὐσίας

120 366 185 393 εἶναι
217 366 401 402 σημιντικήν,
431 364 602 402 μεταδιδότω
630 367 676 394 καὶ
699 369 739 403 τῷ
754 367 809 403 Υὶῷ
825 367 869 394 καὶ
897 371 946 402 τῆς

119 409 218 446 ὁμοίας
258 414 373 447 φωνῆς,
403 411 426 446 ᾧ
455 409 602 448 προλαϐὼν
644 409 778 448 μετέδωκε
815 412 860 440 καὶ
896 415 945 447 τῆς

118 453 217 489 ὁμοίας
244 454 347 485 οὐσίας·
367 454 473 490 μᾶλλον
505 454 533 482 δὲ
561 455 662 494 ἀμφοῖν
692 455 822 494 ἑκατέρῳ,
850 458 891 493 τῷ
917 467 947 484 τε

117 499 204 535 Πατρὶ
229 502 280 533 τῆς
296 497 373 534 Υἱοῦ,
388 499 434 526 καὶ
451 502 490 535 τῷ
503 500 560 536 Υἱῷ
573 503 623 535 τῆς
638 500 754 538 Πατρός·
769 502 786 535 ἡ
814 500 865 538 γὰρ
895 504 946 536 τῆς

117 543 212 574 οὐσίας
243 541 378 580 ὁμοιότης
404 547 464 574 ταῖς
502 544 595 576 αὐταῖς
628 544 772 580 ὀνομάζειν
807 555 946 583 προσηγο-

117 587 188 624 ρίαις
203 587 348 626 ἀναγκάζει
363 592 427 620 τοὺς
442 587 543 624 ταύτην
565 589 627 627 περὶ
650 588 737 616 αὐτῶν
762 587 876 627 ἔχοντας
895 590 944 624 τὴν

119 631 210 667 δόξαν.

1001 279 1177 308 conveniens
1189 281 1266 308 enim
1279 283 1308 308 et
1320 281 1455 316 ineptum
1466 280 1521 308 hoc
1531 282 1718 316 esset,neque
1728 289 1745 308 θ.
1753 289 1826 317 quo-

1001 333 1089 360 quam
1107 325 1237 361 prmstari
1254 326 1371 361 potest),
1388 325 1438 352 sed
1463 325 1566 352 Filium
1591 325 1774 360 unigenitum
1797 327 1826 353 et

1001 369 1230 404 primogenitum
1246 369 1342 396 Patris
1353 369 1488 402 dicimus,
1501 368 1551 396 ubi
1567 369 1759 405 quidemi‘ilii
1771 377 1824 405 ap-

1001 413 1119 449 pellatio
1134 414 1292 441 essentiam
1308 414 1438 446 denotat,
1454 413 1549 441 Patris
1564 416 1661 441 autem
1677 413 1825 449 gignontis

1000 457 1240 493 operationem.Si
1251 465 1317 485 vero
1324 457 1390 493 quis
1399 458 1593 485 contendendi
1605 457 1704 485 studio
1715 457 1744 485 in
1756 466 1824 494 pro-

1001 502 1073 538 priis
1087 505 1240 538 permanet
1256 502 1457 538 opinionibus,
1473 504 1502 530 et
1517 509 1561 530 ea.
1580 510 1643 536 quae
1663 502 1726 537 jam
1745 502 1825 530 dicta

1001 548 1081 580 sunt,
1097 554 1169 574 sana
1185 548 1282 574 mente
1296 547 1458 582 ponderare
1481 549 1597 573 recusat
1618 545 1761 574 violenter
1770 555 1823 574 au-

1000 593 1058 618 tem
1073 591 1175 624 instat,
1200 591 1294 619 Patris
1316 591 1545 627 appellationem
1567 591 1704 619 essentia)
1729 591 1824 627 signi-

1001 635 1146 663 ficativam
1167 643 1243 670 esse,
1268 635 1356 663 faciat
1377 635 1426 663 ille
1450 635 1539 663 etiam
1563 636 1698 663 eamdem
1722 643 1823 663 vocem

116 685 305 705 communem
321 685 386 706 cum
403 678 486 713 Filio,
511 686 597 715 quem
623 681 710 707 antea
735 679 868 714 ejusdem
884 679 970 707 etiam
989 679 1123 707 essentia
1152 679 1324 716 participem
1354 679 1421 707 fecit
1437 687 1443 707 :
1461 679 1521 707 imo
1537 679 1643 715 ipotius
1667 682 1824 715 utramque

115 722 274 755 ambobus,
291 722 354 750 Filii
369 722 483 750 scilicet
499 723 726 760 appellationem
743 723 833 758 Patri,
854 726 882 752 et
910 724 1002 752 Patris
1030 724 1256 760 appellationem
1285 724 1412 752 vicissim
1443 723 1514 752 Ιπιίῐο
1540 723 1672 758 tribuat;
1688 724 1822 752 essentiaa

116 766 195 794 enim
212 766 377 794 similitudo
392 770 474 803 coget
490 776 549 802 eos,
566 768 617 804 qui
640 768 716 796 hanc
741 769 777 796 de
806 768 879 804 ipsis
895 768 1061 804 opinionem
1078 768 1197 804 habent,
1224 769 1330 797 iisdem
1362 768 1606 805 appellationibus
1636 769 1717 804 ipsos
1732 768 1824 796 nomi-

118 819 199 839 nare.

151 873 198 901 25.
215 872 386 910 ’Λρκούντων
404 872 433 901 δὲ
449 874 506 910 (43)
520 874 588 910 ἡμῖν
601 873 738 901 τοσούτων
753 873 798 901 καὶ
814 874 875 912 περὶ
898 875 942 901 τοί

1034 875 1080 904 25.
1096 875 1169 904 Cum
1183 884 1250 904 vero
1265 875 1326 904 haec
1341 875 1425 904 nobis
1440 875 1590 903 sufﬁciant
1604 875 1639 903 de
1655 874 1821 911 Unigenito,

117 919 300 954 Μονογενοῦς,
315 916 466 946 ἀκόλουθον
483 917 514 945 ἂν
530 917 571 954 ε’ίη
588 918 633 946 καὶ
646 917 708 956 περὶ
726 920 774 946 τοῦ
799 918 945 956 Παρακλή-

116 971 164 989 του
179 961 279 989 λοιπὸν
306 962 401 997 εἰπεῖν,
418 962 448 990 οὐ
471 965 531 994 ταῖς
555 962 737 998 ἀνεξετάστοις
752 965 805 991 τῶν
830 962 944 991 πολλῶν

117 1005 337 1038 ἀκολουθοῦντας
364 1006 465 1043 δόξαις,
480 1007 531 1042 τὴν
561 1006 589 1035 δὲ
614 1009 668 1035 τῶν
698 1007 781 1045 άγίων
808 1007 833 1035 έν
862 1008 943 1035 ἅπασι

115 1051 301 1090 φυλάσσοντας
318 1050 508 1088 διδασκαλίαν,
522 1052 587 1090 παρ’
602 1052 638 1079 ὧν
654 1052 746 1089 τρίτον
772 1052 837 1080 αὐτὸ
863 1051 944 1088 ἀξιώ-

115 1106 178 1132 ματι
207 1095 253 1123 καὶ
282 1096 354 1132 τάξει
387 1096 526 1133 μαθόντες,
542 1097 633 1134 τρίτον
658 1097 725 1124 εἶναι
742 1097 836 1134 καὶτῇ
866 1096 943 1134 φύσει

115 1140 342 1177 πεπιστεύκαμεν·
361 1141 410 1169 οὐκ
438 1138 662 1178 έπαμειϐομένων
688 1144 748 1172 ταῖς
773 1141 866 1180 φύσεσι
888 1143 941 1169 τῶν

115 1184 280 1221 ἀξιωμάτων
296 1185 364 1213 κατὰ
379 1186 427 1221 τήν
446 1185 472 1214 ἐν
486 1186 640 1223 ἀνθρώποις
669 1186 699 1214 έκ
723 1185 865 1217 πολιτείας
895 1197 942 1224 με-

114 1226 249 1264 ταϐολὴν,
271 1228 328 1257 οὔτ’
357 1229 568 1268 ένηλλαγμένης
597 1233 646 1264 τῆς
675 1231 774 1266 τάξεως
799 1231 867 1258 κατὰ
893 1231 943 1266 τήν

116 1271 298 1312 δημιουργίαν
320 1274 446 1307 έναντίως
469 1277 528 1307 ταῖς
555 1275 666 1312 οὐσίαις,
684 1274 748 1303 ἀλλ’
770 1275 944 1314 εὐαρμόστως

118 1318 239 1356 ἐχούσης
258 1319 326 1357 πρὸς
341 1319 391 1354 τήν
408 1319 498 1359 φύσιν,
516 1320 553 1351 ὡς
570 1321 639 1356 μήτε
653 1320 684 1348 τὸ
697 1322 805 1358 πρῶτον
821 1322 856 1358 τῇ
871 1320 942 1356 τάξει

119 1361 244 1401 δεύτερον
261 1363 328 1391 εἶναι
343 1364 392 1398 τήν
410 1364 499 1402 φύσιν,
517 1365 586 1402 μήτε
605 1365 658 1401 μὴν
681 1366 713 1393 τὸ
735 1365 812 1403 φύσει
833 1367 941 1402 πρῶτον

118 1405 244 1445 δευτέρας
267 1407 286 1442 ἢ
307 1407 402 1446 τρίτης
424 1407 520 1447 λαχεῖν
542 1409 653 1445 τάξεως.
669 1410 774 1438 Οὐκοῦν
800 1409 873 1445 εἳπερ
893 1408 943 1444 ἥδε

115 1454 163 1484 τῆς
178 1455 235 1480 τῶν
250 1455 355 1487 νοητῶν
372 1451 555 1491 δημιουργίας
578 1454 674 1492 ἀρίστη
699 1454 783 1490 τάξις,
799 1453 890 1491 τρίτον
913 1453 941 1481 ὃν

116 1496 147 1523 τὸ
161 1498 274 1533 Πνεῦμα
288 1497 320 1524 τὸ
336 1497 412 1534 ἅγιον
427 1497 477 1532 τὴν
492 1497 576 1533 τάξιν,
593 1498 645 1526 οὐκ
659 1497 689 1525 ἃν
704 1500 812 1535 πρῶτον
834 1497 876 1533 εἴη
892 1499 940 1533 τὴν

121 1540 208 1579 φύσιν,
238 1540 305 1579 ὅπερ
334 1541 405 1569 ἐστὶν
436 1542 449 1569 ὁ
477 1542 542 1574 Θεὸς
576 1542 621 1570 καὶ
650 1543 743 1580 Πατήρ
773 1545 807 1571 Ἤ
834 1542 884 1580 γὰρ
911 1541 941 1570 ἂν

118 1583 212 1620 εὔηθες
240 1585 286 1613 καὶ
314 1586 437 1624 περιττὸν
466 1586 512 1614 τὸν
542 1586 621 1614 αὐτὸν
650 1587 717 1614 ποτε
743 1587 790 1624 μὲν
817 1587 942 1625 πρώτην,

119 1630 184 1657 ποτὶ
200 1628 231 1657 δὶ
244 1630 340 1667 τρίτην
357 1628 430 1668 ἔχειν
447 1631 553 1670 χώραν,
568 1630 596 1659 ἓν
611 1641 641 1659 τε
660 1630 742 1670 ἄμφω
768 1632 845 1667 εἶναι,
860 1631 891 1658 τό
916 1642 945 1659 τε

120 1674 372 1712 προσκυνούμενον,
388 1675 433 1702 καὶ
449 1675 475 1703 έν
497 1675 519 1712 ᾦ
543 1679 744 1713 προσκυνεῖνοιι,
758 1677 818 1704 καθ’
832 1676 848 1704 ἅ
863 1687 942 1715 φησιν

121 1719 134 1746 ὁ
163 1718 284 1756 Κύριος·
317 1721 426 1757 Πνεῦμα
454 1721 468 1747 ὁ
497 1721 574 1756 Θεὸς,
598 1720 643 1748 καὶ
670 1721 734 1752 τοὺς
766 1723 945 1758 προσκυνοῦν-

121 1774 168 1794 τας
197 1763 289 1799 αὐτὸν,
319 1763 346 1792 ἐν
379 1764 517 1801 nutum
541 1765 587 1793 καὶ
616 1765 732 1802 ἀληθείᾳ
756 1764 797 1793 δεῖ
823 1776 944 1804 προσκυ-

121 1806 274 1837 νεῖν.οὐδὶ
303 1809 357 1845 μὴν
386 1809 483 1837 ταυτὸν
511 1812 551 1846 τῷ
578 1811 738 1848 Μονογενεῖ.
769 1810 804 1838 Οὐ
834 1810 885 1849 γὰρ
914 1811 944 1839 ἂν

122 1852 303 1890 ὑπηριθμήθη
320 1852 409 1890 τούτῳ
424 1853 460 1884 ὡς
486 1852 557 1882 ῗδίαν
578 1852 649 1892 ἔχων
674 1854 830 1890 ὑπόστασιν,
845 1855 944 1893 ἀρκού-

121 1907 170 1932 σης
185 1897 229 1924 καὶ
247 1897 301 1934 πρὸ
319 1897 423 1925 τούτων
446 1901 496 1933 τῆς
519 1901 568 1926 τοῦ
591 1902 720 1937 Σωτῆρος
740 1901 844 1937 φωνῆς,
860 1899 895 1927 δι’
909 1902 942 1936 ἧς

118 1939 207 1979 ’ἕτερον
224 1939 276 1978 ἔφη
307 1945 397 1980 σαφῶς
420 1943 465 1970 τὸν
494 1941 752 1980 ἀποπαλησὸμενον
780 1944 844 1972 εἶναι
873 1945 941 1982 πρὸς

121 1985 275 2022 ὑπόμνησιν
303 1985 348 2014 καὶ
369 1985 544 2015 διδασκαλίαν
568 1990 622 2015 τῶν
637 1988 808 2016 ἀποστόλων.
826 1987 942 2017 Οὐδέτε-

119 2039 164 2066 ρον
196 2031 244 2067 μὶν
273 2030 383 2068 ἀριθμῷ
411 2032 484 2070 παρὰ
510 2032 558 2060 τὸν
586 2033 661 2069 Θεὸν,
677 2032 824 2070 ἀγέννητον
840 2032 878 2062 δέ.
894 2035 942 2065 Εἷς

117 2074 165 2112 γὰρ
192 2074 238 2102 καί
270 2075 352 2112 μόνος
378 2075 535 2114 ἀγέννητος,
553 2077 578 2113 ἰξ
607 2077 638 2104 οὗ
665 2078 699 2105 τὰ
719 2078 807 2105 πάντα
820 2078 940 2116 γέγονεν,

117 2119 150 2147 Ἣ
165 2119 237 2148 ἄλλο
256 2120 303 2157 μὶν
317 2120 390 2157 παρᾶ
404 2121 450 2148 τὸν
467 2121 541 2158 risv,
555 2122 678 2160 γέννημα
695 2121 733 2151 δὲ.
751 2123 797 2153 Εἷς
819 2122 870 2161 γὰρ
896 2123 941 2150 καὶ

119 2165 305 2202 μονογενῆς,ὁ
324 2164 423 2202 Ιίὐριος
451 2167 544 2202 ἡμῶν,
567 2167 605 2194 Δι’
631 2167 662 2194 οὗ
687 2166 720 2195 τὰ
748 2167 846 2204 πάντα,
873 2168 942 2196 κατᾶ

116 2208 162 2236 τὸν
179 2208 351 2237 Ἀπόστολον
379 2209 469 2238 Ἀλλᾶ
483 2211 526 2238 καὶ
542 2210 632 2249 τρίτον
647 2211 692 2239 καὶ
708 2212 784 2251 φύσει
799 2210 844 2239 καὶ
857 2212 940 2248 τάξει,

119 2253 310 2291 προστάγματι
324 2256 373 2281 τοῦ
388 2255 506 2292 Πατρὸς,
522 2254 642 2294 ἐνεργείᾳ
657 2254 685 2283 δὶ
707 2249 754 2283 τοῦ
778 2257 842 2284 Υἱοῦ
866 2257 942 2295 γενό-
957 2249 981 2283 D

118 2308 209 2333 μινον,
219 2298 300 2336 τρίτῃ
316 2299 397 2336 χώρᾳ
409 2299 578 2336 τιμώμενον,
595 2299 632 2331 ὡς
655 2302 764 2338 πρῶτον
787 2301 832 2328 καὶ
850 2304 941 2338 μεῖζον

117 2341 237 2379 πάντων,
253 2342 298 2370 καὶ
316 2342 398 2379 μόνον
412 2345 521 2371 τοιοῦτο
560 2344 608 2371 τοῦ
632 2345 804 2382 Μονογενοῦς
822 2345 940 2382 ποίημα·

117 2386 246 2422 θεότητος
264 2387 312 2424 μὶν
334 2387 379 2415 καὶ
402 2386 603 2426 δημιουργικῆς
625 2387 765 2426 δυνάμιως
792 2388 940 2418 ἀπολειπό-

119 2441 209 2467 μενον,
226 2432 385 2470 ἁγιαστικῆς
406 2431 435 2460 δὶ
459 2432 504 2460 καὶ
534 2431 729 2469 διδασκαλικῆς
758 2435 943 2473 πεπληρωμέ-

116 2482 173 2504 vbv.
189 2475 262 2507 Τοὺς
278 2477 331 2514 γάρ
344 2487 387 2504 τοι
403 2478 615 2509 πεπιστευκότας
631 2478 766 2516 ἐνέργειαν
791 2480 856 2506 εἶναί
881 2490 942 2508 τινα

115 2522 162 2547 τοῦ
192 2523 261 2548 Θιοῦ
289 2521 335 2548 τὸν
366 2520 557 2559 Παράκλητον,
584 2522 640 2550 εἶτα
670 2526 729 2554 ταῖς
759 2523 863 2556 οὐσίαις
889 2525 942 2552 ὑπ-

1000 928 1183 956 consequeus
1207 920 1294 948 fuerit
1309 920 1446 956 deinceps
1467 921 1502 948 de
1527 919 1675 948 Paracleto
1704 928 1822 956 quoque

1000 965 1106 998 dicere,
1122 974 1180 994 non
1196 967 1334 994 sectando
1346 966 1505 994 multorum
1519 965 1673 1001 opiniones
1684 973 1742 992 non
1754 972 1819 1000 pro-

999 1010 1082 1038 batas
1097 1012 1148 1038 aut
1162 1009 1234 1038 satis
1249 1018 1402 1046 expensas,
1419 1010 1468 1038 sed
1486 1009 1627 1037 servando
1637 1009 1666 1036 in
1682 1008 1819 1036 omnibus

998 1056 1167 1082 sanctorum
1183 1054 1358 1089 doctrinam,
1374 1063 1391 1082 a
1405 1053 1513 1090 quibus
1537 1061 1602 1081 cum
1628 1052 1820 1080 didicerimus

997 1099 1119 1126 tertium
1135 1098 1277 1135 dignitate
1292 1100 1320 1126 et
1335 1098 1446 1134 ordine,
1463 1098 1582 1126 tertium
1598 1105 1714 1133 quoque
1733 1097 1820 1132 juxta

997 1144 1134 1171 naturam
1151 1151 1249 1170 revera
1263 1151 1327 1171 esse
1342 1142 1501 1170 credimus.
1517 1142 1579 1169 Non
1596 1142 1673 1177 quod
1689 1141 1819 1177 dignita-

998 1189 1040 1215 tes
1057 1195 1136 1216 more
1153 1187 1303 1215 hominum
1314 1187 1421 1216 usitato
1433 1186 1463 1214 in
1475 1186 1678 1214 vicissitudine
1690 1185 1818 1222 politica,

997 1232 1111 1260 naturis
1126 1231 1208 1260 hisce
1231 1232 1320 1260 etiam
1343 1240 1394 1268 per
1413 1232 1491 1260 vices
1513 1231 1696 1267 contingant,
1723 1238 1816 1266 neque

996 1277 1084 1305 etiam
1101 1277 1186 1313 quasi
1195 1278 1266 1305 ordo
1281 1277 1322 1305 ita
1337 1276 1375 1305 sit
1399 1278 1583 1312 permutatus
1606 1275 1636 1303 in
1660 1275 1816 1310 creatione,

998 1324 1030 1349 ut
1044 1321 1181 1350 essentiis
1196 1322 1221 1350 is
1236 1322 1275 1350 sit
1289 1322 1471 1355 contrarius;
1489 1321 1539 1349 sed
1556 1320 1632 1356 quod
1642 1319 1818 1348 conveniens

997 1367 1036 1394 sit
1051 1366 1108 1403 ipsi
1127 1369 1248 1400 naturae,
1265 1368 1297 1394 ut
1312 1374 1406 1402 neque
1417 1365 1495 1401 quod
1507 1365 1635 1401 primum
1651 1364 1706 1392 fuit
1716 1363 1818 1391 ordine

997 1411 1159 1439 secundum
1175 1411 1311 1446 sitjuxta
1326 1412 1575 1445 naturam,neque
1591 1409 1678 1436 etiam
1695 1409 1723 1436 id
1739 1408 1817 1444 quod

997 1455 1126 1491 primum
1143 1457 1248 1483 natura
1264 1455 1335 1483 τοι
1353 1455 1417 1488 fuit,
1438 1453 1601 1482 secundum
1626 1455 1675 1481 aut
1699 1452 1818 1480 tertium

997 1499 1137 1528 sortiatur
1148 1500 1289 1527 ordinem.
1307 1499 1446 1532 Quocirca
1462 1497 1609 1534 siquidem
1632 1496 1818 1525 constitutio-

998 1544 1044 1572 nis
1060 1552 1161 1572 eorum
1177 1552 1238 1579 quae
1260 1545 1358 1572 mente
1380 1545 1497 1571 tantum
1523 1542 1736 1579 percipiuntur,
1760 1549 1818 1569 non

1001 1591 1094 1624 potest
1118 1597 1175 1616 non
1200 1589 1330 1624 optimus
1353 1596 1418 1616 esse
1444 1587 1514 1616 ordo
1529 1586 1672 1622 :Spiritus
1699 1588 1820 1614 sanctus

998 1642 1066 1661 cum
1082 1633 1121 1661 sit
1134 1633 1253 1661 tertium
1270 1633 1383 1667 ordine,
1399 1632 1527 1668 primum
1544 1640 1608 1660 esse
1631 1639 1688 1659 non
1716 1630 1820 1667 poterit

999 1680 1113 1713 natura,
1145 1678 1174 1706 id
1199 1678 1277 1714 quod
1302 1679 1347 1706 est
1370 1677 1446 1705 Deus
1471 1679 1499 1704 et
1519 1676 1613 1705 Pater.
1639 1675 1751 1704 Etenim
1776 1675 1820 1703 vel

999 1722 1131 1758 ineptum
1147 1724 1175 1751 et
1189 1723 1345 1751 abundans
1359 1724 1446 1757 esset,
1461 1721 1486 1750 si
1502 1721 1639 1750 eumdem
1654 1721 1819 1749 diceremus

998 1767 1321 1804 modoprimum,modo
1340 1766 1459 1795 tertium
1483 1766 1818 1800 tenerelocum;unum-

998 1820 1055 1847 que
1067 1814 1096 1840 et
1106 1812 1188 1840 idem
1202 1821 1277 1847 esse,
1293 1812 1321 1839 id
1339 1811 1416 1848 quod
1435 1811 1574 1839 adoretur
1587 1812 1616 1838 et
1630 1809 1702 1837 illud
1715 1810 1744 1837 in
1760 1818 1818 1845 quo

998 1857 1155 1891 adoretur;
1172 1856 1420 1892 quemadmodum
1432 1855 1494 1891 ipse
1502 1855 1642 1882 Dominus
1648 1853 1720 1881 dicit
1730 1861 1737 1881 :
1749 1854 1818 1882 Deus

997 1902 1035 1929 est
1049 1902 1171 1937 spiritus,
1187 1905 1212 1929 et
1225 1908 1279 1934 eos,
1295 1901 1343 1936 qui
1358 1899 1442 1928 illum
1457 1899 1583 1934 adorant,
1599 1901 1704 1934 oportet
1718 1899 1748 1926 in
1759 1899 1818 1934 spi-

997 1946 1053 1974 ritu
1069 1947 1095 1973 el
1109 1945 1222 1973 veritate
1231 1945 1347 1973 adorare
1361 1944 1496 1980 ".Neque
1506 1943 1581 1972 enim
1592 1951 1685 1971 unum
1700 1944 1728 1970 et
1739 1942 1817 1970 idem

996 1992 1041 2017 est
1056 1998 1122 2018 cum
1137 1989 1312 2025 Unigenito;
1329 1989 1403 2017 alias
1415 1988 1493 2017 enim
1510 1997 1566 2016 non
1582 1987 1704 2016 haberet
1715 1995 1817 2015 nume-

996 2042 1062 2062 rum
1079 2042 1166 2062 suum
1183 2036 1248 2070 post
1263 2033 1383 2068 Filium;
1401 2034 1500 2069 utpote
1515 2032 1565 2068 qui
1591 2040 1675 2060 suam
1700 2039 1817 2067 quoque

996 2079 1144 2115 propriam
1159 2077 1354 2106 substantiam
1371 2077 1467 2111 habet,
1492 2076 1656 2104 sufficiente
1676 2075 1766 2103 etiam
1781 2075 1817 2103 ad

995 2123 1102 2151 horum
1119 2122 1368 2151 conﬁrmationem
1386 2122 1450 2158 ipsa
1472 2121 1629 2149 Salvatoris
1653 2128 1734 2154 voce,
1759 2128 1819 2155 qua

996 2167 1150 2196 manifeste
1165 2167 1313 2196 diversum
1329 2166 1420 2194 dixit'
1432 2173 1496 2194 esse
1511 2173 1577 2193 eum
1589 2163 1640 2200 qui
1655 2163 1818 2192 mittendus

996 2215 1058 2240 erat
1073 2212 1109 2240 ad
1129 2211 1362 2240 recordationem
1386 2209 1597 2247 apostolorum.
1622 2209 1722 2244 Neque
1747 2216 1818 2237 sane

997 2265 1120 2285 numero
1135 2257 1296 2293 quidquam
1318 2258 1362 2284 est
1386 2255 1464 2284 aliud
1490 2257 1592 2291 praeter
1614 2254 1716 2289 Deum,
1732 2253 1817 2289 quasi

997 2302 1085 2330 etiam
1099 2301 1248 2338 ingenitus
1264 2300 1384 2337 quidam
1399 2309 1405 2328 :
1423 2308 1500 2328 unus
1516 2299 1594 2327 enim
1610 2298 1673 2335 ipse
1690 2300 1718 2326 et
1737 2297 1818 2326 solus

997 2345 1144 2382 ingenitus
1160 2348 1214 2380 est,
1231 2353 1265 2374 ex
1280 2353 1338 2382 quo
1358 2345 1458 2373 omnia
1471 2345 1547 2372 facta
1561 2346 1648 2378 sunt;
1664 2344 1716 2371 aut
1737 2342 1817 2370 aliud

997 2398 1067 2418 sane
1080 2392 1185 2426 praeter
1202 2389 1672 2426 Filium,progenies,inquam,seu
1688 2394 1818 2423 propago

997 2435 1143 2471 quaedam,
1159 2443 1235 2463 unus
1249 2435 1328 2463 enim
1343 2437 1373 2463 et
1387 2434 1468 2463 solus
1477 2436 1521 2462 est
1536 2431 1818 2468 unigenitus,Domi-

996 2487 1054 2508 nus
1068 2480 1233 2515 noster,Per
1243 2487 1322 2516 quem
1333 2481 1397 2507 sunt
1411 2480 1503 2507 omnia
1517 2479 1624 2514 ’,juxta
1633 2476 1817 2513 Apostolum,

995 2524 1103 2552 Verum
1121 2524 1241 2552 tertium
1258 2524 1327 2560 quid
1342 2526 1389 2552 est
1410 2526 1472 2552 tum
1489 2525 1596 2551 natura
1616 2524 1679 2549 tum
1704 2520 1818 2554 ordine,

116 2565 309 2601 αριθμοῦντας,
325 2565 363 2597 ὡς
380 2565 440 2594 λίαν
457 2565 562 2601 εὐήθεις
587 2567 632 2594 καὶ
658 2567 730 2595 πολὺ
750 2567 797 2602 τῆς
813 2567 942 2604 ἀληθείας

997 2570 1078 2605 iussu
1092 2569 1210 2606 quidem
1220 2569 1496 2605 Patris,operatioue
1507 2570 1604 2595 autem
1618 2565 1680 2594 Filii
1698 2565 1817 2598 factum;

115 2607 394 2647 ἆπεσχοινισμένους,
425 2612 469 2638 νῦν
500 2609 674 2650 διελέγχειν,
702 2614 806 2650 μακρᾶς
837 2611 866 2640 ἃν
897 2612 939 2649 εἴη

116 2652 231 2690 σχολῆς.

149 2741 172 2760 ⁶⁹
184 2743 270 2771 Joan.
288 2750 326 2777 iv,
341 2743 389 2772 24.
445 2745 454 2763 ί
469 2746 554 2773 Joan.
569 2753 626 2782 xxv,
643 2746 687 2782 16,
699 2746 746 2775 26.

148 2830 205 2868 (43)
222 2831 348 2860 Basilius
362 2831 415 2862 lib.
432 2841 475 2869 In,
491 2842 520 2870 p.
535 2834 585 2863 2⁸71
602 2837 631 2864 et
644 2835 707 2864 276.

995 2614 1082 2642 tertio
1098 2614 1160 2643 loco
1168 2614 1357 2650 colitur,quia
1368 2613 1501 2641 videlicet
1515 2611 1618 2640 ordine
1633 2612 1662 2638 et
1675 2609 1819 2644 dignitate

995 2660 1115 2695 prastat
1129 2659 1205 2696 aliis,
1221 2661 1251 2688 et
1268 2659 1389 2688 unicum
1413 2657 1471 2686 tale
1496 2654 1644 2692 Unigeniti
1668 2661 1742 2689 opus
1761 2654 1816 2688 est,

785 2747 797 2765 ³
809 2746 932 2782 Coloss.,
948 2755 968 2783 ι,
985 2749 1030 2777 16.
