2011 3142
193 174 254 204 863
669 175 865 206 APPENDIX
886 175 1049 206 ΟΡΕῆοΜ
1071 175 1101 206 S.
1124 176 1265 207 BASILII
1287 175 1424 207 MAGNI.
1842 175 1900 204 864

195 241 301 268 deitate
317 241 435 276 quidem
451 243 479 268 et
494 241 624 276 potentis
639 243 756 269 creandi
774 245 895 275 remota,
915 242 1119 270 sanctiﬁcandi
1136 245 1234 270 autem
1263 244 1291 270 et
1319 241 1444 270 docendi
1472 240 1610 268 facultate
1637 239 1803 268 abundans.
1830 239 1902 268 Ilios

195 285 273 312 enim
289 285 339 320 qui
355 285 538 313 Paracletum
554 286 752 322 operationem
770 287 928 322 quamdam
945 286 994 314 Doi
1015 295 1080 315 esse
1094 288 1226 321 credunt,
1243 289 1272 315 et
1298 287 1404 314 deinde
1432 285 1515 313 illum
1544 284 1681 313 essentiis
1703 285 1899 323 subiungunt,

195 331 335 364 tanquam
349 329 434 357 valde
449 329 580 358 insulsos
595 334 621 358 et
633 339 650 358 a
666 331 786 358 veritate
801 331 887 366 longe
903 333 1030 359 remotos
1059 331 1083 359 si
1099 340 1178 360 nunc
1195 331 1321 360 refutare
1336 330 1489 366 vellemus,
1521 329 1608 366 longe.
1623 336 1694 357 sane
1721 337 1804 357 mora
1819 329 1856 357 ad
1873 329 1901 356 id

195 373 279 401 nobis
295 382 368 409 opus
380 373 463 402 foret.

226 460 271 487 26.
289 459 405 494 Verum,
423 468 458 487 ne
482 468 650 488 sermonum
676 459 844 496 prolixitate
868 461 1014 489 auditores

1109 462 1154 488 26.
1173 460 1253 488 ’Λλλ¹
1265 459 1312 488 ’ἶνα
1329 461 1366 497 μή
1381 461 1421 495 τῷ
1438 460 1519 496 μήκει
1534 461 1587 486 τῶν
1614 457 1707 496 λόγων
1737 457 1899 493 ἆποκνήσω-

191 504 494 540 gravemus,minusve
506 504 616 533 alacres
628 505 748 532 reddam
755 506 906 541 us,paucis
916 513 1018 533 eorum

192 557 256 584 quae
271 549 400 576 diximus
417 549 473 576 vim
492 557 610 577 omnem
636 549 928 585 comprehendentes,
946 550 1017 577 dici-

192 601 257 620 mus
270 601 362 620 unum
375 595 404 621 et
416 593 512 621 solum
521 602 586 622 vere
596 601 660 622 esse
670 594 755 621 illum
771 602 871 622 verum
884 594 1017 622 omnium

193 638 282 665 Deum
299 638 474 674 ingenitum,
491 638 554 666 sine
571 638 724 674 principio,
743 638 1015 674 incomparabilem,

191 682 271 709 omni
280 690 368 709 causa
381 683 605 718 superiorem,et
613 683 751 711 omnibus
759 684 846 711 rebus
857 683 1014 719 aliis,quod

191 729 220 754 et
231 727 301 762 ipsa
313 727 451 762 quid,ceu
464 727 636 755 substantiae
650 728 942 761 sunt,causam.Quid
957 736 1015 756 non

190 779 224 798 ex
240 771 581 808 communionequadam
593 780 659 800 cum
678 771 735 800 alia
767 772 866 808 aliqua
888 781 918 799 re
937 781 1014 800 com-

192 815 420 844 municationem
437 825 533 844 rerum
550 816 771 850 constituit,nec
783 817 929 845 antecedit
942 825 1014 844 cun-

190 863 236 888 cta
250 860 419 894 ordine,nec
434 861 712 896 praestatcollatione
721 871 728 896 ;
738 862 773 889 ad
781 870 884 889 omnes
895 861 1013 897 quidem

189 913 236 932 res
252 908 414 941 respectum
431 906 587 941 quemdam
604 906 639 934 ad
655 905 841 934 collationem
854 906 1012 942 quamdam

190 957 276 977 suam
301 949 409 984 habet;
431 951 482 978 sed
513 950 626 978 ratione
651 950 875 986 praeminentiae
900 950 1011 979 nullam

190 994 438 1029 comparationem
454 995 600 1029 essentiaa,
617 995 764 1030 potentia,
785 995 936 1031 imperiive
959 995 1012 1023 ad-

191 1039 282 1067 mittit
296 1048 302 1073 ;
319 1039 369 1074 qui
385 1039 487 1075 genuit
502 1042 531 1067 et
545 1040 613 1068 fecit
629 1042 696 1068 ante
710 1039 810 1068 omnia
825 1039 1011 1076 unigenitum

189 1083 281 1111 Deum
288 1083 444 1111 Dominum
453 1086 585 1112 nostrum
594 1085 692 1112 Jesum
699 1083 916 1120 Christum,per
925 1093 1010 1119 quem

187 1127 287 1154 omnia
302 1127 378 1154 facta
393 1130 473 1161 sunt,
489 1127 600 1163 quique
615 1127 712 1164 imago
728 1130 756 1156 et
772 1128 957 1164 signaculum
967 1131 1011 1156 est

187 1171 310 1207 propriae
326 1171 462 1207 potentia!
477 1174 506 1199 et
521 1172 709 1208 operationis,
726 1180 821 1208 neque
843 1172 880 1208 ei,
897 1173 947 1208 qui
962 1181 1011 1209 ge-

188 1216 261 1249 nuit,
278 1215 441 1244 secundum
456 1216 614 1244 essentiam
630 1217 936 1253 aequiparatur,neque
946 1217 1011 1253 Spi-

188 1260 256 1288 ritui
270 1262 381 1295 saneto,
397 1260 445 1296 qui
461 1268 512 1296 per
528 1261 624 1296 ipsum
641 1261 735 1289 factus
747 1264 813 1295 est;
829 1261 880 1289 illo
892 1262 1012 1297 quidem

186 1305 293 1339 minor,
318 1307 461 1340 tanquam
486 1305 609 1339 factura,
644 1305 699 1333 hoc
723 1314 791 1333 vero
817 1306 1012 1342 praestantior,

187 1352 327 1385 tanquam
343 1349 445 1377 iactor.
463 1349 496 1377 Et
511 1358 582 1378 sane
597 1350 673 1385 quod
691 1352 807 1378 creatus
829 1350 877 1384 sit,
895 1350 951 1378 ﬁde
966 1351 1013 1378 di-

188 1402 264 1429 gnus
276 1396 321 1422 est
330 1394 415 1422 testis
427 1393 476 1422 ille
486 1395 535 1430 qui
548 1395 583 1422 ab
596 1395 659 1431 ipso
674 1395 798 1422 Domino
808 1395 1013 1423 testimonium

188 1437 276 1466 habet
290 1439 393 1474 ‘,quod
411 1446 445 1466 ex
457 1441 512 1466 Deo
523 1439 677 1467 scientiam
690 1448 773 1467 suam
790 1439 1013 1474 habeat,Petrus

190 1482 344 1516 nimirum;
359 1491 426 1510 cum
449 1483 520 1511 dicit
541 1492 548 1510 :
578 1484 654 1511 Certo
679 1484 766 1519 igitur
787 1485 856 1512 εείαι
885 1485 1014 1512 universa

188 1527 283 1555 domus
293 1527 390 1560 Israel,
406 1527 476 1563 quod
487 1529 578 1564 ipsum
590 1529 735 1556 Dominum
750 1530 775 1556 et
790 1529 928 1556 Christum
943 1529 1014 1556 Deus

188 1572 253 1607 fecit
267 1571 287 1606 ⁸,
303 1573 332 1599 et
346 1571 408 1607 ipse
423 1572 474 1607 qui
488 1580 522 1600 ex
542 1581 667 1608 persona
691 1572 805 1601 Domini
831 1573 938 1609 inquit,
962 1574 1013 1602 Do-

189 1617 282 1643 minus
295 1616 397 1644 creavit
409 1625 453 1644 me
467 1618 496 1644 in
507 1617 647 1653 principio
659 1618 767 1646 viarum
777 1626 898 1646 suarum
907 1618 1013 1651 ’.Ωιιοό

190 1662 287 1688 autem
303 1660 366 1696 ipse
381 1660 512 1688 vicissim
524 1661 632 1689 creavit
645 1661 787 1697 Spiritum
803 1664 950 1696 sanctum,
966 1662 1014 1690 hic

188 1704 276 1732 etiam
292 1704 420 1733 ostendit
435 1704 485 1740 qui
501 1705 572 1733 dicit
586 1713 593 1733 :
615 1706 687 1734 Unus
701 1710 741 1734 es!
755 1707 824 1734 Deus
838 1714 874 1734 ex
888 1715 939 1742 quo
948 1709 1015 1734 sunt

188 1749 295 1784 omnia,
310 1753 336 1777 at
350 1757 424 1777 unus
439 1750 587 1784 Dominus,
610 1751 686 1778 Iesu:
710 1751 836 1779 Christus
864 1759 912 1787 per
935 1759 1014 1787 quem

188 1796 254 1821 sunt
268 1795 362 1822 omnia
375 1794 386 1812 ⁸
398 1804 405 1828 ;
423 1797 451 1822 et
465 1797 586 1823 sanctus
601 1796 729 1823 Joannes
743 1796 791 1830 qui
802 1796 874 1824 dixit
891 1804 897 1824 :
914 1796 1014 1824 Omnia

1076 515 1123 541 μεν
1152 505 1216 536 τοὺς
1245 505 1402 538 ἀκούοντας,
1416 507 1502 531 πᾶσαν
1517 503 1543 531 έν
1563 503 1663 540 βραχεῖ
1684 505 1738 529 τῶν
1766 501 1900 540 ῥηθέντων

1074 547 1270 587 περιλαϐόντες
1282 549 1331 583 τήν
1349 547 1473 584 δύναμιν,
1491 547 1577 585 φαμὶν
1593 545 1638 574 ἕνα
1653 547 1699 574 καὶ
1723 547 1806 584 μόνον
1836 545 1901 581 ἀλη-

1075 594 1148 625 θινὸν
1176 594 1240 621 εἶναι
1265 593 1310 620 τὸν
1335 595 1389 620 τῶν
1415 593 1520 620 πάντων
1547 591 1624 626 Θεὸν,
1641 591 1800 628 ἀγέννητον,
1819 591 1898 628 ἄναρ-

1074 647 1138 676 χον,
1155 638 1328 676 ἀσύγκριτον,
1345 637 1433 672 πάσης
1462 636 1548 667 αἰτίας
1577 636 1727 675 κρείττονα,
1753 637 1820 663 πᾶσι
1845 637 1901 667 τοῖς

1073 681 1131 709 οὖσι
1159 685 1208 710 τοῦ
1238 682 1302 709 εἶναι
1332 681 1437 709 α’ίτιον·
1455 681 1504 708 οὐκ
1532 680 1561 708 ἐκ
1585 680 1726 710 κοινωνίας
1753 683 1805 714 τῆς
1833 679 1900 717 πρὸς

1071 725 1160 764 ἕτερον
1177 727 1226 761 τὴν
1241 729 1294 754 τῶν
1318 724 1402 753 ὄντων
1429 724 1612 762 δημιουργίαν
1637 724 1854 760 συστησάμενον,
1871 723 1899 750 οὗ

1070 773 1104 808 τῇ
1120 771 1191 806 τάξει
1215 771 1245 798 τὸ
1263 773 1383 809 πρῶτον,
1398 770 1428 798 οὗ
1458 770 1597 807 συγκρίσει
1622 769 1654 796 τὸ
1681 771 1805 806 κρεῖττον
1834 769 1902 795 κατὰ

1072 815 1180 843 πάντων
1198 815 1416 853 ἀποφερόμινον,
1433 813 1506 842 ἀλλὰ
1528 817 1587 846 καθ’
1604 814 1743 851 ὑπεροχὴν
1771 813 1900 851 ἀσύγκρι-

1071 871 1117 888 τον
1148 861 1241 892 οὐσίας
1269 860 1314 888 καὶ
1344 859 1484 896 δονάμιως
1512 859 1557 886 καὶ
1582 859 1718 894 ἐξουσίας,
1733 859 1900 896 γεννήσαντα

1072 905 1117 933 καὶ
1133 906 1285 940 ποιήσαντα
1299 905 1353 941 πρὸ
1376 905 1483 932 πάντων
1513 907 1647 942 μονογενῆ
1679 903 1743 931 Θεὸν
1773 903 1820 930 τὸν
1851 902 1900 930 Κό-

1075 960 1132 988 ριον
1149 951 1229 986 ἡμῶν
1244 951 1350 985 Ἰησοῦν
1367 949 1496 987 Χριστὸν,
1511 947 1545 976 δι’
1560 949 1591 976 οὗ
1615 948 1648 976 τὰ
1670 948 1757 975 πάντα
1782 947 1901 985 γέγονεν,

1068 994 1159 1022 εἰκόνα
1186 995 1230 1022 καὶ
1261 994 1396 1033 σφραγῖδα
1423 995 1472 1029 τῆς
1496 992 1565 1025 ἰδίας
1589 992 1727 1030 δυνάμεως
1742 992 1789 1020 καὶ
1819 991 1892 1029 ἐνερ-

1066 1039 1149 1077 γείας,
1163 1040 1233 1076 μήτε
1257 1041 1297 1075 τῷ
1321 1039 1479 1076 γεννήσαντι
1493 1038 1561 1066 κατᾶ
1581 1038 1632 1072 τὴν
1659 1036 1751 1064 οὐσίαν
1783 1039 1893 1074 συγκρί-

1066 1085 1192 1121 νόμινον,
1210 1084 1279 1119 μήτε
1293 1085 1333 1119 τῷ
1349 1082 1383 1110 δι’
1399 1082 1481 1111 αὐτοῦ
1498 1082 1634 1120 γενομένῳ
1651 1081 1721 1120 ἁγίῳ
1742 1081 1890 1118 Πνιύματι.

1065 1131 1118 1156 Τοῦ
1135 1129 1182 1165 μὲν
1198 1128 1248 1166 γὰρ
1266 1127 1384 1155 ἐλάττων
1401 1127 1483 1162 ἐστὶν,
1500 1127 1538 1158 ὡς
1553 1125 1671 1162 ποίημα·
1687 1127 1735 1153 τοῦ
1751 1124 1782 1153 δὶ
1802 1125 1891 1163 κρείτ-

1065 1184 1129 1208 των¹
1146 1173 1183 1204 ὡς
1212 1173 1342 1208 ποιητής.
1367 1173 1422 1201 Teii
1444 1172 1490 1209 μὶν
1517 1171 1562 1199 οὖν
1592 1174 1758 1205 πεποιῆσθαι
1790 1170 1892 1207 μάρτυς

1066 1217 1223 1253 ἀξιόπιστος
1247 1217 1337 1254 ὁπαρ’
1355 1217 1438 1244 αὐτοῦ
1458 1218 1506 1243 τοῦ
1532 1215 1630 1253 Κυρίου
1652 1214 1835 1253 μαρτυρηθεὶς
1864 1213 1892 1241 ἐκ

1067 1264 1136 1289 Θεοῦ
1147 1263 1197 1296 ἠν
1212 1262 1312 1300 γνῶσιν
1337 1259 1410 1298 ἔχειν
1442 1261 1551 1298 Πέτρος,
1567 1260 1661 1287 ιῒπών·
1679 1259 1824 1298 Ἀσφαλῶς
1848 1258 1893 1286 οὖν

1067 1306 1222 1344 γινωσκέτω
1237 1308 1290 1336 πᾶς
1306 1306 1382 1336 οἶκος
1404 1303 1527 1342 Ἰσραὴλ,
1544 1305 1586 1332 ὅτι
1612 1304 1712 1342 Κύριον
1740 1303 1821 1331 αὐτὸν
1847 1302 1890 1331 καὶ

1066 1351 1180 1388 Χριστὸν
1212 1351 1225 1378 ὁ
1255 1350 1319 1381 Θεὸς
1350 1349 1478 1385 ἐποίησε·
1495 1349 1540 1377 καὶ
1569 1349 1583 1377 ὁ
1612 1349 1642 1377 ἐκ
1667 1348 1818 1386 προσώπου
1844 1350 1892 1375 τοῦ

1068 1395 1168 1432 Κυρίου
1197 1394 1304 1432 λέγων·
1323 1394 1423 1432 Κύριος
1452 1392 1540 1422 ἔκτισέ
1567 1404 1601 1431 με
1626 1394 1714 1432 ἀρχὴν
1745 1392 1816 1421 ὁδῶν
1846 1392 1892 1420 αὖ·

1067 1442 1124 1467 τοῦ·
1141 1441 1190 1467 τοῦ
1214 1438 1242 1466 δὲ
1270 1439 1449 1474 πεποιηκέναι
1477 1439 1508 1466 τὸ
1537 1439 1648 1475 Πνεῦμα
1666 1438 1698 1466 τὸ
1713 1439 1789 1476 ἅγιον
1820 1437 1837 1465 ὅ
1864 1448 1892 1465 τε

1068 1484 1162 1518 εἰπὼν,
1179 1485 1226 1515 Εἷς
1255 1483 1329 1520 Θιὸς,
1347 1483 1372 1519 ἐξ
1402 1484 1432 1511 οὗ
1459 1483 1493 1511 τὰ
1521 1484 1617 1519 πάντα,
1646 1493 1690 1510 και
1716 1484 1756 1515 εἷς
1782 1483 1891 1521 Κύριος,

1067 1529 1172 1564 Ἰησοῦς
1196 1529 1322 1567 Χριστὸς,
1339 1527 1373 1556 δι’
1401 1528 1432 1556 οὗ
1460 1528 1493 1556 τὰ
1521 1529 1618 1563 πάντα,
1641 1528 1687 1556 καὶ
1713 1529 1728 1555 ὁ
1757 1527 1891 1566 μακάριος

1068 1573 1196 1608 Ἰωάννης
1233 1574 1342 1612 φήσας·
1375 1574 1465 1601 Πάντα
1498 1571 1534 1601 δι’
1563 1573 1647 1601 αὐτοῦ
1690 1572 1794 1610 ἐγένετο
1811 1594 1819 1607 ,
1847 1571 1891 1600 καὶ

1067 1617 1156 1656 ’χωρίς
1170 1618 1251 1646 αὑτοῦ
1271 1617 1376 1656 ἐγένετο
1392 1617 1454 1646 οΰδὶ
1479 1616 1519 1653 ἓν,
1540 1618 1583 1654 Ἐξ
1609 1617 1644 1645 ὧν
1670 1617 1823 1645 ἀκόλουθον
1849 1616 1890 1650 ἃν,

1068 1664 1085 1698 ἢ
1114 1663 1259 1701 ἀγέννητον
1287 1662 1385 1701 λέγειν,
1416 1662 1482 1700 ὅπερ
1504 1660 1616 1694 ἀσεϐές’
1633 1663 1650 1697 ἢ
1680 1661 1754 1699 ε’ίπερ
1784 1662 1891 1700 γέγονι,

1068 1706 1103 1735 δι’
1131 1707 1213 1735 αὗτοῦ
1238 1708 1388 1746 γεγονέναι.
1419 1707 1509 1735 Μόνον
1538 1707 1589 1745 γὰρ
1621 1706 1673 1734 ὑπὸ
1700 1709 1749 1734 τοῦ
1785 1707 1891 1743 Πατρὸς

1068 1751 1259 1790 ὁμολογοῦμεν
1289 1752 1464 1789 γεγεννῆσθαι
1493 1751 1540 1778 τὸν
1569 1750 1644 1785 Υἱὸν,
1675 1750 1891 1788 ὑποτεταγμένον

1069 1795 1149 1831 οὐσίᾳ
1175 1796 1220 1823 καὶ
1244 1796 1350 1833 γνώμῃ⁸
1368 1795 1414 1832 ζῇν
1439 1806 1469 1823 τι
1489 1795 1539 1833 γὰρ
1568 1793 1613 1822 διὰ
1634 1794 1680 1822 τὸν
1705 1793 1824 1832 Πατέρα,
1849 1794 1893 1821 καὶ

185 1846 239 1874 per
253 1838 343 1874 ipsum
356 1840 432 1874 facta
446 1841 519 1874 sunt,
535 1844 563 1867 el
576 1840 635 1867 sine
649 1840 708 1875 ipso
721 1841 826 1875 factum
841 1845 881 1868 est
895 1849 930 1868 ne
936 1841 1014 1876 quid-

1071 1839 1156 1877 μηδὶν
1194 1831 1360 1879 ἀφ’-ἑαυτοῦ
1388 1831 1500 1868 γποιιῖνγ
1522 1831 1604 1870 αὐτὰς
1637 1831 1792 1876 ὁμολογεῖν·
1825 1840 1894 1876 μήτε

188 1891 275 1919 quam
289 1883 310 1910 τ.
325 1883 365 1911 Ex
379 1883 487 1919 quibus
503 1884 643 1920 consequi
659 1892 778 1912 necesse
790 1887 845 1920 est,
856 1885 900 1913 vel
915 1885 1014 1921 ipsum

190 1927 356 1963 ingenitum
371 1928 478 1961 dicere,
495 1929 570 1964 quod
588 1928 712 1964 impium
727 1931 790 1964 est;
807 1929 852 1957 vel
867 1929 892 1958 ei
918 1930 1013 1958 factus

189 1974 243 2007 est,
261 1972 339 2007 quod
351 1972 415 2008 ipse
429 1981 481 2008 per
496 1972 594 2008 ipsum
606 1973 700 2001 factus
716 1973 891 2002 sit.Tantum
907 1975 986 2002 enim
996 1983 1014 2003 θ,

1070 1886 1124 1922 μὴν
1139 1885 1298 1922 ὁμοούσιον,
1316 1883 1387 1921 μηδὲ
1403 1883 1571 1921 ὁμοιούσιον,
1588 1883 1697 1921 ἐπείπερ
1717 1883 1749 1911 τὸ
1775 1883 1823 1920 μὲν
1849 1884 1893 1921 γέ-

1067 1940 1137 1957 νεσιν
1153 1930 1199 1958 καὶ
1215 1929 1348 1967 μερισμὸν
1365 1929 1490 1966 σημαίνει
1519 1932 1569 1964 τῆς
1598 1927 1703 1962 οὐσίας,
1719 1928 1751 1956 τὸ
1781 1926 1811 1956 δὲ
1836 1926 1894 1955 ἰσό-

1066 1985 1144 2008 τητα.

189 2018 274 2044 Patre
287 2017 462 2045 confitemur
475 2018 608 2053 genitum
625 2026 689 2046 esse
704 2018 820 2053 Filium,
837 2019 1063 2047 subordinatum
1079 2020 1213 2048 essentia
1229 2027 1281 2048 seu
1295 2019 1437 2048 voluntati
1454 2027 1461 2047 :
1479 2019 1556 2047 sicut
1581 2018 1644 2054 ipse
1668 2017 1761 2046 Filius
1788 2018 1895 2046 fatetur

189 2062 267 2097 quod
283 2064 404 2098 propter
417 2064 532 2090 Patrem
547 2063 624 2091 vivat
638 2063 660 2097 ⁸,
676 2071 771 2100 neque
781 2072 798 2091 a
813 2066 907 2092 semet
921 2064 1085 2100 quidquam
1101 2065 1190 2093 faciat
1202 2065 1222 2092 ν.
1240 2065 1339 2100 Neque
1358 2066 1457 2092 tamen
1477 2063 1604 2092 dicimus
1630 2063 1729 2100 ipsum
1759 2071 1894 2092 coessen-

190 2105 299 2141 tialem,
315 2115 410 2143 neque
425 2107 533 2135 similis
548 2107 694 2144 essentiaa,
709 2107 856 2144 siquidem
872 2107 943 2136 illud
959 2110 1180 2145 generationem
1195 2111 1223 2138 et
1236 2109 1489 2146 participationem
1504 2110 1588 2137 notat
1602 2108 1748 2144 essentia,
1773 2107 1830 2137 hoc
1845 2117 1895 2136 an-

189 2156 249 2178 tem
265 2152 398 2186 ejusdem
413 2152 653 2189 exaequationem.

229 2231 304 2258 102
314 2230 462 2266 27.Neque
472 2239 540 2259 vero
553 2231 669 2267 genitus
681 2234 725 2260 est
734 2234 924 2268 Pater,neque
935 2232 1017 2269 inge-

194 2274 276 2302 nitus
289 2274 398 2309 Filius;
415 2276 466 2302 sed
481 2275 508 2302 id
525 2275 602 2311 quod
617 2278 662 2303 est
682 2276 746 2304 sine
761 2276 820 2304 ullo
844 2277 912 2311 fine,
937 2277 1015 2305 idem

194 2319 283 2347 etiam
299 2319 397 2355 ipsum
413 2319 510 2347 vocari
526 2328 592 2348 vere
603 2320 738 2355 fatemur,
754 2323 854 2357 utpote
869 2321 1013 2358 genimen,

193 2363 288 2391 ﬁlium
297 2363 519 2400 obsequentem,
532 2364 690 2392 ninistrum
702 2365 1016 2402 perfectissimum,qui

195 2408 231 2435 ad
247 2416 363 2436 omnem
378 2409 555 2438 creationem
569 2409 812 2446 voluntatemque
836 2411 931 2439 Patris
947 2419 1015 2447 ope-

194 2461 257 2481 ram
282 2461 366 2482 suam
391 2453 535 2490 praestitit,
559 2454 698 2482 nimirum
717 2455 752 2482 ad
765 2455 896 2483 omnium
919 2463 1018 2483 rerum

195 2506 259 2534 quae
265 2500 336 2526 sunt
344 2498 636 2534 compositionem,ad
643 2499 931 2534 dietributionem,ad
940 2499 1018 2536 leges

1105 2233 1149 2261 27.
1167 2231 1237 2262 Οὔτε
1254 2231 1282 2260 δὲ
1306 2233 1431 2270 γεννητὸς
1461 2233 1475 2260 ὁ
1500 2233 1606 2270 Πατὴρ,
1631 2230 1693 2260 οὕτε
1721 2231 1866 2270 ἀγέννητος
1881 2232 1894 2258 ὁ

1071 2277 1144 2311 Υἱὸς,
1162 2276 1224 2305 ιίλλ⁷
1239 2277 1305 2316 ὅπερ
1322 2277 1392 2305 έστὶν
1421 2275 1620 2312 ἀτελευτήτως,
1633 2278 1714 2304 τοῦτο
1743 2276 1789 2304 καὶ
1819 2275 1896 2314 λεγό-

1073 2332 1151 2358 μενον
1178 2321 1290 2358 άληθῶς
1313 2323 1445 2359 γέννημα,
1461 2322 1523 2349 Υῖὸν
1550 2322 1684 2358 ὑπήκοον,
1703 2321 1844 2359 ὑπουργὸν
1870 2330 1898 2348 τι

1072 2364 1230 2401 λειότατον,
1259 2366 1327 2404 πρὸς
1364 2369 1450 2394 πᾶσαν
1487 2365 1669 2404 δημιουργίαν
1713 2366 1758 2393 καὶ
1787 2365 1897 2403 γνώμην

1071 2411 1206 2449 πατρικήν
1234 2411 1451 2450 ὑπηρετήσαντα,
1480 2411 1550 2449 πρὸς
1576 2411 1626 2445 τὴν
1653 2412 1708 2438 τῶν
1736 2407 1824 2438 ὄντων
1852 2409 1896 2436 σύ-

1072 2465 1163 2482 στασιν
1193 2456 1238 2483 καὶ
1268 2454 1412 2492 διαμονὴν,
1440 2455 1508 2493 πρὸς
1536 2454 1698 2491 νομοθεσίαν
1733 2454 1895 2492 ἀνθρώπων,

1072 2499 1140 2536 πρὸς
1155 2499 1325 2537 οἶκονομίαν,
1341 2500 1384 2528 καὶ
1407 2502 1492 2527 πᾶσαν
1517 2499 1658 2537 πρόνοιαν·
1676 2499 1799 2537 ὑπηρέτῃ
1827 2499 1899 2537 χρώ-

195 2542 364 2571 hominibus
376 2543 560 2578 ferendas,ad
573 2544 764 2571 oeconomiam
782 2546 809 2572 et
825 2552 941 2572 omnem
953 2553 1014 2580 pro-

1076 2554 1156 2580 μενον
1181 2547 1222 2581 τῷ
1252 2545 1424 2590 Ηαρακλ-ήτῳ
1449 2545 1519 2583 πρὸς
1544 2544 1692 2583 ἀγιασμὸν,
1710 2544 1790 2590 Δπρὸς
1821 2542 1897 2590 διδα-

196 2588 353 2616 videntiam
362 2588 509 2616 :minietro
519 2589 648 2616 utentem
657 2587 803 2616 Paracleto
811 2589 846 2616 ad
854 2589 1019 2617 sanctiﬁca-

193 2632 354 2669 tionem,ad
370 2632 584 2668 doctrinam,ad
601 2632 854 2661 conﬁrmationem
871 2633 1017 2662 ﬁdelium:

193 2839 212 2859 ν
225 2797 355 2861 "guttis.
370 2806 428 2833 xvx,
445 2799 489 2827 17.
526 2799 538 2816 ⁵
551 2799 614 2827 Act.
627 2806 658 2833 ιι,
673 2797 719 2826 36.

756 2798 767 2816 ⁸
783 2797 866 2827 Prov.
882 2807 944 2834 VIII,
956 2799 1002 2828 22.

1070 2800 1155 2830 tGor.
1170 2808 1232 2835 vni.
1247 2801 1276 2830 ‘7.
1316 2801 1326 2819 ¹¹
1340 2801 1425 2830 Joan.
1442 2808 1463 2837 ι,
1478 2801 1506 2830 3.
1543 2800 1554 2819 ³
1567 2799 1694 2836 Joanm,
1708 2800 1755 2829 58.

1074 2588 1199 2626 σκαλίαν,
1225 2590 1292 2627 πρὸς
1322 2586 1468 2628 βεϐαίωσιν
1497 2591 1551 2616 τῶν
1580 2590 1692 2616 πιστῶν*
1708 2587 1751 2616 ἐπ’
1774 2587 1895 2626 ἐσχάτων

1074 2633 1188 2672 ἡμερῶν
1214 2634 1375 2673 γεννηθέντα
1401 2633 1431 2661 ἐκ
1458 2636 1509 2669 τῆς
1532 2632 1608 2670 ἁγίας
1637 2633 1786 2671 Παρθένου,
1801 2632 1896 2669 νόμοις

1794 2800 1893 2828 'Joan.
