2011 3142
105 136 161 168 8θὸ

639 137 806 168 EUNOMII
829 138 945 168 LIBER
967 140 1275 172 APOLOGETICUS.

1758 144 1818 176 866

105 203 290 240 ἀνθρωπίνοις
328 202 545 240 πολιτευάμενον
581 201 687 238 ὁσίως,
725 203 933 241 παυρωθιντα,

995 206 1126 241 genitum
1145 207 1173 234 in
1191 207 1293 235 diebus
1303 207 1414 236 ultimis
1424 216 1458 236 ex
1468 211 1570 237 sancta
1583 209 1820 246 Virgine,sancte

106 248 289 284 ἀποθανόντα,
318 247 466 276 ἀναστάντα
489 249 523 284 τῇ
547 247 626 286 τρίτῃ
646 250 700 276 τῶν
716 249 840 286 ἡμερῶν,
856 247 936 275 ἀνελ-

107 293 186 321 θόντα
213 293 253 325 εἵς
282 293 406 331 οὐρανὸν,
423 292 573 330 ἐρχόμενον
588 295 676 330 κρῖναι
695 295 797 327 ζῶντας
822 292 867 320 καὶ
891 303 937 319 νε-

106 337 188 376 κροὺς
203 338 273 365 κατὰ
299 336 404 365 δικαίαν
431 336 610 365 ἀνταπόδοσιν
634 337 751 369 πίστεώς
765 347 795 364 τε
817 337 861 365 καὶ
889 334 936 374 ἔρ-

991 249 1039 277 hic
1054 253 1202 278 versatum
1211 252 1297 286 juxta
1308 251 1770 288 legeshumanas,crucifixum,m
1776 264 1820 284 or-

989 297 1086 329 tuum,
1103 295 1264 323 redivivum
1279 296 1365 324 tertia
1385 297 1444 330 die,
1470 305 1617 326 reversum
1642 299 1672 326 in
1698 299 1816 336 caelum,

986 339 1171 375 jamjamque
1187 343 1342 368 venturum
1359 341 1494 376 judicare
1517 341 1596 370 vivos
1620 346 1647 370 et
1672 346 1815 378 mortuos,

107 393 175 421 γων,
191 381 371 421 βασιλεύοντά
392 392 421 409 τε
445 381 484 413 εὶς
507 381 572 413 τοὺς
596 381 706 418 αἰῶνας,
731 382 888 418 σωζομένης
908 381 933 408 ἐν

988 383 1068 417 justa
1084 383 1277 412 retributione
1291 385 1358 412 ﬁdei
1375 388 1403 413 et
1414 394 1534 421 operum
1552 387 1816 424 facta,regnantcm

108 427 190 454 ἅπασι
216 427 334 454 πάντοτε
358 427 408 458 τῆς
441 426 582 463 ὑπεροχῆς
605 427 653 453 τοῦ
679 425 744 454 Θεοῦ
766 426 811 453 καὶ
836 435 935 463 μοναρ-

106 472 183 510 χίας,
202 471 426 508 ὑποτεταγμένου
443 469 551 505 δηλαδὴ
567 472 614 498 τοῦ
629 469 785 507 Πνεύματος
798 472 846 498 τοῦ
856 469 934 507 ἁγίου

105 519 145 552 τῷ
161 518 274 554 Χριστῷ
300 515 367 552 μετὰ
391 514 511 551 πάντων,
535 515 616 542 αὐτοῦ
644 514 672 543 δὶ
685 517 734 542 τοῦ
757 515 822 542 Υίοῦ
836 515 935 551 καὶτῷ

105 563 165 597 Θεῷ
179 560 226 588 καὶ
243 559 342 598 Πατρὶ,
367 558 436 587 κατὰ
457 560 507 594 τὴν
531 561 579 587 τοῦ
605 559 741 596 μακαρίου
766 558 876 587 Παύλου
892 558 935 586 δι-

106 603 269 640 δασκαλίαν,
297 604 326 635 ’ὸς
353 611 445 643 φησιν·
475 604 559 633 ’Όταν
585 604 636 642 γὰρ
665 604 787 642 ὑποταγῇ
806 603 878 639 αὖτῷ
901 603 935 631 τὰ

105 650 204 684 πάντα,
242 649 304 677 τότε
341 648 387 676 καὶ
420 648 501 679 αὐτὸς
527 648 540 675 ὁ
570 649 631 679 Υἱὸς
673 649 869 687 ὑποταγήσεται
894 650 934 684 τῷ

107 694 273 729 ὑποτάξαντι
314 692 388 730 αὖ)τῷ
421 695 456 721 τὰ
489 694 587 728 πάντα,
623 691 669 720 ’ίνα
701 693 719 730 ᾖ
755 693 769 720 ὁ
798 693 862 724 Θεὸς
900 693 935 720 τὰ

106 738 196 767 πάντα
222 739 249 766 ἐν
279 740 355 766 πᾶσι.
393 737 500 765 Τούτων
531 736 560 765 δὲ
588 737 695 765 πάντων
728 737 856 774 εὐκρινῶς
886 737 932 773 μὶν

107 785 151 812 καὶ
181 783 350 822 πλατύτερον
381 783 406 811 ἐν
438 782 539 821 δτὲροις
567 784 624 819 (44)
648 784 717 819 ἡμῖν
737 781 933 820 ἀπαδεδειγμέ-

106 840 172 863 νων,
203 828 230 856 ἐν
261 829 361 866 βραχεῖ
379 826 408 855 δὶ
433 829 477 854 νῦν
504 827 572 865 πρὸς
598 827 667 864 ὑμᾶς
695 826 932 865 ὡμολογημένων,

990 427 1019 455 in
1035 427 1161 463 saecula;
1178 431 1256 457 sarta
1271 431 1348 457 tecta
1370 433 1484 458 servata
1501 432 1596 459 ubivis
1621 432 1650 459 in
1676 433 1816 462 omnibus

991 472 1212 506 praeeminentia
1231 473 1278 501 Dei
1294 476 1322 501 et
1334 474 1504 502 monarchia
1520 484 1526 502 :
1544 476 1660 504 subdito
1683 477 1820 506 videlicet

989 518 1090 544 sancto
1107 516 1214 552 Spiritu
1226 525 1293 545 cum
1310 519 1447 546 omnibus
1461 519 1517 553 ipsi
1531 520 1658 555 Christo;
1675 521 1737 557 ipso
1748 530 1816 550 vero

989 560 1071 594 Filio,
1087 561 1146 589 Deo
1162 570 1195 589 ac
1211 562 1302 595 Patri,
1318 563 1399 597 juxta
1414 563 1492 590 beati
1507 564 1631 600 apostoli
1647 566 1729 593 Pauli
1759 567 1814 594 do-

988 605 1126 640 ctrinam,
1142 606 1193 640 qui
1208 606 1280 634 dicit
1297 615 1303 634 :
1319 607 1466 643 Postquam
1480 609 1555 636 enim
1570 610 1626 645 ipsi
1641 611 1736 639 omnia
1752 612 1816 639 sub-

988 649 1045 676 dita
1058 651 1178 685 fuerint,
1191 652 1256 678 tunc
1269 651 1353 678 etiam
1369 653 1425 687 ipse
1441 653 1528 680 Filius
1551 654 1683 681 subdatur
1705 656 1742 688 ei,
1763 656 1814 691 qui

988 694 1041 729 ipsi
1053 695 1133 729 prius
1149 695 1245 722 omnia
1257 695 1424 729 subdiditmt
1437 697 1508 725 Deus
1523 698 1557 725 sit
1571 699 1664 727 omnia
1679 700 1709 726 in
1719 701 1811 728 omni-

989 739 1036 766 bus
1053 738 1084 764 ίο.
1102 739 1174 766 Cum
1190 741 1288 767 autem
1314 741 1451 768 universa
1466 741 1526 769 haec
1550 741 1673 778 liquido,
1700 745 1806 780 magis-

988 791 1044 818 que
1060 782 1171 818 prolixe
1185 783 1254 811 alibi
1275 792 1291 812 a
1315 784 1399 812 nobis
1423 785 1634 821 demonstrata,
1655 788 1718 822 jam
1742 797 1810 816 vero

987 827 1016 854 in
1034 828 1149 856 brevem
1163 828 1198 856 ad
1209 837 1259 856 vos
1271 829 1485 858 confessionem
1498 830 1556 858 sint
1571 833 1718 860 contracta
1732 841 1811 869 ;pre-

107 873 249 911 εὐχόμεθα
275 872 340 904 τούς
364 882 394 900 τε
408 871 542 910 παρόντας
573 871 641 908 ὑμᾶς
669 871 714 899 καὶ
742 872 842 921 πάντας
868 871 932 921 τοὺς

990 879 1092 899 camur
1107 874 1169 899 tum
1187 875 1219 900 ut
1232 881 1284 900 vos
1300 874 1350 909 qui
1362 874 1424 909 jam
1442 874 1490 902 hic
1505 875 1625 909 adestis,
1643 878 1706 904 tum
1722 877 1810 905 etiam

107 920 162 945 τῶν
179 916 269 944 αὐτῶν
294 917 362 953 ἡμῖν
385 916 543 953 μυστηρίων
566 917 771 949 κοινωνοῦντας,
796 916 834 952 μὴ
850 915 935 954 ψόγον

108 961 260 998 ἀνθρώπων
290 959 446 992 δεδοικότας
464 981 471 994 ,
502 961 571 996 μήτε
599 959 762 998 σοφίσμασιν
792 959 937 997 ἀπατωμέ-

107 1016 182 1041 νους,
213 1006 231 1040 ἢ
259 1004 416 1036 κολακείαις
448 1003 650 1042 ὑπαγομίνους,
676 1004 744 1032 κατὰ
771 1005 820 1039 τὴν
843 1004 933 1040 ἀληθῆ

107 1050 152 1078 καὶ
183 1049 291 1078 δικαίαν
317 1049 405 1087 κρίσιν
441 1048 653 1088 ἰπιψηφίσασθαι
681 1051 739 1080 τοῖς
767 1048 933 1087 εἴρημὲνοις,

106 1094 260 1133 κρατούσης
286 1092 393 1128 δηλαδὴ
410 1093 483 1132 παρὰ
506 1096 570 1120 πᾶσι
590 1096 641 1128 τῆς
659 1093 800 1130 βελτίονος
827 1093 933 1131 μοίρας,

107 1140 153 1168 τόν
179 1149 209 1167 τε
233 1138 367 1177 λογισμὸν
391 1140 446 1166 τῶν
471 1137 660 1175 ἂνοχλούντων
685 1137 933 1175 προστησαμένους,

108 1185 195 1212 πάντα
219 1184 341 1222 θήρατρα
363 1183 409 1210 καῚ
436 1181 531 1210 δίκτυα
555 1181 704 1221 διαφυγεῖν,
721 1182 737 1209 ἃ
751 1184 790 1219 τῷ
812 1180 934 1218 διαϐόλῳ

107 1230 165 1257 κατ’
195 1229 345 1266 ἀνθρώπων
378 1227 595 1266 μεμηχάνηται,
624 1225 747 1258 πολλοὺς
775 1229 889 1266 φυγεῖν,
915 1226 933 1262 ἢ

109 1273 246 1308 δελεάζειν
273 1271 483 1309 μεμελετηκότι,
504 1271 567 1302 τοὺς
594 1272 632 1308 μὴ
658 1271 712 1309 πρὸ
732 1273 784 1299 τῶν
800 1270 887 1306 ἡδέων
903 1272 934 1299 τὸ

108 1317 246 1357 συμφέρον
275 1317 463 1355 αἱρουμένους,
493 1315 511 1350 ἢ
539 1315 573 1343 τὰ
595 1315 716 1354 παρόντα
738 1318 791 1343 τῶν
815 1315 934 1353 μελλόν-

107 1373 161 1390 των
177 1361 366 1402 ἆσφαλὲστερα
392 1361 601 1398 λογιζομένους·
623 1360 645 1388 εἰ
671 1359 693 1388 δ’
718 1359 769 1398 ἄρα
793 1360 837 1388 καὶ
861 1362 935 1399 παρά

109 1417 164 1435 τισι
181 1407 287 1442 νικήσει
310 1406 343 1434 τὰ
366 1405 452 1443 χείρω
467 1405 644 1443 (ἀποστρέψαι
670 1403 698 1432 δὶ
713 1405 727 1432 ὁ
742 1405 807 1436 Θεὸς
821 1407 869 1432 τοῦ
885 1404 934 1433 λό-

110 1462 160 1490 γου
187 1451 238 1486 τήν
262 1451 380 1489 πεῖραν),
405 1450 473 1488 πρὸς
500 1450 547 1486 μὶν
572 1449 603 1477 τὸ
618 1448 717 1486 ψεῦδος
743 1451 796 1476 τῶν
819 1449 933 1477 πολλῶν

111 1496 317 1533 συμπνεόντων,
344 1494 412 1532 πρὸς
443 1493 472 1522 δὶ
505 1494 554 1528 τήν
584 1494 715 1529 ἀλήθειαν
743 1491 932 1530 διισταμένων,

109 1543 162 1569 τῶν
178 1551 208 1569 τε
223 1539 391 1578 ἀρεσκόντων
416 1541 457 1576 τῷ
486 1541 543 1575 Θεῷ
571 1539 614 1566 καὶ
644 1540 724 1576 κοινῇ
740 1538 932 1578 συμφερόντων

108 1587 156 1621 τὴν
180 1585 249 1622 πρὸς
276 1584 308 1612 τὸ
331 1584 416 1622 παρὸν
440 1582 588 1622 ἀσφάλειαν
609 1583 653 1610 καὶ
670 1582 747 1618 δόξαν
764 1584 826 1620 περὶ
841 1582 933 1611 πλείο-

108 1641 152 1661 νος
182 1628 374 1665 ιιτοιουμίνων⁸
401 1628 465 1660 τοὺς
491 1630 556 1666 γοῦν
585 1627 735 1664 ἕπομίνους
751 1650 758 1663 ,
786 1626 933 1655 ἀσάλευτον

109 1675 151 1703 καὶ
177 1673 277 1712 παγίαν
304 1672 464 1712 διαφυλάξαι
488 1674 527 1708 τῷ
551 1670 755 1709 παραδεδωκότι
769 1673 818 1707 τὴν
832 1672 932 1709 πίστιν,

110 1718 305 1757 περιμένοντας
319 1718 350 1745 τὸ
372 1719 421 1745 τοῦ
449 1720 576 1753 Σωτῆρος
597 1717 677 1753 ἡμῶν
701 1717 818 1755 Χριστοῦ
837 1717 932 1754 κριτή-

110 1774 179 1802 ριον,
203 1763 234 1791 οὗ
254 1764 339 1801 τῦφος
365 1762 412 1799 μὲν
438 1761 484 1789 καὶ
509 1760 572 1796 δόξα
596 1761 641 1789 καὶ
656 1760 754 1798 ψεῦδος
779 1761 932 1800 προρῥίζως

105 1808 263 1848 ἠφάνισται,
290 1806 390 1845 γυμνοῖ
416 1805 445 1834 δὶ
468 1805 556 1841 πάσης
578 1806 678 1844 ἀρχῆς,
703 1805 721 1840 ἢ
748 1806 889 1844 θεραπείας
913 1806 931 1842 ἢ

105 1851 249 1884 κολακείας
271 1851 296 1879 οἱ
316 1851 485 1889 κρινόμενοι,
511 1850 677 1888 πολυχειρία
702 1849 731 1878 δὲ
752 1850 796 1878 καὶ
812 1850 931 1882 πλοῦτος

105 1897 219 1932 ἀσθενὴς
244 1895 313 1934 πρδς
336 1894 507 1931 δυσώπησιν,
531 1894 579 1922 κᾶν
647 1893 709 1923 λίαν
733 1895 806 1931 παρὰ
828 1895 931 1932 ἀνθρώ-

102 1953 164 1973 ποις
192 1939 351 1977 εὖδόκιμος.
377 1939 497 1977 Ἀνδρῶν
523 1939 575 1977 γὰρ
599 1937 713 1974 ἐνδόξων
739 1938 847 1974 πλῆθος
874 1939 932 1972 ἐνὸς

103 1987 221 2021 πένητος
246 1982 372 2016 εὐσεϐοῦς
398 1984 447 2012 οὐκ
466 1983 588 2020 ἀντάξιον
614 1983 651 2014 εἷς
676 1983 837 2021 παραίτησιν
867 1985 929 2022 παρ’

103 2031 221 2066 ἀληθείᾳ
251 2028 459 2066 δοκιμαζοὺσῃ,
486 2028 742 2067 συναγωνιζομένης
778 2028 824 2064 μὶν
855 2029 930 2056 εὐσε-

103 2073 177 2107 ϐείας
196 2075 266 2102 κατὰ
290 2073 394 2101 δικαίαν
420 2070 541 2110 ἀμοιϐὴν
566 2075 620 2100 τῶν
645 2074 691 2100 νῦν
717 2071 752 2100 δι’
777 2072 859 2107 αὐτὴν
885 2073 929 2100 καὶ

102 2120 132 2148 τὸ
147 2121 237 2147 θανεῖν
253 2117 349 2156 κιρὸος
370 2118 543 2155 ἡγουμένων,
569 2115 746 2148 ἀποδιδόντος
772 2115 800 2144 δὲ
818 2117 852 2145 τὰ
874 2120 928 2145 τῶν

101 2165 212 2202 ἀγώνων
241 2162 311 2195 ἆθλα
327 2165 375 2190 τοῦ
399 2161 484 2190 πάλαι
509 2161 554 2189 καὶ
569 2164 614 2189 νῦν
639 2161 848 2193 ἀθλοθετοῦντος
864 2164 929 2200 Χρι-

102 2210 175 2244 στοῦ,
192 2210 251 2238 τοῖς
268 2207 314 2244 μὲν
332 2207 397 2244 ὑπὲρ
423 2205 553 2241 ἀληθείας
582 2207 716 2241 πονήσασι
729 2206 778 2240 τὴν
795 2205 927 2242 ἀληθινὴν

990 919 1022 943 ut
1037 924 1138 944 omnes
1154 916 1202 944 alii
1219 917 1269 953 qui
1285 917 1346 945 hzec
1357 919 1498 954 mysteria
1513 920 1667 948 nobiscum
1684 929 1812 950 commu-

990 960 1038 988 nia
1048 960 1268 994 habent,nullas
1279 962 1432 991 hominum
1444 963 1672 1000 vituperationes
1685 966 1810 1000 reveriti,

990 1005 1116 1033 nullisve
1131 1006 1254 1042 argutiis
1269 1007 1382 1044 decepti
1397 1007 1441 1036 vel
1466 1009 1686 1038 adulationibus
1710 1010 1810 1046 illecti,

990 1057 1023 1077 ea
1038 1058 1101 1085 qua
1113 1050 1175 1085 jam
1191 1050 1269 1078 diota
1283 1054 1353 1079 sunt
1368 1060 1434 1080 vero
1448 1054 1477 1080 et
1487 1053 1570 1088 justo
1586 1055 1811 1091 approbetisju-

989 1093 1074 1127 dicio,
1091 1095 1168 1130 apud
1185 1103 1286 1123 omnes
1302 1096 1413 1131 potiore
1433 1097 1572 1125 nimirum
1597 1101 1679 1134 parte
1703 1108 1811 1135 preva-

989 1137 1076 1173 lente,
1093 1141 1184 1174 utque
1200 1140 1311 1168 ratione
1332 1140 1582 1169 tumultuantibus
1606 1142 1735 1178 praelata,
1750 1152 1808 1171 om-

990 1190 1041 1210 nes
1056 1182 1160 1218 laqueo
1175 1184 1307 1219 retiaque
1322 1188 1427 1212 cuncta
1441 1186 1565 1222 evitetis,
1582 1195 1645 1223 quis
1661 1195 1678 1214 a
1694 1187 1811 1216 diabolo

989 1227 1159 1255 hominibus
1174 1229 1334 1256 tenduntur
1344 1237 1377 1256 eo
1393 1230 1538 1266 animo,ut
1549 1231 1591 1259 vel
1602 1231 1686 1259 multi
1698 1233 1814 1269 fugiant

990 1271 1152 1307 veritatem,
1167 1272 1209 1300 vel
1226 1273 1312 1301 etiam
1331 1276 1363 1301 ut
1387 1282 1444 1302 non
1470 1283 1579 1310 paucos
1603 1276 1666 1311 ipse
1691 1276 1812 1313 inesset,

989 1324 1038 1344 eos
1051 1316 1195 1352 videlicet,
1212 1317 1262 1353 qui
1279 1326 1336 1346 non
1361 1319 1517 1354 praeferunt
1542 1321 1678 1348 suavitati
1699 1321 1812 1349 utilita-

989 1363 1059 1393 tem,
1083 1361 1166 1396 quive
1200 1363 1355 1397 praesentia
1381 1363 1487 1392 futuris
1517 1364 1640 1392 certiora
1661 1365 1809 1400 judicant.

988 1407 1062 1432 Sane
1074 1413 1139 1433 vero
1153 1406 1177 1433 si
1192 1406 1356 1442 contigerit,
1373 1409 1405 1434 ut
1419 1407 1459 1435 ita
1480 1408 1567 1435 etiam
1593 1408 1669 1444 apud
1696 1409 1811 1444 aliquos

990 1448 1089 1483 pejora
1105 1450 1279 1485 prevaleant
1293 1451 1415 1485 (avertat
1438 1454 1535 1479 autem
1561 1452 1638 1480 Deus
1664 1453 1810 1481 sermonis

988 1492 1077 1527 hujus
1093 1495 1241 1528 conatum,
1258 1502 1293 1522 ne
1313 1494 1426 1522 scilicet
1445 1495 1503 1523 tale
1527 1496 1608 1531 quid,
1635 1497 1714 1532 quod
1739 1497 1811 1533 dixi,

987 1537 1136 1572 tentetur),
1153 1545 1219 1565 cum
1236 1538 1320 1566 multi
1335 1538 1448 1567 soleant
1463 1541 1630 1576 conspirare
1646 1541 1674 1569 in
1692 1543 1812 1570 menda-

989 1581 1043 1615 cio,
1067 1581 1211 1609 dissidere
1231 1585 1327 1610 autem
1348 1582 1378 1610 in
1402 1584 1546 1612 veritate:
1564 1593 1691 1621 eumque
1716 1586 1810 1622 pluris

989 1626 1098 1654 faciant
1113 1629 1283 1662 praesentem
1293 1628 1489 1656 conditionem
1502 1629 1631 1665 periculo
1648 1633 1808 1667 carentem,

989 1673 1017 1699 et
1030 1670 1199 1699 saecularem
1216 1672 1345 1708 quietem
1361 1681 1394 1700 ac
1419 1673 1552 1709 gloriam.
1580 1682 1669 1710 quam
1695 1683 1729 1703 ea
1744 1684 1808 1712 quin

988 1715 1045 1743 Deo
1058 1715 1184 1752 placent,
1200 1717 1228 1744 et
1242 1716 1363 1752 publica:
1386 1716 1551 1746 inserviunt
1566 1718 1686 1747 utilitati
1703 1728 1709 1747 :
1727 1722 1809 1755 opta-

988 1768 1054 1788 mus
1070 1760 1174 1788 saltem
1191 1763 1222 1788 ut
1237 1760 1348 1789 scilicet
1362 1761 1392 1795 ii,
1418 1762 1467 1798 qui
1493 1766 1608 1791 nosmet
1631 1764 1768 1792 docentes
1783 1766 1812 1793 et

987 1810 1138 1834 monentes
1167 1808 1341 1842 sequuntur,
1358 1806 1510 1835 immotam
1527 1810 1556 1835 et
1571 1809 1706 1836 stabilem
1722 1809 1813 1845 ei,qui

986 1850 1067 1878 dedit
1082 1850 1346 1884 illam,conservent
1356 1851 1463 1885 ﬁdem;
1478 1851 1631 1887 utquelzsti
1644 1855 1812 1888 exspectent

986 1895 1147 1922 Servatoris
1163 1894 1254 1922 nostri
1269 1895 1339 1923 Jesu
1355 1895 1460 1923 Christi
1483 1896 1640 1931 judicium,
1668 1897 1716 1925 ubi
1739 1906 1811 1926 sane

986 1939 1090 1974 fastus,
1106 1939 1199 1974 gloria
1213 1941 1241 1966 ct
1256 1939 1440 1968 mendacium
1464 1940 1606 1969 radicitus
1622 1944 1692 1970 sunt
1705 1942 1810 1970 exstir-

985 1984 1065 2018 pata,
1079 1983 1189 2019 quique
1205 1982 1246 2010 illi
1259 1983 1371 2019 judicio
1396 1984 1553 2019 sistuntur,
1579 1986 1713 2014 destituti
1738 1988 1810 2014 sunt

985 2027 1064 2055 omni
1082 2026 1205 2063 imperio
1221 2027 1263 2055 vel
1279 2028 1466 2056 veneratione
1481 2029 1525 2056 vel
1541 2029 1720 2058 adulatione.
1732 2033 1807 2059 Prai—

985 2071 1060 2099 sidia
1075 2074 1172 2099 autem
1189 2071 1287 2108 ampla
1302 2074 1330 2100 et
1345 2072 1452 2100 divitia:
1477 2074 1659 2110 exporrigere
1683 2074 1809 2110 alicujus

985 2117 1108 2144 frontem
1125 2116 1166 2144 ibi
1183 2125 1239 2144 non
1252 2116 1400 2150 valebunt,
1418 2117 1484 2145 licet
1500 2118 1577 2153 apud
1594 2118 1730 2146 homines
1744 2127 1808 2146 ma-

983 2169 1047 2196 gna:
1062 2161 1144 2197 prius
1158 2160 1384 2189 existimationis
1400 2161 1518 2189 fuerint.
1544 2162 1704 2191 Hominum
1729 2163 1809 2192 enim

984 2205 1130 2233 clarorum
1156 2205 1312 2233 multitudo
1338 2213 1394 2233 non
1413 2205 1454 2233 ibi
1481 2206 1576 2242 potior
1599 2207 1655 2234 erit
1678 2215 1736 2235 uno
1761 2208 1808 2244 pio

103 2251 256 2290 ἐλευθερίαν
279 2250 323 2278 καὶ
350 2249 487 2288 βασιλείαν
514 2249 646 2288 οὐρανῶν,
663 2252 722 2281 τοῖς
738 2248 766 2277 δὶ
787 2249 831 2278 διὰ
846 2251 930 2278 κακό-

988 2258 1123 2286 paupere,
1140 2253 1172 2278 ut
1187 2252 1339 2286 propterea
1354 2250 1485 2278 veritatis
1502 2254 1564 2279 tum
1577 2252 1676 2280 omnia
1686 2260 1809 2281 censen-

103 2307 177 2324 νοιαν
206 2295 308 2331 ταύτην
346 2295 492 2331 ἀτιμάσασι
528 2294 665 2332 τιμωρίας
702 2295 926 2332 ἀπαραιτήτους.

101 2341 181 2370 ΤαΜ⁷
209 2339 328 2377 εἰρήσθω
354 2339 400 2376 μὲν
428 2339 569 2378 ἀμφότερα
590 2339 658 2376 πρὸς
681 2338 762 2375 ὑμὰς
786 2337 881 2374 ἆκϐαίη
899 2339 928 2368 δὲ

100 2384 168 2422 πρός
183 2385 235 2419 τὴν
253 2383 356 2421 βνλτίω
374 2386 471 2421 μοῖραν
487 2383 517 2410 τὸ
533 2383 623 2417 τὲλος,

986 2295 1024 2322 tis
1040 2294 1135 2330 possit
1151 2294 1272 2322 evadere
1294 2303 1448 2323 censuram
1466 2304 1472 2323 :
1497 2296 1642 2332 siquidem
1661 2297 1701 2325 ibi
1715 2298 1810 2334 pietas

983 2347 1042 2367 una
1058 2338 1210 2374 pugnabit,
1227 2341 1314 2375 prout
1327 2339 1408 2374 justa
1419 2340 1572 2368 retributio
1587 2350 1688 2369 eorum
1706 2342 1811 2378 poscit,

983 2385 1033 2421 qui
1049 2391 1128 2411 nunc
1143 2383 1187 2411 vel
1205 2383 1279 2411 mori
1304 2386 1423 2419 propter
1438 2392 1500 2413 eam
1528 2385 1643 2414 lucrum
1664 2387 1810 2421 judicent,

98 2430 233 2459 Christus
248 2437 325 2462 vero,
341 2429 392 2464 qui
407 2429 477 2456 olim
494 2432 521 2456 et
536 2428 698 2457 etiamnum
715 2429 832 2464 praemia
847 2429 1059 2457 certaminibus
1079 2428 1178 2456 debita
1194 2436 1281 2464 penes
1298 2436 1329 2456 se
1344 2428 1431 2457 habet
1446 2432 1474 2457 et
1490 2430 1650 2465 distribuit,
1664 2431 1807 2467 largietur

99 2475 156 2503 illis
171 2476 261 2508 certe,
273 2473 322 2509 qui
335 2473 450 2501 veritati
462 2473 671 2509 patrocinando
687 2473 902 2508 laboraverunt,
917 2481 1015 2502 veram
1031 2473 1195 2501 libertatem
1213 2474 1241 2501 et
1255 2481 1378 2509 regnum
1394 2474 1534 2502 caelorum
1552 2484 1558 2503 :
1576 2475 1633 2503 illis
1645 2478 1742 2504 autem
1755 2476 1806 2512 qui

99 2519 173 2548 hanc
188 2526 327 2555 perversa
343 2519 440 2546 mente
452 2518 531 2553 justo
546 2526 600 2546 suo
615 2518 724 2546 honore
739 2517 961 2552 defraudarunt,
976 2526 1076 2555 poenas
1097 2516 1288 2546 inevitabiles.
1304 2519 1370 2546 Haec
1386 2518 1415 2546 in
1431 2522 1587 2556 utramque
1603 2522 1713 2556 partem
1728 2519 1806 2547 dicta

99 2565 134 2592 ad
149 2572 202 2592 vos
217 2565 305 2592 sunto
321 2572 329 2598 ;
343 2562 458 2591 utinam
473 2570 539 2590 vero
555 2562 623 2590 ﬁnis
637 2562 786 2590 meliorem
803 2562 832 2590 in
849 2565 961 2599 partem
977 2563 1100 2591 eveniat.

137 2662 159 2680 ιο
174 2664 185 2689 I
201 2661 268 2690 Cor.
285 2669 332 2694 xv,
346 2661 391 2688 28.

134 2767 192 2807 (At)
208 2766 361 2807 Notandus
377 2766 423 2807 hic
431 2765 519 2807 locus
534 2766 649 2807 quo___ad
661 2766 801 2807 uberiora
817 2774 870 2794 sua
885 2766 957 2794 scri-

100 2801 148 2840 pta
163 2801 227 2839 jam
244 2804 310 2830 ante
332 2801 405 2830 illud
427 2801 549 2838 tempus
560 2802 638 2830 edita
661 2802 824 2830 Eunomius
848 2809 951 2837 provo-

1007 2769 1068 2830 Eat,
1080 2783 1114 2788 -—
1126 2767 1196 2796 Vide
1211 2767 1385 2795 Garnerium
1403 2767 1430 2794 in
1447 2767 1633 2795 Prefattom.
1652 2768 1761 2804 I,p.238
1772 2769 1807 2796 B.

1030 2811 1088 2830 nl'r.

1030 2811 1088 2830 DlT.
