2011 3142
178 149 238 179 867

652 147 851 178 APPENDIX
872 145 1033 177 UPERUM
1056 145 1088 176 S.
1112 145 1252 177 BASlLll
1274 146 1410 178 MAGNI.

1825 149 1888 180 868

216 213 261 240 28.
277 213 359 241 Unus
374 215 418 240 est
433 212 510 240 Deus
527 211 677 248 ingenitus
704 212 844 248 omnique
861 211 1004 248 principio

1095 211 1141 238 28.
1158 212 1205 242 Εἲς
1220 209 1274 238 ἔστι
1292 211 1356 240 Θεὸς
1379 211 1522 249 ἀγὲννητος
1541 212 1586 240 καὶ
1602 212 1734 250 ἄναρχος,
1754 211 1817 240 οὔτε
1831 213 1886 251 πρὸ

183 267 296 292 carens,
321 257 433 285 nemini
460 257 609 290 subditus,
637 257 687 293 qui
710 265 804 293 neque
826 261 893 284 ante
914 259 1007 284 semet

182 311 361 340 quemquam
377 301 480 330 habuit
495 302 545 337 qui
558 302 652 337 fuerit,
669 301 741 329 nihil
755 301 833 329 enim
845 307 910 329 ante
926 301 1006 337 inge-

183 347 279 375 nitum
294 355 358 376 esse
383 349 501 382 potest:
519 355 614 382 neque
638 355 697 374 una
720 354 830 380 secum,
853 354 921 373 nam
944 346 1006 382 ipse

182 401 249 420 cum
265 391 414 428 ingenitus
430 391 479 425 sit,
495 399 572 418 unus
588 394 616 419 et
631 391 712 419 solu
732 394 778 419 est
791 391 869 418 Deus
886 399 892 418 ε
910 398 1005 426 neque

182 437 212 464 in
228 439 330 470 semet,
348 435 472 471 simplex
487 435 564 463 enim
581 438 626 463 est
641 437 669 463 et
683 435 906 471 incompositus.
923 434 1004 463 Unus

181 485 279 509 autem
296 481 370 508 708
386 489 453 508 cum
469 480 518 513 sit,
536 488 663 516 cumque
678 479 759 508 solus
782 479 828 513 sit,
845 482 873 507 et
889 488 1005 515 semper

179 526 219 554 sit
233 526 321 560 idem,
339 533 437 553 rerum
458 524 591 552 omnium
615 527 661 552 est
684 524 770 559 Deus,
797 527 825 552 et
848 526 961 552 creator
975 526 1004 551 et

180 571 287 607 opifex,
305 569 444 606 primario
459 569 579 605 quidem
596 571 624 596 et
640 569 726 597 modo
743 569 871 604 quodam
888 568 1003 601 eximio.

179 615 273 651 ipsius
288 613 446 650 Unigeniti,
464 613 579 649 proprie
590 615 688 641 autem
702 616 730 641 et
740 613 890 648 sigillatim
902 620 1002 640 eorum

180 667 244 695 quae
257 667 308 694 per
322 658 420 694 ipsum
436 661 507 686 sunt
521 658 607 686 facta.
622 658 754 693 Namque
770 658 867 692 ipsum
882 657 1002 693 quidem

182 703 288 732 Filium
304 705 371 731 ante
386 703 497 737 omnia,
521 710 698 738 omnemque
721 704 885 730 creaturam
906 701 1002 730 solum

180 756 234 775 sua
248 747 342 784 ipsius
359 747 490 783 potentia
503 749 531 774 et
546 747 713 782 operatione
728 749 756 774 et
771 747 873 782 genuit
887 749 1003 774 etcrea-

179 792 221 820 vit
235 794 263 820 et
279 792 346 820 fecit
362 800 369 819 :
387 791 459 819 nihil
475 791 559 827 plane
573 791 609 819 de
623 799 678 819 sua
693 791 859 819 substantia
874 799 1004 819 commu-

181 837 306 864 nicando
319 837 345 864 ei
361 837 410 872 qui
427 836 544 873 genitus
559 839 605 864 est
621 836 780 871 (corrumpi
805 836 896 868 enim,
913 835 1004 862 dividi

181 884 208 909 rt
223 882 251 909 in
268 883 366 917 partes
376 881 470 908 secari
481 881 558 908 Deus
571 880 692 916 nequit;
709 880 759 916 qui
775 888 842 907 vero
854 879 1003 915 corrumpi
1019 897 1043 929 Β

181 926 290 961 nequit,
308 926 454 961 propriam
471 928 548 952 certe
564 925 724 952 essentiam
741 933 929 952 communem
946 933 1004 952 non

181 971 272 1005 facit),
290 978 383 1005 neque
410 969 501 997 alium
518 978 546 996 in
567 969 789 996 subsistentiam
805 970 851 996 sui
876 968 1004 996 similem

180 1014 366 1050 producendo
383 1023 390 1041 τ
407 1014 470 1049 ipse
481 1013 559 1041 enirn
573 1013 827 1049 solumingenitus
840 1015 884 1040 est
900 1021 906 1040 :
921 1014 1005 1048 juxta

179 1058 259 1085 illam
276 1066 341 1085 vero
358 1057 518 1093 ingenitam
531 1057 702 1089 essentiam,
716 1059 747 1084 ut
763 1056 873 1092 aliquid
891 1057 927 1084 ab
941 1056 1004 1092 ipso

181 1105 335 1138 generetur
351 1102 411 1129 ﬁeri
422 1102 523 1137 nequit
539 1110 545 1129 :
562 1109 657 1137 neque
671 1101 760 1137 igitur
770 1101 887 1136 propria
903 1109 1005 1129 essen-

181 1147 222 1175 tia
237 1147 347 1174 abusus
363 1147 471 1180 est,sed
489 1145 551 1174 sola
560 1145 709 1173 voluntate
718 1145 820 1180 genuit
832 1154 839 1172 :
851 1153 946 1180 neque
957 1145 1005 1173 ad-

180 1191 406 1219 similitudinem
422 1199 482 1218 suae
498 1190 642 1223 essentia,
658 1190 709 1217 sed
725 1189 842 1224 qualem
859 1189 1006 1225 voluit,ta-

179 1236 236 1263 lem
252 1235 419 1272 generavit;
441 1243 549 1271 perque
565 1234 642 1261 hunc
659 1234 785 1270 primum
801 1233 920 1269 quidem
941 1242 1003 1261 um-

180 1281 274 1315 nium,
292 1279 493 1315 maioremque
508 1278 621 1305 caeteris
644 1277 787 1312 Spiritum
812 1280 947 1305 sanctum
964 1277 1005 1305 fe-

179 1325 228 1359 cit,
246 1323 364 1359 proprie.
380 1331 449 1350 sane
464 1331 519 1349 sua
534 1323 676 1358 potestate
693 1323 721 1348 et
737 1321 884 1354 mandato,
898 1329 1004 1357 opera-

178 1369 258 1396 tione
273 1376 340 1396 vero
356 1369 384 1395 et
399 1368 530 1403 potentia
545 1365 620 1393 Filii.
638 1367 706 1393 Post
721 1365 797 1392 hunc
823 1368 921 1393 autem
938 1365 1005 1393 reli-

179 1421 239 1449 qua
253 1415 360 1440 cuncto.
375 1412 405 1439 in
421 1411 493 1439 ccelo
509 1413 537 1438 et
552 1411 582 1438 in
597 1413 685 1442 terra,
703 1409 831 1438 visibilis.
854 1412 883 1437 et
904 1409 1004 1438 invisi-

179 1457 261 1490 bilia,
276 1464 414 1493 corporea
429 1458 457 1483 et
473 1455 643 1490 incorporea
660 1463 710 1490 per
724 1455 859 1482 eumdem
876 1455 943 1482 fecit
958 1455 1004 1482 Fi-

179 1501 263 1529 lium.
281 1502 354 1529 Unus
369 1501 444 1528 enim
457 1503 497 1528 est
512 1500 595 1533 Deus,
610 1507 644 1527 ea:
659 1507 710 1535 quo
723 1504 788 1527 sunt
801 1500 903 1533 omnia,
919 1500 1005 1535 juxta

180 1545 362 1581 Apostolum,
388 1552 513 1579 unusque
546 1547 586 1571 est
612 1544 745 1571 Dominus
767 1544 843 1571 Jesus
868 1544 1003 1577 Christus,

1061 255 1155 283 ἑαυτοῦ
1181 254 1253 293 ἔχων
1278 255 1338 283 τινὰ
1362 254 1435 284 ὄντα·
1462 256 1538 285 οὐδὲν
1564 257 1616 295 γὰρ
1642 257 1695 295 πρὸ
1709 259 1758 284 τοῦ
1774 257 1888 295 ἀγεννή-

1059 311 1108 327 του
1134 301 1201 328 εἶναι
1239 299 1368 328 δύνηαι-
1399 299 1460 328 aii-re
1497 301 1542 329 σὺν
1573 301 1658 338 αὐτῷ’
1694 302 1731 333 εἷς
1760 302 1813 340 γὰρ
1841 303 1888 330 καὶ

1062 343 1143 383 μόνος
1169 346 1233 377 Θεὸς
1255 345 1268 372 ὁ
1295 345 1449 384 ᾶγὶννητος·
1476 345 1534 374 οὔτ’
1557 346 1582 374 ἐν
1608 347 1690 383 αὐτῷ·
1708 347 1814 379 ἁπλοῦς
1834 348 1887 385 γὰρ

1059 390 1102 417 καὶ
1121 389 1273 421 ἆσύνθιτος.
1299 391 1346 422 Εἷς
1372 389 1400 418 δὲ
1427 390 1474 426 ὢν,
1499 391 1544 419 καὶ
1570 391 1652 428 μόνος
1678 391 1726 426 ὣν,
1749 392 1794 419 καὶ
1815 392 1856 419 ἀεὶ
1873 393 1887 420 6

1059 434 1138 466 αὐτὸς
1155 434 1204 470 ὣν,
1220 435 1326 462 πάντων
1342 434 1398 463 ἐστὶ
1415 435 1480 466 Θεὸς
1494 436 1539 463 καὶ
1554 436 1664 471 κτίστης
1683 435 1728 463 καὶ
1751 435 1889 474 δημιουρ-

1057 479 1115 516 γὸς,
1145 479 1263 517 πρώτως
1293 479 1339 516 μὲν
1370 479 1414 507 καὶ
1443 479 1584 518 ἐξαιρὲτως
1614 483 1661 508 τοῦ
1690 483 1885 518 Μονογενοῦς,

1060 522 1136 555 ῗδίως
1151 522 1179 550 δὲ
1193 525 1246 550 τῶν
1264 522 1299 551 δι’
1315 523 1398 551 αὐτοῦ
1420 525 1581 562 γενομένων.
1597 525 1647 552 Τὸν
1674 525 1721 561 μὲν
1745 526 1796 564 γὰρ
1822 526 1886 553 Υἱὸν

1058 568 1111 604 πρὸ
1127 568 1234 595 πάντων
1248 567 1292 595 καὶ
1316 568 1369 606 πρὸ
1394 568 1482 604 πάσης
1506 568 1618 599 κτίσεως
1642 569 1722 605 μόνον
1738 569 1773 605 τῇ
1788 570 1886 597 ἑαυτοῦ

1059 611 1171 649 δυνάμει
1201 612 1247 640 καὶ
1282 612 1399 651 ἐνεργείᾳ
1428 612 1553 651 ἐγεννησᾶ
1590 624 1618 641 τε
1646 613 1691 640 καὶ
1719 612 1808 641 ἔκτισε
1841 614 1887 641 καὶ

1059 656 1197 692 ἐποίησιν,
1214 655 1291 685 οὐδὲν
1305 660 1355 692 τῆς
1379 658 1474 685 ἑαυτοῦ
1500 657 1671 689 ὑποστάσεως
1697 657 1831 695 μεταδοὺς
1845 661 1887 695 τῷ

1057 701 1222 738 γεννηθάντι.
1247 702 1401 740 ’Δφθαρτος
1423 702 1474 740 γὰρ
1500 701 1546 729 καὶ
1574 700 1724 739 ἀδιαίρετος
1749 702 1795 730 καὶ
1818 703 1887 740 ἀμὶς

1058 755 1149 783 ριστος
1164 746 1178 774 6
1200 746 1275 777 Θεός·
1303 747 1317 774 6
1334 745 1357 774 δ’
1385 745 1517 785 ἄφθαρτος
1545 750 1594 781 τῆς
1624 747 1718 774 ἑαυτοῦ
1743 747 1838 779 οὐσίας
1854 749 1886 776 οὗ

1060 789 1249 826 μεταδίδωσιν.
1266 789 1335 819 Οὔτε
1359 791 1418 818 καθ’
1432 792 1525 819 ἑαυτὸν
1542 790 1627 819 ἄλλον
1652 792 1887 828 ὑποστησάμενος.

1059 834 1149 867 Μόνος
1163 835 1213 873 γὰρ
1241 835 1321 866 αὐτὸς
1344 835 1498 873 ἀγὲννητος,
1523 836 1590 863 κατὰ
1613 834 1642 864 δὲ
1665 836 1714 871 τήν
1740 837 1885 874 ἀγᾶννητον

1059 878 1150 907 οὐσίαν
1179 883 1343 916 γεννηθῆναι
1375 879 1525 908 ἀδύνατον.
1554 878 1621 908 Οῧτε
1653 880 1697 908 οὗν
1726 881 1761 918 τῇ
1790 881 1887 909 ἑαυτοῦ

1060 923 1137 959 οὐσίᾳ
1165 924 1352 961 ἀπεχρήσατο,
1381 923 1455 952 ἀλλὰ
1482 926 1517 961 τῇ
1549 924 1680 962 βουλήσει
1711 925 1796 962 μόνῃ·
1825 924 1889 953 οὕτε

1059 969 1126 996 κατὰ
1149 969 1198 1003 τήν
1224 969 1320 995 ἑαυτοῦ
1343 968 1444 1004 οὐσίαν⁹
1470 967 1532 996 ἀλλ’
1563 970 1620 997 οἷον
1646 970 1703 1005 (45)
1730 967 1887 1005 ἐϐουλήθη,

1060 1012 1193 1050 ἐγέννησε.
1225 1013 1273 1040 Καὶ
1303 1011 1346 1040 διὰ
1374 1013 1471 1041 τούτοο
1497 1023 1607 1051 πρωτον
1636 1014 1682 1050 μὲν
1707 1013 1815 1042 πάντων
1842 1015 1887 1042 καὶ

1061 1060 1153 1094 μεῖζον
1178 1057 1209 1085 τὸ
1238 1059 1350 1094 Πνεῦμα
1371 1058 1402 1085 τὸ
1428 1058 1504 1096 ἅγιον
1533 1058 1670 1093 ἐποίησεν,
1699 1058 1807 1094 ἐξουσίᾳ
1837 1059 1886 1095 μὶν

1060 1100 1115 1137 ἰδίᾳ
1138 1101 1182 1129 καὶ
1208 1102 1408 1139 προστάγματι,
1434 1101 1552 1140 ἐνεργείᾳ
1577 1101 1605 1130 Si
1628 1102 1673 1130 χαί
1699 1101 1814 1139 δυνάμει
1838 1105 1888 1130 τοῦ

1060 1147 1134 1175 Υἱοῦ.
1151 1147 1227 1174 Μετὰ
1251 1145 1280 1173 δὲ
1298 1148 1378 1174 τοῦτο
1394 1146 1428 1173 τὰ
1453 1145 1538 1174 λοιπὰ
1560 1145 1647 1174 πάντα
1668 1147 1701 1174 τὰ
1727 1146 1752 1174 ἐν
1779 1147 1887 1184 οὖρανῷ

1058 1191 1103 1218 καὶ
1119 1190 1164 1218 ἐπὶ
1183 1193 1244 1228 γῆς,
1270 1190 1354 1228 ὁρατά
1375 1201 1405 1218 τε
1429 1191 1473 1218 καὶ
1499 1190 1610 1229 ἀόρατα,
1640 1191 1684 1218 καὶ
1715 1191 1831 1227 σώματά
1858 1202 1889 1218 τι

1059 1235 1103 1262 καὶ
1123 1230 1256 1271 ἀσώματα
1278 1233 1322 1262 διὰ
1347 1236 1395 1262 τοῦ
1420 1235 1481 1262 Υἱοῦ
1504 1234 1641 1270 ἐποίησεν.
1662 1235 1709 1267 Εἷς
1733 1236 1784 1273 γὰρ
1810 1236 1887 1269 Θεὸς,

1059 1279 1084 1314 ἐξ
1113 1278 1146 1306 οὗ
1175 1279 1209 1306 τὰ
1244 1278 1350 1315 πάντα,
1374 1279 1442 1306 κατὰ
1469 1279 1514 1307 τὸν
1549 1277 1718 1307 ’Λπὸστολον
1736 1303 1744 1315 ,
1773 1279 1819 1307 καὶ
1849 1280 1886 1311 εἷς

1060 1323 1157 1361 Κύριος
1185 1323 1290 1358 Ἰησοῦς
1324 1323 1441 1361 Χριστὸς
1459 1346 1467 1359 ,
1497 1322 1531 1351 δι’
1560 1323 1591 1351 οὗ
1628 1324 1662 1351 τὰ
1695 1325 1809 1352 πάντα.
1840 1325 1887 1355 Εἷς

1059 1366 1104 1394 οὗν
1129 1367 1194 1397 Θεὸς
1225 1367 1383 1404 άγέννητος,
1409 1366 1548 1401 ἅκτιστος,
1579 1368 1709 1403 ἀποίητος
1727 1389 1733 1396 .
1764 1369 1816 1396 Καὶ
1849 1369 1887 1400 εἷς

1059 1411 1161 1448 Κύριος
1185 1411 1290 1447 Ἰησοῦς
1316 1411 1444 1449 Χριστὸς,
1471 1412 1485 1440 6
1511 1412 1573 1443 Υἱὸς
1597 1411 1646 1439 τοῦ
1669 1414 1747 1446 Θεοῦ,
1764 1413 1890 1450 γιννημα

1058 1457 1106 1483 τοῦ
1132 1456 1292 1492 ἁγεννήτου,
1318 1456 1372 1494 οὐχ
1388 1457 1425 1488 ὡς
1443 1455 1472 1484 ’ἐν
1497 1459 1550 1484 τῶν
1574 1458 1761 1494 γεννημάτων,
1786 1457 1890 1493 κτίσμα

1058 1502 1106 1527 τοῦ
1123 1499 1259 1535 ἁχτίστου,
1276 1500 1330 1538 οὐχ
1345 1501 1382 1532 ὡς
1404 1500 1431 1528 ’ὲν
1456 1504 1508 1529 τῶν
1532 1501 1698 1538 κτισμάτων,
1715 1501 1825 1538 ποίημα
1838 1504 1888 1529 τοῦ

1061 1545 1206 1580 άποιήτου,
1232 1545 1287 1582 οὐχ
1312 1545 1348 1576 ὡς
1363 1545 1390 1572 ἓν
1405 1548 1460 1573 τῶν
1486 1545 1659 1582 ποιημάτων·
1674 1546 1765 1577 καθὼς
1781 1544 1889 1583 εἷ’ρηται

179 1598 228 1626 ρει·
242 1598 322 1625 quem
337 1591 398 1616 sunt
413 1590 508 1616 omnia
527 1590 559 1615 “.
577 1588 658 1615 Unus
674 1588 764 1623 igitur
778 1590 822 1616 est
846 1589 921 1615 Deus
946 1597 1008 1625 non.

1062 1589 1114 1616 ὑπὸ
1138 1576 1294 1626 τῆςΙὰγίάτ
1323 1592 1452 1628 Γραφῆς”
1483 1576 1583 1629 Κύριος
1617 1589 1704 1618 ἔκτισε
1735 1576 1768 1627 μέ
1798 1576 1890 1628 άργήν

181 1634 308 1670 genitus,
325 1642 382 1661 non
398 1635 525 1666 creatus,
543 1641 600 1660 non
617 1633 722 1660 factus.
741 1633 774 1659 Et
797 1641 873 1659 unus
890 1635 934 1660 est
948 1633 1003 1660 Do-

182 1678 280 1706 minus
295 1678 382 1706 Jesus
398 1677 597 1711 Christus,Dei
616 1677 855 1712 Filius,genimen
869 1677 1003 1712 ingeniti,

182 1731 239 1750 non
255 1725 353 1750 tamen
370 1722 464 1749 instar
480 1721 566 1749 unius
582 1729 615 1748 ex
640 1721 706 1748 aliis
731 1721 818 1748 rebus
832 1722 979 1756 generatis
997 1729 1004 1749 :

181 1770 315 1796 creatura
340 1774 397 1794 non
419 1766 518 1800 creati,
539 1774 596 1792 non
620 1767 718 1792 tamen
740 1765 834 1792 instar
862 1765 948 1793 unius
972 1774 1006 1793 ex

183 1811 249 1840 aliis
265 1811 352 1838 rebus
369 1809 473 1838 creatis
490 1818 496 1837 :
514 1818 588 1845 opus
606 1817 662 1836 non
679 1809 756 1842 facti,
775 1817 832 1836 non
848 1811 945 1837 tamen
961 1810 1007 1837 in-

1059 1631 1129 1660 ὁδῶν
1148 1633 1243 1667 αὐτοῦ,
1266 1633 1319 1671 πρὸ
1345 1634 1393 1661 τοῦ
1419 1633 1518 1666 αἲῶνος
1543 1633 1709 1671 ἐθιμελίωσέ
1735 1645 1769 1671 με
1790 1636 1845 1672 πρὸ
1862 1633 1892 1663 δὲ

1059 1677 1164 1705 πάντων
1193 1678 1295 1715 βουνῶν
1322 1680 1401 1716 γεννᾷ
1431 1689 1480 1715 με.
1512 1678 1560 1706 Καὶ
1589 1679 1615 1706 ’ἐν
1647 1681 1758 1715 Πνεῦμα
1787 1680 1863 1716 ἅγιον
1883 1700 1891 1713 ,

1059 1723 1169 1759 πρῶτον
1195 1722 1240 1749 καὶ
1267 1725 1360 1759 μεῖζον
1385 1722 1493 1751 πάντων
1507 1725 1561 1750 τῶν
1586 1723 1635 1751 τοῦ
1652 1724 1828 1761 Μονογενοῦς
1845 1723 1891 1762 ερ-

1061 1776 1117 1803 γων
1129 1767 1197 1802 (46),
1221 1767 1413 1804 προστάγματι
1442 1768 1487 1804 μὲν
1513 1769 1561 1795 τοῦ
1587 1768 1703 1805 Πατρὸς,
1723 1767 1847 1806 ὶνιργείᾳ
1863 1767 1893 1796 δὶ

1061 1810 1106 1837 καὶ
1123 1809 1233 1847 δυνάμει
1248 1813 1296 1838 τοῦ
1311 1811 1375 1838 Υἱοῦ
1390 1812 1545 1849 γενόμενον.

182 1859 246 1885 star
260 1855 347 1883 unius
363 1863 397 1882 ex
410 1854 477 1882 aliis
490 1855 576 1881 rebus
592 1853 693 1887 factis;
711 1853 959 1888 quemadmodum
977 1856 1199 1890 pronuntiatum
1214 1858 1259 1883 est
1274 1864 1291 1884 a
1309 1859 1413 1884 sancta
1436 1857 1584 1893 Scriptura
1600 1866 1607 1885 :
1627 1858 1765 1886 Dominus
1789 1859 1891 1886 creavit

182 1908 225 1927 me
239 1900 320 1927 initio
332 1901 454 1926 viariam
477 1906 603 1931 suarum,
628 1903 690 1925 ante
713 1897 816 1926 sarcula
841 1898 968 1933 [undavit
992 1907 1045 1934 me,
1068 1902 1133 1928 ante
1149 1909 1244 1928 omnes
1267 1901 1350 1929 colles
1363 1902 1457 1936 genuit
1478 1910 1521 1930 me
1536 1903 1568 1929 η.
1599 1902 1633 1930 Et
1655 1911 1734 1930 unus
1761 1902 1890 1938 Spiritus

183 1946 316 1976 sanctus,
332 1943 462 1979 primum
479 1942 673 1977 omnibusque
689 1942 799 1970 caeteris
815 1943 911 1978 majus
926 1943 1070 1979 Unigeniti
1087 1953 1170 1981 opus,
1183 1945 1270 1980 jussu
1287 1945 1405 1981 quidem
1422 1945 1699 1982 Patris,operatione
1713 1955 1780 1975 vero
1796 1948 1825 1975 et
1840 1955 1889 1982 po-

183 1987 276 2016 tentia
290 1986 354 2014 Filii
369 1987 473 2014 factus.

219 2073 240 2090 “
258 2071 269 2100 l
284 2072 347 2100 Cor.
363 2079 424 2106 vui,
439 2071 466 2098 6.
507 2070 529 2088 ¹²
546 2070 627 2099 Prov.
645 2078 706 2106 vm,
721 2071 823 2105 22-25;
840 2070 927 2106 Eccli,
942 2080 1019 2105 xxxv,
1036 2072 1080 2099 14.

218 2157 275 2194 (ἰῷ)
292 2157 402 2194 Geveus
418 2165 474 2183 οιον
490 2156 592 2192 edidit,
609 2156 658 2184 sed
675 2154 732 2183 οἵαν
750 2156 838 2184 habet
852 2165 907 2184 ms.
923 2157 1015 2185 Gud.¢

1059 2156 1247 2194 Lindenbrog.

218 2190 277 2228 (116')
291 2192 335 2220 Al.
352 2190 440 2228 ἵργον,
