2011 3142
201 132 259 163 871

674 131 870 162 APPENDIX
893 129 1057 160 OPERUM
1080 129 1112 159 S.
1137 129 1276 160 BASlLll
1299 130 1436 161 MAGNI.

1847 134 1908 165 8⁸12

200 207 265 227 rum
283 198 388 226 civium
405 206 436 226 se
451 206 503 226 con
510 197 813 233 vertit,contentus(a)
823 195 957 225 atﬂictari
974 203 1024 231 po-
1040 195 1067 228 Α
1082 202 1138 230 que
1154 195 1300 231 discretis,
1311 198 1393 224 ortus
1407 197 1565 233 obitusque
1586 199 1736 234 perficere,
1751 201 1779 227 et
1794 199 1825 227 in
1841 207 1907 236 per-

200 243 259 271 tius
274 251 341 271 cum
358 243 464 279 populo
477 244 633 278 Dei,quam
647 243 775 270 fructum
790 241 899 278 peccati
924 248 1027 276 capere

201 289 403 325 temporalem.
419 288 472 320 Qui
489 296 617 316 amorem
640 287 764 323 justitiaa
787 287 822 314 de
843 287 907 322 ipsa
922 287 1028 313 natura

201 334 322 362 sortitus
333 334 386 366 est,
401 334 508 368 quippe
519 333 568 368 qui
586 332 758 368 priusquam
775 330 868 367 plebis
884 330 1028 366 acciperet

202 379 409 414 principatum,
423 379 540 413 propter
555 377 656 404 odium
672 375 809 412 nequitia:
820 375 964 410 naturale,
977 383 1027 402 us-

201 431 258 459 que
274 424 308 450 ad
327 430 426 450 necem
441 422 555 449 videtur
566 421 715 457 improbos
727 422 909 456 persecutus.
921 419 974 452 Qui
991 419 1027 446 ab

202 468 248 495 his
263 468 409 503 etl'ugatus
433 468 488 500 est,
501 466 608 502 quibus
633 466 696 502 ipse
722 466 815 492 fuerat
839 464 1024 500 opitulatus:

202 513 251 548 qui
274 511 469 540 libentissime
488 510 666 538 tumultibus
685 510 798 546 Egypti
815 509 972 542 derelictis,
990 508 1026 536 ad

202 557 375 592 [Ethiopiam
391 556 540 592 profectus
554 558 609 589 est,
620 555 720 591 ibique
731 557 900 582 ceterorum
914 561 1026 581 vacuus

200 601 392 636 negotiorum,
415 601 488 628 που
517 608 568 636 per
591 607 684 627 annos
708 598 904 635 quadraginta
927 605 1026 625 rerum

197 644 440 681 contemplationi
453 645 526 672 dans
537 651 667 679 operam,
677 643 952 678 octogesimumque
962 644 1027 668 sata‘

196 689 235 716 tis
251 696 341 724 agens
358 696 468 715 annum
482 688 555 715 vidit
568 687 709 718 Deum,ut
725 689 786 714 erat
801 685 914 713 homini
930 685 1027 713 videre

197 733 346 769 possibile,
358 733 417 760 imo
429 734 462 759 ut
473 731 584 759 nemini
598 731 696 766 potius
713 731 794 758 licuit
805 730 864 764 alii,
877 730 908 765 (ι)
920 737 1027 757 secun-

196 779 266 806 dum
278 777 481 805 testimonium
495 776 590 812 ipsius
602 775 650 803 Dei
663 784 669 803 :
681 776 752 809 Quia
763 776 786 802 si
796 775 884 811 fuerit
894 775 1028 810 propheta

194 823 257 859 quis
268 824 388 850 vestrum
399 822 523 853 Domino,
533 822 648 856 proprie
659 829 708 856 per
722 821 812 848 visum
828 820 854 847 si
868 827 1026 860 cognoscur,

194 870 219 895 et
232 876 281 903 per
303 867 443 895 somnium
466 867 562 902 loquar
581 865 649 893 :scd
663 873 719 892 non
739 866 780 893 ita
802 864 925 899 famulus
949 871 1025 891 meus
1039 879 1061 912 Β

193 913 305 948 Moyses,
321 912 369 948 qui
384 912 414 938 in
428 911 504 938 omni
518 910 596 938 domo
611 918 670 937 mea
685 909 778 944 ﬁdelis
793 913 843 937 est.
861 909 912 936 Ore
927 908 962 936 ad
989 916 1018 936 os

192 956 336 992 colloquar
349 957 375 984 ei
385 964 393 982 :
404 957 436 983 in
450 955 546 991 specie,
563 957 588 982 et
603 963 657 982 non
671 963 722 990 per
736 953 955 990 ﬁguram(Num.
967 961 1018 986 xu,

192 1001 266 1036 6-8).
284 1001 334 1028 Hic
350 1001 448 1035 itaque
465 1000 515 1035 qui
540 999 570 1027 in
596 999 742 1035 potiendis
757 998 952 1034 praesentibus
968 997 1019 1025 Dei

193 1045 409 1080 conspectibns,
431 1044 466 1080 (c)
487 1044 600 1080 angelis
629 1044 724 1071 fuerat
745 1044 914 1078 comquatus
932 1050 937 1069 :
956 1050 1018 1076 qua

192 1089 366 1117 auscultavit
383 1098 399 1116 a
417 1090 471 1117 Deo
494 1088 613 1116 disserit
627 1088 723 1115 nobis.
739 1087 903 1115 Audiamus
928 1086 1020 1122 igitur

192 1134 340 1162 veritatem
366 1134 532 1167 verborum,
550 1141 608 1160 non
624 1133 653 1160 in
671 1132 858 1168 persuasione
883 1131 1017 1159 humanae

193 1178 353 1214 sapientiae,
369 1178 419 1205 sed
440 1178 471 1205 in
490 1177 706 1212 probatissimis
722 1176 864 1212 spiritalis
879 1176 1017 1203 doctrinas

193 1222 391 1255 sermonibus,
403 1229 529 1256 quorum
543 1221 610 1248 ﬁnis
621 1229 679 1248 non
690 1220 874 1249 audientium
887 1219 951 1247 laus
961 1222 1016 1253 est,

192 1267 243 1294 sed
259 1267 436 1294 discentium
453 1265 543 1293 salus.

226 1312 253 1338 2.
271 1312 302 1338 In
314 1311 452 1346 principio
466 1311 529 1346 fecit
545 1311 615 1337 Deus
630 1310 730 1338 coelum
745 1314 772 1337 et
785 1311 890 1337 terram
905 1309 982 1344 (Gen.
995 1317 1015 1343 ι,

192 1356 229 1389 1).
244 1355 383 1383 Retardat
397 1355 488 1391 igitur
502 1363 665 1383 sermonem
683 1362 781 1382 meum
798 1354 905 1382 mentis
921 1352 1016 1382 admi-

191 1399 266 1427 ratio
283 1409 289 1427 :
306 1400 438 1435 cogitans
453 1400 523 1434 quid
545 1399 674 1435 primum
695 1399 801 1432 dicam,
812 1398 857 1426 vel
872 1400 950 1426 unde
965 1407 1016 1427 ca-

190 1445 268 1480 piam
280 1444 622 1478 narrationisexordium,
629 1451 791 1479 arguamne
798 1443 954 1471 vanitatem
965 1452 1015 1471 sie-

188 1489 398 1522 cularium,aut
407 1491 575 1517 nostrorum
585 1488 682 1524 potius
693 1488 842 1522 praedicem
850 1488 1015 1516 veritatem?

187 1533 318 1561 Plurima
332 1541 419 1569 super
435 1541 532 1561 rerum
549 1535 655 1560 natura
665 1534 830 1560 Graecorum
847 1532 1014 1569 philosophi

188 1578 377 1614 disputarunt
393 1586 399 1605 :
417 1578 468 1606 sed
485 1577 585 1605 nullus
601 1578 677 1613 apud
695 1586 744 1605 eos
760 1585 856 1605 sermo
873 1578 947 1605 ﬁxus
963 1578 1014 1605 ha-

188 1623 274 1650 betur
288 1625 316 1650 et
332 1622 458 1655 stabilis,
472 1622 565 1657 priore
576 1630 691 1657 semper
707 1630 724 1649 a
738 1624 878 1657 sequente
893 1622 1012 1657 dejecto.

189 1666 323 1702 Nihilque
335 1667 419 1694 nobis
427 1674 522 1702 operm
533 1666 658 1701 pretium
669 1668 723 1700 est,
736 1674 799 1701 quae
815 1666 934 1694 illorum
945 1668 1015 1694 sunt

187 1711 354 1738 inﬁrmare:
368 1719 433 1738 cum
445 1711 480 1738 ad
494 1710 723 1738 destructionem
735 1711 883 1746 propriam
895 1711 1014 1739 sibimet

187 1755 243 1792 ipsi
255 1754 517 1790 sufﬁciant.(d)Qui
528 1754 606 1782 enim
619 1754 709 1781 Deum
722 1755 832 1782 nescire
844 1757 1012 1790 potuerunt,

186 1799 363 1836 sapientiam
373 1799 460 1827 rebus
469 1807 594 1835 praeesse
603 1798 767 1826 mortalium
777 1798 941 1827 nullatenus
948 1808 1013 1828 con-

185 1847 347 1877 cesserunt,
361 1844 412 1872 sed
427 1843 564 1871 familiari
579 1843 761 1879 ignoratione
777 1843 909 1880 sublapsi
925 1845 1012 1873 variis

185 1889 285 1917 omnia
297 1888 518 1916 deﬁnitionibus
530 1888 747 1917 concluserunt.
761 1888 916 1924 Propterea
926 1890 1012 1917 multi

184 1941 288 1961 eorum
305 1933 338 1960 ad
357 1934 509 1960 contusam
527 1932 740 1967 informemque
755 1941 785 1960 se
801 1933 954 1960 materiam
967 1943 1012 1962 re-

186 1978 339 2014 degerunt,
356 1977 510 2004 elementis
526 1976 627 2004 mundi
643 1984 748 2004 causas
763 1977 896 2005 omnium
913 1986 1010 2006 rerum

185 2022 370 2058 deputantes.
380 2021 435 2049 Alii
449 2024 574 2054 atomos,
582 2023 611 2048 et
620 2021 773 2048 individua
783 2030 914 2057 corpora,
926 2026 954 2050 et
964 2026 1010 2051 tu-

186 2075 292 2101 mores,
302 2068 331 2094 et
345 2069 460 2094 meatus
472 2065 619 2093 continere
635 2066 769 2093 naturam
781 2065 939 2094 visibilium
952 2070 1010 2095 trn-

184 2112 322 2139 diderunt
333 2119 340 2138 :
353 2111 439 2138 modo
450 2109 691 2138 concurrentibus
703 2109 758 2137 sibi
771 2109 883 2138 levibus
894 2111 952 2138 illis
965 2120 1010 2139 ro-

183 2156 342 2191 tundisque
357 2154 550 2190 corpusculis,
566 2154 651 2182 modo
667 2154 872 2182 recedentibus
888 2163 904 2182 a
920 2164 951 2183 se
966 2159 1009 2184 at-

219 2263 261 2296 (a)
276 2262 355 2289 Colb.
374 2261 532 2294 secundus,
548 2262 638 2296 afﬂigi
650 2263 751 2296 potius.

220 2299 257 2333 (b)
274 2297 353 2334 Colb.
371 2298 527 2334 secundus,
546 2297 695 2334 secundum
711 2297 895 2334 testimonium
923 2300 1012 2334 ipsius

184 2335 242 2362 Dei.
250 2333 392 2370 Basilius,
403 2333 471 2359 κατὰ
484 2333 533 2366 τὴν
552 2332 800 2370 μαρτυρίαγγᾳρτὴν
816 2336 863 2360 τοῦ
877 2332 954 2370 Θεοῧ,
970 2343 1012 2363 se-

183 2369 307 2397 cundum
322 2370 410 2404 ipsum
423 2369 470 2396 Dei
484 2370 679 2397 testimonium.
693 2369 779 2404 Editi,
789 2371 939 2398 secundum
956 2374 1012 2399 tes-

183 2406 333 2433 timorzium
350 2405 436 2440 ipsius
452 2405 572 2432 Domini.

219 2442 254 2477 (ε)
276 2440 363 2473 Editi,
393 2441 500 2475 angelis
528 2441 621 2477 [uerat
642 2440 767 2476 aequalis.
791 2441 885 2468 Codex
911 2441 1010 2470 Sancti

184 2477 320 2505 Germani
351 2484 437 2512 quem
462 2476 637 2512 simpliciter
662 2479 794 2504 nostrum
816 2485 966 2509 vocamus,
982 2481 1011 2505 et

182 2512 425 2546 Colb.seoundus,
439 2513 531 2546 fuerat
550 2513 656 2545 angelis
670 2514 826 2547 coaequalus
841 2522 850 2540 :
866 2514 942 2547 quod
958 2522 1009 2541 ve-

183 2550 245 2586 rius
260 2551 330 2586 puto
341 2550 371 2576 et
381 2547 497 2586 melius,
509 2556 577 2586 cum
591 2548 699 2586 Graeca,
711 2547 797 2582 ἐείσω
807 2548 864 2577 τοὶς
878 2547 1009 2586 ἀγγέλοις

182 2583 316 2621 ἀξιωθεὶς,
333 2584 429 2620 aptius
445 2584 568 2620 exprimi
584 2583 747 2621 videantur.

219 2622 257 2657 (ἀ)
273 2618 528 2654 Οοιϋξεθοιιῐιᾱὺε,
544 2628 593 2655 qui
608 2619 683 2647 enim
703 2619 787 2646 Deum
806 2618 877 2647 scire
890 2627 945 2647 non
958 2629 1010 2656 po-

182 2660 306 2685 luerunt.

216 2693 250 2728 (ε)
265 2692 347 2728 Colb.
363 2691 523 2723 secundus,
537 2691 598 2728 sine
617 2690 812 2728 admirationet

218 2726 256 2763 (Γ)
270 2727 356 2760 Editi,
367 2727 537 2763 principium
550 2726 675 2762 primum
687 2727 788 2762 posuit.
799 2726 894 2754 Codex
909 2729 1009 2756 noster

182 2765 211 2799 et
225 2763 305 2791 Colb.
322 2763 478 2799 secundus,
493 2763 665 2799 principium
684 2763 778 2799 primo
793 2763 896 2797 posuit,
922 2763 1006 2792 bene.

181 2798 225 2826 Ita
239 2798 427 2835 prosequitur
450 2798 632 2833 Eustathius,
648 2798 751 2827 ut’non
773 2799 929 2834 ingenitum
942 2801 1004 2836 qui-

1082 239 1308 268 severatioribus
1317 242 1489 276 corporibus
1498 242 1729 278 complexionem
1742 246 1906 272 atomorum

1081 283 1352 319 locatam,validius
1363 293 1468 314 causas
1476 287 1648 315 aeternitatis
1658 289 1830 324 exprimere.
1839 290 1907 318 Vere

1081 329 1170 356 telam
1187 337 1298 357 araneis
1323 332 1434 366 texunt,
1448 330 1498 366 qui
1523 331 1579 359 ista
1603 331 1773 360 describunt
1789 342 1796 360 :
1814 335 1843 361 et
1858 334 1908 370 qui

1082 376 1142 401 tam
1154 382 1245 402 vacua
1255 374 1412 410 inaniaque
1423 375 1577 411 principia,
1585 376 1667 410 coelo,
1675 379 1766 412 terrea,
1774 379 1908 414 marique

1082 418 1282 446 conscribunt.
1298 419 1398 454 Neque
1412 419 1489 446 enim
1507 419 1639 448 sciebant
1653 421 1769 449 dicere:
1783 423 1815 450 In
1827 424 1908 458 prin-

1080 462 1152 498 cipio
1164 463 1231 498 fecit
1249 465 1320 490 Deus
1335 463 1433 491 caelum
1447 466 1473 492 et
1488 466 1591 491 terram
1606 473 1615 491 :
1632 468 1785 501 propterea
1800 466 1865 494 sine
1874 468 1908 503 (ε)

1082 507 1289 542 moderamine,
1306 510 1334 535 et
1348 508 1752 546 gubernatione,fortuitoque
1768 519 1851 546 casu,
1863 512 1907 548 agi

1081 555 1110 579 et
1125 552 1192 580 ferri
1209 552 1319 587 omnia,
1330 552 1420 580 insito
1430 552 1487 580 sibi
1500 553 1663 589 impietatis
1674 554 1788 590 decepti
1799 564 1907 591 errore,

1081 596 1228 625 dixerunt.
1245 597 1326 630 Quod
1343 604 1379 625 ne
1399 605 1452 625 nos
1468 605 1584 633 quoque
1609 601 1785 633 pateremur,
1803 601 1907 636 primis

1081 641 1180 668 statim
1197 649 1256 669 suae
1271 641 1446 669 narrationis
1463 641 1566 677 elogiis
1581 643 1684 670 mundi
1706 643 1907 673 fabricationis

1082 685 1236 721 expositor,
1247 686 1296 713 Dei
1308 686 1586 714 commemoratione
1597 694 1703 714 sensus
1715 690 1834 716 nostros
1846 689 1908 717 illu-

1082 730 1209 764 minans,
1222 730 1370 766 dixitque:
1383 731 1413 757 In
1428 731 1565 766 principio
1580 732 1646 766 fecit
1659 732 1738 760 Deus.
1752 733 1848 765 Quam
1864 734 1908 761 bo-

1083 783 1137 802 nus
1149 775 1261 810 ordo(f)
1270 775 1446 810 principium
1459 775 1554 810 primo
1565 776 1679 811 posuit:
1689 779 1718 803 ut
1728 785 1786 804 non
1797 778 1907 814 ingeni-

1081 821 1144 846 tum
1157 819 1276 855 quidam
1290 819 1434 846 mundum
1448 819 1670 848 arbitrarentur.
1683 821 1792 849 Deinde
1804 822 1908 850 subdi-

1082 864 1212 899 dit,quia
1228 864 1315 892 fecit:
1333 866 1366 891 ut
1380 865 1548 892 ostenderet
1563 866 1634 900 quia
1657 868 1796 894 creaturas
1822 875 1905 903 opus,

1077 917 1145 944 pars
1155 908 1380 944 exiguavirtutis
1389 911 1434 936 est
1442 909 1612 936 conditoris.
1621 909 1693 938 Nam
1701 911 1778 938 sicut
1787 911 1905 947 ﬁgulus,

1075 953 1151 981 vasis
1163 953 1344 987 deformatis,
1355 959 1408 981 nec
1419 955 1511 981 artem
1524 956 1620 989 potest
1631 955 1777 989 amittere,
1785 964 1839 983 nec
1850 957 1906 985 vir-

1074 1001 1166 1026 tutem
1177 1007 1183 1026 :
1194 998 1236 1026 sic
1247 998 1341 1034 opifex
1352 1006 1450 1026 rerum
1460 1000 1546 1032 Deus,
1556 1007 1613 1026 non
1625 999 1678 1026 uni
1690 1000 1766 1028 factu
1772 1009 1810 1028 rte
1822 1002 1905 1029 suffi-

1074 1043 1199 1070 cientem
1216 1043 1375 1078 potentiam
1392 1043 1601 1078 possidens,(9)
1618 1043 1763 1072 inﬁnitate
1781 1046 1901 1081 penitus

1073 1087 1293 1122 sxcedens,solo
1305 1089 1453 1115 momento
1465 1087 1588 1123 propriis
1601 1087 1772 1124 voluntatis,
1786 1091 1901 1126 magni-

1072 1132 1206 1159 tudinem
1217 1140 1318 1160 eorum
1331 1140 1395 1167 quas
1406 1134 1568 1159 cernuntur
1578 1133 1732 1160 exstruxit.
1742 1134 1827 1166 Quod
1840 1135 1864 1162 si
1875 1137 1903 1163 et

1073 1176 1249 1212 principium
1277 1177 1407 1204 mundus
1431 1176 1529 1210 habet,
1547 1178 1577 1204 et
1601 1176 1695 1205 fectus
1719 1180 1781 1210 est;
1805 1186 1903 1214 quare

1071 1221 1139 1257 quis
1159 1221 1201 1249 illi
1217 1221 1299 1249 dedit
1322 1220 1511 1257 principium,
1529 1223 1558 1248 et
1573 1221 1640 1256 quis
1655 1221 1720 1256 ejus
1743 1221 1904 1251 fabricator

1071 1268 1126 1294 est.
1141 1266 1223 1299 Quod
1248 1274 1284 1293 ne
1308 1266 1439 1293 humana
1454 1264 1575 1292 forsitan
1603 1265 1780 1301 cogitatione
1801 1267 1900 1296 discu-

1071 1310 1159 1346 tiens,
1177 1319 1193 1338 Β,
1212 1310 1344 1338 veritatis
1373 1309 1492 1338 tramite
1516 1309 1648 1337 deviares
1665 1319 1671 1337 :
1688 1311 1832 1346 praevenit
1857 1312 1901 1340 in-

1071 1358 1188 1383 struens
1203 1363 1256 1382 nos
1273 1354 1427 1386 doctrinis,
1443 1357 1471 1382 et
1490 1353 1598 1381 animis
1619 1355 1740 1388 nostris,
1757 1359 1901 1391 tanquam

1071 1398 1256 1434 signaculum
1280 1397 1436 1433 cujusdam
1458 1397 1599 1425 custodias
1614 1397 1717 1434 ﬁgens,
1734 1399 1901 1428 venerabile

1070 1451 1138 1470 mox
1152 1443 1203 1470 Dei
1219 1450 1324 1470 nomen
1345 1442 1470 1470 inseruit
1485 1441 1587 1470 dicens
1603 1450 1609 1469 :
1627 1443 1657 1470 In
1671 1443 1814 1479 principio
1834 1445 1899 1479 fecit

1071 1490 1151 1515 Deus.
1168 1488 1260 1523 Igitur
1274 1487 1360 1514 beata
1379 1489 1495 1519 natura.
1511 1489 1540 1514 et
1555 1486 1693 1522 opulenta
1708 1487 1837 1522 bonitas,
1854 1489 1899 1516 di-

1069 1531 1290 1567 lectissimaque
1306 1531 1421 1558 cunctis
1435 1530 1579 1559 rationem
1601 1530 1790 1568 habentibus,
1805 1541 1838 1560 ac
1854 1533 1898 1560 ni-

1070 1577 1108 1604 mi
1115 1585 1164 1604 um
1173 1575 1327 1604 carissima
1336 1575 1535 1611 pulchritudo,
1543 1575 1681 1612 princeps
1689 1576 1826 1604 omnium
1835 1586 1899 1613 qua:

1069 1624 1150 1656 sunt,
1160 1621 1224 1649 fons
1235 1620 1355 1656 vitae,(h)
1365 1619 1551 1656 intelligibile
1560 1619 1670 1653 lumen,
1683 1620 1900 1650 inaccessibilis

1069 1665 1225 1701 sapientia,
1241 1666 1299 1701 Ipse
1312 1665 1381 1700 fecit
1395 1665 1425 1692 in
1438 1665 1576 1700 principio
1591 1665 1689 1692 aetum
1703 1668 1730 1692 et
1746 1669 1862 1694 terram.

1103 1710 1129 1738 3.
1141 1710 1203 1738 Non
1215 1718 1281 1745 ergo
1295 1710 1400 1737 infecta
1411 1717 1476 1737 esse
1485 1709 1529 1736 vel
1545 1709 1709 1745 improvida
1720 1718 1785 1745 quae
1794 1711 1879 1738 viden
1887 1727 1900 1733 -

1068 1757 1116 1783 tur
1127 1754 1266 1790 opineris,
1275 1763 1291 1782 ο
1302 1753 1405 1788 homo;
1422 1762 1474 1781 nec
1485 1753 1554 1789 quia
1565 1753 1675 1781 circum
1685 1755 1714 1782 te
1724 1754 1901 1783 discurrunt

1067 1808 1101 1828 ea
1116 1808 1180 1835 quas
1197 1801 1350 1826 moventur
1368 1798 1398 1826 iu
1415 1798 1502 1832 coelo;
1519 1806 1571 1826 nec
1587 1798 1665 1833 quod
1685 1798 1780 1834 ipsius
1796 1799 1899 1827 circuli

1068 1844 1301 1877 initium,nostro
1310 1842 1410 1870 sensui
1419 1842 1682 1878 comprehensibile
1691 1850 1748 1870 non
1759 1843 1897 1879 habetur,

1067 1888 1177 1916 idcirco
1189 1888 1252 1916 sine
1264 1887 1407 1923 principio
1415 1895 1479 1915 esse
1487 1886 1667 1914 vertibilium
1677 1894 1836 1922 corporum
1847 1897 1898 1916 na-

1066 1938 1132 1961 tura
1142 1933 1287 1960 credenda
1300 1932 1458 1967 est.Neque
1468 1931 1545 1959 enim
1556 1931 1635 1959 orbis
1645 1930 1711 1966 iste,
1724 1931 1754 1959 id
1766 1934 1822 1966 est,
1834 1933 1896 1969 pla-

1067 1986 1137 2006 num
1149 1977 1204 2005 hoc
1215 1978 1434 2012 rotundumque
1446 1975 1659 2011 schema,quod
1671 1976 1727 2003 sub
1745 1984 1804 2003 uno
1821 1985 1896 2012 pun-

1066 2026 1111 2051 cto
1119 2021 1368 2057 continetur,quia
1376 2023 1509 2048 nostrum
1516 2019 1633 2055 diffugit
1641 2019 1836 2056 intellectum,
1843 2030 1896 2049 nec

1067 2067 1144 2095 unde
1154 2065 1284 2102 coeperit,
1292 2067 1343 2093 aut
1353 2072 1410 2100 quo
1423 2063 1558 2092 reciderit
1571 2072 1731 2099 possumus
1744 2064 1895 2093 invenire:

1066 2112 1101 2139 ob
1118 2112 1173 2138 hoc
1186 2110 1275 2138 etiam
1290 2117 1348 2136 non
1364 2116 1429 2136 esse
1444 2107 1640 2144 compositum
1655 2107 1799 2136 debemus
1815 2117 1898 2137 asse-

1065 2164 1138 2189 rere,
1148 2157 1198 2183 aut
1209 2155 1278 2191 quia
1288 2161 1394 2182 sensus
1407 2153 1527 2181 omnino
1543 2155 1659 2180 nostros
1674 2152 1814 2188 elabitur,
1830 2153 1896 2182 ideo

1064 2264 1129 2292 dam
1144 2262 1278 2290 mundum
1299 2261 1506 2288 arbitrarentur
1521 2269 1531 2288 :
1546 2261 1622 2295 quod
1649 2267 1717 2287 cum
1738 2259 1894 2294 scriberet,

1067 2309 1124 2327 non
1141 2298 1212 2326 satis
1233 2297 1357 2325 attendit
1381 2297 1415 2324 ad
1441 2296 1499 2323 vim
1524 2296 1603 2323 vocis
1627 2297 1742 2329 Graecae,
1760 2295 1892 2332 ἄναρχον.

1064 2335 1168 2364 Melius
1183 2334 1273 2369 igitur
1287 2333 1329 2360 sic
1344 2332 1583 2367 interpretabere,
1595 2339 1628 2359 ne
1643 2332 1733 2365 ἰοί-(ηε
1748 2333 1799 2367 qui
1813 2332 1895 2359 arbi-

1065 2368 1214 2399 trarentur
1227 2368 1362 2397 mundum
1376 2369 1437 2396 sine
1450 2368 1589 2403 principio
1604 2375 1669 2394 esse.

1101 2407 1137 2442 (g)
1153 2406 1242 2439 Editi,
1257 2404 1396 2439 inﬁnitate
1417 2401 1510 2442 potius
1534 2401 1676 2442 excedens.
1693 2404 1732 2429 At
1744 2401 1828 2442 _Colb.

1065 2438 1191 2474 cundus,
1206 2438 1346 2476 inﬁnitate
1365 2438 1471 2475 penitus
1494 2439 1636 2469 excedens.
1649 2438 1822 2476 emendate;
1835 2438 1892 2476 gli-

1065 2480 1175 2514 quanto
1192 2473 1258 2512 post
1268 2477 1326 2514 duo
1341 2473 1424 2514 mss,
1436 2476 1574 2514 instruens
1588 2475 1789 2514 nesciam-inp.
1803 2473 1892 2507 Editi,

1065 2509 1202 2541 instruens
1218 2520 1266 2540 nos
1279 2512 1423 2540 doctrinis.
1434 2511 1490 2547 Sed
1503 2511 1562 2547 vim
1573 2510 1652 2547 verbi
1668 2509 1824 2547 πρᾳὲφθασε
1835 2517 1892 2547 non

1064 2549 1136 2578 satis
1149 2548 1292 2584 expressit
1307 2548 1462 2583 interpres.
1479 2545 1578 2574 Malim
1599 2544 1698 2582 igitur,
1714 2544 1765 2573 hoc
1779 2553 1828 2572 nos
1842 2544 1892 2572 do-

1063 2590 1189 2613 cumento
1201 2586 1386 2620 praeoccupat.

1100 2622 1137 2657 (h)
1154 2615 1274 2656 Antiqui
1291 2615 1348 2647 du'o
1363 2617 1440 2657 _libri
1461 2619 1492 2657 et
1517 2617 1607 2657 edit_i,_
1622 2615 1819 2657 intellectibtis
1842 2623 1894 2642 no-

1062 2651 1135 2691 men;
1158 2651 1304 2691 corrupte.
1321 2655 1400 2683 Colb.
1424 2653 1547 2691 primus,
1564 2651 1763 2691 intellectilzils
1786 2652 1891 2691 lumen,

1062 2686 1146 2721 νεσιαὶ.
1163 2686 1300 2730 Basilius,
1315 2691 1345 2718 τὸ
1368 2686 1546 2730 νοερᾲῃῷςξ
1560 2688 1666 2717 Statim
1681 2687 1797 2730 editi‘et
1811 2686 1891 2730 ραι-Ι).

1085 2729 1188 2762 rimus,
1201 2723 1311 2764 Vin/acta
1329 2735 1398 2764 esse.
1414 2723 1470 2754 Alii
1483 2723 1552 2753 'duo
1579 2733 1664 2759 mes.,
1679 2723 1892 2764 infecta,»Sub_-

1062 2762 1130 2828 ibntlie
1160 2762 1240 2793 Colb.
1270 2763 1429 2798 secundus,
1457 2766 1548 2790 nostro
1575 2769 1656 2789 sensu
1687 2762 1891 2796 comprehensi-

1082 2809 1128 2828 ie.

1082 2809 1128 2829 ue.
