2011 3142
123 207 180 236 889

496 204 709 236 EUSTA'I‘HII
730 202 964 234 HEXAEMERI
986 203 1261 235 METAPHRASIS
1285 204 1400 236 LIBER
1421 205 1460 235 ll.

1770 204 1831 236 890

128 271 214 300 etiam
237 270 308 299 illud
329 271 407 307 quod
428 279 444 298 a
468 271 647 306 quibusdam
672 269 754 298 valde
780 269 950 306 requiritur,
965 269 993 303 Α
1007 271 1159 305 operatum
1174 271 1229 305 est,
1256 270 1306 298 sed
1331 270 1400 306 quia
1423 269 1528 298 coloris
1551 270 1596 298 sui
1622 278 1729 306 magna
1743 270 1829 298 nobis

128 316 279 352 approbari
295 318 391 352 potest
406 324 413 343 :
430 316 499 352 quia
523 323 575 344 nec
590 315 711 352 genitali
736 315 866 351 potentia
882 314 948 350 Spi-

127 361 199 388 ritus
216 362 292 388 πιιι
307 363 428 388 sanctus
443 362 532 388 caret.

158 406 184 433 7.
202 406 234 433 Et
248 405 320 433 dixit
334 406 414 440 Deus,
426 406 490 434 Fiat
505 406 562 432 lux.
575 405 670 432 Prima
686 413 739 432 vox
749 404 800 433 Dei
812 406 946 432 naturam

127 450 246 478 luminis
263 450 422 485 fabricavit,
435 458 467 478 ac
483 450 617 478 tenebras
628 449 761 486 dispulit,
778 457 946 476 mmrorem-

126 503 179 530 que
194 494 338 530 dissolvit,
355 496 384 522 et
398 503 515 522 omnem
531 494 629 522 subito
645 494 740 522 laetam
758 494 884 529 speciem
897 494 946 529 ju-

125 539 309 574 cundamque
325 538 471 574 produxit.
487 538 574 566 Polus
585 541 655 566 tunc
666 538 811 574 apparuit,
825 538 873 574 qui
886 539 948 566 erat

124 583 239 611 interim
256 583 368 611 celatus
384 591 400 611 a
414 583 555 617 Domino;
580 586 720 618 tantaque
735 583 800 619 ejus
819 582 947 618 pulchri-

123 629 191 656 tudo
207 628 376 664 perclaruit,
402 630 543 664 quantam
568 636 646 656 nunc
661 628 748 656 etiam
773 627 947 655 testiﬁcatur

123 674 269 708 aspectus.
288 675 344 700 Aer
358 675 456 700 autem
479 673 683 701 illustrabatur
705 681 739 700 ex
755 679 788 700 ea
802 672 867 700 luce
882 680 946 708 quin

122 717 246 745 sibierat
254 717 395 752 admixta,
407 719 584 754 acutamque
595 717 823 754 penetrationem
837 717 946 753 proprii

123 761 368 798 fulgoris,ubique
375 770 426 798 per
432 770 532 790 omnes
540 770 609 790 suos
617 762 759 790 terminos
766 762 944 790 intendebat.

121 808 241 834 Sursum
256 806 335 834 enim
358 806 458 834 aetheri
474 808 535 835 erat
559 807 688 843 ueloque
703 806 832 841 vicinus;
847 806 946 834 latitu-

122 850 292 878 dineautem
304 851 436 879 boreales
446 850 536 879 simul
547 853 575 879 et
587 850 874 886 anstrales.eoasque
883 859 947 886 par-

121 898 171 929 tes,
188 903 305 923 necnon
321 897 349 923 et
363 895 500 923 occiduas
522 896 719 932 contingebat,
737 895 846 932 quippe
862 896 946 931 cujus

122 942 224 967 natura
238 939 339 967 lucida
364 943 410 968 est
434 943 521 976 atque
546 940 709 976 perspicua,
727 943 843 976 propter
868 941 945 976 quod

122 983 216 1012 nullas
231 992 333 1013 moras
351 987 402 1012 aut
416 987 550 1021 tempora
563 985 614 1012 lux
628 994 679 1021 per
694 993 761 1012 eum
777 992 947 1013 commeans

124 1029 296 1058 sustinebat.
320 1029 402 1057 Sicut
415 1029 493 1058 enim
519 1030 639 1058 obtutus
665 1032 791 1063 nostros,
808 1029 871 1058 sine
887 1029 946 1058 ullo

125 1076 273 1102 momento
288 1074 440 1110 temporis,
457 1082 505 1101 aer
524 1082 592 1102 mox
606 1075 640 1102 ad
658 1083 691 1102 ea
715 1074 812 1110 dirigit
828 1083 890 1111 quos
905 1075 946 1103 vi-

123 1118 246 1153 dentur;
265 1119 305 1146 ita
315 1118 390 1147 lucis
399 1127 550 1147 accessum
559 1118 703 1152 velociter,
716 1121 742 1147 et
756 1119 835 1147 omni
846 1119 947 1147 celeri-

124 1164 178 1190 tate
193 1165 379 1199 perceptum,
392 1171 444 1199 per
458 1171 560 1191 omnes
574 1163 646 1190 ﬁnes
660 1172 719 1190 sua:
735 1163 947 1199 complexionis

122 1206 237 1235 infudit.
252 1207 472 1244 Etherquoque
482 1208 634 1235 venustius
644 1207 683 1244 (α)
695 1207 894 1235 illuminatum
905 1208 946 1236 ef-

123 1250 226 1285 ﬁcitur,
243 1255 275 1280 et
289 1259 371 1287 aqua:
387 1251 599 1288 splendidiores
614 1255 766 1288 apparent,
781 1261 838 1280 non
849 1252 946 1281 solum

125 1296 189 1331 quia
202 1296 282 1324 lucis
297 1297 423 1324 candore
437 1295 611 1331 lustrantur,
623 1297 674 1324 sed
691 1296 778 1324 etiam
795 1305 945 1333 repercus-

121 1340 199 1368 sione
214 1341 282 1376 ejus
297 1341 470 1376 emicantes,
481 1340 633 1369 clariorem
650 1341 776 1369 reddunt
791 1342 866 1370 aeris
882 1342 945 1370 elli-

122 1385 205 1420 giem.
216 1384 264 1412 Ita
274 1385 375 1412 omnia
389 1393 443 1413 vox
455 1385 562 1420 divina,
571 1387 654 1421 grata
665 1388 692 1413 et
703 1385 826 1414 honesta
837 1386 945 1414 consti-

124 1428 185 1456 tuit.
202 1429 279 1457 Nam
295 1429 371 1457 sicut
384 1429 415 1457 hi
439 1429 490 1465 qui
506 1429 562 1457 olei
588 1429 742 1466 aspergine
755 1430 945 1466 perspicuum

121 1473 173 1500 sibi
187 1474 371 1510 profundum
383 1474 472 1502 maris
488 1474 630 1509 efﬁciunt,
642 1475 684 1502 sic
699 1483 796 1502 rerum
813 1475 946 1503 conditor

123 1519 192 1546 Deus
208 1518 273 1547 suis
297 1518 355 1546 oris
370 1519 483 1552 afﬂatu,
495 1519 710 1554 jucunditalem
726 1519 810 1553 lucis,
834 1521 944 1548 mundo

121 1565 234 1598 repente
241 1563 477 1591 constituit.Fiat
484 1563 702 1598 lux,dixitDeus
714 1564 944 1599 :[cont‘estimque

121 1608 275 1644 preceptio
291 1608 346 1636 fuit
359 1617 443 1644 opus,
459 1612 489 1636 et
501 1609 576 1637 facta
592 1612 698 1637 natura
713 1612 768 1643 est,
784 1609 854 1645 quia
871 1609 943 1637 nihil

120 1639 324 1688 voluptuosius
335 1653 365 1680 in
377 1639 500 1681 iruendo
508 1653 716 1690 cogitationem
728 1639 835 1690 poterit
845 1654 945 1682 subire
959 1639 980 1673 α

120 1697 299 1725 mortalium.
309 1698 364 1726 Sed
380 1700 410 1726 et
420 1698 445 1725 ei
462 1698 580 1733 quando
595 1707 694 1726 vocem
706 1706 942 1734 sermonemque.

119 1740 160 1768 vel
175 1742 402 1778 praeceptionem
413 1742 464 1770 Dei
477 1742 615 1777 dicimus,
626 1743 716 1771 debes
726 1743 875 1771 advertere
886 1751 943 1771 non

120 1786 324 1822 intentionslb)
338 1789 479 1823 motuque
490 1787 620 1823 corporis
627 1795 724 1815 vocem
737 1788 887 1816 reddentis
897 1797 944 1816 so-

120 1838 186 1858 num
193 1831 367 1867 quempiam
375 1831 513 1859 destinari
519 1840 582 1865 ,nec
589 1840 684 1860 aerem
694 1832 794 1868 lingua
800 1833 835 1869 (c)
844 1833 943 1861 verbc-
956 1838 962 1844 '

120 1877 224 1911 ratum,
242 1883 309 1904 esse
321 1875 368 1904 Dei
384 1884 550 1904 sermonem
564 1885 570 1904 :
583 1876 633 1904 sed
643 1876 803 1905 voluntatis
815 1886 873 1905 suae
885 1886 945 1905 mo-

120 1922 264 1953 mentum,
279 1920 418 1956 quoniam
435 1923 553 1957 propter
562 1929 611 1949 eos
625 1921 676 1956 qui
690 1922 832 1949 docentur
842 1921 943 1950 utilius

119 1970 180 1991 esse
194 1972 363 1998 censemus,
388 1965 541 2001 speciatim
567 1966 692 2001 ﬁgurare
708 1968 894 2002 praeceptum.
911 1967 944 1994 Et

119 2008 183 2036 vidit
197 2010 273 2037 Dm
287 2010 355 2045 quia
369 2010 420 2037 lux
434 2009 513 2037 bona.
531 2010 644 2041 Quibus
660 2010 750 2046 igitur
764 2010 858 2038 lucem
871 2010 943 2039 cele-

119 2052 199 2082 brare
207 2062 264 2082 nos
273 2054 435 2090 poterimus
445 2053 668 2090 laudibus,cum
680 2053 736 2082 tale
747 2055 782 2082 de
793 2063 847 2083 sua
858 2055 942 2083 boni-

119 2098 174 2126 tate
180 2098 389 2127 testimonium
398 2107 414 2126 a
424 2098 578 2127 Conditorc
589 2099 748 2127 meruerit?
759 2100 835 2127 Licet
845 2099 943 2128 divina

118 2142 200 2171 verba
215 2144 335 2171 nostros
350 2143 432 2179 paria
446 2143 546 2171 oculos
561 2143 597 2171 de
611 2143 660 2171 illa
666 2143 802 2179 judicare
813 2143 942 2180 compel-

116 2185 184 2220 lant,
192 2195 265 2216 nam
273 2195 370 2215 sermo
381 2196 439 2215 non
447 2187 556 2216 sufﬁcit
568 2187 712 2224 explicare
724 2190 867 2224 quantum
880 2197 943 2216 sen~

117 2239 166 2260 sus
174 2232 247 2260 aciei
255 2232 438 2268 praeveniens
446 2234 613 2261 attestatur.
624 2232 653 2260 Si
663 2232 742 2260 enim
753 2232 942 2268 pulchritudo

117 2283 254 2312 corporea
270 2277 353 2313 ειμι)
362 2277 503 2305 membris
514 2277 592 2306 inter
605 2285 637 2305 se
652 2277 707 2305 rite
721 2277 902 2313 compositis,
914 2279 943 2306 et

1002 313 1218 342 oblectamenta
1240 314 1373 350 largitur.
1399 314 1538 342 Similiter
1562 315 1649 343 etiam
1665 314 1749 343 stella
1764 323 1828 351 qua)

1001 358 1145 386 vocitatur
1152 358 1415 393 Antifer,omnium
1428 358 1556 387 siderum
1569 359 1765 395 pulcherrima
1776 368 1828 387 no-

1003 403 1184 438 minatur,(e)
1198 405 1380 440 nonpropter
1395 403 1532 431 eximiam
1545 403 1828 439 compaginationem

1003 448 1213 480 membrorum,
1225 457 1289 484 quae
1302 448 1382 476 nulla
1393 451 1461 475 sunt
1472 447 1562 483 ei,sed
1575 448 1644 484 quia
1654 448 1753 476 laetum
1766 448 1829 476 ala-

1002 500 1139 526 cremque
1156 492 1299 528 fulgorem
1312 493 1421 520 nostris
1432 492 1579 528 impendit
1594 493 1757 521 obtutibus.
1768 493 1824 520 Hu-

998 536 1131 571 jusmodi
1147 545 1215 573 ergo
1233 537 1280 565 Dei
1304 537 1520 573 testimonium,
1538 545 1595 565 non
1612 538 1647 565 ad
1663 537 1718 565 hoc
1731 537 1827 565 solum

1002 581 1121 617 respicit
1131 583 1207 618 quod
1220 591 1271 618 per
1280 590 1310 610 se
1325 582 1375 610 lux
1385 582 1462 610 bona
1472 584 1515 610 est
1524 584 1552 610 et
1563 582 1697 618 jucunda
1707 590 1826 610 cernen-

1002 625 1092 661 tibus,
1101 627 1151 654 sed
1162 626 1250 654 etiam
1267 629 1385 663 propter
1394 626 1551 655 utilitatem
1563 635 1626 663 quin
1637 627 1826 663 postmodum

1002 678 1035 697 ex
1051 678 1084 698 ea
1100 671 1154 698 fuit
1169 671 1471 707 collatimortaiibus,
1482 672 1588 700 bonam
1606 671 1687 699 dixit.
1700 673 1734 699 Et
1744 679 1827 706 sepa-

1001 716 1079 743 ravit
1093 715 1164 743 Deus
1179 716 1253 743 inter
1267 717 1355 744 lucem
1365 721 1391 744 et
1405 716 1539 750 tenebras,
1555 717 1583 744 id
1596 718 1639 744 est
1653 716 1828 744 incommix-

1001 761 1062 787 tam
1078 761 1213 788 naturam
1230 759 1357 796 illarum,
1373 760 1490 797 sibique
1505 769 1539 788 ex
1553 760 1759 789 contrarietate
1769 760 1828 788 dis-

1001 811 1100 839 parem
1113 804 1282 838 fabricavit;
1295 805 1403 841 quippe
1419 813 1493 841 quas
1509 804 1629 841 prolixis
1645 814 1661 833 a
1677 813 1708 833 se
1723 805 1826 841 spatiis

1002 850 1031 875 et
1045 848 1181 876 destituit
1195 851 1224 877 et
1239 849 1387 885 discrevit,
1400 850 1475 877 sicut
1490 849 1601 878 dictum
1617 852 1661 878 est
1677 858 1683 877 :
1701 850 1733 877 Et
1748 857 1825 878 voca-

1001 893 1040 920 vit
1054 893 1124 920 Deus
1140 893 1227 922 lucem
1242 894 1325 927 diem,
1340 898 1366 922 et
1380 894 1506 922 tenebras
1520 895 1624 922 vocavit
1639 898 1751 922 noctem.

1036 937 1062 965 8.
1081 937 1165 966 Nunc
1176 938 1294 974 quidem
1305 942 1370 974 post
1379 938 1448 967 solis
1463 940 1639 967 creationem
1652 939 1713 966 dies
1725 939 1824 975 appel-

1001 980 1122 1015 latur,id
1134 985 1178 1010 est
1188 991 1237 1010 aer
1247 983 1280 1019 (f)
1292 983 1353 1011 sole
1362 983 1825 1019 illustratus,cuminhemispbm-

1000 1024 1043 1053 rio
1059 1027 1136 1062 quod
1152 1035 1243 1063 supra
1253 1029 1361 1056 terram
1377 1030 1423 1056 est
1433 1030 1647 1062 commoratur;
1660 1036 1717 1056 nox
1727 1030 1824 1055 autem

1001 1069 1109 1098 dicitur
1124 1073 1208 1099 terrm
1223 1072 1419 1108 obumbratio,
1436 1081 1499 1108 quae
1516 1072 1575 1101 sole
1589 1073 1619 1100 in
1635 1080 1739 1101 occasu
1757 1081 1826 1100 con-

1000 1112 1062 1142 dito
1087 1118 1253 1152 generatur,
1270 1120 1339 1144 tunc
1363 1121 1462 1145 autem
1490 1126 1547 1145 non
1573 1117 1669 1145 solum
1695 1117 1825 1153 corporis

1001 1161 1095 1194 motu,
1111 1160 1161 1188 sed
1178 1161 1333 1189 diil‘usione
1357 1161 1527 1198 principalis
1542 1161 1674 1194 luminis,
1691 1162 1778 1190 modo
1794 1170 1825 1189 se

1001 1204 1204 1241 subducentis,
1214 1206 1300 1234 modo
1310 1206 1405 1234 denuo
1417 1206 1593 1242 reducentis,
1606 1207 1768 1234 secundum
1780 1207 1825 1234 di-

999 1248 1098 1276 vinam
1111 1250 1335 1287 praeceptionem
1343 1251 1405 1279 dies
1416 1252 1796 1287 ﬁebat,noxquesequebatu
1802 1261 1824 1279 r.

1001 1294 1035 1321 Et
1049 1294 1123 1328 facta
1137 1299 1177 1322 est
1202 1303 1323 1331 vespera,
1346 1300 1372 1324 et
1385 1297 1492 1332 factum
1506 1300 1545 1324 est
1565 1304 1647 1323 mane
1670 1296 1729 1324 dies
1743 1305 1823 1324 unus.

999 1336 1133 1373 Vespere
1142 1339 1232 1375 igitur
1241 1349 1278 1368 nu
1284 1340 1824 1376 ncupatio,communiterintelligenda

999 1384 1053 1409 est.
1069 1382 1141 1411 Nam
1158 1386 1187 1412 et
1198 1384 1356 1420 incipiente
1372 1384 1466 1419 die,et
1480 1385 1515 1412 ad
1532 1393 1668 1412 occasum
1679 1387 1824 1421 vergente,

1001 1435 1058 1454 nox
1073 1427 1098 1454 ei
1115 1436 1170 1455 sua
1181 1427 1329 1456 vicinitate
1345 1429 1482 1464 contigua
1495 1431 1539 1456 est
1555 1437 1561 1456 :
1579 1431 1781 1456 verumtamen
1794 1432 1826 1456 ut

1000 1470 1160 1499 nativitatis
1177 1472 1287 1500 diurnae
1303 1472 1454 1508 privilegia
1464 1475 1634 1506 reservaret,
1646 1473 1719 1500 dixit
1730 1473 1825 1509 primo

997 1522 1159 1550 vesperam,
1177 1516 1276 1544 dicens
1301 1517 1371 1552 quia
1395 1525 1451 1544 nox
1467 1517 1543 1545 diem
1569 1517 1735 1546 comitatur.
1754 1520 1824 1546 Nam

999 1561 1158 1594 antequam
1167 1560 1218 1588 lux
1226 1563 1444 1597 crearetur,nox
1457 1570 1515 1589 non
1526 1561 1688 1590 habebatur
1697 1561 1726 1590 in
1739 1571 1824 1590 mun-

1000 1603 1047 1637 do,
1065 1604 1115 1632 sed
1131 1605 1268 1633 tenebrae.
1285 1605 1475 1634 Obumbratio
1491 1614 1559 1643 ergo
1574 1609 1657 1634 terrae
1674 1615 1762 1643 quam
1774 1616 1824 1635 su-

998 1656 1051 1684 pra
1067 1649 1196 1678 diximus
1211 1650 1392 1679 intercidens
1402 1651 1479 1679 diem
1491 1659 1548 1679 nox
1563 1651 1708 1687 appellata
1723 1653 1785 1680 est:
1798 1655 1826 1679 et

999 1692 1053 1720 dco
1068 1701 1141 1721 novo
1158 1694 1276 1723 nomine
1299 1698 1365 1731 post
1386 1695 1604 1732 generationem
1620 1696 1745 1724 vocitata
1759 1699 1801 1724 est
1818 1705 1824 1723 :

999 1738 1083 1765 Facta
1098 1740 1137 1765 est
1151 1739 1248 1774 itaque
1271 1747 1397 1774 vespera,
1413 1745 1439 1768 et
1461 1742 1565 1776 factum
1583 1742 1625 1768 est
1647 1748 1728 1768 mane
1742 1749 1752 1768 :
1767 1749 1824 1768 non

1000 1780 1072 1809 dixit
1086 1782 1148 1810 dies
1161 1788 1243 1819 atque
1256 1791 1322 1820 nox,
1338 1785 1389 1812 sed
1404 1793 1524 1820 vespera
1539 1787 1567 1812 et
1582 1793 1679 1818 mane,
1696 1787 1728 1812 ut
1743 1793 1824 1813 voca~

999 1825 1060 1853 buli
1083 1827 1216 1855 videlicet
1239 1829 1411 1864 dignitatem
1435 1829 1512 1865 parti
1535 1829 1648 1857 meliori
1672 1829 1823 1858 tribueret.

997 1870 1071 1898 Nam
1096 1871 1158 1900 dies
1181 1880 1263 1907 usque
1288 1881 1439 1908 vesperam
1460 1881 1604 1909 marisque
1629 1873 1780 1909 contingit,
1797 1877 1826 1902 ct

998 1914 1073 1942 hanc
1080 1916 1322 1944 consuetudinem
1333 1917 1461 1953 reperies
1470 1918 1578 1953 ubique
1589 1918 1737 1946 custodire
1747 1918 1823 1946 Seri-

997 1961 1115 1995 pturam
1131 1960 1161 1988 in
1177 1961 1359 1997 temporibus
1374 1962 1577 1990 numerandis.
1590 1962 1721 1990 Dicimus
1744 1963 1822 1991 enim

997 2004 1040 2030 tot
1048 2003 1111 2032 dies
1121 2004 1236 2040 elapsos
1245 2005 1436 2038 esse,nullam
1454 2007 1593 2034 facientes
1601 2006 1730 2034 noctium
1739 2015 1819 2034 men-

997 2047 1118 2082 tionem,
1130 2048 1207 2077 sicut
1217 2049 1351 2084 psalmus
1364 2051 1448 2079 docet
1463 2059 1470 2078 :
1489 2052 1548 2079 Die:
1563 2059 1701 2078 annorum
1715 2053 1822 2079 nostro-

997 2100 1061 2120 rum
1074 2092 1165 2127 (Psal.
1183 2102 1297 2128 Lxxxtx,
1311 2095 1365 2131 10).
1382 2095 1416 2122 Et
1430 2094 1535 2122 iterum
1550 2094 1641 2122 Jacob
1658 2103 1664 2122 :
1682 2095 1743 2122 Dies
1759 2096 1824 2124 vitm

997 2144 1066 2165 mese
1079 2136 1246 2173 breves(g)et
1260 2138 1411 2174 mali(Gen.
1421 2146 1508 2172 van,
1523 2138 1562 2173 9).
1576 2138 1610 2165 Et
1621 2137 1690 2166 alibi
1704 2145 1711 2166 :
1726 2138 1823 2166 Omnes

996 2181 1054 2209 dies
1068 2183 1133 2210 vitae
1147 2190 1214 2210 meae
1228 2182 1316 2217 (Paul.
1332 2191 1401 2217 xm,
1415 2183 1454 2218 6).
1471 2183 1545 2219 Ergo
1562 2191 1625 2218 quae
1641 2184 1712 2210 tunc
1728 2182 1822 2210 histo‘

997 2226 1048 2254 ria
1054 2234 1143 2254 causa
1149 2226 1380 2263 relatasunt,pro
1387 2227 1502 2264 legibus
1509 2227 1691 2264 inposterum
1697 2227 1824 2255 valitura

997 2270 1123 2306 scriptor
1132 2270 1307 2299 instituit.El
1313 2272 1369 2307 fuit
1374 2272 1733 2308 vupera,elfuitmanedies
1740 2280 1822 2300 unus.

117 2321 262 2350 excoleris
272 2323 426 2350 venustate
438 2322 739 2358 formatur,quomodo
747 2321 844 2350 lucem
856 2322 941 2357 cujus

1002 2315 1190 2348 Quamobrem
1203 2324 1260 2343 non
1271 2315 1537 2352 dixit,primus,sed
1548 2325 1625 2344 unus
1633 2318 1645 2344 Ρ
1653 2316 1734 2352 Et(h)
1745 2319 1824 2344 certe

117 2367 220 2394 natura
229 2365 359 2402 simplex
370 2368 424 2401 est,
432 2366 545 2402 sibique
555 2374 608 2402 per
617 2367 718 2395 omnia
728 2366 845 2400 similis,
856 2366 943 2403 plena

117 2410 324 2445 praedicatione
340 2411 419 2447 quod
440 2411 517 2439 bona
533 2410 582 2444 sit,
597 2419 758 2447 possumus
773 2411 917 2448 explicare
930 2412 941 2439 Ρ

116 2453 158 2482 Ita
171 2455 253 2483 enim
269 2457 298 2483 et
312 2463 416 2484 aurum
432 2456 542 2484 bonum
558 2455 693 2491 dicimus,
711 2464 769 2485 non
784 2456 853 2492 quia
867 2456 941 2485 bene

149 2517 188 2553 (α)
203 2517 286 2546 Colb.
298 2518 458 2554 secundus,
468 2519 644 2554 illuminant:
657 2519 793 2554 efﬁcitur;
808 2521 836 2547 et
851 2519 890 2548 ita
906 2528 941 2548 ex

116 2554 223 2589 regulis
246 2553 448 2590 grammaticis
471 2553 527 2590 legi
555 2553 688 2590 oportere
711 2557 857 2590 putarem,
882 2556 940 2584 nisi

115 2596 168 2627 vox
179 2590 271 2627 aether
285 2592 362 2617 esset
375 2590 511 2627 neutrius
521 2590 636 2624 generis
646 2591 725 2626 apud
740 2591 938 2627 Erustatbium,

115 2626 162 2660 qui
178 2625 208 2652 in
224 2625 301 2652 libro
316 2625 402 2653 tertio
418 2625 496 2654 ultra
506 2627 636 2654 medium
652 2625 694 2654 sic
710 2626 838 2662 scripsit,
850 2625 940 2655 sum

114 2663 204 2688 autem
219 2662 282 2696 quis
296 2661 400 2689 dubitet
413 2662 571 2696 ﬂammeum
585 2670 642 2689 esse
651 2663 664 2689 .9

148 2697 185 2732 (ὁ)
200 2697 290 2734 Editi.
305 2699 445 2725 mentione
458 2700 596 2734 motuque.
613 2699 650 2725 At
669 2697 761 2725 nostri
776 2699 836 2726 tres
852 2705 936 2734 mss.,

115 2731 268 2760 intentione
282 2735 422 2768 motuque.

149 2768 183 2803 (c)
198 2769 286 2801 Editi,
302 2769 475 2797 verberatum
497 2777 659 2798 sermonem.
680 2768 761 2797 Colb.
778 2769 936 2805 secundus,

114 2805 288 2866 qerberatum
302 2812 358 2833 sua
371 2805 422 2833 Dei
435 2812 596 2833 sermonem.
620 2805 653 2833 In
677 2805 787 2840 Graeco,
801 2804 847 2831 τὸν
864 2804 936 2832 θεῖον

133 2849 207 2866 ογον.

133 2849 195 2868 ογον
200 2861 207 2868 .

157 2876 186 2912 d)
199 2875 284 2906 Colb.
301 2875 460 2911 secundus,
475 2883 510 2904 ea:
532 2875 662 2905 membri:
675 2880 701 2905 et
714 2876 851 2905 coloribus
864 2876 937 2904 inter

997 2359 1226 2395 consequentius
1233 2359 1371 2396 fueratei,
1382 2360 1574 2397 quidicturu
1581 2361 1686 2389 eratde
1693 2361 1823 2389 secundo

996 2406 1026 2432 et
1039 2404 1136 2439 tertio,
1149 2405 1179 2432 et
1192 2407 1307 2440 quarto,
1325 2405 1454 2441 primum
1470 2405 1548 2434 diem
1564 2406 1660 2442 potius
1676 2405 1822 2441 appellare

996 2456 1085 2485 quam
1099 2457 1202 2476 unum.
1214 2449 1270 2477 Sed
1283 2449 1337 2477 hoc
1349 2450 1662 2486 dixit,autmensuram
1670 2449 1820 2478 disisimul

994 2529 1024 2549 se
1037 2521 1193 2557 compositi:
1207 2521 1233 2548 et
1247 2528 1283 2548 ea:
1297 2523 1437 2550 venustate
1449 2524 1596 2557 formatur.

1030 2556 1065 2592 (ε)
1080 2556 1174 2593 godex
1189 2564 1276 2593 unus,
1302 2565 1355 2584 non
1378 2566 1428 2593 pro
1443 2556 1549 2586 eximia
1572 2557 1816 2592 compaginatione.

1029 2593 1062 2628 (Γ)
1079 2592 1164 2625 Editi,
1180 2592 1236 2620 sole
1250 2592 1393 2620 lustratus.
1410 2593 1488 2621 Colb.
1506 2594 1663 2627 secundus,
1677 2592 1734 2619 sole
1748 2592 1817 2619 illu-

993 2632 1110 2656 stratus.

1031 2664 1070 2699 (g)
1086 2663 1166 2691 Colb.
1176 2663 1334 2699 secundus,
1344 2663 1437 2691 breves
1445 2664 1604 2698 etmaligni.
1616 2662 1721 2699 statim
1733 2662 1816 2697 editi,

995 2684 1128 2735 quis/tum
1143 2684 1274 2727 historia.
1292 2684 1370 2726 Libri
1394 2684 1522 2732 veteres",~
1531 2684 1668 2735 qiiwgtunc
1681 2684 1813 2727 historiae:

1030 2708 1054 2727 8
1068 2708 1128 2727 tum
1143 2708 1274 2727 umorue.
1292 2708 1370 2726 thl‘l
1394 2708 1514 2732 veteres,
1550 2708 1590 2726 αεε
1603 2708 1668 2726 tunc
1681 2708 1813 2727 mswrxz.

1030 2735 1069 2770 (Ιι)
1086 2735 1172 2770 Editi,
1193 2735 1354 2771 ιιιιὶαισενιξἶ
1369 2735 1513 2771 Antiqui
1524 2708 1581 2771 duo
1597 2733 1674 2771 libri,
1691 2737 1716 2761 et
1732 2737 1814 2763 certe.

1030 2743 1069 2770 in)
1086 2743 1172 2770 nam,
1193 2743 1260 2796 quia
1275 2743 1354 2762 certe.
1378 2743 1499 2771 antiqui
1524 2743 1581 2762 auo
1597 2743 1674 2769 unri,
1691 2743 1716 2761 et
1732 2743 1814 2763 certe.

994 2770 1025 2798 In
1039 2771 1147 2804 Graeco,
1162 2780 1196 2796 κα
1222 2769 1307 2805 τοίγε.
1333 2769 1444 2797 Ibidem
1468 2769 1550 2803 editi,
1565 2771 1614 2805 qui
1636 2770 1816 2798 districtum

991 2808 1039 2834 est.
1066 2807 1145 2834 (lolb.
1172 2805 1330 2837 secundus,
1359 2806 1407 2840 qui
1428 2805 1552 2833 dicturus
1577 2810 1648 2835 erat.
1672 2806 1730 2835 Alii
1756 2808 1814 2835 duo

991 2850 1082 2876 mss.,
1098 2841 1148 2878 qui
1162 2842 1288 2869 dicturus
1302 2842 1351 2868 est.
