2011 3142
162 177 217 208 891

629 180 828 211 APPENDIX
851 181 1015 212 OPERUM
1037 182 1070 212 S.
1093 182 1234 213 BASILll
1256 183 1394 214 MAGNI.

1807 181 1868 211 892

163 243 258 271 noctis
274 251 329 279 que
343 243 496 278 deﬁniens,
512 246 541 272 et
562 246 679 280 tempus
694 246 731 282 (a)
747 246 900 282 utriusque
916 255 982 274 con-
1001 247 1028 280 Α
1044 247 1135 276 multa
1151 248 1258 276 saecula
1274 249 1358 277 nobis
1368 249 1518 285 Scriptura
1529 247 1655 276 declaret
1667 247 1769 275 dicens
1778 254 1865 275 ,ςκεπ-

159 288 289 324 jungens
307 295 314 316 :
330 290 362 315 ut
377 288 480 324 viginti
502 291 628 324 quatuor
652 290 729 318 horna
753 291 841 319 unius
857 291 985 327 spatium

163 332 219 359 diei
245 332 414 360 viderentur
437 334 561 368 efﬁcere,
583 335 829 364 subaudientibus
853 335 987 364 videlicet

163 377 259 411 nobis,
276 376 345 412 quia
361 378 578 413 nuncupatione
603 379 671 413 diei,
698 388 753 407 nox
770 389 886 416 quoque
902 381 987 408 debet

163 421 297 457 intelligi.
315 421 406 455 Unde,
430 422 545 450 etiamsi
563 432 654 451 unum
670 425 710 451 'ex
726 425 770 452 his
797 425 858 452 ﬁeri
874 425 984 461 longio-

162 474 235 501 rem,
252 466 399 494 solstitiali
421 467 623 495 immutatione
641 469 712 497 715
732 470 896 506 contigerit,
913 479 986 505 prae-

162 511 279 538 ﬁnitum
294 513 392 538 tamen
405 512 521 547 tempus
531 512 670 540 horarum
681 514 835 550 utriusque
844 514 986 550 complec-

162 555 236 582 titur
251 555 412 589 intervalla,
427 558 567 592 tanquam
583 557 608 585 si
623 558 731 586 dixeris
741 559 844 595 viginti
861 562 988 595 quatuor

163 599 250 628 horas
266 601 302 628 ad
315 608 483 629 mensuram
496 601 583 630 unius
594 602 651 630 diei
662 603 800 638 pertineri
816 612 823 631 :
840 603 882 631 vel
895 613 985 632 unum

161 645 283 672 forsitan
300 645 382 678 dixit,
399 645 436 672 ob
451 645 515 681 hoc,
528 646 598 682 quia
614 647 643 674 in
659 647 728 675 emlo
740 647 775 675 de
791 648 877 675 certis
893 649 987 684 signis

161 688 192 716 in
207 689 307 716 eadem
324 689 429 717 iterum
446 691 502 718 sub
517 699 574 718 uno
588 691 634 719 die
650 692 795 727 processio
813 692 884 721 solis
896 695 924 720 et
940 702 986 721 re-

159 733 254 761 versio
269 733 442 762 celebratur.
458 735 500 762 Ita
515 735 630 771 quoties
640 745 760 772 vespera
775 737 818 765 vel
835 745 932 771 mane,
942 746 986 765 se-

163 779 293 805 cundum
309 778 379 806 solis
395 779 563 813 circuitum,
574 782 718 808 terrarum
730 782 829 809 orbem
845 782 986 818 complec-

160 823 245 855 titur,
254 831 310 850 non
322 823 463 859 ampliore
471 826 602 860 tempore
613 834 700 861 quam
714 826 801 854 unius
813 826 870 854 diei
880 827 986 862 spatio,

161 866 281 903 propria
296 867 371 894 solet
385 868 531 896 curricula
545 869 676 897 deﬁnire.
689 870 740 898 Vel
756 870 834 898 sicut
848 871 988 898 secretior

163 911 255 939 tradit
271 911 355 947 ratio,
371 912 448 940 Deus
464 921 530 940 cum
544 917 679 942 naturam
695 915 834 950 temporis
850 923 987 951 procrea—

161 957 217 989 ret,
229 958 257 984 et
274 964 444 984 mensuram
461 957 485 985 ei
503 958 646 994 signaque
657 961 735 986 certa
746 967 780 986 ex
796 959 910 988 dierum
920 968 988 988 con-

162 999 260 1028 stituit
285 1001 471 1029 intervallis:
494 1005 522 1030 et
545 1011 596 1038 per
619 1003 815 1040 septimanam
841 1005 990 1032 numerari

160 1043 263 1080 voluit,
275 1053 400 1081 eamque
412 1054 529 1082 semper
541 1048 571 1075 in
583 1048 772 1084 semetipsam
784 1049 910 1077 converti
921 1058 990 1085 prai-

162 1089 367 1125 cepit,motum
374 1092 515 1127 temporis
524 1093 701 1127 metientem,
714 1102 874 1129 rursusque
882 1094 918 1129 (b)
925 1102 989 1130 sep-

162 1133 305 1162 timanam
314 1135 537 1171 supplerijussit
544 1137 632 1166 unius
640 1138 695 1165 diei
703 1139 877 1174 spatio,quae
883 1138 991 1174 septies

164 1177 194 1205 in
211 1179 369 1214 semetipsa
384 1179 552 1209 reﬂectitur.
568 1182 723 1217 Hegenim
739 1183 813 1211 ratio
824 1185 868 1211 est
879 1182 990 1210 volubi-

163 1221 238 1250 lium
248 1223 478 1258 schematum,ut
489 1234 505 1253 a
513 1234 542 1253 se
550 1226 876 1263 incipientiasemperﬁn
889 1229 992 1255 semet-

163 1266 229 1301 ipsa
244 1267 385 1297 ferantur.
397 1269 478 1300 Quod
487 1270 574 1297 etiam
588 1272 761 1299 saeculorum
773 1271 924 1308 proprium
935 1273 989 1304 est,

165 1319 230 1347 qua:
247 1320 297 1348 per
306 1321 360 1340 sua
371 1321 402 1341 se
412 1313 593 1343 incessanter
607 1315 728 1351 vestigia
740 1315 922 1349 revolvenda,
932 1317 990 1343 ter-

164 1356 278 1384 minum
289 1356 369 1385 nulla
381 1358 491 1387 ratione
501 1360 675 1396 percipiunt.
688 1360 843 1396 Propterea
854 1361 989 1388 verticem

162 1401 304 1437 temporis
313 1410 370 1430 non
381 1402 521 1438 primum,
535 1404 586 1432 sed
598 1413 689 1432 unum
702 1406 882 1441 nuncupavit
894 1405 970 1433 diem
983 1413 989 1432 :

164 1448 197 1473 ut
211 1454 246 1473 ex
261 1445 325 1482 ipsa
338 1448 556 1484 nuncupatione
565 1457 632 1477 cum
647 1449 752 1477 saeculo
761 1449 816 1478 sibi
828 1452 992 1478 servaretur

166 1490 416 1519 al‘ﬁnitas.Rerum
423 1492 500 1520 enim
508 1493 829 1530 simplicium,ni'nilque
836 1502 992 1524 commune

167 1542 235 1562 eum
250 1535 316 1563 aliis
341 1536 524 1573 habentium,
541 1539 691 1574 specimen
713 1539 847 1568 indicans
863 1548 992 1576 congrue

164 1579 282 1615 penitus
292 1582 321 1608 et
333 1580 470 1609 decenter
480 1583 650 1611 nominatus
660 1586 705 1611 est
714 1593 802 1613 unus.
815 1584 849 1612 Et
859 1583 993 1619 quamvis

201 1651 241 1691 (a_)
257 1651 378 1691 antiqui
392 1653 449 1691 duo
463 1653 529 1681 libri
538 1657 567 1681 et
577 1655 811 1691 editi,ulriusque
822 1657 989 1690 contingens.

165 1687 202 1726 At
216 1686 295 1726 Cplb.
312 1689 473 1726 secundus,
482 1691 626 1724 utriusque
639 1686 817 1726 coniungens,
829 1694 857 1718 et
868 1692 908 1718 ita
916 1686 991 1718 scri-

166 1723 296 1761 bepdum
308 1723 508 1761 judicavimus
524 1726 560 1752 ob
577 1723 648 1753 illud
665 1723 815 1753 συνάτξτων.
830 1729 894 1754 Mox
908 1727 991 1761 editi,

164 1758 294 1796 videntur
310 1758 430 1796 efﬁcere.
446 1761 482 1788 At
497 1761 588 1789 nostri
604 1763 663 1789 tres
679 1771 764 1796 mss.,
778 1762 950 1790 viderentur.

201 1794 438 1834 (b)_Antiqui>duo
447 1795 515 1834 libri
524 1799 553 1824 et
561 1797 641 1830 editi,
652 1794 799 1834 rursusque
810 1799 992 1834 septimanam

166 1831 292 1869 supplere
302 1831 387 1866 jussit
401 1833 484 1860 unius
498 1832 557 1860 diei
576 1834 676 1869 spatia.
696 1836 731 1861 At
746 1831 826 1862 Colb.
836 1831 992 1862 'secundus

167 1869 200 1892 ut
214 1867 244 1903 in
254 1869 407 1903 contextu.
425 1869 535 1896 Ibidem
551 1867 640 1896 codex
656 1872 764 1903 noster,
781 1871 831 1903 qui
845 1871 955 1903 septies.

204 1902 238 1936 (ο)
254 1902 330 1940 Editi
345 1906 374 1930 et
389 1904 468 1940 Colb.
487 1905 611 1939 primus,
628 1906 686 1933 sive
707 1902 847 1939 smulum,
862 1902 920 1933 sive
935 1914 993 1940 sep-

166 1937 264 1975 timum
278 1938 394 1975 digeris.
411 1937 496 1967 Colb:
507 1940 590 1975 alter,
605 1937 671 1968 'siue
685 1937 993 1975 secundum'seplimu'm

165 1971 280 2000 duceris.
304 1973 395 2002 Vetus
420 1976 509 2003 codex
533 1971 589 2012 qui,
607 1977 684 2012 apud
702 1986 754 2005 nos
779 1971 921 2012 servatur,
937 1978 993 2005 sive

1041 292 1128 320 lorum
1138 301 1195 320 esse
1204 293 1312 328 saecula,
1322 296 1419 322 tamen
1433 301 1486 321 nec
1497 292 1534 320 ibi
1548 292 1688 328 primum,
1701 294 1752 319 aut
1763 299 1864 319 secun-

1040 337 1122 372 dum,
1133 341 1182 365 aut
1197 338 1314 365 tertium
1325 337 1462 365 seaculum
1473 339 1653 364 numeratur.
1667 335 1750 364 Unde
1763 344 1864 363 causa-

1041 390 1073 409 ru
1079 383 1206 418 mpotius
1213 383 1395 410 diversarum
1403 381 1803 417 actuumquedill’erentias,et
1810 389 1865 407 non

1041 427 1214 454 saiculorum
1231 426 1370 455 circuitus
1385 429 1412 454 et
1428 426 1630 454 successiones
1647 433 1679 453 ac
1696 425 1768 452 lines
1783 425 1867 452 dalur

1041 471 1174 507 intelligi.
1192 472 1254 499 Dies
1264 473 1348 506 enim,
1358 471 1465 507 inquit,
1477 471 1587 498 Domini
1598 478 1714 505 magnus
1724 471 1750 497 et
1762 469 1868 496 lucidus

1041 516 1118 551 (Joel.
1131 525 1161 549 ιι,
1180 516 1233 552 11).
1251 517 1283 543 Et
1298 515 1367 544 alibi
1384 524 1390 543 :
1408 515 1478 550 Quid
1494 515 1568 543 vobis
1582 522 1707 550 quaerere
1727 513 1802 542 diem
1819 513 1868 540 Do-

1040 561 1133 588 mini?
1148 560 1205 596 Qui
1216 565 1307 588 tamen
1318 560 1440 588 tenebras
1454 559 1545 592 habet,
1557 567 1612 587 non
1629 558 1721 586 lucem
1733 558 1826 594 (Amos
1842 566 1868 590 ν,

1043 605 1095 641 18).
1112 605 1165 632 Sed
1182 605 1316 633 tenebras
1332 613 1380 632 eas
1397 604 1471 632 dixit
1485 613 1548 640 qua
1564 604 1710 639 deputatae
1726 604 1798 630 sunt
1813 602 1868 629 sibi

1042 649 1150 686 dignis.
1158 650 1230 677 Nam
1241 649 1427 677 inocciduum
1436 652 1464 677 et
1471 648 1685 684 sempiternum
1694 647 1774 675 diem
1785 646 1871 674 illum

1042 702 1137 721 sermo
1153 696 1289 729 testatur,
1306 702 1392 730 quem
1404 693 1492 721 etiam
1515 695 1650 721 octavum
1667 691 1802 728 psalmus
1819 700 1870 726 ap-

1041 739 1130 774 pellat
1146 748 1152 766 :
1169 739 1278 775 quippe
1293 738 1342 774 qui
1355 740 1436 766 extra
1446 740 1562 773 tempus
1573 737 1708 765 habetur.
1722 736 1790 764 Sive
1801 744 1871 772 ergo

1040 783 1130 818 diem,
1142 783 1202 810 sive
1212 783 1246 818 (ιε)
1258 782 1471 818 saeculum,sive
1483 782 1644 817 septimum
1656 780 1816 814 dixeris,ex
1824 788 1870 807 eo-

1041 828 1107 855 dem
1116 827 1406 860 trahiturintellectu,
1418 826 1606 863 singulariter
1617 827 1646 853 et
1657 834 1715 853 non
1724 824 1869 862 multipli-

1042 872 1114 899 citer
1129 871 1302 899 declaratur.
1315 873 1415 907 Itaque
1425 873 1456 899 ut
1471 871 1507 899 ad
1520 870 1649 898 futuram
1665 869 1757 896 vitam
1770 870 1872 896 nostra

1041 917 1168 952 cogitata
1184 917 1330 952 dirigeret,
1347 917 1422 944 diem
1436 914 1639 952 principalem,
1655 914 1706 949 qui
1717 915 1763 941 est
1773 913 1872 949 imago

1046 961 1229 996 szaculorum,
1247 970 1339 989 unum
1355 969 1412 989 non
1429 960 1575 988 immerilo
1591 958 1739 992 voeitavit,
1757 960 1791 985 ut
1806 959 1873 994 pote

1044 1005 1151 1033 lumini
1163 1014 1331 1041 aequavum.
1344 1006 1412 1033 Dico
1422 1007 1520 1032 autem
1537 1005 1672 1032 sanctum
1684 1002 1872 1030 Dominicum

1047 1049 1097 1086 qui
1113 1050 1325 1078 resurrectione
1335 1049 1514 1086 gloriﬁcatus
1530 1050 1574 1076 est
1588 1046 1756 1076 Salvatoris.
1774 1046 1810 1074 Et
1819 1046 1874 1073 hoc

1045 1097 1091 1122 est
1105 1095 1182 1130 quod
1199 1095 1272 1122 dixit
1287 1103 1293 1121 :
1312 1096 1392 1122 Facta
1407 1098 1445 1122 est
1461 1102 1582 1129 uespera,
1592 1094 1616 1120 et
1626 1094 1733 1128 factum
1743 1095 1784 1119 est
1793 1099 1875 1118 mane

1045 1139 1105 1166 dies
1121 1147 1199 1166 unus.
1215 1139 1270 1166 Sed
1286 1146 1410 1174 vesperae
1426 1137 1544 1173 quidem
1554 1136 1634 1164 illius
1646 1135 1776 1164 narratio
1788 1143 1874 1163 occu-

1046 1187 1124 1218 pata,
1135 1183 1270 1220 praesenti
1282 1191 1402 1219 vespera
1411 1183 1531 1210 modum
1542 1181 1642 1209 cursui
1655 1182 1762 1208 nostra:
1774 1179 1874 1215 dispu-

1045 1228 1166 1255 tationis
1182 1228 1316 1264 imponit.
1336 1228 1418 1256 Pater
1429 1229 1528 1255 autem
1539 1235 1612 1254 vero:
1627 1225 1714 1259 lucis,
1731 1225 1783 1260 qui
1794 1225 1873 1252 diem

1046 1272 1153 1300 cmlesti
1170 1272 1280 1300 lumine
1292 1272 1450 1307 decoravit,
1460 1274 1610 1300 etnoctem
1626 1270 1703 1306 ignis
1715 1269 1808 1297 radiis
1819 1268 1876 1296 cla«

1046 1316 1443 1352 refecit,quiventurlszsculi
1461 1316 1590 1352 requiem
1609 1314 1792 1342 merentibus
1803 1322 1876 1349 prer-

1046 1361 1168 1397 paravit,
1185 1361 1274 1389 corda
1290 1363 1386 1389 vestra
1397 1360 1554 1396 perlustrat
1564 1359 1714 1396 agnitione
1729 1357 1875 1391 veritatis,

1047 1408 1076 1434 et
1089 1405 1292 1433 intemeratam
1309 1405 1455 1433 custodiat
1465 1404 1554 1432 vitam
1571 1406 1710 1437 vestram,
1729 1404 1875 1439 praestans

1046 1450 1128 1478 vobis
1141 1450 1262 1478 honeste
1273 1449 1588 1485 ambulare,quatenus
1601 1447 1737 1483 fulgeatis
1748 1449 1781 1475 ut
1792 1446 1835 1475 sol
1846 1447 1874 1473 in

1047 1494 1222 1522 claritudine
1242 1496 1411 1522 sanctorum
1437 1501 1569 1526 suorum,
1586 1493 1621 1520 ad
1647 1492 1876 1520 exsultationem

1048 1547 1143 1567 meam
1158 1539 1188 1566 in
1205 1538 1282 1567 diem
1309 1538 1433 1572 Domini,
1452 1538 1500 1566 cui
1515 1537 1608 1573 gloria
1631 1539 1660 1565 et
1675 1537 1780 1570 honor,
1797 1543 1877 1564 nunc

1048 1586 1077 1610 et
1092 1592 1208 1619 semper
1223 1585 1251 1611 et
1267 1583 1296 1610 in
1313 1582 1421 1611 saecula
1434 1582 1621 1610 saeculorum.
1637 1582 1741 1608 Amen.

1046 1655 1341 1692 sgeculumgseptimum
1355 1653 1459 1692 dixeris
1475 1662 1485 1681 :
1500 1652 1660 1692 inquibus
1676 1650 1819 1692 omnibus
1833 1651 1876 1692 vi-

1045 1691 1078 1717 tii
1096 1690 1206 1726 aliquid
1222 1687 1320 1728 inesse
1345 1689 1489 1728 suspicor.
1516 1687 1586 1728 Mihi
1603 1688 1695 1728 igitur
1716 1687 1876 1715 verisimile

1046 1728 1080 1753 tit
1103 1734 1208 1764 vocem
1225 1727 1373 1764 septimum
1399 1725 1461 1764 lpco
1487 1727 1598 1764 motam
1622 1725 1726 1764 fuisse,
1751 1731 1876 1764 eamque

1046 1761 1146 1796 reponi
1164 1759 1269 1789 debere
1286 1761 1371 1797 paulo
1392 1761 1491 1793 altius,
1509 1760 1563 1788 hac
1579 1759 1665 1797 modo
1681 1767 1691 1797 :_
1707 1759 1813 1794 Quippe
1828 1759 1874 1794 qui

1029 1829 1037 1837 _
1046 1795 1129 1825 exire
1144 1799 1248 1837 tempus
1258 1795 1404 1837 septimum
1416 1796 1553 1837 habetur“:
1567 1795 1804 1837 cui‘cpﬁniectpraa
1816 1802 1874 1835 non

1046 1841 1151 1867 parum
1170 1829 1267 1860 favent
1288 1829 1438 1860 'Basiliana
1458 1832 1519 1863 illa,
1535 1829 1580 1857 διὰ
1594 1829 1625 1857 τὸ
1640 1829 1690 1864 ἔξω
1705 1831 1876 1871 neio‘Qat'roﬁ

1047 1866 1231 1893 ἑϐδοματικοῦ
1245 1867 1343 1893 τούτου
1358 1868 1470 1893 γοόνου.
1492 1867 1563 1893 Utut
1578 1867 1639 1893 haec
1654 1869 1736 1893 sunt.
1753 1866 1829 1893 nihil
1846 1874 1876 1893 ιιι

1047 1866 1231 1904 ἑϐδοματικοῦ
1245 1867 1343 1895 τούτου
1358 1868 1470 1905 χρόνου.
1492 1867 1563 1895 Utut
1578 1867 1639 1894 haec
1654 1866 1829 1907 suntnam“
1846 1867 1876 1893 in

1048 1907 1191 1946 contextu
1202 1904 1396 1946 ‘mutuvimus,
1413 1904 1508 1946 Aﬁd‘em
1525 1903 1668 1946 librorum
1686 1904 1878 1946 antiquorpni

1048 1940 1161 2003 spcu'tti}
1177 1940 1334 1976 Aliquanto
1356 1942 1422 1976 post
1445 1938 1524 1968 Golb.
1553 1938 1712 1973 secundus,
1738 1939 1772 1964 ut
1793 1938 1834 1965 sol
1850 1938 1879 1964 in

1049 1985 1063 2004 ε
1076 1984 1118 2003 ari
1133 1984 1149 2003 α
1163 1983 1187 2003 e.

172 2037 1608 2051 W

779 2085 964 2132 LIBER
995 2083 1269 2131 TERTIUS.

204 2171 232 2200 4.
248 2172 351 2200 Prima:
368 2172 425 2200 diei
441 2181 539 2209 opera,
551 2173 594 2201 vel
607 2174 704 2210 potius
717 2174 997 2209 unius,nequeenim

167 2215 212 2243 fas
223 2218 269 2243 est
280 2217 306 2243 ei
315 2225 366 2244 nos
378 2217 530 2245 detrahere
541 2218 712 2254 dignitatem
722 2227 834 2254 quama
843 2219 998 2246 Conditore

168 2260 340 2296 promeruit,
353 2268 420 2288 cum
432 2270 483 2297 per
493 2270 525 2289 se
535 2263 724 2299 singulariter
730 2263 999 2298 ederetur,nullate-

1052 2173 1229 2200 suavitatem
1245 2172 1462 2205 demonstrans,
1479 2170 1520 2198 ita
1530 2169 1601 2198 dicit
1617 2178 1623 2198 :
1640 2169 1738 2197 Dulcia
1752 2168 1879 2205 faucibus

1051 2219 1119 2245 meis
1132 2217 1215 2245 verba
1229 2218 1289 2250 tua,
1298 2224 1382 2251 super
1393 2215 1447 2242 mel
1462 2215 1505 2242 ori
1518 2222 1577 2242 meo
1593 2214 1679 2250 (Psal.
1693 2221 1794 2247 cxvm,
1808 2212 1877 2246 103).

1054 2262 1121 2289 Heri
1136 2261 1244 2296 itaque,
1262 2263 1404 2296 quantum
1417 2257 1556 2295 possibile
1572 2258 1636 2292 fuit,
1648 2265 1718 2293 erga
1728 2257 1820 2285 verba
1830 2256 1879 2284 D0-

169 2312 226 2332 nus
235 2303 360 2332 aliarum
370 2297 755 2342 connumeratacurriculis,
766 2308 805 2344 (a)
816 2316 883 2335 cum
895 2308 995 2335 omnia
1011 2297 1032 2330 D
1048 2306 1114 2334 mini
1123 2307 1335 2334 commorantes
1344 2308 1453 2332 vestros
1461 2311 1565 2331 sensus
1575 2301 1771 2330 delectatione
1795 2300 1882 2336 reple-

166 2357 230 2384 quaa
247 2349 276 2375 in
287 2356 322 2376 ea
331 2349 406 2376 facta
419 2352 499 2384 sunt,
511 2351 573 2378 heri
584 2354 684 2379 noster
695 2360 792 2380 sermo
803 2352 953 2380 disseruit.
964 2352 998 2379 Et

169 2393 230 2420 haec
240 2393 350 2428 passim
361 2393 504 2428 dividens,
513 2395 681 2423 alimoniam
691 2397 996 2432 matutinam,vesper-

168 2437 460 2473 tinamqueltetitiam
469 2440 716 2474 praestititanimis
723 2441 907 2476 auditorum;
919 2448 998 2468 nunc

168 2484 268 2510 autem
287 2482 323 2509 ad
341 2482 483 2510 miracula
498 2484 619 2511 secundi
647 2485 703 2513 diei
721 2494 922 2521 properamus.
941 2486 998 2512 lloc

169 2528 269 2554 autem
291 2534 538 2560 commemorans,
562 2536 620 2555 non
644 2528 844 2562 inreferentis
869 2529 1000 2565 potentia

170 2571 280 2599 colloco
292 2579 357 2606 qua
374 2571 523 2606 dicuntur,
536 2572 586 2600 sed
604 2572 633 2600 in
649 2573 805 2608 Scriptura:
819 2573 924 2609 gratia,
937 2582 1000 2608 quae

171 2615 344 2643 naturaliter
362 2616 517 2651 possidens
543 2616 725 2652 intelligendi
742 2618 924 2651 facilitatem,
941 2617 1000 2645 illis

171 2667 302 2687 amorem
320 2668 408 2687 suum
427 2661 565 2688 cordibus
582 2661 803 2697 inspiravit,qui
816 2662 1000 2697 persuasioni

175 2712 207 2731 su
212 2704 328 2739 perﬂuas
340 2705 508 2733 anteferunt
514 2705 757 2741 veritatem;sicut
765 2707 793 2733 et
802 2705 935 2742 psalmus
941 2706 1000 2734 veri

211 2773 415 2811 (a)_Editi,cum
424 2777 561 2804 omnibus.
572 2778 608 2803 At
617 2776 709 2804 nostri
718 2781 777 2805 tres
787 2785 935 2811 mss.,cum
942 2786 1001 2805 om-

175 2810 236 2849 ηία.
247 2809 873 2849 _S__tatim_editi,intelligendifacultatem.Libri
880 2816 1002 2849 veteres,

176 2844 359 2880 intelligendi
371 2844 549 2882 [acilﬂalemj
576 2849 607 2877 In
622 2844 731 2886 Graeco,
746 2849 778 2876 τὸ
793 2844 1000 2886 εὖπαράὸικτονί

1051 2351 1160 2378 vimus.
1177 2352 1210 2377 In
1222 2350 1456 2384 hodiernumque
1471 2349 1548 2376 diem
1566 2347 1738 2375 festinanter
1752 2344 1880 2374 occurri-

1052 2394 1321 2430 mus,sequentium
1329 2401 1427 2421 rerum
1440 2390 1883 2427 miraculaspectaturi.Vsrum-

1052 2442 1150 2467 tamen
1158 2439 1280 2466 minime
1287 2438 1374 2466 latere
1382 2446 1434 2465 nos
1442 2435 1706 2472 potuit,quiamulti
1717 2433 1884 2470 opiﬁcesla-

1053 2484 1123 2511 bore
1130 2491 1249 2510 suarum
1258 2490 1398 2510 manuum
1408 2478 1884 2513 victitantes,circumstantnos,ct

1054 2528 1249 2555 admonentut
1259 2526 1455 2554 narrationem
1463 2524 1641 2561 propositam
1649 2522 1885 2550 brevitatestrin-

1054 2580 1170 2609 gamus,
1183 2571 1341 2607 ne:diutius
1352 2570 1543 2599 extrahantur
1552 2569 1588 2597 ab
1598 2575 1694 2604 opere.
1705 2567 1821 2600 Quibus
1832 2566 1883 2594 hoc

1055 2617 1229 2652 respondeo,
1240 2616 1309 2652 quia
1322 2623 1389 2652 pars
1398 2614 1514 2642 modica
1523 2612 1665 2648 temporis
1677 2611 1811 2639 fenerata
1817 2611 1884 2641 Deo,

1055 2670 1114 2689 non
1127 2661 1221 2689 solum
1237 2661 1303 2696 ipsa
1312 2669 1370 2688 non
1387 2659 1510 2695 deperit,
1522 2658 1572 2686 sed
1589 2664 1657 2684 cum
1674 2656 1795 2692 magnis
1806 2656 1843 2683 ab
1853 2662 1885 2681 eo

1056 2702 1584 2742 rependiturincrementis.0mnes(b)
1591 2701 1668 2730 enim
1677 2709 1723 2729 res
1730 2709 1796 2737 qua
1802 2707 1886 2728 occu-

1056 2776 1147 2805 Paulo
1164 2778 1231 2813 post
1244 2776 1326 2811 editi,
1343 2783 1405 2812 quae
1418 2774 1605 2811 persuasioni,
1625 2772 1707 2800 Colb.
1725 2771 1885 2804 secundus,

1059 2813 1426 2851 qui_pe_rsuasioni:rect_e.
1516 2846 1523 2851 Δ
1555 2844 1573 2851 __
1620 2843 1655 2851 Η
1771 2842 1777 2848 _

1094 2843 1133 2884 (δ)
1148 2849 1236 2883 Editi,
1247 2856 1341 2877 omnes
1356 2849 1429 2877 enim
1444 2854 1498 2875 res.
1509 2843 1628 2880 Antiqui
1639 2844 1697 2872 duo
1708 2843 1886 2878 libri,omni:
