2011 3142
115 135 172 165 901

475 132 688 164 EUSTATHll
713 130 944 162 HEXAEMEBI
966 131 1243 162 METAPHIIASIS
1264 131 1383 162 LIBER
1406 132 1461 163 ῙΠ.

1762 134 1822 165 902

110 203 147 238 (α)
158 202 193 229 Et
205 201 320 236 Moyses
332 198 508 227 benedicens
523 198 632 226 tribum
644 197 764 234 Joseph,
780 206 813 225 ex
826 197 935 225 finibus
951 199 977 232 Α
993 198 1123 233 terjectio
1145 198 1314 233 separavitt,
1329 199 1480 226 occasione
1496 199 1702 235 allegorisrum
1714 202 1743 228 et
1754 209 1823 229 sen-

111 245 219 280 cceli,et
229 243 408 272 mutationes
421 243 536 276 solis,et
549 242 739 270 concursione
751 241 942 276 mensium,et

111 299 144 318 ex
153 289 264 317 vertice
276 288 423 316 montium
436 286 668 315 benedictionem
680 287 730 314 dat
740 287 829 322 (Deut.
841 294 941 320 xxxur,

112 335 203 370 t3);ut
210 335 276 370 pote
283 332 400 369 regione
407 331 523 360 telluris
531 340 594 359 reru
601 340 627 359 m
635 331 738 359 talium
746 330 838 367 copiis
847 331 941 358 abun-

112 380 208 407 dante.
223 378 278 405 Sed
289 377 355 405 etin
364 376 530 404 maledictis
548 375 649 403 Israel:
666 375 944 411 Sil,inquil,tibisu-

114 432 160 460 per
169 424 251 458 caput
259 422 358 449 enatum
372 429 482 450 aeneum
493 420 582 456 (Deut.
594 420 889 455 xxvm,23),indicans
899 419 942 447 in-

114 471 227 505 tegram
236 466 409 499 siccitatem,
419 468 508 501 atque
517 465 663 493 defectum
673 464 796 501 liquoris
806 465 882 492 aeris
894 473 945 500 per

111 521 198 550 quem
209 511 335 540 terrenis
346 511 490 538 fructibus
501 510 664 538 fecunditas
672 511 772 545 optata
780 511 944 545 praestatur.

111 557 231 591 Quando
242 564 311 592 ergo
322 557 357 584 de
367 555 438 583 coelo
451 554 522 583 dicit
532 555 625 582 emitti
641 562 734 582 rorem
747 553 790 581 vel
804 553 944 590 pluviam,

112 603 188 631 720
200 609 293 638 aquas
304 599 444 635 intelligo,
466 608 528 635 quze
545 599 727 636 superiorem
741 600 838 627 tenere
858 599 946 634 jussee

118 649 187 675 sunt
199 646 359 682 regionem.
367 643 600 680 Conglomeratis
611 643 689 671 enim
700 643 857 679 vaporibus
868 642 898 670 in
909 643 947 670 al-

118 693 298 725 tum,etaere
310 690 462 716 ventorum
472 687 590 716 flatibus
600 687 949 723 condensato,exhalutio-

117 744 167 764 nes
184 735 228 762 hac
244 742 308 770 quae
321 732 470 760 subtiliter
482 732 610 760 nubibus
621 731 803 765 inseruntur,
817 740 867 768 per
884 740 948 760 mu-

114 786 183 811 tuas
197 777 380 806 accessiones
396 778 484 813 gutta:
496 776 701 812 perficiuntur,
714 784 824 811 suoque
839 776 950 812 ponde-

113 833 144 852 re
159 823 270 852 collisae
286 823 424 850 deorsum
442 821 600 857 pelluntur.
619 821 683 848 Haec
694 821 887 848 estimbrium
898 829 951 857 ge-

114 870 247 903 neratio;
273 877 340 896 cum
360 876 427 895 vero
452 867 540 894 fuerit
555 867 747 903 despumatus
764 867 880 901 humor,
896 867 948 895 ﬂa-

113 915 234 942 brorum
259 912 397 940 violentia
423 920 628 948 repercussus,
645 920 712 939 cum
739 912 845 947 frigore
859 911 947 939 vehe-

115 958 243 986 mentius
269 957 442 989 indurescit,
467 956 611 984 concretis
638 955 764 989 nebulis,
790 956 839 983 nix
854 956 950 992 gelata

114 1004 244 1032 defertur
259 1002 295 1030 ad
311 1006 429 1029 terram.
446 1003 479 1028 Et
501 1001 620 1028 omnino
636 1001 674 1037 (ὰ)
689 1001 852 1029 secundum
869 1001 949 1036 ejus-

120 1048 199 1076 modi
217 1047 371 1080 rationem,
386 1046 453 1073 licet
468 1045 520 1074 tibi
537 1053 653 1073 omnem
670 1054 815 1081 aquarum
830 1053 949 1081 exspec-

119 1095 180 1120 tare
197 1093 347 1126 naturam,
364 1090 510 1126 quomodo
539 1090 650 1118 circum
675 1098 771 1118 aerem
797 1089 846 1125 qui
863 1097 950 1125 super

120 1146 172 1164 nos
199 1137 423 1172 congregantur.
441 1134 546 1163 Nullus
578 1136 676 1162 tamen
702 1133 950 1170 argumentatinni

119 1190 221 1209 eorum
236 1181 283 1216 qui
301 1180 337 1207 de
351 1179 421 1207 ccelo
438 1179 603 1215 disputant,
620 1178 839 1215 simplicitatem
863 1179 951 1215 spiri-

118 1225 243 1254 tualium
254 1225 289 1261 (ε)
300 1225 372 1252 velit
382 1224 514 1252 conferre
526 1232 706 1251 sermonum.
715 1223 862 1256 Quantum
872 1223 950 1251 enim

120 1272 196 1298 recte
212 1269 372 1297 viventium
389 1268 546 1296 mulierum
565 1267 753 1304 pulchritudo
779 1268 951 1296 meretriciae

120 1313 296 1342 formositati
311 1313 622 1349 praponitur,tantum
635 1315 733 1340 noster
748 1320 844 1341 sermo
860 1321 951 1340 saecu-

120 1359 174 1387 lari
190 1359 321 1387 noscitur
337 1358 477 1394 praelatus
492 1366 556 1386 esse
572 1358 720 1386 doctrinas.
741 1357 785 1385 Illi
802 1358 879 1385 enim
902 1366 951 1385 co-

124 1406 219 1432 actam
232 1403 327 1430 verbis
336 1402 504 1430 suasionem
517 1401 595 1430 soliti
611 1404 681 1429 sunt
695 1402 798 1430 afferre
812 1410 818 1436 ;
836 1410 889 1429 nos
900 1410 951 1429 au-

121 1451 179 1476 tem
197 1448 306 1476 nudam
325 1447 361 1483 (d)
387 1446 506 1475 fallendi
522 1446 699 1483 proferimus
715 1447 878 1474 veritatem.
896 1446 951 1474 Sed

122 1492 193 1528 quid
213 1500 288 1528 opus
310 1494 355 1519 est
379 1499 433 1519 nos
454 1499 636 1519 commovere
661 1493 819 1525 certamen,
835 1491 952 1518 illorum

124 1537 278 1565 mendacia
303 1535 487 1572 repellentes,
515 1544 582 1564 cum
614 1536 761 1571 possimus
791 1535 952 1571 scripturas

996 242 1321 278 susaltioris,quasdem
1329 243 1414 271 nobis
1423 244 1530 280 ﬁguras
1537 244 1824 280 objiciunt,dicentes

996 286 1164 323 spirituales
1180 286 1425 324 incorporeasque
1441 288 1575 322 virtutes,
1592 290 1774 318 mutabiliter
1789 291 1824 327 (ι’)

996 331 1126 367 intellegi
1143 331 1247 359 debere
1259 340 1309 368 pro
1321 333 1417 367 aquis,
1429 335 1457 360 et
1472 342 1591 362 sursum
1603 334 1721 370 quidem
1735 343 1826 371 super

998 377 1214 404 ﬁrmamentum
1231 377 1409 405 remansisse
1429 378 1587 414 digniores,
1605 379 1634 406 in
1659 379 1824 408 humiliori-

998 421 1053 448 bus
1069 423 1165 448 autem
1182 421 1349 450 diversoriis
1365 424 1397 450 ut
1411 425 1476 458 pote
1492 423 1674 451 orassiorbus
1690 426 1718 451 et
1729 432 1824 452 emno-

999 466 1050 500 sis,
1067 465 1167 493 noxias
1182 466 1359 494 constitisse.
1376 469 1533 502 Propterea
1552 467 1655 496 dicunt
1669 476 1719 496 eas
1735 478 1827 505 aquas

999 518 1062 545 quae
1078 518 1166 546 super
1181 510 1268 538 ecclos
1293 512 1372 546 sunt,
1392 511 1512 540 laudare
1535 512 1702 547 Dominum,
1720 513 1749 541 id
1772 516 1828 548 est,

999 554 1126 590 optimas
1142 554 1264 582 virtutes
1281 563 1343 591 quae
1360 555 1454 592 digna:
1470 558 1549 590 sunt,
1562 556 1598 584 ob
1609 565 1668 584 suis
1686 557 1826 586 meritum

1000 599 1320 635 puritatis,decentibus
1332 599 1477 628 celebrare
1488 601 1625 629 laudibus
1634 602 1817 630 Conditorem
1824 630 1830 637 ,

1001 645 1055 672 Eas
1070 652 1136 671 vero
1160 652 1225 680 quae
1249 645 1438 673 continentur
1461 645 1596 681 inferius,
1617 646 1739 682 spiritus
1765 655 1831 675 esse

1002 688 1152 725 pravitatis
1179 688 1328 716 affirmant
1354 697 1388 717 ex
1403 689 1558 718 altitudine
1575 690 1701 718 naturali
1715 690 1745 719 in
1761 699 1830 727 pro-

1002 733 1124 761 fondum
1141 732 1258 761 malitiae
1274 733 1435 769 devolutos,
1448 743 1521 770 quos
1537 737 1568 762 ut
1585 735 1728 768 turbidos,
1741 744 1774 763 ac
1785 744 1830 764 se-

1003 778 1136 812 ditiosos,
1153 779 1181 805 et
1194 778 1329 806 vitiorum
1345 779 1522 807 tumultibus
1546 779 1732 816 ﬂuctuantes,
1750 789 1830 809 mare

1004 824 1122 858 propter
1131 822 1301 850 varietatem
1312 823 1357 850 sui
1375 823 1527 859 propositi,
1539 825 1612 860 quod
1625 826 1774 852 mutamur
1784 833 1831 853 as-

1006 867 1099 902 sidue,
1111 869 1304 902 nuncupatos.
1316 868 1371 895 Sed
1383 876 1436 896 nos
1451 868 1622 904 hujusmodi
1633 874 1832 906 sermones,ut

1004 910 1184 939 somniorum
1193 912 1375 947 conjecturas
1384 915 1412 940 et
1420 912 1512 941 aniles
1523 912 1637 941 fabulas
1648 913 1832 949 omittentcs,

1005 964 1112 992 aquam
1128 955 1339 992 intelligamus,
1353 965 1457 992 aquam
1472 965 1535 985 esse
1546 966 1655 992 veram,
1670 959 1831 994 separatio-

1005 1008 1132 1036 nemque
1146 1000 1336 1034 ﬁrmamenti,
1351 1001 1391 1028 ita
1411 1003 1443 1028 ut
1467 1001 1617 1037 Scriptura
1641 1002 1740 1038 tradit,
1757 1003 1834 1030 acci-

1005 1046 1131 1082 piamus.
1148 1045 1182 1072 Et
1197 1045 1221 1073 si
1242 1045 1358 1081 quando
1384 1045 1502 1074 laudem
1526 1047 1675 1074 communi
1700 1047 1834 1075 omnium

1004 1089 1126 1117 Domino
1144 1098 1224 1125 aquai
1241 1089 1377 1118 dicantur
1392 1091 1504 1125 offerre,
1517 1099 1573 1118 non
1586 1091 1621 1118 ob
1639 1091 1691 1118 hoc
1704 1091 1742 1127 (g)
1753 1092 1833 1120 aesti-

1006 1134 1119 1162 mandae
1135 1137 1205 1162 sunt
1222 1134 1406 1162 rationabilis
1420 1143 1485 1162 esse
1501 1137 1622 1163 natura.
1638 1135 1737 1171 Neque
1753 1136 1832 1164 enim

1005 1178 1072 1214 quia
1086 1179 1148 1206 coeti
1162 1183 1298 1206 enarrant
1312 1179 1429 1215 gloriam
1446 1179 1590 1216 Dei(Psat.
1603 1187 1666 1215 xui,
1682 1180 1719 1216 1),
1737 1180 1834 1208 modis

1006 1224 1142 1251 omnibus
1159 1223 1280 1251 animati
1295 1226 1375 1258 sunt,
1392 1232 1445 1252 nec
1460 1223 1678 1252 firmamentum
1696 1224 1835 1253 sensibile

1007 1268 1116 1296 animal
1132 1276 1196 1296 esse
1212 1268 1375 1303 putandum
1401 1271 1455 1302 est,
1474 1269 1542 1305 quia
1557 1270 1683 1297 enuntiat
1695 1270 1836 1305 facturam

1006 1320 1139 1340 manuum
1153 1320 1278 1340 suarum.
1295 1313 1376 1345 Quod
1392 1313 1447 1341 etsi
1463 1313 1569 1341 dixerit
1584 1313 1835 1349 quispiam,ccelos

1008 1357 1047 1393 (te)
1062 1357 1181 1393 quidem
1197 1357 1436 1393 contemplabiles
1450 1365 1514 1386 esse
1529 1358 1834 1392 virtutes,ﬁrmamen-

1006 1405 1069 1429 tum
1081 1404 1178 1429 autem
1191 1401 1337 1429 factricem
1349 1401 1398 1429 Dei
1408 1402 1579 1438 potentiam,
1591 1410 1755 1430 sermonem
1768 1402 1832 1438 qui~

1007 1447 1073 1474 dem
1089 1454 1143 1473 nos
1158 1445 1338 1481 hujusmodi,
1351 1446 1483 1482 quamvis
1495 1446 1532 1474 sit
1546 1446 1777 1482 commentitius,
1789 1449 1835 1475 ta-

1008 1499 1075 1518 men
1090 1499 1147 1518 non
1164 1493 1354 1526 aspernanter
1369 1490 1564 1525 admittimus,
1577 1491 1627 1519 sed
1640 1499 1738 1519 verum
1756 1491 1836 1519 hunc

1007 1543 1071 1563 esse
1087 1534 1255 1562 nullatenus
1270 1535 1425 1571 patiemur.
1442 1535 1515 1563 Nam
1538 1543 1590 1563 nec
1606 1544 1665 1572 ros,
1690 1538 1739 1563 aut
1765 1536 1836 1563 bru-

123 1590 192 1609 suae
207 1581 325 1609 sibimet
335 1570 526 1615 conferentes,
538 1580 601 1608 sine
612 1570 711 1608 nostro
724 1580 822 1608 labore
833 1570 951 1608 iliorum
968 1570 989 1604 Ca
1010 1588 1067 1614 ma,
1078 1579 1121 1607 vel
1133 1579 1236 1615 frigus,
1245 1570 1295 1607 aut
1306 1582 1406 1613 aestus,
1419 1580 1558 1615 quoniam
1571 1570 1691 1608 laudare
1702 1580 1835 1608 omnium

123 1628 291 1662 exspectare
305 1625 474 1654 conﬂictum
483 1625 497 1652 ?
508 1625 564 1658 Qui
574 1633 627 1653 nec
640 1624 806 1661 eloquentia
817 1625 951 1652 differen-

123 1673 177 1706 tes,
191 1678 243 1698 nee
255 1677 377 1698 numero
390 1669 553 1705 pauciores,
567 1677 619 1697 nec
632 1669 773 1705 dignitate
784 1669 952 1704 deteriores,

124 1715 186 1743 suis
211 1713 387 1742 adversariis
409 1716 622 1750 repugnantes,
646 1722 711 1741 cum
730 1714 827 1750 ignem
854 1714 954 1742 omnia

125 1763 233 1787 torrere
249 1759 366 1794 penitus
390 1766 423 1786 ac
448 1758 584 1786 devorare
601 1758 784 1791 confirment,
801 1767 903 1786 rursus
918 1759 954 1786 de

127 1803 260 1831 recidivis
284 1802 457 1836 seminibus,
473 1811 535 1838 quae
559 1802 635 1838 ignis
659 1803 848 1839 conﬂagratio
870 1803 954 1830 dere-

126 1848 241 1884 linquit,
259 1855 362 1874 causas
385 1846 612 1883 regenerationis
641 1847 794 1875 inducunt.
812 1847 893 1876 Unde
918 1847 954 1883 (e)

128 1892 213 1920 etiam
230 1891 355 1919 mundos
371 1891 600 1919 innumerabiles
613 1891 814 1920 introducunt.

161 1937 188 1964 9.
204 1936 258 1964 Sed
273 1935 314 1964 illi
328 1936 482 1972 utriusque
498 1935 687 1971 professionis
703 1936 823 1964 veritate
839 1937 953 1972 privati,

129 1981 194 2009 hinc
209 1981 277 2008 inde
293 1989 345 2017 per
359 1980 489 2016 inopiam
506 1980 639 2008 subsidia
655 1981 700 2008 sui
726 1980 833 2009 erroris
852 1981 954 2017 exqui‘

130 2030 203 2054 runt.
213 2025 362 2061 Siquidem
378 2027 407 2053 et
422 2026 457 2052 de
471 2025 520 2053 his
531 2025 615 2062 aquis
628 2025 893 2061 quas‘firmamenti
909 2026 955 2054 in-

163 2079 202 2114 (a)
214 2078 301 2112 Editi,
318 2079 385 2114 quia
398 2080 516 2113 Moyses.
532 2078 610 2105 Libri
626 2081 746 2110 veteres.
760 2081 785 2106 et
800 2082 918 2113 Moyses.

162 2114 202 2149 (ὁ)
218 2114 294 2141 Editi
311 2116 339 2141 et
351 2114 407 2141 duo
420 2114 658 2147 mss.,.secumium
668 2114 725 2146 eius
741 2114 956 2143 moderationem

129 2151 219 2178 licebit
233 2149 314 2177 Colb.
330 2150 491 2181 secundus,
507 2149 655 2177 secundum
670 2150 806 2180 eiusmodi
820 2152 956 2179 rationem

129 2187 203 2214 licet.
220 2185 328 2218 Graece,
343 2185 410 2211 κατὰ
424 2185 469 2211 τὸν
483 2184 563 2212 αὐτὸν
582 2184 665 2221 λόγον
680 2185 774 2220 ἔξεστι.

162 2222 199 2255 (c)
214 2222 295 2249 Colb.
311 2222 470 2253 secundus,
481 2222 552 2248 valet
565 2223 699 2255 conferre.
711 2221 867 2257 Aliquanto
880 2223 955 2251 infra

127 2252 209 2291 editi,
226 2258 375 2284 meretrice:
397 2258 579 2292 formositati.
597 2252 714 2292 A'ntiqui
729 2252 808 2292 libri,
823 2260 954 2286 meretri-
970 2252 992 2284 D

127 2295 178 2321 cia:
194 2293 374 2321 formositati.

161 2326 200 2363 (tl)
217 2328 331 2356 Veteres
348 2328 405 2355 duo
418 2326 484 2364 libri
500 2329 528 2354 et
542 2327 623 2364 editi,
640 2329 746 2355 nudam
760 2329 878 2363 fallendi
891 2337 955 2364 pro-

127 2365 253 2397 ferimus.
271 2363 349 2390 Colb.
366 2363 524 2394 secundus,
538 2363 642 2390 nudum
656 2364 823 2397 fattendihus
837 2363 956 2399 proferi-

126 2408 187 2427 mus
197 2408 208 2430 ;
223 2407 314 2434 quam
326 2400 502 2434 scripturam
513 2398 618 2432 legenti
629 2400 707 2427 venit
717 2400 746 2427 in
758 2398 956 2428 mentem'for-

129 2438 205 2463 tasse
221 2435 378 2471 scripsisse
395 2434 589 2471 Eustathium.
605 2435 728 2470 faltendi
739 2436 854 2471 artibus,
866 2436 955 2464 libra-

127 2471 203 2498 rium
217 2470 379 2506 vero’exhis
387 2470 503 2497 duabus
512 2471 631 2498 vocibus
642 2471 785 2498 conﬂasse
796 2473 956 2506 unam,fut.

127 2507 258 2535 tantibus.
275 2506 310 2534 Ut
336 2505 486 2542 aliquanto
502 2508 568 2540 post
588 2506 706 2542 legitur,
720 2512 876 2542 exspectare
889 2505 957 2536 eon-

126 2544 235 2576 ﬂictum
247 2542 311 2579 :Vibi
329 2543 398 2579 puto
413 2541 549 2569 librarios
564 2542 732 2579 offendisse.
748 2541 797 2579 qui
815 2551 866 2577 pro
882 2552 955 2579 spec-

128 2581 188 2606 tare
206 2578 380 2613 scripserint
395 2582 563 2611 exspectare.
581 2577 687 2610 Graece,
705 2578 797 2608 Οεατὰς
811 2577 954 2611 καθῆάθαι.

162 2614 197 2648 (ι)
216 2613 290 2641 Editi
307 2616 335 2641 et
351 2613 407 2639 duo
425 2621 496 2640 mss.
516 2621 522 2640 ;
540 2613 612 2641 Unde
626 2615 707 2641 etiam
724 2623 753 2641 ιη
768 2622 864 2642 eorum
879 2623 956 2642 cons-

127 2650 266 2677 tructiuna
275 2649 423 2684 suﬂecerit.
435 2649 563 2681 mundos,
575 2652 627 2676 etc.
642 2653 687 2677 At.
700 2650 778 2677 Colb.
790 2651 937 2678 secundus
948 2660 954 2678 :

129 2685 204 2712 Unde
219 2686 305 2712 etiam
319 2684 444 2716 mundos,
462 2687 517 2712 etc.
534 2685 607 2716 Quid
633 2685 662 2712 in
678 2685 804 2720 vulgatis
818 2685 873 2713 sibi
889 2686 958 2714 velit

128 2719 211 2753 illud,
239 2721 271 2747 in
294 2728 391 2748 eorum
413 2721 613 2748 constructione
635 2719 780 2755 su/Iecerit,
798 2729 854 2750 non
883 2722 956 2750 satis

127 2755 261 2791 intelligo
278 2763 284 2782 :
302 2764 396 2790 neque
409 2755 497 2783 etiam
524 2756 647 2784 lectione
667 2756 845 2792 alter-abono
860 2758 956 2792 expri-

129 2794 253 2830 muntur
265 2792 359 2830 verba
375 2793 503 2830 Grasca_:
532 2792 608 2830 "_00_ev
633 2791 677 2818 καὶ
707 2791 833 2829 ἀπείρους
856 2791 956 2830 φθόραὶς

129 2826 235 2863 κόσμου
251 2826 296 2854 καὶ
311 2825 515 2864 παλιγγενισίις
528 2826 688 2864 ιῗσάγουσιν.

1007 1627 1164 1651 creatorem
1176 1623 1330 1659 jubentur,
1346 1626 1378 1652 ut
1389 1624 1430 1652 ait
1442 1625 1474 1660 (ί)
1491 1624 1590 1652 Daniel
1603 1624 1680 1660 (Cap.
1698 1624 1750 1660 ui),
1768 1633 1836 1653 sen-

1008 1668 1102 1696 sibilis
1113 1676 1177 1696 esse
1187 1667 1230 1696 vel
1245 1668 1399 1696 invisibilis
1415 1668 1606 1705 intelligenda
1621 1671 1727 1697 natura
1743 1672 1814 1698 sunt
1829 1679 1835 1704 ;

1008 1714 1058 1741 sed
1069 1712 1263 1741 consideratio
1272 1721 1371 1741 eorum
1379 1713 1558 1749 prudentera
1569 1721 1689 1741 sensum
1699 1713 1836 1741 habenti-

1008 1758 1062 1786 bus
1079 1757 1286 1793 contemplata,
1298 1758 1539 1794 gloriﬁcationem
1553 1758 1666 1794 perficit
1680 1758 1836 1787 Creatoris.

1007 1803 1069 1830 Non
1083 1801 1178 1830 solum
1190 1802 1266 1829 enim
1278 1810 1355 1838 aqua
1366 1810 1427 1837 qua:
1438 1810 1527 1838 super
1538 1801 1625 1829 ctelos
1637 1804 1836 1837 est,tanquam

1008 1846 1119 1874 caeteris
1135 1846 1245 1874 honore
1260 1845 1427 1882 pracellens
1444 1849 1561 1882 propter
1579 1846 1699 1874 insitam
1719 1846 1840 1874 sibimet

1008 1893 1202 1925 venustatem,
1212 1890 1327 1918 laudem
1339 1890 1474 1927 dependit
1486 1891 1624 1925 Domino;
1643 1891 1692 1918 sed
1706 1890 1784 1918 idem
1798 1892 1839 1918 la-

1009 1943 1073 1963 cere
1087 1935 1174 1963 etiam
1192 1943 1256 1971 quae
1268 1935 1298 1963 in
1314 1937 1389 1963 terra
1407 1935 1659 1970 suntinvitantur,
1676 1935 1704 1963 id
1714 1935 1840 1971 est,dra-

1008 1987 1098 2015 canes,
1114 1981 1140 2008 et
1154 1987 1246 2008 omnes
1261 1980 1447 2016 abyssi(Psat.
1460 1988 1574 2013 CXLVIII,
1586 1980 1625 2015 7).
1637 1981 1679 2007 Ita
1690 1988 1742 2007 nec
1754 1980 1840 2015 abys-

1010 2033 1073 2058 sus,
1086 2033 1174 2060 quam
1187 2024 1215 2051 in
1227 2024 1357 2060 pejorem
1370 2026 1481 2060 partem
1499 2026 1642 2052 conantur
1653 2025 1778 2060 abjicere
1794 2025 1838 2052 fa-

1045 2078 1082 2114 (f)
1093 2078 1168 2105 Editi
1180 2077 1601 2114 etColb.primus,mirabititer
1610 2077 1736 2114 iygtettiyi
1742 2077 1838 2105 dobere

1007 2111 1187 2155 pro'oquis,et
1200 2111 1321 2155 rursum.
1334 2113 1445 2155 Quibus
1457 2113 1485 2140 in
1497 2112 1594 2155 verbis
1609 2111 1681 2155 illu‘d
1696 2113 1837 2140 mirabili-

1010 2147 1166 2178 tcrmirum
1180 2150 1207 2176 in
1222 2150 1338 2176 modum
1350 2149 1491 2176 absonum
1500 2150 1649 2182 est,neque
1660 2147 1715 2175 hoc
1726 2156 1838 2175 rursum

1010 2185 1104 2221 magis
1115 2188 1160 2213 est
1169 2185 1306 2212 idoneum
1316 2197 1323 2218 ;
1332 2185 1401 2220 quia
1410 2187 1507 2211 tamen
1518 2184 1654 2211 librarios
1665 2183 1778 2221 decepit
1789 2193 1840 2211 no-

1011 2219 1125 2249 minum
1137 2221 1312 2253 similitudo,
1329 2219 1546 2255 quodammodo
1561 2219 1743 2247 excusandas
1759 2223 1840 2255 puto.

1011 2257 1179 2292 Legendum
1195 2256 1285 2291 igitur
1299 2265 1332 2284 ex
1343 2257 1409 2284 aliis
1424 2257 1540 2284 duobus
1555 2256 1839 2292 codicibus_,_mutabi-

1011 2290 1120 2321 titan...
1134 2290 1252 2320 sursum.
1269 2295 1325 2320 etc.
1341 2293 1622 2328 (Ξῖ-ίεῡθπροπικῶς...
1638 2290 1683 2318 καὶ
1700 2290 1768 2328 divus.
1792 2292 1838 2319 Li-

1010 2328 1122 2356 brarios
1131 2329 1155 2356 si
1163 2328 1369 2363 excusavi,non
1378 2328 1517 2356 continuo
1526 2336 1630 2355 excuso
1637 2327 1837 2363 Eustathium,

1011 2365 1070 2392 imo
1083 2373 1146 2391 eum
1164 2364 1289 2399 graviter
1303 2364 1494 2399 reprehendo,
1510 2364 1584 2399 quod
1603 2363 1675 2391 illud
1699 2365 1837 2399 τροπικῶς

1011 2401 1108 2435 inepte
1131 2400 1248 2427 verterit
1271 2400 1450 2433 mutabititer,
1467 2408 1533 2427 cum
1559 2403 1670 2427 vertere
1688 2400 1839 2428 debuisset

1010 2437 1123 2470 tropice,
1140 2436 1193 2463 hoc
1208 2439 1253 2463 est
1266 2444 1316 2470 per
1330 2439 1420 2470 tropos
1434 2438 1459 2463 et
1475 2436 1636 2469 allegorias.

1011 2508 1028 2535 ά
1046 2471 1081 2507 (g)
1096 2471 1348 2534 Eqitiwuimanda
1358 2473 1424 2499 sint.
1437 2471 1517 2500 Colb.
1530 2471 1838 2505 secundus,zestiman-

1029 2515 1055 2535 az
1070 2516 1122 2535 sun
1137 2527 1143 2533 .

1029 2515 1055 2536 az
1070 2510 1143 2536 sunt.

1046 2544 1086 2578 (h)
1102 2543 1219 2578 Antiqui
1229 2543 1286 2570 duo
1296 2541 1361 2570 libri
1371 2545 1399 2570 et
1409 2542 1572 2576 editi,cwlos
1588 2542 1697 2577 quidem
1707 2549 1762 2569 non
1772 2548 1839 2578 corl-

1012 2577 1185 2614 temptihites.
1197 2579 1275 2606 Colb.
1289 2579 1446 2609 secundus.
1458 2579 1537 2606 στειοε
1552 2577 1662 2612 quidem
1675 2577 1840 2614 contempta-

1012 2611 1089 2646 bite's,
1106 2615 1188 2642 bene.
1200 2615 1230 2642 lu
1247 2615 1355 2644 Graeco.
1367 2613 1545 2648 Θεωρητικάς.
1557 2611 1639 2648 Haud
1659 2614 1742 2647 longe
1755 2611 1839 2648 Colb-

1012 2651 1146 2678 bertinus
1162 2653 1293 2686 uterque,
1304 2658 1355 2676 nos
1370 2649 1564 2682 huiuscemodi.
1581 2647 1653 2674 illud
1670 2655 1719 2675 nos
1736 2647 1763 2674 in
1775 2647 1837 2674 vul-

1011 2686 1086 2721 gatis
1100 2687 1209 2714 deerat.

1047 2723 1078 2756 (ἰ)
1095 2722 1170 2749 Editi
1186 2724 1214 2749 et
1229 2721 1286 2748 duo
1302 2729 1386 2752 mss.,
1401 2729 1418 2747 α
1441 2718 1549 2751 Daniel,
1567 2717 1709 2756 sensibile:
1725 2718 1839 2756 esse‘vet

1011 2753 1165 2785 inuisibite:
1180 2756 1369 2790 intelligentiae
1382 2760 1493 2783 natura:
1506 2756 1580 2781 sunt.
1596 2753 1676 2782 Colb.
1690 2753 1838 2783 secundus

1012 2796 1045 2820 ut
1061 2793 1088 2820 in
1105 2795 1251 2821 contextu.
