2011 3142
190 123 249 153 903

669 120 866 151 APPENDIX
885 119 1051 151 OPERUM
1072 120 1106 150 S.
1127 119 1268 151 BASILII
1289 119 1416 150 MAGNI

1840 119 1896 150 θοι

190 190 351 218 bricatores
369 187 587 224 allegoriarum,
611 187 773 216 refutabilis
805 187 973 216 aestimatur
1001 187 1059 222 aA
1073 188 1219 223 petentem
1236 186 1365 222 laudem,
1388 195 1456 215 cum
1481 187 1567 215 fuerit
1590 188 1826 222 consummatus,
1842 186 1894 214 im-

190 233 344 263 Psalmista
361 241 368 262 :
385 241 451 261 cum
467 234 496 260 et
510 232 575 269 ipsa
595 233 757 260 secundum
783 241 866 260 suam
892 231 1015 267 qualita-

189 282 247 308 tem
265 279 390 314 hymnos
407 278 477 306 72]
498 277 634 313 potentia:
650 277 814 306 Conditoris
831 277 949 304 emittit.

228 323 269 351 10.
286 323 317 350 Et
331 321 400 349 vidit
415 321 482 348 Deus
498 321 537 357 (α)
553 321 617 356 quia
635 322 733 349 bonum
749 325 787 350 est
801 323 1016 356 ﬁrmamentum.

189 368 252 396 Non
263 367 415 396 oculorum
428 365 597 401 probatione
609 366 680 393 dixit
696 366 817 394 bonum.
829 367 928 402 Neque
938 367 1016 395 enim

190 419 359 448 corpoream
376 410 597 438 delectationem
615 413 754 446 praestant
765 411 848 439 nobis
864 420 925 447 qua
937 421 1018 440 cons-

186 457 334 485 tituuntur
350 464 366 483 a
380 455 450 489 Deo,
464 462 516 482 nec
531 463 564 482 ea
579 454 696 483 illorum
712 455 899 492 percipienda
913 456 1016 493 volup-

185 504 230 530 tas
246 503 290 529 est
305 509 368 536 qua:
384 499 520 528 videntur
532 499 661 536 jocunda
687 500 862 529 mortalibus
876 510 883 535 ;
909 501 959 529 sed
980 502 1016 538 (b)

185 547 294 575 bonum
311 544 382 572 dixit
397 553 470 581 opus
487 544 560 580 quod
578 545 651 572 artis
667 553 726 573 sua:
742 545 853 573 ratione
864 548 1014 582 pensatur,

184 593 212 619 et
228 591 264 618 ad
280 590 370 618 ﬁnem
386 589 489 616 futurae
512 589 730 617 commoditatis
756 590 892 618 intendit.
913 591 1016 618 Merito

185 644 253 672 ergo
260 634 422 671 (c)quidem
438 633 466 661 in
475 634 616 662 rationem
633 634 816 670 gignentium
831 635 1016 663 manifestam

186 689 250 709 esse
262 679 430 716 proposuit;
441 678 492 706 illa
500 687 563 714 qua:
573 679 698 707 subinde
709 687 760 715 per
768 681 865 716 partes
881 680 920 716 (d)
933 681 1015 708 etl‘ec-

184 728 214 753 ta
229 726 308 758 sunt,
322 724 427 760 opiﬁco
443 731 496 751 suo
513 723 629 751 virtutis
645 732 779 752 sermone
794 727 1016 760 percurrens,ut

188 772 255 806 pote
271 768 373 796 mundi
390 768 641 796 consummatoria
664 768 848 797 collaudavit.
865 769 936 797 Nam
951 778 1015 798 ma-

186 823 243 842 nus
260 816 288 842 et
305 812 417 846 oculus,
447 815 608 848 ceteraque
624 813 756 841 membra
778 813 930 842 simulacri
945 814 1014 842 aenei

184 858 311 895 sparsim
326 858 455 893 projecta
466 856 539 885 nulli
550 857 685 885 videntur
694 866 759 886 esse
769 858 846 886 bona
856 867 863 892 ;
880 867 948 887 cum
959 867 1011 887 au-

181 906 240 932 tem
256 903 287 931 in
302 911 385 931 suum
403 902 536 930 ordinem
561 902 724 938 composita
748 903 927 939 redigantur,
944 912 1009 940 spe-

181 948 312 984 ciemque
329 955 462 983 congrua
487 946 671 975 lormationis
691 948 865 983 acceperint,
883 957 900 975 ἃ
916 948 1009 985 quoli-

181 993 230 1020 bct
242 991 374 1028 imperito
390 991 473 1019 facile
489 991 706 1019 discernuntur.
717 993 754 1019 At
768 1000 834 1020 vero
850 992 1009 1020 elemento-

181 1046 248 1065 rum
263 1037 389 1072 Creator,
403 1038 430 1064 et
455 1038 522 1064 ante
545 1035 731 1071 singulorum
757 1037 1009 1073 compositionem,

183 1083 302 1110 noverat
313 1081 456 1116 cujusque
469 1081 565 1116 operis
576 1081 687 1109 bonum
700 1089 706 1108 :
720 1081 895 1118 singulaque
906 1081 1012 1110 collau-

183 1126 269 1160 dans,
286 1125 494 1161 cogitationem
510 1133 568 1153 suae
585 1126 691 1154 mentis
705 1126 742 1153 ad
754 1126 790 1162 (e)
802 1126 934 1154 futurum
950 1127 1010 1154 exi-

182 1173 246 1199 tum
266 1169 367 1206 dirigit
384 1169 585 1198 formatorum.
611 1169 690 1198 Talis
714 1179 780 1206 ergo
803 1179 881 1198 nunc
896 1179 1011 1207 quoque

184 1215 288 1243 artifex
304 1213 487 1250 singularum
504 1214 631 1250 partium
649 1215 734 1248 Deus,
751 1217 880 1243 assertor
896 1217 924 1243 et
939 1224 1013 1252 pra.

183 1260 313 1294 dicator;
330 1259 382 1287 sed
398 1257 484 1295 paulo
499 1260 565 1294 post
579 1258 660 1286 omni
675 1258 783 1294 pariter
797 1260 918 1294 mundo,
931 1267 1011 1288 com-

219 1317 258 1353 (a)
276 1316 361 1380 Editi,
378 1316 448 1352 quod
463 1317 562 1344 bonum
578 1319 627 1344 est.
644 1317 762 1352 Antiqui
778 1319 838 1345 tres
853 1317 930 1353 libri,
946 1319 1013 1353 quia

220 1361 287 1380 num
300 1361 329 1380 es
344 1373 350 1380 .

186 1355 287 1381 boaum
300 1355 350 1380 est.

220 1387 393 1425 (b)”Amiqui
409 1387 465 1425 duo
477 1386 554 1425 libri,
571 1387 620 1425 sed
633 1387 733 1425 bonum
748 1387 822 1416 dixit
837 1396 914 1424 opus,
931 1389 1011 1425 quod,

185 1423 241 1451 etc.
257 1424 317 1451 Vox
332 1423 399 1460 opus
414 1423 444 1460 in
456 1423 543 1460 editis
560 1423 753 1452 desideratur.

219 1460 252 1493 (ε)
268 1460 340 1487 Editi
357 1462 386 1487 et
400 1459 479 1486 Colb.
496 1459 620 1495 primus,
647 1460 743 1487 merito
767 1468 832 1495 ergo
856 1461 968 1495 quidem
984 1461 1013 1488 in

183 1497 318 1532 rationem
331 1496 502 1531 gignentium
516 1496 762 1532 manifestamresse
775 1497 938 1531 proposuit:
948 1497 1012 1532 qui-

186 1531 242 1559 bus
257 1539 292 1558 ex
304 1531 399 1567 verbis
415 1539 478 1567 quas
494 1534 562 1567 apta
576 1531 721 1559 sententia
747 1532 820 1559 eftici
847 1532 939 1567 possit
955 1531 1012 1560 non

187 1540 242 1559 Dus
257 1540 292 1558 ex
304 1540 399 1558 vernis

185 1567 278 1594 viduo.
296 1566 372 1594 Alter
385 1540 433 1594 Co‘l

185 1603 327 1638 gnentium
347 1603 495 1638 mani/asta
516 1611 572 1630 esse
585 1604 735 1638 proposuit,
752 1611 808 1630 non
827 1604 942 1631 melius.
958 1605 1012 1632 Co-

186 1639 240 1666 dex
249 1641 358 1670 noster,
370 1639 467 1666 merito
480 1646 545 1673 ergo
554 1638 664 1674 quidem
677 1639 706 1666 in
717 1639 826 1666 ratione
840 1641 1014 1674 gignentium

186 1675 336 1709 manifesta
350 1681 407 1701 esse
422 1675 582 1708 proposuit;
593 1675 670 1708 quod
682 1682 798 1709 quoque
813 1675 951 1702 vitiosum
967 1684 1014 1703 es-

185 1718 228 1745 se,
245 1711 512 1745 negaturumrputo
537 1710 696 1744 neminem,
721 1710 772 1738 sed
795 1710 837 1737 sic
858 1713 956 1738 tamen
983 1713 1014 1738 ut

187 1745 272 1773 facile
286 1744 433 1773 [emendari
443 1744 548 1780 possit.
567 1745 657 1780 Igitur
677 1754 728 1781 pro
744 1745 854 1780 quidem
869 1746 954 1774 velim
972 1745 1012 1774 le-

184 1790 236 1817 gas
252 1781 387 1817 quedam.
404 1781 497 1808 Merito
511 1789 574 1816 ergo
589 1780 714 1816 qwdam
729 1782 759 1807 in
775 1783 884 1817 ratione
897 1783 1012 1817 gignen-

187 1816 261 1854 tium
270 1818 421 1854 manifesta
431 1825 486 1844 esse
494 1817 762 1854 proposuitGrazce,
775 1816 789 1843 ὁ
804 1816 895 1844 τοίνυν
913 1816 1013 1854 Bap-{ﬁ

184 1851 352 1894 16v_q’xp1rpir
362 1854 421 1894 rei):
433 1851 586 1889 γενομένων
600 1853 779 1894 ξηροῦ-άμενος.

219 1889 260 1924 (d)
275 1889 362 1923 Editi,
379 1889 478 1925 aﬁecla
500 1891 575 1916 sunt.
600 1889 676 1916 Libri
694 1891 814 1921 veteres,
829 1890 923 1924 eﬂecta
936 1893 1012 1917 sunt.

186 1925 270 1952 Παιιά
286 1925 370 1960 longe
386 1925 466 1959 editi,
483 1933 580 1961 manus
595 1929 620 1952 el
639 1926 738 1952 oculos.
757 1925 836 1953 Colb.
853 1925 1012 1961 secundus,

183 1968 286 1988 manus
300 1965 326 1988 et
340 1960 421 1988 oculi.
439 1960 532 1987 Codex
548 1962 656 1994 noster,
672 1968 775 1987 manus
791 1965 815 1988 et
832 1962 938 1988 oculus.
956 1960 1012 1989 Sué

780 2059 966 2107 LIBER
999 2060 1297 2116 QUARTUS.

1072 231 1185 267 pertiet.
1196 232 1251 259 Sed
1261 232 1308 259 hic
1316 232 1379 266 jam
1392 232 1520 259 narratio
1537 232 1683 260 matutina
1697 231 1835 260 secundas
1843 231 1896 259 diei

1070 279 1230 306 terminum
1247 278 1405 306 sortiatur:
1419 281 1452 306 ut
1463 279 1645 307 auditoribus
1657 278 1800 306 studiosis
1815 278 1896 306 indu-

1071 323 1130 351 cias
1145 323 1337 360 praebeamus,
1355 331 1411 359 quo
1427 323 1504 352 inter
1529 331 1559 351 se
1583 323 1714 351 conferre
1734 331 1799 359 quas
1824 322 1898 350 dicta

1071 370 1151 401 snnt,
1168 368 1377 404 memoriaeque
1401 368 1555 402 beneﬁcio,
1571 367 1685 395 intimis
1707 367 1847 395 cordibus
1863 367 1896 394 ad

1071 412 1226 439 utilitatem
1244 411 1391 448 propriam
1402 412 1527 440 retinere
1536 413 1570 448 (Γ)
1582 415 1685 440 cuncta
1701 413 1898 448 procurent,et

1070 465 1126 484 usu
1144 456 1343 485 meditationis
1363 456 1501 489 assiduae,
1518 457 1655 484 doctrinae
1680 456 1779 484 cibum
1806 456 1899 483 rumi-

1071 502 1185 535 nantes,
1197 502 1261 536 post
1272 501 1464 536 digestionem
1476 500 1634 536 salubrem,
1647 500 1757 528 residui
1769 500 1900 536 ﬂagitent

1070 544 1210 573 alimenta
1224 545 1380 573 sermonis.
1392 545 1443 573 His
1456 554 1522 573 vero
1534 545 1583 581 qui
1596 545 1709 573 vivendi
1723 553 1830 573 causas
1841 553 1900 572 ma-

1070 590 1158 618 nibus
1168 593 1301 618 exercent
1311 589 1525 626 indulgentiam
1542 589 1636 618 medio
1647 593 1778 626 tempore
1788 590 1900 617 tribua-

1070 643 1154 668 mus;
1172 637 1204 662 ut
1219 634 1372 670 completis
1388 634 1526 670 operibus
1542 635 1673 662 animum
1689 642 1830 662 curarum
1847 642 1900 661 ne-

1068 687 1106 706 xu
1118 681 1261 712 sotutum,
1279 687 1382 707 rursus
1395 679 1520 715 dapibus
1537 679 1692 707 exhibeant
1712 678 1899 715 vespertinis.

1069 725 1192 759 Interea,
1208 724 1360 758 Dominus,
1376 723 1426 760 qui
1441 724 1477 760 (ῃ)
1495 724 1650 760 magniﬁca
1661 723 1730 752 fecit
1744 731 1779 751 ex
1796 723 1899 758 nihilo,

1069 771 1097 797 et
1105 777 1121 796 a
1130 769 1214 796 nobis
1227 769 1285 796 htBt‘.
1294 777 1383 804 parva
1391 769 1545 796 verborum
1558 769 1680 805 proferri
1688 768 1831 796 libamina
1843 768 1900 796 dis-

1069 813 1211 849 pensavit,
1226 813 1275 841 det
1289 813 1369 841 vobis
1385 812 1566 847 intellectum
1578 822 1637 841 sum
1652 812 1785 841 veritatis
1799 825 1806 846 ;
1822 815 1856 840 ut
1866 821 1900 840 ex

1068 857 1233 886 visibilibus
1250 857 1426 885 invisibilem
1440 857 1590 893 reputetis,
1602 860 1630 885 et
1645 866 1679 885 ex
1693 857 1899 894 magnitudine

1066 911 1098 931 ac
1109 902 1327 939 pulchritudine
1339 902 1527 938 creaturas,(h)
1536 902 1684 930 decentem
1694 901 1820 938 gloriam
1827 901 1898 929 Con-

1064 947 1167 975 ditoris
1179 955 1262 975 mens
1272 949 1368 975 vestra
1379 946 1530 983 percipiat,
1543 948 1575 974 ut
1589 948 1617 974 et
1626 946 1655 974 in
1667 948 1756 980 terra,
1768 948 1797 973 et
1808 946 1838 974 in
1850 954 1899 974 ae-

1065 1000 1105 1026 re,
1116 994 1142 1019 et
1158 992 1188 1019 in
1204 990 1286 1024 caelo,
1303 993 1332 1019 et
1346 991 1376 1019 in
1393 991 1488 1027 aquis,
1498 993 1526 1018 et
1540 990 1617 1018 inter
1631 991 1708 1018 diem
1724 993 1753 1018 et
1769 993 1897 1026 noctem,

1064 1039 1092 1064 et
1108 1037 1136 1064 in
1152 1035 1291 1064 omnibus
1307 1044 1369 1072 quas
1391 1037 1552 1063 cernuntur
1569 1035 1764 1063 benefactoris
1790 1043 1896 1063 monu-

1066 1083 1166 1109 menta
1182 1080 1348 1108 certissima
1363 1080 1497 1116 capiatis.
1519 1079 1618 1116 Neque
1632 1079 1711 1107 enim
1728 1081 1779 1107 aut
1793 1087 1897 1115 pecea-

1066 1126 1104 1154 tis
1120 1128 1237 1161 tempus
1253 1125 1381 1161 dabitur,
1396 1127 1446 1153 aut
1466 1124 1585 1153 inimico
1611 1124 1692 1152 locus
1718 1125 1898 1161 suggerendi

1066 1171 1213 1199 contraria.
1228 1171 1422 1207 relinquetur,
1435 1170 1559 1198 Domino
1574 1169 1679 1199 vestris
1694 1170 1832 1198 sensibus
1849 1170 1900 1198 ad-

1066 1216 1213 1251 haerente;
1239 1215 1285 1243 cui
1300 1215 1394 1252 gloria
1409 1217 1437 1243 et
1455 1214 1613 1251 veneratio,
1628 1223 1705 1242 nunc
1727 1218 1756 1242 et
1771 1223 1898 1251 semper,

1067 1263 1096 1290 et
1110 1269 1162 1297 per
1176 1260 1277 1288 omnia
1288 1259 1394 1288 saecula
1410 1259 1594 1288 saeculorum.
1611 1261 1709 1288 Amen.

1066 1319 1156 1347 bindo
1169 1318 1247 1345 Colb.
1264 1318 1422 1352 secundus,
1436 1319 1541 1353 passim
1553 1318 1687 1353 projecta.

1102 1354 1241 1390 (e)'£diti,
1270 1354 1307 1381 ad
1333 1352 1492 1389 futurorum
1519 1352 1633 1382 exitum.
1658 1355 1696 1381 At
1721 1352 1814 1381 nostri
1838 1355 1898 1381 tres

1068 1399 1152 1424 mss.,
1168 1389 1203 1417 ad
1215 1390 1343 1425 futurum
1357 1390 1473 1421 exilum.

1102 1427 1133 1462 (fl
1149 1425 1268 1461 Antiqui
1285 1426 1341 1453 duo
1352 1425 1429 1460 libri,
1445 1427 1543 1453 cuncta
1552 1428 1706 1460 procurent.
1723 1424 1898 1462 Editi,:mnc—

1067 1465 1096 1489 ta
1111 1460 1280 1497 percurrent.
1297 1462 1401 1489 Statim
1417 1462 1507 1489 codex
1528 1463 1627 1488 noster
1641 1463 1669 1488 et
1683 1460 1765 1488 Colb.
1790 1468 1898 1488 secun-

1068 1499 1135 1530 dus,
1153 1506 1203 1525 usu
1217 1497 1402 1525 meditationis
1417 1497 1536 1525 assiduo.

1104 1533 1141 1573 (g)
1158 1533 1236 1561 Colb.
1253 1534 1535 1573 secundusdnagna
1548 1532 1624 1573 fecit.
1642 1530 1700 1573 Alii
1716 1531 1900 1573 duo_mss._et

437 1567 477 1600 b.,
493 1562 592 1595 nierila
606 1575 670 1601 ergo
693 1576 751 1605 quae
775 1562 955 1605 destinatione
969 1569 1011 1603 gi-
1027 1562 1050 1596 C
1069 1562 1149 1603 editi,
1165 1570 1314 1605 magniﬁca
1328 1562 1522 1605 [εείιίϐι-ωὲε,
1548 1562 1584 1594 Ἇτά
1608 1565 1721 1605 pactio:
1739 1566 1899 1605 Aliquanto

1070 1607 1136 1640 post
1151 1602 1232 1638 editi,
1248 1602 1279 1632 ut
1294 1602 1332 1633 ex.
1346 1604 1546 1640 magnitudine.
1569 1602 1689 1639 Antiqui
1702 1603 1761 1630 duo
1776 1602 1858 1637 libri,
1875 1604 1899 1630 et

1067 1649 1102 1669 ex
1116 1641 1323 1669 maanitudine.

1103 1677 1142 1713 (ἡ)
1158 1675 1387 1713 Editi,dccentent
1393 1676 1489 1713 gloria
1500 1675 1653 1713 Conditoris
1663 1682 1826 1713 mensuram
1834 1683 1899 1713 par-

1103 1685 1142 1713 υι)
1158 1685 1384 1709 manummanum
1417 1685 1489 1704 bona
1500 1685 1653 1703 oonauwrts
1663 1685 1826 1702 mensuram
1834 1685 1899 1710 par-

1067 1713 1164 1748 cipzal,
1181 1716 1325 1748 corrupte.
1342 1685 1420 1740 (lolii.
1446 1712 1605 1745 secundus,
1621 1711 1760 1748 decentem
1778 1711 1900 1748 gloriam

1067 1746 1222 1776 Conditoris
1237 1746 1314 1776 mens
1327 1753 1418 1776 vestra
1438 1749 1573 1783 percipiat
1588 1756 1597 1774 :
1613 1747 1689 1783 quod
1711 1754 1779 1774 cum
1795 1746 1898 1782 genui-

1068 1792 1139 1812 num
1156 1792 1219 1811 esse
1235 1785 1307 1813 satis
1325 1793 1375 1819 per
1390 1792 1421 1812 se
1437 1785 1660 1819 pateat,_potest
1674 1784 1773 1819 tamen
1790 1783 1900 1810 conﬁr-

1068 1792 1139 1812 num
1156 1792 1219 1811 esse
1235 1792 1307 1813 satis
1325 1793 1375 1819 per
1390 1792 1421 1812 se
1458 1792 1548 1818 amat,
1564 1792 1660 1818 petest
1674 1792 1773 1810 tamen
1790 1792 1900 1810 connr-

1067 1819 1140 1847 mari
1155 1828 1189 1847 ex
1202 1819 1354 1860 Basiliano
1366 1792 1900 1860 ὶμφεἓναλαμϐάνηξτεζῃςνᾳίρὶαιίε,ιιιι

1068 1863 1145 1883 mens
1152 1857 1241 1883 vestra
1247 1855 1553 1891 percipiat.Aliquanto
1561 1858 1626 1891 post
1633 1854 1703 1883 editi
1710 1858 1738 1881 el
1745 1855 1805 1881 duo
1815 1862 1898 1891 mss.,

1068 1896 1093 1919 et
1109 1893 1183 1919 inter
1196 1890 1268 1919 diem
1281 1896 1307 1920 et
1320 1896 1435 1920 noctem.
1449 1890 1527 1920 Colb.
1544 1890 1704 1924 secundus,
1720 1891 1745 1918 ει
1762 1891 1793 1918 in
1810 1890 1854 1918 die
1869 1898 1899 1918 ac

1067 1930 1155 1955 nocte.

541 2135 582 2166 De
596 2135 823 2175 congregatione
837 2145 998 2176 aquarum,
1013 2141 1041 2167 et
1055 2137 1244 2178 apparitione
1260 2137 1353 2168 aridae
1367 2137 1540 2178 disputatio.

218 2202 323 2230 LSunt
333 2202 421 2230 urbes
432 2202 566 2238 quasdam
578 2210 703 2237 quarum
719 2201 818 2238 populi
836 2203 1012 2238 spectaculis

1066 2204 1327 2233 inanibusactibus
1333 2204 1699 2241 occupantur,ignorantes
1706 2204 1778 2239 quia
1784 2204 1898 2232 saltatio

185 2245 371 2293 mirabilibus
379 2255 396 2293 εξ
404 2246 547 2274 mnum“
556 2249 788 2293 thpof‘aPsque
799 2247 834 2274 ad
846 2255 1012 2293 νθερενμωι
1029 2249 1052 2282 Ι)
1067 2256 1899 2293 spectationibus(b)approbataturpissimis,publicumet

182 2290 317 2326 proprios
333 2289 432 2317 oculos
448 2290 593 2326 pascendo
617 2291 752 2318 reﬁciunt
773 2299 780 2320 :
801 2293 907 2320 cantus
922 2292 1010 2320 etiam

183 2333 252 2362 blan
258 2333 880 2371 dos,(a)modulationesquelascivas,luxum
888 2336 1012 2365 nimium

184 2379 506 2415 generantes,sensibus
513 2379 575 2407 suis
582 2379 858 2415 injiciunt,quorum
867 2381 1013 2409 ausculta-

185 2423 264 2451 tione
280 2423 392 2451 diutius
407 2423 554 2457 Oblectati,
567 2423 735 2452 nullatenus
752 2425 904 2453 satiantur.
918 2427 952 2453 Et
967 2428 1012 2454 ta-

185 2475 253 2504 men
268 2476 318 2496 eos
333 2468 467 2496 homines
479 2468 565 2496 multi
581 2468 679 2496 beatos
694 2469 841 2505 appellare
857 2477 1013 2498 consueve-

185 2514 264 2546 runt,
282 2512 352 2548 quia
373 2513 535 2541 necessaria
558 2513 673 2547 negotia
697 2513 873 2548 deserentes,
894 2517 922 2542 et
937 2517 1014 2542 artes

183 2557 292 2592 quibus
307 2557 421 2585 vivendi
434 2557 567 2585 subsidia
578 2560 797 2592 comparantur,
809 2566 860 2594 per
870 2558 1014 2587 desidiam

186 2604 214 2629 et
224 2601 403 2638 voluptatem
415 2603 559 2630 statutum
566 2601 622 2629 sibi
632 2602 820 2637 tempusvitss
831 2606 1013 2639 peragentes,

221 2660 258 2730 Ea)
274 2660 319 2688 sic
335 2669 405 2688 mss.
423 2660 526 2688 nostri.
545 2659 618 2687 Illud
638 2667 697 2694 qua:
713 2659 813 2687 aberat
829 2668 845 2687 a
858 2660 995 2695 vulgatis.

235 2697 259 2730 b)
274 2696 350 2723 Editi
367 2699 395 2723 et
405 2697 483 2723 Colb.
502 2695 625 2730 primus,
642 2696 792 2730 approbata
807 2697 941 2730 pessimis.
957 2697 989 2724 Al

235 2697 259 2730 b)
274 2696 350 2723 Editi
367 2699 395 2723 et
405 2697 483 2732 Colb.
502 2695 625 2732 primus,
642 2696 792 2731 approbata
807 2697 941 2730 pessimis.
957 2697 1015 2724 Alii

187 2731 245 2757 duo
274 2740 358 2765 mss.,
380 2731 533 2767 approbala
558 2732 745 2766 turpissimis;
762 2732 838 2767 quod
856 2732 950 2767 magis
966 2742 1014 2761 ac-

187 2767 367 2807 pppimodari
382 2770 480 2803 potest
499 2767 535 2796 ad
547 2775 666 2807 vocem
673 2767 817 2807 “Graecam
829 2767 1013 2807 Δςέικϋλιιίειτοις.

189 2801 299 2829 Ibidem
316 2801 473 2838 duo'mss.,
488 2803 607 2840 perﬁcit.
628 2802 716 2838 Editi,
730 2804 854 2840 perfecit.

1067 2313 1222 2333 commune
1230 2306 1546 2342 perficitmagisterium
1555 2305 1810 2341 vitiorum.Lyriea
1816 2305 1899 2333 etiam

1067 2354 1209 2388 carmina,
1221 2357 1383 2390 cantusque
1393 2355 1592 2389 tibicinum,et
1600 2354 1775 2383 meretricia:
1787 2355 1899 2382 cantio-

1069 2403 1270 2437 nes,cordibus
1281 2404 1465 2432 audientium
1478 2403 1651 2440 lapsas,quid
1663 2403 1743 2431 aliud
1754 2411 1844 2439 quam
1854 2404 1897 2430 in-

1067 2452 1178 2480 famiam
1184 2452 1396 2488 spectatoribus
1403 2451 1567 2480 inolescunt
1575 2451 1776 2480 mmulantibus
1784 2451 1900 2480 histrio-

1068 2500 1142 2528 nes?
1157 2501 1294 2529 Nonnulli
1312 2504 1409 2530 autem
1425 2501 1601 2530 circensium
1617 2501 1714 2529 furiali
1731 2501 1837 2529 ardore
1851 2502 1898 2529 de-

1067 2550 1151 2584 tenti,
1167 2550 1303 2579 noctibus
1319 2551 1500 2579 somniantes
1522 2559 1573 2587 pro
1588 2559 1731 2587 equorum
1747 2550 1898 2579 velocitate

1069 2604 1259 2640 contendunt,
1271 2605 1357 2632 modo
1368 2605 1403 2639 (c)
1414 2612 1517 2633 currus
1529 2606 1669 2638 rotantes,
1683 2604 1770 2632 modo
1781 2604 1897 2639 aurigas

1104 2661 1139 2696 (ε)
1156 2661 1228 2688 Edili
1245 2663 1272 2689 et
1288 2662 1345 2689 duo
1359 2670 1443 2696 mss.,
1458 2669 1556 2689 currus
1571 2663 1694 2689 notantes
1710 2671 1715 2678 -
1730 2662 1808 2697 quod
1827 2660 1895 2696 quin

1071 2697 1247 2724 mendosum
1260 2697 1298 2724 sit
1309 2698 1437 2725 dubitari
1447 2706 1505 2724 non
1520 2700 1625 2732 potest.
1642 2697 1719 2724 Colb.
1737 2698 1895 2729 secundus,

1070 2733 1647 2769 currusrotantes.CerteEustatbiusillud
1658 2733 1764 2769 ἅρματα
1776 2734 1896 2769 peragu-

1070 2767 1182 2805 γνόντες
1195 2769 1296 2797 Latine
1312 2770 1433 2797 reddere
1448 2769 1558 2803 voluit;
1579 2769 1630 2805 sed
1647 2767 1703 2797 non
1719 2769 1761 2796 ita
1776 2767 1897 2797 feliciter

1072 2804 1208 2834 reddidit.
1225 2805 1330 2835 Melius
1346 2806 1387 2834 sic
1403 2804 1587 2841 interpretari
1598 2804 1684 2833 licet:
1695 2805 1895 2840 Transjungm-
