2011 3142
96 153 163 198 90⁵.

463 171 671 202 EUSTATHII
694 168 925 201 HEXAEMERI
947 167 1228 201 METAPHRASIS
1250 171 1367 202 LIBER
1389 172 1440 203 IV.

1747 177 1808 208 906

98 234 127 262 in
144 236 260 271 partem
275 235 363 264 aliam
379 237 600 271 transferentes,
614 245 790 273 omnemque
806 243 926 272 prorsus
940 237 967 269 Α
985 235 1071 262 modo
1086 235 1116 263 in
1132 244 1221 264 unam
1232 239 1579 274 congregationemjussa
1587 244 1632 269 est
1643 243 1806 277 convenire,

89 279 240 320 .diurnam
262 280 474 316 cogitationem
502 284 633 318 tempore
649 282 762 317 soporis
788 280 933 308 revolvere

99 331 158 351 non
175 325 336 353 desistunt.
352 326 410 353 Nos
427 328 525 354 autem
541 335 615 362 quos
632 327 784 361 Dominus,
801 324 852 361 qui
867 324 930 360 opi-

100 368 147 396 fex
162 376 262 397 rerum
279 369 428 398 maximus
443 373 472 398 et
483 370 569 398 valde
585 370 729 398 miriﬁcus
744 370 878 402 habetur,
895 368 931 396 ad

99 413 384 442 demonstrationem
400 423 521 443 suorum
547 423 668 451 operum
685 414 864 446 convocavit,
880 413 929 440 de-

99 457 187 485 ﬁcere
203 466 261 486 non
289 459 430 487 debemus
456 467 525 495 erga
549 467 650 488 eorum
675 459 851 496 spectacula,
879 465 930 484 nec

100 503 219 531 desides
234 503 297 531 ﬁeri
313 503 342 530 in
359 503 560 532 auscultandis
571 504 698 540 Spiritus
713 503 806 532 sancti
818 509 930 530 sermo-

99 547 209 582 nibus;
234 548 285 575 sed
312 548 529 576 circumdantes
554 549 723 584 praeclaram
747 549 822 576 hanc
837 547 930 580 divini

98 592 196 627 operis
212 592 381 626 stationem,
397 595 605 629 transactaque
631 598 763 629 tempora
777 591 926 627 cogitatio-

98 636 189 664 nibus
206 638 386 672 reputantes,
404 637 637 673 contemplemur
654 638 729 666 ηπ
744 636 849 665 ccelum
866 636 928 672 qui-

97 681 165 709 dem
192 681 320 710 levatum
345 684 378 711 ut
406 690 563 716 cameram,
590 682 666 710 sicut
691 682 761 710 dicit
786 681 927 717 propheta

96 726 176 761 (lsai.
192 734 238 760 XL,
254 727 310 761 22),
328 729 436 754 terram
449 728 545 754 autem
557 729 670 754 vastam
687 726 787 759 nimis,
804 726 926 753 immen-

97 771 184 798 sitate
199 770 244 798 vel
266 771 393 805 pondere
408 771 437 798 in
465 771 656 807 semetipsum
671 773 806 799 constare
821 770 924 798 funda-

98 818 170 848 tam,
201 822 358 850 aeremque
382 815 523 843 diﬂ‘usum
561 815 767 851 liquidumque
799 817 923 848 natura;

97 867 260 895 congruam
276 862 305 886 et
323 859 530 887 incessabilem
550 859 733 896 spirantibus
752 859 923 887 alimoniam

98 903 337 936 ministrantem,
379 904 623 940 scindentemque
663 913 694 932 se
738 903 923 932 moventibus

97 947 249 981 omnibus,
273 948 435 984 leniterque
455 949 604 977 cedentem
624 948 817 977 mollitudinis
835 947 924 975 inter-

96 1000 305 1028 cessu;aquam
314 1000 380 1021 vero
389 993 520 1021 altricem
530 1001 694 1029 corporum,
702 993 867 1021 ethumano
873 1000 922 1028 ge-

96 1037 157 1065 neri
165 1037 256 1065 nimis
263 1037 364 1065 utilem
371 1038 606 1072 constitutam,ac
612 1038 760 1066 moderate
768 1037 796 1064 in
803 1037 922 1073 deputa—

95 1082 133 1109 tis
144 1082 202 1109 sibi
218 1081 435 1117 conceptaculis
450 1085 680 1117 permanentem.
698 1082 760 1115 Qua
775 1090 831 1116 res,
843 1081 884 1109 ita
891 1090 922 1108 se

96 1125 215 1160 habere,
231 1126 266 1153 de
282 1126 329 1153 his
344 1134 408 1161 quae
424 1129 554 1154 recenter
565 1126 639 1155 lecta
654 1129 723 1154 sunt
733 1125 919 1162 approbabis.

129 1170 157 1198 2.
173 1170 208 1198 Et
221 1170 294 1198 dixit
307 1171 377 1198 Deus
392 1179 401 1196 :
418 1171 625 1206 Congregentur
635 1178 714 1206 aqua?
723 1177 786 1206 quae
795 1171 845 1198 sub
856 1170 921 1197 caelo

96 1219 159 1242 sunt
175 1215 206 1242 in
221 1215 482 1250 congregationibus
503 1215 572 1248 suis,
587 1217 614 1242 et
633 1216 766 1251 appareat
780 1215 872 1242 arida.
889 1215 921 1242 Et

96 1259 204 1286 vocavit
220 1259 289 1286 Deus
303 1259 412 1287 aridam
426 1261 541 1293 terram,
555 1264 580 1287 et
594 1261 817 1295 congregatione:
833 1267 920 1294 aqua-

96 1311 158 1332 rum
173 1305 280 1331 vocavit
293 1305 396 1332 maria.
415 1305 546 1336 Quantas
562 1304 634 1332 mihi
650 1304 814 1332 calumnias
830 1305 859 1331 in
875 1304 921 1332 his

96 1356 159 1383 quae
174 1351 341 1383 sequuntur
361 1348 514 1383 objeceris,
531 1349 650 1384 exigens
672 1348 920 1384 quemadmodum

95 1394 174 1420 terra
190 1392 285 1428 possit
299 1392 456 1420 invisibilis
475 1392 587 1426 haberi,
603 1393 697 1421 colore
713 1394 865 1428 praesente,
881 1393 921 1420 si-

96 1436 216 1473 quidem
227 1436 306 1464 color
317 1437 412 1465 omnis
421 1445 509 1465 sensu
522 1437 780 1473 comprehenditur
789 1437 920 1469 visionis,

94 1484 122 1509 et
137 1481 265 1509 fortasse
279 1481 332 1508 tibi
348 1490 406 1509 non
421 1481 537 1509 videtur
552 1490 617 1509 esse
630 1481 780 1509 sufficiens
791 1482 866 1516 quod
878 1481 921 1508 di-

94 1525 213 1560 ximus;
230 1525 299 1561 quia
311 1533 368 1553 non
380 1526 416 1553 ad
435 1528 581 1561 naturam,
593 1526 642 1553 sed
656 1526 691 1553 ad
704 1534 756 1553 nos
767 1525 922 1553 invisibilis

95 1570 187 1598 fuisse
204 1573 283 1598 terra
291 1569 381 1598 relata
390 1572 445 1604 est,
456 1573 571 1606 propter
582 1579 725 1606 aquarum
737 1570 871 1597 videlicet
881 1570 922 1597 in-

987 287 1054 307 cum
1067 280 1159 307 maria
1169 289 1233 308 esse
1243 282 1357 310 diversa
1367 282 1508 317 sciamus,
1520 293 1583 320 qua:
1594 291 1670 314 certe
1679 287 1807 315 multum

987 332 1003 352 s
1018 332 1050 351 se
1064 324 1174 352 distare
1189 328 1353 354 noscuntur
1363 326 1377 353 ‘I
1402 328 1443 356 Ad
1460 328 1533 356 illud
1548 329 1637 365 igitur
1652 331 1729 366 quod
1746 333 1807 368 pri-

987 377 1068 395 rnum
1085 369 1240 404 quaesitum
1257 372 1312 402 est,
1328 371 1382 398 hoc
1398 372 1432 407 (c)
1454 374 1697 409 respondebimus
1713 384 1720 404 :
1737 376 1808 411 quia

985 415 1016 440 tu
1033 413 1151 448 quidem
1168 417 1234 449 post
1248 414 1405 443 editionem
1417 418 1552 452 praecepti
1568 418 1659 446 divini
1675 419 1806 448 humoris

985 459 1098 485 motum
1124 459 1294 494 cognovisti,
1324 462 1352 487 et
1375 460 1445 495 quis.
1469 461 1658 491 circumﬂuus
1683 464 1808 495 habetur

984 509 1157 537 semperque
1182 503 1349 532 decurrens.
1381 505 1454 533 Nam
1479 506 1651 543 priusquam
1676 511 1806 537 meatum

983 548 1099 581 caperet
1113 555 1147 574 ex
1162 547 1337 575 auctoritate
1355 550 1477 583 caelesti,
1496 559 1548 578 nec
1564 554 1595 579 tu
1612 560 1678 580 eum
1696 553 1804 589 vidisti,

982 598 1035 617 nec
1050 591 1086 617 ab
1102 590 1157 618 alio
1174 592 1223 626 qui
1239 591 1350 619 viderat
1361 593 1489 621 didicisti
1505 597 1601 623 :unde
1615 597 1735 625 debebis
1751 599 1804 626 ad-

981 636 1091 662 vertere
1107 635 1176 670 quia
1191 643 1243 663 vox
1257 635 1318 670 Dei,
1334 639 1444 665 naturae
1459 638 1609 668 formatrix
1623 643 1677 675 est,
1693 644 1722 670 et
1731 650 1805 677 pra-

981 679 1074 714 ceptio
1091 688 1154 715 quae
1170 682 1240 707 tunc
1259 681 1329 709 data
1342 684 1388 709 est
1413 685 1562 718 creaturis,
1578 685 1802 720 dispositionem

980 724 1094 751 cunctis
1109 732 1173 759 quas
1185 724 1279 752 forent
1289 725 1436 761 gignenda
1448 728 1603 762 praebebat.
1613 729 1685 758 Nam
1700 733 1729 758 et
1739 732 1802 759 dies

979 769 1007 794 et
1023 776 1079 795 nox
1093 768 1183 796 semel
1200 769 1281 796 factae
1298 773 1378 804 sunt,
1395 773 1423 798 et
1445 771 1495 799 illo
1519 781 1612 809 usque
1627 782 1716 809 nunc,
1733 775 1801 803 sibi-

979 814 1039 839 met
1070 812 1183 840 vicibus
1215 814 1407 850 succedendo,
1436 816 1649 847 curriculorum
1678 828 1800 849 suorum

978 858 1112 892 tempora
1126 857 1214 885 certis
1229 858 1412 894 portionibus
1428 860 1521 889 divisa
1537 864 1718 893 custodiunt.

1013 901 1039 928 3.
1058 901 1261 936 Congregentur
1274 910 1364 938 aquas.
1389 904 1430 939 (ά)
1445 905 1566 934 Jussum
1591 911 1635 936 est
1655 917 1799 944 aquarum

978 947 1114 974 naturam
1131 946 1273 981 difﬂuere,
1289 950 1318 975 et
1332 957 1485 985 nunquam
1500 951 1598 979 deﬁcit
1613 952 1799 988 obsequendo

977 990 1133 1018 mandatis.
1149 990 1208 1019 Hoc
1230 994 1329 1020 autem
1345 993 1410 1021 dico
1429 995 1588 1030 respiciens
1604 997 1639 1024 ad
1655 997 1798 1033 liquidam

975 1042 1118 1070 aquarum
1138 1038 1257 1070 sortem,
1274 1045 1399 1072 quarum
1415 1039 1478 1066 aliis
1501 1047 1618 1076 semper
1630 1045 1751 1070 manant
1765 1045 1799 1070 ut

976 1079 1070 1107 fontes
1086 1082 1114 1107 et
1128 1080 1219 1113 ﬂuvii,
1236 1080 1298 1108 aliis
1320 1086 1499 1118 congregatae
1524 1087 1593 1112 sunt
1608 1088 1635 1113 et
1649 1086 1796 1116 sistentes.

974 1124 1028 1151 Sed
1041 1124 1112 1151 mihi
1126 1132 1204 1152 nunc
1215 1125 1250 1152 de
1259 1125 1274 1152 fl
1281 1126 1417 1154 uentibus
1425 1136 1522 1156 sermo
1532 1133 1586 1157 est.
1596 1131 1800 1167 Congragentur

975 1175 1055 1203 aqua:
1070 1177 1098 1195 ιη
1109 1171 1349 1205 congregationem
1360 1180 1451 1199 unam.
1462 1173 1491 1200 Si
1507 1175 1624 1208 quando
1639 1177 1668 1203 te
1676 1176 1712 1212 (ε)
1722 1178 1801 1204 stan-

975 1214 1033 1240 tem
1047 1213 1130 1248 juxta
1145 1213 1238 1240 rivum
1255 1214 1334 1242 subit
1344 1216 1491 1251 cogitatio,
1501 1221 1640 1253 reputans
1651 1221 1736 1256 cujus
1747 1221 1801 1249 im-

976 1256 1063 1292 pulsu
1080 1257 1115 1285 de
1132 1257 1288 1286 telluribus
1300 1267 1376 1295 aqua
1388 1262 1584 1298 progreditur,
1595 1263 1640 1292 vel
1655 1272 1719 1300 qua:
1731 1267 1802 1293 sunt

975 1301 1080 1329 horrea
1095 1302 1130 1329 de
1145 1302 1252 1337 quibus
1272 1305 1332 1330 tam
1357 1304 1476 1340 largiter
1490 1305 1660 1343 effunditur,
1677 1311 1727 1336 aut
1751 1309 1802 1345 qui

975 1345 1057 1373 locus
1072 1346 1108 1373 ad
1125 1354 1214 1382 quem
1230 1348 1345 1383 cogitur
1356 1350 1517 1384 pervenire,
1529 1351 1573 1378 vel
1589 1354 1736 1388 quomodo
1747 1362 1801 1382 nec

976 1390 1027 1417 illa
1043 1390 1140 1418 deﬁcit
1154 1399 1217 1426 qua:
1229 1392 1372 1427 sequitur,
1382 1402 1435 1422 nec
1449 1402 1484 1422 ea
1493 1403 1556 1430 qua:
1569 1397 1718 1431 praecessit
1729 1406 1801 1426 exu-

976 1434 1077 1469 berat;
1094 1436 1221 1470 profecto
1237 1437 1364 1472 reperies
1379 1438 1479 1465 omnia
1498 1439 1558 1467 haac
1573 1449 1607 1468 ex
1621 1449 1690 1469 voce
1705 1442 1802 1477 prima

976 1480 1160 1513 teneri,unde
1171 1480 1260 1508 etiam
1272 1484 1387 1509 meatus
1397 1482 1440 1509 illi
1451 1484 1579 1519 suppetit
1591 1486 1798 1521 sempiternus.

977 1524 1171 1556 Quamobrem
1184 1524 1212 1551 in
1224 1525 1303 1552 omni
1312 1534 1428 1561 semper
1442 1527 1567 1556 historia
1581 1533 1728 1559 memento
1740 1532 1800 1567 pri-

976 1577 1030 1596 ma:
1046 1568 1259 1604 praeceptionis,
1275 1577 1339 1605 quae
1364 1571 1434 1598 dicit
1451 1580 1457 1599 :
1475 1572 1680 1608 Congrcgentur
1703 1584 1795 1612 aquae.

93 1615 266 1650 jectionem,
282 1623 345 1650 quas
361 1617 432 1642 tunc
443 1605 482 1650 (ἃ)
498 1605 600 1643 omnes
610 1605 708 1643 terras
723 1614 915 1650 operuisscnt.
935 1605 956 1638 (ἶ
975 1614 1087 1641 Etenim
1104 1614 1255 1649 oportebat
1266 1622 1315 1642 eas
1331 1615 1485 1644 decurrere
1495 1605 1736 1654 prope‘ranter,ut
1748 1605 1800 1648 de;-

95 1659 178 1687 Nuno
193 1667 261 1687 vero
277 1659 411 1687 ausculta
426 1659 619 1695 Scripturam,
630 1660 777 1695 quomodo
790 1659 917 1695 seipsam

95 1703 224 1731 declarat
240 1712 247 1731 :
266 1704 478 1739 Congregenlur,
503 1703 609 1739 inquit,
633 1711 723 1739 aquae,
739 1708 765 1731 et
785 1705 919 1739 appareat

94 1748 187 1776 arida.
200 1748 406 1776 Velamentum
415 1748 600 1781 subducitur,
613 1750 645 1775 ut
657 1748 816 1784 conspicua
827 1749 918 1781 fieret,

95 1801 158 1828 quae
166 1792 286 1821 interim
296 1801 354 1820 non
362 1792 525 1820 videbatur.
536 1793 611 1820 illud
620 1793 707 1820 etiam
719 1793 841 1820 forsitan
853 1793 919 1828 quis

96 1837 235 1873 requiret,
253 1845 305 1864 cur
319 1837 347 1864 id
363 1837 440 1872 quod
456 1845 507 1873 per
521 1839 655 1865 naturam
668 1837 770 1864 subest
783 1837 877 1873 aquis,
890 1837 919 1864 id

96 1884 151 1914 est,
168 1885 200 1909 ut
214 1889 331 1917 semper
354 1881 390 1909 ad
415 1881 588 1917 procliviora
611 1882 798 1914 contendant,
815 1881 870 1909 hoc
884 1881 919 1909 ad

96 1925 465 1962 preceptionemCreatoris
475 1933 572 1953 sermo
583 1925 834 1953 convertit.Donec
843 1925 919 1953 enim

97 1970 125 1998 in
142 1970 265 2006 planitie
280 1970 368 1998 fuerit
381 1978 459 2006 aqua
481 1969 642 2003 recondita,
658 1969 773 1998 stabilis
793 1972 848 2002 est,
865 1977 922 1997 non

96 2015 250 2043 inveniens
257 2022 315 2050 quo
322 2014 511 2048 declinet,ubi
519 2015 747 2042 verodescensus
754 2014 923 2047 occurrerit,

97 2060 280 2095 irrumpente
287 2058 423 2095 protinus
433 2061 514 2094 parte
522 2059 630 2094 priore,
641 2058 753 2094 reliqua
764 2058 923 2086 multitudo

98 2103 288 2140 consequitur
298 2105 487 2140 properanter
495 2103 717 2140 eﬁ‘ngiens,quaa
729 2103 865 2139 praacedit
876 2111 923 2131 ur-

99 2151 184 2184 gente
198 2148 343 2176 venientis
354 2147 486 2183 impulsu
501 2156 508 2176 :
521 2149 660 2183 tantoque
670 2147 795 2176 velocior
811 2149 925 2175 meatus

99 2193 250 2229 aspicitur,
264 2194 374 2228 quanto
385 2192 507 2228 majoris
517 2192 655 2228 ponderis
672 2192 759 2219 fuerit
771 2200 848 2227 aqua
859 2200 923 2228 quas

99 2237 231 2271 conﬂuit,
249 2237 389 2272 locusque
400 2236 545 2264 devexior.
558 2236 586 2264 Si
604 2245 672 2272 ergo
688 2237 756 2264 talis
771 2239 877 2264 natura
891 2236 925 2264 li~

973 1657 1105 1685 venirent
1120 1658 1156 1685 ad
1173 1658 1321 1694 propriam
1338 1659 1486 1695 regionem
1500 1669 1506 1688 :
1525 1664 1553 1689 et
1565 1666 1723 1699 postquam
1734 1673 1800 1692 ven-

973 1704 1036 1729 tum
1061 1706 1148 1736 esset,
1165 1705 1243 1730 stare
1259 1703 1289 1730 in
1305 1705 1521 1740 conceptaculis
1536 1707 1696 1744 deputatis,
1712 1711 1801 1745 atque

974 1746 1051 1773 ultra
1064 1754 1121 1773 non
1139 1747 1266 1775 tendere.
1279 1749 1436 1784 Propterea
1445 1752 1489 1777 est
1504 1750 1540 1778 ab
1555 1751 1730 1781 Ecclesiaste
1739 1753 1801 1782 dic-

974 1793 1037 1818 tum
1056 1798 1063 1818 :
1079 1793 1113 1819 In
1127 1800 1207 1819 mare
1217 1792 1298 1826 ﬂuuii
1307 1793 1487 1828 delabuntur,
1500 1795 1547 1822 sed
1560 1803 1637 1823 mare
1652 1805 1706 1824 non
1721 1806 1801 1833 supc-

974 1836 1122 1871 rimpletur
1138 1837 1235 1871 (Eccle.
1253 1845 1272 1869 l,
1288 1838 1326 1872 7).
1343 1837 1415 1869 Quia
1430 1840 1459 1865 et
1474 1839 1551 1874 quod
1567 1848 1710 1874 aquarum
1730 1849 1800 1870 our-

975 1888 1026 1907 sus
1042 1883 1172 1915 urgetur,
1189 1883 1217 1908 et
1236 1881 1313 1915 quod
1337 1889 1416 1909 mare
1440 1882 1527 1910 certis
1543 1883 1801 1922 circumscriptum

977 1924 1085 1951 finibus
1104 1924 1258 1957 retinetur,
1274 1925 1374 1960 prima:
1401 1927 1604 1962 praeceptionis
1624 1929 1717 1958 virtus
1734 1932 1780 1959 est
1795 1939 1802 1960 :

978 1968 1180 2004 Congregentur
1191 1977 1268 2004 aqua
1285 1971 1314 1997 in
1330 1978 1416 1998 unam
1428 1973 1666 2007 congregationem
1676 1983 1686 2002 .·
1697 1977 1729 2002 ut
1744 1984 1802 2004 non

977 2012 1088 2040 scilicet
1103 2012 1153 2040 illa
1168 2021 1231 2048 quae
1247 2013 1355 2047 inﬂuit,
1378 2015 1501 2050 expietis
1516 2018 1733 2052 conceptaculis
1749 2027 1803 2047 su-

979 2057 1107 2093 perfusa,
1118 2061 1238 2085 cunctos
1254 2058 1391 2086 similiter
1402 2061 1545 2087 terrarum
1563 2062 1702 2090 terminos
1715 2063 1802 2091 inun-

979 2102 1078 2135 daret;
1094 2102 1200 2129 idcirco
1208 2102 1292 2137 jussu
1303 2102 1357 2130 fuit
1367 2103 1397 2130 in
1407 2111 1496 2131 unam
1505 2112 1536 2132 se
1547 2107 1802 2141 congregationem

979 2146 1121 2182 redigere.
1138 2146 1292 2182 Propterea
1307 2146 1429 2183 pelagus
1440 2147 1534 2176 ventis
1549 2157 1625 2185 saepe
1640 2151 1804 2185 turbatum,

980 2199 1013 2218 ac
1030 2191 1166 2219 ﬂuctibus
1182 2193 1322 2224 metuens,
1339 2191 1368 2218 in
1385 2191 1534 2228 altumque
1549 2201 1742 2231 consurgens,
1753 2196 1804 2223 ubi

981 2235 1079 2262 littora
1094 2235 1190 2263 vicina
1213 2236 1248 2270 (Γ)
1273 2236 1412 2272 tetigerit,
1430 2237 1550 2265 fervoris
1574 2237 1718 2274 impetum
1733 2249 1806 2276 spu-

99 2282 200 2317 quoris
208 2281 447 2317 est,(b)diﬂ'erret
456 2281 554 2316 utique
563 2280 921 2317 prmoeptionemquajuS-
938 2290 961 2322 D
981 2280 1088 2307 mando
1104 2279 1262 2313 resolvens,
1276 2287 1342 2308 mox
1358 2280 1505 2316 frangitur
1519 2284 1607 2318 atque
1622 2283 1807 2313 subducitur.

99 2329 177 2354 serat
187 2334 281 2362 aquas
294 2326 324 2353 in
336 2334 428 2353 unum
435 2325 676 2361 conceptaculum
685 2326 865 2361 congregari.
876 2327 928 2354 Po-

99 2373 174 2398 terat
189 2371 269 2398 enim
285 2370 349 2398 sine
360 2370 460 2403 dubio,
474 2373 593 2405 propter
603 2369 767 2397 naturalem
783 2369 925 2405 impetum

99 2415 130 2443 in
146 2415 280 2451 regiones
296 2423 437 2442 concavas
453 2416 556 2450 sponte
572 2414 736 2447 decurrere,
754 2413 926 2450 priusquam

99 2462 182 2496 terga
197 2459 356 2495 compleret
373 2467 379 2486 :
397 2459 497 2486 nullus
519 2459 598 2487 enim
622 2461 767 2486 terrarum
791 2459 871 2486 locus
887 2459 930 2488 sic

101 2504 223 2540 (aqualis
234 2506 324 2539 est,ut
333 2511 478 2540 aquarum
490 2502 929 2539 situs.Deinde,inquiunt,quo-

103 2566 143 2590 tu
157 2569 266 2589 currus.
282 2561 388 2589 Statim
403 2560 473 2588 editi
490 2563 518 2588 et
530 2562 588 2588 duo
605 2569 690 2592 mss.,
706 2561 871 2588 diuturnam
886 2569 929 2589 co-

103 2599 277 2641 gitationem:
302 2597 383 2625 Colb.
409 2597 568 2631 secundus,
593 2596 731 2624 diurnam.
757 2596 864 2630 Grasse,
881 2599 931 2630 τῆς

108 2638 176 2669 μιθη
183 2638 305 2670 μερινῆς.
791 2667 796 2673 1

141 2671 180 2705 (a)
195 2668 274 2697 Colb.
291 2667 573 2705 secundugs,’o_mnem
584 2670 696 2695 terram.
712 2667 867 2705 Moxridem
882 2675 931 2705 eo-

106 2703 176 2738 dsx,
186 2706 247 2741 quis
262 2705 394 2741 requiret.
411 2703 498 2736 Editi,
514 2711 574 2739 quae
589 2704 724 2739 requiret.
738 2703 867 2731 Subinde
883 2703 932 2731 ille

107 2741 170 2779 ipse
185 2740 287 2779 δρψ»
303 2740 421 2779 Maior
435 2740 580 2779 ῖςῖηεξαιυες
692 2775 733 2779 .._
831 2776 856 2779 η
883 2773 900 2779 ..

141 2777 181 2840 γλ)
196 2776 284 2809 Editi;
299 2776 417 2816 differet.
435 2775 510 2802 Libri
534 2777 656 2809 veteres,
680 2775 813 2810 differret.
829 2775 934 2802 Statim

141 2823 144 2837 ι
159 2813 186 2840 b.
203 2812 364 2840 secundus.
380 2819 410 2838 ιη
425 2819 512 2838 unum
526 2811 738 2840 receptaculum.

107 2813 186 2840 Colb.
203 2813 364 2844 secundus,
380 2813 410 2838 in
425 2819 512 2838 unum
526 2813 738 2846 receptaculum.

141 2849 176 2885 (ι’)
193 2851 236 2877 ita
251 2847 319 2876 libri
340 2849 462 2874 veteres.
487 2846 548 2874 Vox
563 2847 614 2874 hoc
629 2847 659 2874 in
675 2846 761 2875 editis
784 2845 934 2874 desidera-

269 2913 402 2946 ΡΑτιιοι.
425 2912 482 2947 Gn.
504 2911 595 2944 XXX.

981 2325 1034 2352 Aut
1049 2332 1092 2351 me
1106 2332 1161 2352 non
1175 2324 1316 2359 timebitis,
1329 2325 1395 2352 dicit
1409 2326 1553 2360 Dominus,
1565 2329 1614 2363 qui
1627 2336 1743 2356 arenam
1753 2332 1808 2358 ter-

981 2369 1165 2404 minumpono
1174 2369 1247 2396 mari
1257 2369 1322 2403 (Jer.
1335 2370 1427 2403 v32)?
1439 2370 1551 2399 Etenim
1566 2372 1673 2400 mirum
1686 2376 1731 2401 est
1740 2382 1810 2409 quo-

983 2413 1069 2440 modo
1085 2421 1130 2440 res
1147 2412 1277 2440 omnium
1295 2421 1358 2448 qua:
1374 2413 1403 2440 in
1420 2415 1554 2451 terris(g)
1570 2415 1716 2445 habentur
1727 2418 1808 2446 infir-

984 2457 1058 2484 mior
1068 2465 1166 2491 arena,
1174 2458 1262 2492 jussu
1274 2457 1324 2484 Dei
1332 2457 1500 2486 violentiam
1513 2461 1602 2488 maris
1613 2462 1719 2490 frenat.
1727 2463 1809 2494 Quod

984 2502 1009 2529 si
1016 2510 1101 2530 secus
1107 2504 1261 2537 esset,quaa
1268 2502 1340 2530 ratio
1347 2505 1443 2531 vetare
1451 2506 1563 2539 poterat
1572 2505 1704 2534 Rubrum
1717 2515 1809 2541 mare,

984 2561 1081 2588 batur.

985 2594 1153 2666 Ῑιέὲιλθοοιι).
1171 2596 1330 2631 secundus,
1341 2597 1422 2632 jussu
1436 2599 1477 2624 est
1492 2605 1627 2634 aquarum
1645 2601 1748 2626 natura
1763 2599 1812 2628 de-

1022 2668 1059 2705 (ς)
1076 2666 1151 2694 Editi
1167 2668 1195 2705 et
1209 2666 1266 2694 duo
1293 2669 1322 2694 et
1346 2675 1429 2699 mss.,
1445 2670 1470 2695 te
1493 2671 1613 2696 stante...
1629 2674 1811 2705 reputantem.

987 2703 1068 2730 Colb.
1086 2703 1244 2737 secundus,
1260 2705 1286 2730 te
1300 2704 1428 2730 stante...
1445 2706 1587 2738 reputans.

1074 2738 1327 2779 Golb.lsecuudus,
1346 2739 1451 2779 uicina
1462 2741 1618 2779 contigerit.
1645 2740 1733 2779 Paulo
1744 2743 1817 2779 post

989 2773 1069 2807 editi,
1085 2782 1140 2801 non
1154 2773 1273 2810 timebis.
1289 2773 1420 2810 Antiqui
1435 2774 1492 2802 duo
1506 2773 1583 2808 libri,
1599 2784 1656 2804 non
1671 2773 1815 2805 timebit“.

989 2811 1021 2838 In
1036 2805 1145 2842 Graeco,
1161 2809 1193 2836 οὐ
1209 2805 1407 2845 φοϐηθήσεσσε.

1026 2846 1066 2881 (g)
1082 2845 1169 2881 Editi,
1182 2845 1308 2873 habetur.
1321 2845 1400 2873 Libri
1415 2846 1536 2881 veteres,
1553 2846 1700 2876 habentur.

1615 2913 1656 2944 29
