2011 3142
209 172 269 203 907

683 166 880 198 APPENDIX
903 164 1064 196 UPERHM
1088 164 1117 196 S.
1141 165 1281 196 BASILII
1305 166 1440 197 MAGNI.

1858 166 1915 198 908

209 241 240 266 ut
257 245 313 264 non
329 237 482 272 Egyptum
499 237 601 269 totam,
625 243 689 270 quae
705 234 806 270 utique
830 233 965 261 devexior
979 233 1030 260 ha-
1047 233 1074 266 Α
1088 233 1258 268 corporibus
1278 233 1318 260 sit
1341 233 1478 268 iilapsus,
1504 233 1674 261 universum
1699 235 1798 261 tamen
1815 233 1913 261 orbem

209 283 304 315 betur,
329 280 487 314 invaderet,
511 279 701 315 proximoque
723 278 824 314 pelago
851 278 1033 309 misceretur,

210 327 267 355 nisi
296 327 437 362 praecepto
462 324 627 352 Conditoris
653 325 730 351 esset
754 322 932 350 inhibitum?
961 322 1034 349 Nam

211 371 282 408 quia
295 369 437 398 humilior
453 369 528 397 128
543 371 589 396 est
604 369 742 404 [Egyptus
759 368 854 394 Rubro
877 367 960 399 mari,
972 374 1033 393 cer-

210 416 327 443 tissime
341 414 380 449 (a)
395 414 534 440 docemur
553 413 589 440 ab
605 412 651 440 bis
667 412 716 448 qui
734 411 896 447 [Egyptium
912 413 942 438 et
956 410 1035 437 Indi-

215 468 281 488 cum
297 467 377 486 mare
396 458 574 493 conjungere
599 457 763 490 voluerunt,
781 464 906 491 quorum
922 455 1036 491 primus

214 507 261 533 est
275 505 424 532 Sesostres
448 502 612 538 )Egyptius,
641 501 790 529 secundus
804 501 909 528 Darius
925 501 1035 527 Medus.

215 550 280 578 Hac
295 557 328 576 eo
343 547 414 582 dixi,
431 550 463 575 ut
478 547 581 574 divina:
607 546 768 573 sanctionis
791 545 950 580 potentiam
966 553 1036 572 nos-

215 601 358 622 ceremus.
388 591 597 627 Congregentur
630 598 708 626 aqua:
741 590 771 617 in
800 590 1038 625 congregationem

215 646 312 672 unum,
328 637 355 664 id
373 638 428 671 est,
456 636 546 664 altera
571 643 628 663 non
656 635 794 670 procedat
815 643 850 662 ex
865 634 925 669 illa,
941 634 990 661 sed
1009 634 1038 661 iu

215 683 310 719 primo
325 680 543 716 conceptaculo,
558 689 621 716 qua:
636 679 757 707 collecta
771 681 816 707 est
831 681 975 706 teneatur.

251 727 278 754 4.
294 726 403 754 Deinde
414 733 479 752 cum
491 725 615 752 diceret:
626 724 870 759 Cangregenlurin
884 732 969 750 unum
976 731 1040 750 con-

216 771 412 807 gregationem,
430 769 532 797 docuit
546 769 614 804 quia
638 768 736 795 multa:
761 769 844 796 erant
859 775 940 803 aquas
954 767 1041 795 variis

217 815 316 843 divisa:
333 814 438 842 modis.
451 814 527 841 Loca
541 813 619 841 enim
635 812 789 848 convallia,
803 812 1042 848 profundioribus

220 859 395 888 naturaliter
410 861 510 886 cavata
525 857 640 894 spatiis,
652 857 799 885 habebant
813 865 920 893 aquam
936 857 1041 885 colloc-

218 907 292 938 tam,
309 912 361 931 nec
377 911 434 931 non
450 903 538 930 etiam
556 902 651 937 campi
668 902 745 938 pleni
761 905 856 933 erant,
873 901 1042 929 similitudi-

221 956 288 976 nem
304 947 397 984 pelagi
412 947 580 979 referentes,
597 946 718 981 aliaeque
738 946 883 981 ejusmodi
903 946 1044 981 regiones,

219 994 258 1021 de
271 992 380 1028 quibus
395 992 533 1020 omnibus
548 991 578 1018 in
595 999 684 1018 unam
707 991 959 1026 congregationem
977 999 1045 1018 con-

221 1037 312 1064 ﬂuere
327 1039 396 1064 sunt
410 1038 567 1072 praecepta).
581 1036 613 1063 Et
623 1035 723 1063 nullus
734 1035 822 1069 dicat,
835 1035 903 1070 quia
915 1035 938 1063 si
955 1038 1046 1063 totam

220 1084 417 1114 terram,tunc
432 1089 574 1116 aquarum
591 1082 702 1107 texerat
718 1080 885 1111 multitudo.
896 1079 1045 1107 nihilomi-

222 1133 278 1154 nus
291 1134 324 1153 ea
340 1133 452 1160 quoque
466 1125 538 1158 loca,
551 1124 580 1151 in
592 1133 656 1160 quoe
672 1125 870 1160 posteajussaa
882 1129 952 1152 sunt
965 1132 1045 1160 aquae

221 1169 519 1204 concurrere,repleta
530 1171 599 1196 tunc
607 1175 700 1196 erant.
708 1168 760 1196 Ubi
768 1177 836 1204 ergo
846 1169 962 1196 deberet
972 1178 1048 1204 aqua

221 1214 331 1250 colligi,
345 1223 408 1249 quae
424 1222 524 1241 omnes
539 1215 682 1240 terrarum
706 1215 804 1248 partes
820 1214 965 1241 invaserat
976 1214 989 1240 Ἰ
1003 1214 1045 1240 Ad

221 1259 277 1287 hoc
292 1259 516 1294 respondemus,
528 1258 598 1293 quia
613 1258 730 1292 quando
747 1258 900 1293 praeceptio
917 1258 985 1285 data
1000 1262 1046 1285 est.

222 1306 256 1332 ut
272 1303 302 1331 in
317 1310 406 1330 unam
422 1302 679 1338 congregationem
705 1302 826 1334 coirent,
851 1305 920 1329 tunc
936 1305 963 1329 et
978 1311 1044 1330 sus-

222 1347 364 1383 ceptionis
380 1355 479 1375 earum
497 1355 587 1374 causa
602 1346 756 1382 processit.
777 1346 873 1382 Neque
889 1346 966 1374 enim
984 1349 1046 1374 erat

221 1392 272 1420 illo
286 1396 417 1427 tempore
429 1400 508 1419 mare
517 1391 592 1426 quod
604 1393 686 1418 extra
697 1390 839 1418 Gaddiros
855 1393 908 1423 est.
919 1400 970 1419 nec
986 1401 1046 1419 ma-

219 1437 334 1464 ximum
349 1436 434 1469 illud,
444 1439 472 1464 et
486 1435 558 1463 solis
566 1435 725 1463 audacibus
735 1435 897 1471 navigabile
913 1436 1044 1472 pelagus,

221 1481 300 1517 quod
316 1481 512 1508 Britannicam
528 1479 666 1514 insulam,
678 1482 705 1507 et
720 1480 838 1507 [liberos
855 1480 990 1508 occiduus
1005 1480 1045 1508 al-

220 1525 287 1559 luit,
303 1524 476 1557 habebatur,
493 1524 542 1551 sed
560 1524 747 1560 postmodum
763 1525 848 1559 jussu
864 1524 913 1552 Dei
931 1525 1044 1561 capaci-

221 1571 268 1597 tas
281 1569 431 1597 sufﬁciens
450 1571 611 1604 preparato
636 1569 690 1603 est,
717 1570 749 1596 ut
764 1577 908 1604 aquarum
933 1569 1042 1598 ibidem

1089 279 1170 305 terrae
1186 277 1391 313 complectitur
1406 287 1412 310 ;
1430 278 1472 305 sic
1487 280 1516 305 et
1531 286 1676 314 aquarum
1692 280 1799 306 natura
1809 286 1913 314 quam-

1090 322 1132 349 vis
1142 322 1230 349 variis
1239 322 1397 350 commissa
1404 323 1582 350 stationibus
1591 325 1733 355 teneatur,
1748 331 1807 350 una
1815 325 1912 350 tamen

1089 369 1134 394 est
1150 367 1276 394 maxima
1290 368 1489 403 congregatio,
1516 375 1579 402 quis
1595 375 1682 394 omne
1695 367 1768 394 illud
1785 367 1913 395 elemen-

1089 414 1152 438 tum
1169 411 1309 439 discernit
1324 420 1340 439 a
1354 412 1474 440 caeteris.
1504 412 1596 439 Lacus
1611 412 1688 440 enim
1704 412 1754 447 qui
1777 412 1856 439 circa
1872 420 1913 439 re-
1954 436 1958 439 .

1091 455 1192 491 giones
1208 456 1353 483 habentur
1364 459 1490 488 arctoas,
1501 456 1543 483 vel
1555 456 1584 484 in
1601 455 1801 492 Hellesponto,
1818 464 1869 484 seu
1886 456 1915 484 in

1092 500 1270 534 Macedonia,
1282 501 1323 528 vel
1339 501 1368 528 in
1385 501 1520 537 Bithynia
1533 501 1772 536 congregationes
1784 501 1849 528 sine
1864 501 1917 528 du-

1092 545 1139 571 bio
1165 545 1374 579 nominantur;
1401 546 1450 573 sed
1477 546 1562 573 modo
1587 545 1670 573 nobis
1686 546 1797 573 mentio
1823 546 1920 573 estde

1093 589 1152 622 illa,
1169 598 1232 625 quas
1248 590 1369 626 reliquis
1385 590 1523 617 omnibus
1539 591 1580 617 ita
1592 590 1731 626 prolixior
1746 593 1801 625 est,
1820 594 1852 618 ut
1865 593 1923 618 ter-

1093 642 1192 661 rarum
1209 635 1397 670 amplitudini
1413 638 1588 670 comquelur,
1605 637 1635 662 et
1649 643 1822 671 quanquam
1840 636 1876 671 (ε)
1892 635 1922 662 in

1094 679 1258 706 minoribus
1265 687 1342 715 quoq
1348 688 1382 706 ue
1389 679 1663 715 congregationibus
1672 687 1727 715 aqu
1733 688 1817 707 arum
1826 680 1925 708 inesse

1097 723 1316 751 multitudinem
1332 724 1433 752 nullus
1444 724 1578 758 obsistat,
1591 727 1756 752 nontamen
1774 724 1842 752 illas
1856 724 1924 759 quis

1096 768 1150 795 rite
1165 768 1258 795 maria
1269 768 1450 804 nuncupabit
1460 777 1466 796 :
1477 768 1613 804 quamvis
1629 770 1712 796 certa:
1727 768 1854 804 paludes
1865 769 1925 796 sul-

1097 812 1201 848 sugine
1213 813 1301 841 maris
1314 813 1425 840 infectae
1435 813 1505 845 sint,
1516 813 1592 841 sicut
1601 813 1653 841 illa
1661 821 1725 849 quas
1736 814 1922 848 vocitaturm

1097 857 1239 885 Asfaltitis
1254 858 1283 884 in
1294 858 1422 894 partibus
1430 858 1548 890 Judsezs,
1558 857 1600 885 vel
1615 857 1788 891 Serbonitis,
1802 867 1866 893 qua!
1878 859 1924 886 in-

1098 903 1142 929 ter
1156 903 1312 938 [Egyptum
1339 902 1580 938 Palaestinamque
1591 903 1705 938 jacens,
1721 903 1839 930 deserta
1854 911 1924 930 con-

1100 946 1186 982 tingit
1210 947 1332 974 Arabiae.
1359 947 1468 974 Omnes
1494 947 1534 974 hoc
1559 947 1678 983 quidem
1703 947 1829 982 paludes
1846 950 1926 981 sunt,

1101 999 1192 1018 unum
1208 993 1307 1019 tamen
1324 991 1448 1019 habetur
1463 1000 1551 1026 mare,
1564 992 1641 1019 sicut
1656 995 1793 1019 asserunt
1809 992 1861 1027 qui
1876 1001 1927 1028 pe-

1101 1036 1228 1071 ragando
1239 1038 1333 1063 terras
1341 1044 1386 1063 om
1393 1044 1444 1063 nes
1452 1036 1597 1064 obierunt.
1607 1037 1660 1063 Sed
1671 1036 1929 1072 Hyrcanium,Cas~

1102 1081 1242 1115 piumque
1256 1080 1352 1107 lacum
1370 1080 1490 1116 quidam
1509 1081 1537 1107 in
1553 1081 1729 1116 semetipsos
1745 1081 1931 1108 circumscri—

1101 1127 1166 1159 ptos
1181 1133 1245 1152 esse
1262 1125 1462 1159 pronuntiant.
1475 1125 1508 1151 Et
1518 1133 1588 1152 sane
1597 1125 1735 1160 quoniam
1749 1129 1865 1160 oportet
1877 1134 1929 1153 nos

1101 1169 1308 1196 historicorum
1325 1169 1580 1205 cosmographiam
1606 1169 1778 1205 diligentius
1807 1170 1928 1203 intueri,

1101 1214 1171 1249 quid
1185 1213 1272 1241 dehis
1284 1213 1408 1241 relatum
1420 1215 1458 1241 sit
1469 1214 1748 1241 audiamus.Ferunt
1758 1215 1860 1250 itaque
1869 1223 1928 1242 me-

1100 1261 1230 1285 moratos
1244 1258 1328 1285 lacus
1343 1258 1465 1286 occultis
1491 1258 1669 1294 quibusdam
1689 1259 1864 1294 perl‘oratos,
1881 1268 1928 1287 ca-

1099 1302 1207 1335 vernis,
1225 1303 1253 1329 in
1275 1311 1355 1330 mare
1381 1302 1542 1330 maximum
1559 1311 1628 1330 suos
1645 1305 1760 1330 meatus
1774 1303 1928 1338 evolvere;

1100 1347 1177 1374 unde
1184 1347 1406 1374 etiamRubrum
1416 1347 1535 1383 pelagus
1542 1347 1708 1374 afﬁrmatur
1718 1347 1748 1374 in
1760 1356 1842 1375 mare
1850 1349 1927 1384 quod

1101 1391 1178 1419 ultra
1193 1391 1335 1419 Gaddiros
1348 1391 1472 1419 habetur
1482 1391 1609 1419 effluere.
1620 1393 1771 1424 Quomodo
1787 1401 1870 1428 ergo,
1883 1393 1928 1420 in-

1100 1436 1216 1472 quiunt,
1228 1436 1252 1463 si
1268 1436 1344 1463 Deus
1359 1437 1488 1463 diversas
1504 1444 1647 1472 aquarum
1665 1436 1818 1470 stationes,
1836 1439 1928 1466 maria

1099 1480 1366 1516 vocavit,quoniam
1384 1481 1413 1508 in
1423 1489 1514 1508 unum
1527 1481 1766 1517 conceptaculum
1783 1490 1929 1511 convene-

1099 1527 1178 1558 runt,
1192 1527 1220 1552 et
1236 1533 1339 1552 rursus
1356 1525 1594 1561 congregationes
1604 1533 1717 1559 omnes,
1729 1526 1756 1553 id
1774 1529 1820 1554 est
1832 1528 1927 1562 sinus,

1100 1577 1173 1604 quos
1190 1577 1241 1605 pro
1257 1570 1406 1597 schemate
1421 1578 1474 1597 suo
1485 1572 1567 1597 terra!
1583 1569 1776 1598 circuindatio
1789 1579 1928 1607 compre-

221 1613 380 1641 multitudo
395 1601 563 1641 eoniluei'et.
579 1614 618 1647 (b)
634 1615 672 1640 De
683 1601 745 1648 qua
761 1601 943 1649 ria-quoniam
960 1622 1043 1649 repu-
1058 1601 1080 1634 θ
1100 1601 1212 1647 hendit,
1228 1614 1317 1641 maria
1332 1613 1524 1641 nihilominus
1535 1613 1761 1650 appellantur,id
1773 1619 1830 1649 est,
1845 1601 1926 1644 mare

219 1665 310 1693 gnare
318 1657 436 1684 videtur
443 1659 548 1683 nostris
557 1656 808 1683 mundiﬂcationis
823 1665 930 1691 sermo,
942 1657 1041 1685 dicen-

219 1701 301 1729 tibus
317 1700 510 1737 philosophis,
520 1708 553 1727 eo
564 1700 638 1734 quod
652 1700 809 1728 minimein
820 1709 908 1728 unam
921 1709 1041 1737 congre-

220 1745 378 1782 gationem,
395 1745 472 1772 sicut
495 1744 604 1779 experti
629 1752 744 1777 sumus,
759 1753 835 1780 aqua
850 1745 972 1773 collecta
987 1749 1040 1780 est,

220 1790 317 1818 dicere
332 1789 452 1825 quidem
468 1787 561 1816 multa
575 1791 603 1816 et
626 1789 764 1816 omnibus
779 1792 849 1816 nota
864 1798 1017 1825 possemus
1033 1800 1040 1818 :

218 1834 255 1870 (ο)
270 1834 321 1862 sed
337 1841 373 1861 ne
386 1833 560 1861 contendere
574 1841 641 1860 cum
657 1832 765 1860 talibus
775 1833 933 1862 ridiculum
949 1835 1043 1863 videa-

220 1881 280 1914 tur,
295 1886 463 1914 quanquam
479 1877 567 1905 etiam
592 1877 718 1912 objicere
734 1878 818 1905 nobis
841 1879 980 1907 deberent
995 1888 1042 1915 pa-

215 1923 300 1951 ludes
315 1924 343 1950 et
357 1925 474 1958 stagna,
483 1930 534 1949 nec
551 1930 607 1949 non
616 1930 665 1949 eas
682 1930 774 1957 aquas
787 1930 850 1958 qua:
863 1922 1042 1959 colliguntur

215 1975 250 1995 ex
264 1967 422 2000 imbribus,
434 1968 466 1994 ut
481 1974 532 2001 per
546 1966 606 1993 haec
623 1967 814 1994 assertionem
827 1968 918 1994 nostri
930 1977 1040 1996 sermo-

215 2011 262 2040 nis
278 2010 479 2047 infringerent,
492 2010 586 2038 sciant
596 2014 692 2038 tamen
710 2012 779 2046 quia
794 2012 963 2045 maximam,
976 2022 1040 2048 per-

214 2056 380 2091 fectamque
388 2063 532 2091 aquarum
542 2055 672 2082 omnium
683 2056 895 2087 ocrursionem.
908 2059 982 2084 Deus
996 2066 1041 2085 vo-

214 2101 290 2129 cavit
304 2101 550 2136 congregationem.
565 2099 637 2128 Nam
654 2102 681 2127 ct
694 2102 800 2135 puteus
816 2109 898 2136 aquae
909 2101 1039 2131 collectio

213 2147 260 2173 est
281 2146 459 2180 manufacta,
485 2145 513 2172 in
529 2145 703 2180 profundam
729 2145 909 2172 cavationem
926 2146 1039 2181 liquore

213 2189 343 2225 delapso.
360 2189 423 2217 Non
439 2197 505 2224 ergo
522 2189 658 2225 quaelibet
669 2197 813 2224 aquarum
831 2191 1038 2226 conceptacula

212 2233 535 2269 oongregationisillius
544 2233 717 2260 vocabulum
729 2234 1038 2268 manii‘estant,sedilla

1099 1659 1246 1693 Arctoum,
1265 1666 1344 1685 mare
1367 1658 1512 1692 Australe,
1530 1667 1606 1686 mare
1622 1659 1725 1694 Eoum,
1742 1667 1825 1688 mare
1842 1660 1924 1688 Occi-

1098 1703 1201 1738 duum,
1217 1706 1244 1730 et
1259 1703 1364 1730 iterum
1377 1703 1612 1738 uniuscujusque
1626 1703 1717 1739 pelagi
1735 1704 1856 1740 propria
1870 1713 1924 1733 no-

1098 1747 1178 1774 mina
1192 1749 1272 1779 sunt,
1298 1747 1454 1780 Euxinum,
1471 1747 1703 1783 Hellespontum,
1719 1748 1863 1784 Egeum,
1881 1750 1923 1778 io-

1097 1799 1179 1825 num,
1188 1791 1331 1824 Siculum,
1341 1791 1534 1827 Tyrrhenum,
1544 1794 1572 1819 et
1580 1791 1637 1819 alia
1645 1792 1783 1828 plurima,
1794 1802 1922 1829 quorum

1097 1836 1228 1863 omnium
1252 1835 1424 1871 singillatim
1449 1836 1590 1864 vocabula
1614 1844 1784 1872 percurrere
1800 1837 1922 1873 longum

1097 1881 1186 1908 nimis
1201 1882 1230 1908 et
1246 1889 1400 1916 operosum
1417 1882 1461 1908 est
1477 1889 1484 1908 :
1501 1883 1653 1916 propterea
1678 1883 1924 1918 congregationes

1096 1934 1238 1961 aquarum
1256 1927 1332 1953 Deus
1348 1925 1441 1953 maria
1464 1925 1636 1953 nominavit.
1659 1925 1714 1954 Sed
1732 1934 1785 1954 nos
1802 1928 1921 1962 quidem

1095 1978 1174 1997 nunc
1189 1971 1224 1997 ad
1243 1970 1295 1997 hoc
1311 1970 1511 2005 pretereuntis
1528 1970 1599 1998 ordo
1614 1971 1759 1998 sermonis
1774 1972 1898 2000 adduxit
1914 1982 1921 2000 :

1094 2015 1131 2042 ad
1148 2014 1220 2041 illud
1236 2023 1302 2042 vero
1327 2014 1403 2049 quod
1430 2015 1542 2041 dudum
1567 2015 1710 2050 cmpimus
1726 2019 1919 2045 revertamur.

1129 2059 1155 2086 5.
1175 2060 1204 2086 Et
1219 2059 1290 2086 dixit
1303 2061 1376 2086 Deus
1393 2067 1399 2086 :
1419 2059 1627 2094 Congrrgentur
1637 2067 1718 2095 aqua:
1730 2061 1760 2088 in
1771 2069 1919 2096 congrega-

1094 2104 1194 2131 tionem
1211 2111 1307 2136 unum,
1318 2106 1345 2131 et
1358 2109 1495 2139 apparent
1511 2103 1602 2131 arida.
1619 2103 1681 2131 Non
1693 2104 1767 2132 dixit
1781 2110 1921 2141 appareat

1093 2150 1180 2182 terra,
1197 2156 1232 2175 ne
1247 2147 1352 2175 iterum
1369 2156 1432 2175 eam
1450 2147 1674 2183 incompositam
1692 2149 1919 2184 demonstraret,

1094 2195 1125 2220 ut
1132 2196 1196 2228 poto
1203 2192 1338 2220 limosum
1346 2195 1374 2220 et
1380 2193 1475 2220 adhuc
1482 2201 1515 2220 ex
1522 2201 1664 2228 aquarum
1674 2192 1869 2222 inundatione
1875 2195 1922 2223 de-

1092 2237 1316 2272 formem,atque
1325 2236 1650 2272 invalidam;simulque
1661 2245 1696 2264 ne
1706 2237 1760 2265 soli
1770 2239 1918 2275 quispiam

212 2276 743 2312 maximaexcellensquesusceptioﬁn
753 2279 975 2314 quem(d)totum
984 2280 1038 2308 ele-
1055 2287 1075 2319 [)
1091 2289 1208 2308 causam
1220 2284 1341 2308 terrenas
1351 2280 1516 2308 siccationis
1526 2281 1801 2314 ascriberet,merito
1815 2284 1918 2311 nativi-

211 2324 342 2350 mentum
349 2323 466 2356 repente
476 2321 613 2349 collatum
625 2322 752 2349 est.Num
765 2323 840 2350 sicut
850 2323 961 2359 iguisin
974 2333 1036 2360 par-

213 2365 288 2394 vulis
302 2373 334 2393 ac
350 2365 473 2394 diversis
489 2366 656 2402 quibusque
667 2367 797 2394 materiis
813 2370 858 2395 est
872 2368 1034 2404 dispersus,

212 2409 369 2446 perhibens
381 2410 518 2438 omnibus
530 2419 616 2438 usum
630 2411 923 2444 necessarium,totus
937 2415 1033 2441 tamen

210 2455 240 2483 in
257 2454 363 2482 aethere
371 2454 547 2489 continetur,
562 2454 753 2491 similiterque
763 2464 821 2490 aer,
833 2456 898 2484 licet
909 2457 1033 2493 singulis

246 2517 285 2552 (α)
303 2517 380 2554 Libri
395 2517 543 2554 impressi.
568 2518 696 2554 doremur
720 2518 752 2545 ab
772 2519 824 2553 his,
841 2520 915 2554 quia.
941 2521 1033 2548 Codex

210 2556 311 2590 noster
325 2553 447 2590 et_Colb.
466 2554 624 2584 secundus,
641 2553 769 2581 docemur
781 2555 816 2581 ab
832 2553 884 2588 his,
902 2556 957 2590 qui.
975 2557 1031 2583 Ibi-

208 2589 276 2617 dem
291 2588 372 2626 editi,
388 2589 545 2626 Egyptuin.
561 2590 638 2626 βου).
658 2589 781 2626 primus,
794 2588 965 2626 (Egypti'um,
982 2592 1030 2619 bc-

210 2633 256 2653 ne.
271 2625 428 2661 Aliquanto
445 2628 510 2660 post
524 2625 603 2652 Colb.
630 2625 787 2658 secundus,
804 2625 870 2653 ha’c’
883 2627 952 2654 ideo.
976 2628 1030 2655 Alii

210 2661 267 2688 duo
282 2669 355 2689 mss.
371 2663 400 2689 et
415 2661 496 2695 editi,
510 2661 567 2689 haec
580 2668 619 2688 eo.
637 2661 703 2688 Mox
719 2669 794 2688 unus
815 2670 882 2694 ms.,
900 2663 928 2689 in
942 2665 1030 2698 primo

208 2697 390 2731 receptaculo.

245 2732 282 2767 (b)
298 2732 420 2768 Antiqui
435 2732 493 2759 duo
508 2731 585 2764 libri,
598 2733 633 2759 De
648 2740 700 2766 qua
710 2739 748 2759 νε.
759 2732 820 2759 Vox
836 2732 941 2761 ultima
952 2735 1032 2762 deest

209 2765 239 2794 in
255 2767 390 2794 vulgatis.

208 2768 239 2794 in
255 2768 390 2795 vulgatis.

243 2803 280 2837 (c)
295 2802 382 2837 Editi,
397 2804 445 2830 sed
459 2811 507 2831 nec
526 2802 686 2831 contendere
701 2803 812 2830 talibus.
838 2805 924 2832 Vetus
940 2806 1030 2833 codex

209 2839 318 2873 noster,
342 2839 389 2867 sed
411 2846 447 2866 ne
468 2839 633 2867 contendere
658 2847 720 2867 cum
744 2840 860 2869 talibus.
888 2841 948 2868 Vox
966 2849 1026 2870 cum

1091 2327 1150 2353 tate
1165 2325 1236 2352 solis
1251 2325 1426 2352 anteriorem
1438 2325 1552 2352 telluris
1563 2325 1727 2353 ariditatem
1744 2328 1918 2355 Creatorin-

1090 2370 1197 2397 stituit.
1214 2370 1338 2396 Advorte
1347 2378 1475 2405 namque
1484 2378 1570 2396 sensu
1584 2369 1762 2406 diligentius,
1776 2373 1847 2407 quia
1861 2382 1917 2401 non

1089 2413 1185 2441 solum
1202 2422 1288 2450 aqua,
1305 2422 1368 2449 quae
1384 2414 1571 2450 superfuerat
1584 2416 1677 2448 terris,
1695 2415 1745 2442 sed
1762 2416 1853 2445 etiam
1869 2417 1918 2446 illa

1088 2467 1150 2494 quae
1166 2458 1194 2485 in
1212 2459 1454 2493 prol'uudioribus
1466 2458 1597 2493 partibus
1611 2458 1756 2494 iatitabat,
1774 2461 1918 2490 famulata

1088 2521 1186 2548 addita
1203 2523 1248 2548 est
1263 2520 1381 2556 quidem
1398 2520 1427 2547 in
1443 2520 1497 2547 hoc
1513 2523 1612 2548 nostro
1627 2520 1712 2554 libro,
1728 2523 1779 2550 sed
1797 2528 1851 2552 aut
1866 2534 1916 2553 ea-

1088 2557 1153 2583 dem
1171 2565 1272 2589 manu,
1289 2560 1339 2584 aut
1354 2558 1431 2584 certe
1447 2556 1663 2592 antiquissima.

1122 2593 1160 2627 (d)
1174 2593 1221 2630 Sic
1236 2593 1314 2630 Coilb.
1333 2593 1491 2630 secundus.
1509 2592 1561 2619 Alii
1576 2592 1633 2630 duo
1649 2600 1720 2621 mss.
1738 2597 1767 2622 et
1784 2595 1867 2630 editi,
1885 2605 1914 2624 επ

1086 2636 1176 2663 quam.
1196 2628 1277 2655 Haud
1294 2628 1379 2664 longe
1403 2628 1482 2656 Colb.
1509 2628 1666 2662 secundus,
1680 2631 1835 2665 providens
1857 2628 1914 2660 ὀπι-

1085 2664 1168 2692 nibus
1184 2672 1273 2691 usum.

1121 2700 1156 2735 (ε)
1170 2699 1288 2727 Veteres
1309 2700 1368 2726 duo
1382 2699 1448 2726 libri
1465 2701 1493 2726 et
1507 2699 1589 2733 editi,
1613 2702 1638 2726 et
1661 2701 1801 2736 quidquid
1815 2703 1845 2730 in
1859 2705 1914 2731 mi-

1085 2736 1207 2763 noribus.
1223 2735 1314 2769 Alius,
1328 2737 1353 2762 et
1368 2743 1525 2770 quanquam
1540 2737 1569 2762 in
1584 2735 1750 2764 minoribus.

1121 2774 1150 2810 if)
1167 2771 1254 2810 ﬁditi,
1271 2772 1422 2810 Αίςιῖαπὶςῑιςἶ
1435 2771 1525 2798 Vetus
1537 2770 1588 2798 ille
1604 2775 1703 2800 uoster
1718 2772 1802 2809 liber,
1819 2775 1909 2810 As/al—

1085 2807 1150 2835 litis.
1168 2807 1275 2842 Graece,
1291 2806 1477 2843 Ἀσφαλτίτις.
