2011 3142
84 179 141 211 913

461 180 672 213 EUSTATHII
694 181 924 211 HEXAEMERI
948 181 1224 212 METAPHRASIS
1246 181 1364 212 LIBER
1387 181 1421 213 V.

1734 180 1793 211 9M

85 254 134 274 nec
150 253 266 281 crocus,
283 254 334 273 nec
350 245 408 274 alia
423 246 550 282 plurima
574 247 713 274 nascendi
734 246 910 283 principium
926 247 952 280 Α
968 247 1389 283 gravissimumqu'terrorem
1401 246 1438 283 (ε)
1449 246 1632 282 supplicibus
1647 246 1792 275 ferentes:

86 291 251 319 sortiuntur
265 298 299 318 ex
314 290 447 318 semine?
462 291 502 318 Ad
519 291 579 318 haec
595 292 818 327 respondemus,
835 292 911 327 quod

86 337 121 371 (a)
130 336 267 371 quaedam
283 335 356 363 126
366 343 466 363 eorum
477 344 539 370 quas
549 337 627 363 terra
638 336 781 371 producit,
793 336 823 363 in
836 336 912 363 radi-

85 380 166 408 cibus
182 382 212 407 et
228 379 258 406 in
275 380 365 407 fundo
379 380 539 408 creduntur
550 380 688 408 virtutem
705 381 826 408 seminis
837 381 911 408 obti-

86 432 160 457 nere,
178 424 255 451 sicut
271 423 402 452 calamus
419 427 484 460 post
498 425 681 452 incrementa
697 425 834 458 recentia,
848 433 911 452 rur-

84 478 131 497 sus
142 468 232 496 aliam
245 468 375 496 sobolem
389 469 423 496 de
435 469 532 497 radice
543 469 690 497 submittit
699 469 911 505 reparationem

85 513 182 549 stirpis
198 513 228 539 in
246 515 394 548 posterum
410 518 618 549 porrecturam.
645 513 703 541 Hoc
726 516 824 541 autem
845 513 914 540 facit

85 566 137 585 non
155 557 254 584 solum
271 556 412 591 calamus,
425 558 474 585 sed
492 558 580 585 etiam
597 558 654 585 alia
670 557 758 591 mille,
776 566 838 593 qua:
857 557 911 585 sub

85 602 184 629 tellure
199 600 360 634 nascentia,
378 602 533 629 redivivam
560 602 672 638 prolem
697 603 725 630 in
748 602 844 630 radice
859 611 909 629 cu-

85 647 222 674 stodiunt.
239 645 321 673 Unde
336 654 437 674 verum
455 654 519 674 esse
534 647 687 682 probatum
703 649 747 674 est
763 647 832 683 quia
847 647 911 674 uni-

85 691 186 727 cuique
211 690 410 725 nascentium,
427 693 477 718 aut
492 698 590 718 semen
607 691 739 727 suppetit
754 691 911 720 renovandi

85 735 204 772 generis,
219 738 271 762 aut
286 735 328 762 vis
340 735 472 770 quaedam
489 734 646 762 seminaria
659 736 696 763 sit
713 736 860 771 adjuncta.
877 736 911 763 Et

86 780 133 807 hoc
149 782 194 808 est
210 780 290 815 quod
307 779 376 807 dicit
391 780 543 807 secundum
557 787 652 814 genus.
665 779 763 815 Neque
776 781 855 808 enim
867 789 911 807 ca-

85 824 149 852 lami
159 824 316 860 progenies
329 826 426 859 potest
441 823 571 851 olearum
587 824 687 852 haberi
699 824 821 852 creatrix
835 834 842 859 ;
860 826 909 852 sed

85 877 115 896 ex
129 868 242 896 calamo
259 868 390 896 calamus
406 868 488 902 alter,
500 876 550 904 per
566 868 788 897 similitudinem
807 877 911 905 cogna-

85 914 168 942 tionis
183 913 325 946 exoritur,
345 917 374 941 et
390 914 431 941 ita
447 914 523 949 quod
549 914 584 941 de
606 914 701 949 prima
725 915 910 951 generatione
925 931 949 964 Β

84 962 155 988 terra
170 960 320 996 produxit,
332 967 426 995 usque
441 967 519 987 nunc
532 959 710 995 posteritatis
723 961 910 988 successione

85 1005 369 1039 servatur,aerminet
384 1004 598 1040 Ierra.Respice
612 1005 759 1040 quomodo
775 1013 809 1032 ex
823 1013 910 1040 parva

87 1057 158 1083 vace,
175 1052 203 1076 et
221 1049 413 1084 praceptione
428 1048 601 1076 brevissima
616 1048 702 1076 tellus
719 1049 810 1081 arida,
822 1049 909 1076 steri-

87 1093 175 1129 lisque
191 1096 313 1128 repente
328 1093 504 1128 parturiens,
516 1095 544 1120 et
555 1093 590 1120 ad
606 1093 696 1120 fetum
710 1093 909 1121 fructiﬁcatio-

87 1138 128 1165 nis
144 1137 285 1174 impulsa,
303 1137 380 1165 velut
395 1138 522 1173 quodam
539 1137 672 1165 luctuoso
695 1138 804 1165 amictu
820 1139 909 1174 depo-

87 1183 340 1218 sito,sumptisque
351 1182 511 1210 laetioribus
524 1182 572 1210 ind
579 1182 747 1217 umentis,et
755 1182 836 1210 cultu
849 1191 911 1218 pro-

89 1226 138 1262 prii
153 1227 270 1255 decoris
293 1226 439 1260 exullans,
455 1226 554 1254 omnia
570 1235 631 1262 quae
649 1229 686 1261 (ὁ)
697 1228 783 1262 jussu
800 1228 910 1255 caelesti

88 1271 446 1307 conceperat,elfundebat.
454 1271 544 1306 Cupio
557 1271 655 1307 itaque
666 1271 694 1298 in
707 1272 764 1299 tuis
775 1272 912 1300 sensibus

88 1315 170 1344 altius
184 1316 296 1343 haerere
315 1316 350 1351 (ε)
368 1318 507 1343 creaturae
521 1315 663 1343 miracula
677 1324 684 1344 :
703 1319 735 1343 ut
745 1316 912 1352 ubicunque

88 1363 215 1396 repertus
228 1361 320 1388 fueris
336 1363 364 1388 et
379 1360 499 1388 cuilibet
515 1361 698 1388 nascentium
715 1361 813 1397 generi
830 1370 912 1396 spec-

88 1407 158 1432 tator
186 1405 330 1439 astiteris,
354 1404 540 1441 magniﬁcam
568 1405 711 1440 percipias
740 1406 911 1433 memoriam

88 1449 258 1484 Conditoris,
270 1452 298 1477 et
313 1452 379 1477 ante
394 1449 492 1477 omnia
505 1458 572 1477 cum
584 1449 691 1477 videris
705 1449 827 1477 herbam
844 1450 911 1484 feni,

87 1494 126 1522 vel
141 1494 255 1530 ﬂorem,
272 1502 339 1522 mox
357 1496 386 1522 te
409 1494 444 1521 ad
467 1494 602 1521 humana:
627 1496 739 1521 natura:
763 1497 913 1522 convertas

89 1538 245 1574 imaginem
264 1547 270 1566 :
288 1539 457 1566 recordatus
482 1539 562 1566 Isaias
585 1538 725 1574 sapientis
741 1539 889 1575 exemplar
905 1548 911 1567 ε

91 1583 157 1616 Quia
171 1583 266 1610 omnis
281 1591 344 1611 caro
360 1587 494 1618 tanquam
508 1584 614 1618 fenum,
625 1587 652 1610 el
667 1584 755 1610 omnis
769 1584 859 1618 gloria
868 1584 913 1612 ho-

967 291 1041 319 adde
1065 292 1195 325 verbera,
1221 291 1458 327 proscriptiones,
1484 290 1643 325 auctiones,
1664 290 1791 325 vincula,

967 343 1145 369 carceres,ex
1156 337 1264 372 quibus
1275 335 1469 364 intolerabilis
1479 334 1658 371 glomeratur
1668 335 1793 363 formido

967 380 1118 415 subjectis.
1130 380 1203 413 Quid
1216 380 1339 416 postea?
1353 389 1409 408 nox
1425 388 1493 416 una,
1505 381 1534 408 et
1548 379 1636 408 febris
1652 379 1794 415 accessio,

966 424 1067 453 lateris
1083 425 1176 459 dolor,
1187 425 1396 461 pulmonisque
1412 425 1585 460 suspirium,
1601 423 1748 452 divulsum
1760 432 1794 452 ex

966 469 1136 498 hominibus
1151 470 1231 497 ducit
1248 470 1404 503 hominem,
1430 469 1465 505 (Γ)
1480 471 1599 504 totaque
1623 469 1687 503 ejus
1706 476 1794 496 scena

966 518 1084 549 repente
1097 514 1251 548 detegitur,
1267 516 1295 541 et
1310 513 1360 541 illa
1375 515 1456 541 tanta
1474 512 1604 548 potentia
1617 511 1696 540 velut
1710 513 1792 541 tran-

966 561 1077 586 sactum
1094 558 1241 586 somnium
1260 566 1316 585 non
1331 558 1453 585 videtur.
1471 558 1651 593 Quapropter
1665 559 1792 593 tempes-

964 603 1023 629 tive
1042 603 1183 638 propheta
1209 603 1314 630 ﬂorum
1338 601 1792 636 imbecillitati,simillitudinem

965 647 1062 683 gloriae
1078 647 1254 682 comparavit
1269 647 1413 674 humanm.

1001 692 1026 719 3.
1043 693 1185 719 Germinel
1199 695 1272 719 terra
1287 691 1399 718 herbam
1421 691 1527 727 pabuli,
1548 691 1686 718 seminam
1700 698 1793 719 semen

964 736 1113 763 secundum
1127 744 1222 770 genus.
1236 735 1333 771 Usque
1350 743 1426 762 nunc
1443 735 1534 771 igitur
1547 734 1648 770 prima;
1663 735 1792 771 disposi-

964 780 1037 808 tioni
1053 781 1136 808 testis
1151 783 1196 807 est
1210 780 1281 807 ordo
1303 779 1497 807 nascentium.
1519 779 1698 807 Germinatio
1712 780 1791 807 enim

965 825 1064 853 omnia
1080 833 1142 860 quae
1158 826 1335 860 generantur
1353 824 1509 857 antevenit,
1524 827 1552 851 et
1567 824 1591 851 si
1607 823 1678 860 quid
1694 824 1731 852 de
1745 832 1790 852 ra-

965 870 1028 897 dice
1043 869 1215 905 prorumpil,
1228 872 1262 896 ut
1274 877 1376 896 crocus
1390 870 1419 895 et
1432 876 1566 904 gramen,
1583 868 1666 904 prius
1681 868 1709 896 id
1726 876 1790 904 ger-

967 913 1078 941 minare
1095 921 1212 940 necesse
1227 915 1313 947 est,et
1324 914 1389 949 post
1404 912 1458 940 hoc
1468 913 1567 940 fenum
1584 912 1673 940 viride
1686 913 1790 947 videri,

964 960 1051 993 atque
1066 958 1106 985 ita
1122 959 1150 985 in
1174 958 1287 993 frugem
1312 960 1468 991 maturam,
1488 957 1598 993 stipula
1608 957 1671 992 jam
1687 956 1790 985 ﬂaves-

964 1006 1046 1030 cente
1063 1003 1190 1038 perduci.
1206 1003 1342 1030 Gcrminet
1359 1004 1432 1030 terra
1446 1002 1558 1029 herbam
1570 1001 1790 1037 pabuli.Semen

964 1047 1054 1083 igitur
1079 1055 1145 1074 cum
1171 1046 1309 1075 ceciderit
1325 1046 1353 1073 in
1370 1046 1477 1079 solum,
1492 1049 1521 1073 et
1536 1046 1723 1073 mediocriter
1737 1046 1796 1073 hu-

965 1100 1045 1120 more
1065 1091 1151 1119 fuerit
1166 1093 1193 1118 et
1215 1090 1310 1118 calore
1326 1091 1472 1125 molitum,
1490 1099 1556 1118 mox
1572 1090 1684 1126 gremio
1711 1092 1795 1118 terra

965 1136 1295 1171 connectitur,quzedam
1307 1134 1432 1163 subinde
1447 1135 1576 1171 genitive
1591 1135 1721 1163 fomenta
1732 1143 1796 1163 sus-

965 1181 1077 1217 cipiens
1093 1183 1120 1208 et
1136 1181 1163 1207 in
1180 1188 1268 1207 velas
1284 1180 1347 1214 ejus
1375 1180 1486 1207 sensim
1511 1179 1635 1207 labendo
1650 1179 1796 1215 demergi-

965 1227 1023 1259 tur,
1041 1225 1212 1261 sparsisque
1237 1224 1447 1252 minutissimis
1471 1223 1554 1252 ﬁbris
1580 1226 1723 1251 tumorem
1747 1232 1798 1251 au-

967 1269 1100 1306 perjectaa
1125 1268 1238 1297 telluris
1260 1268 1407 1296 nascendo
1431 1268 1606 1304 perrumpit,
1623 1268 1798 1296 fundatum-

967 1314 1100 1351 quejam
1117 1313 1248 1347 ﬁrmiter,
1264 1313 1395 1347 armiter,
1412 1312 1496 1340 facile
1512 1312 1664 1348 consurgit
1677 1314 1720 1340 tot
1742 1321 1798 1340 nu-

967 1367 1047 1386 mero
1060 1366 1178 1386 sursum
1190 1356 1318 1385 calamos
1329 1357 1489 1393 explicans,
1506 1359 1577 1392 quot
1597 1357 1735 1384 deorsum
1749 1365 1796 1384 ra-

967 1404 1047 1431 dices
1058 1403 1327 1437 extenderit.Atque
1335 1402 1376 1430 ita
1387 1401 1551 1429 teneritudo
1563 1401 1706 1437 germinis
1716 1403 1796 1436 tepe-

967 1448 1053 1479 facta,
1066 1447 1195 1482 subjecto
1207 1454 1322 1481 vapore,
1334 1446 1384 1481 qui
1393 1447 1488 1473 tractu
1501 1444 1606 1472 caloris
1617 1444 1741 1480 illapsus
1752 1446 1798 1472 est

967 1500 1019 1528 per
1027 1491 1150 1526 radices,
1161 1492 1189 1518 et
1199 1493 1280 1518 terrae
1292 1490 1482 1517 nutrimentis
1492 1489 1650 1517 adhibetur
1664 1497 1670 1516 :
1684 1490 1797 1525 partem

968 1536 1014 1564 sui
1030 1535 1167 1563 dilfundit
1184 1535 1213 1562 in
1229 1534 1494 1570 culmum,partem
1510 1533 1591 1561 ducit
1602 1533 1631 1561 in
1644 1534 1797 1568 corticem,

970 1583 1081 1617 partem
1095 1579 1241 1606 ministrat
1257 1579 1283 1606 in
1299 1587 1400 1615 grana,
1411 1581 1522 1614 partem
1542 1578 1664 1613 porrigit
1679 1578 1708 1605 in
1723 1577 1797 1606 aris-

90 1615 169 1654 niim's
184 1629 319 1662 tanquam
331 1627 380 1660 ﬂos
393 1615 452 1662 feni
463 1615 539 1662 (Isai.
556 1635 599 1660 ιι,
610 1627 648 1663 6).
658 1615 849 1655 Εῑθηὶηίνὶιεε
860 1628 912 1655 hu-
929 1615 950 1648 C
970 1615 1026 1654 tas.
1039 1626 1072 1653 Et
1084 1625 1137 1652 hoc
1149 1625 1235 1652 modo
1246 1624 1285 1659 fg)
1297 1623 1481 1651 concretione
1499 1622 1636 1659 perfecta,
1653 1622 1795 1659 paulatim

88 1670 132 1705 jus
149 1671 288 1705 brevitas,
302 1673 332 1698 et
347 1671 502 1698 minimum
518 1671 664 1707 gaudium,
681 1673 709 1699 et
724 1680 813 1707 super
828 1673 916 1700 rebus

89 1715 232 1751 prosperis
248 1715 407 1743 hilaritudo
424 1715 604 1749 mortalium,
621 1724 748 1752 congrue
765 1725 884 1752 prorsus
900 1725 917 1744 a

90 1759 230 1796 propheta
245 1762 413 1795 comparata
429 1761 473 1787 est
494 1760 607 1788 videtur
629 1761 706 1788 enim
732 1761 818 1789 hodie
835 1761 916 1797 quis-

89 1803 161 1839 piam
180 1803 324 1832 membris
339 1804 475 1839 refectus,
492 1804 574 1832 facile
594 1805 743 1839 robustus,
760 1808 842 1834 aetate
855 1806 916 1842 pri-

89 1856 203 1882 maevus,
223 1849 350 1876 fremens
366 1848 489 1883 viribus,
505 1852 592 1885 atque
613 1849 726 1886 impetu
747 1859 803 1878 non
819 1851 915 1879 feren-

88 1892 148 1920 dus.
166 1894 219 1921 Hic
236 1893 369 1929 sequenti
384 1901 452 1921 mox
475 1894 522 1921 die
547 1894 723 1922 miserabilis
749 1895 914 1930 invenitur;

88 1937 153 1964 dum
176 1940 230 1965 aut
253 1939 403 1965 senectute
419 1939 573 1974 frangitur,
599 1942 650 1966 aut
664 1939 804 1974 languore
818 1940 914 1967 tabes-

87 1981 131 2008 cit.
156 1982 239 2010 Alter
263 1981 364 2009 itidem
390 1982 558 2018 spectabilis
574 1983 709 2017 habetur,
724 1986 752 2010 et
775 1984 914 2011 maxima-

88 2034 148 2053 rum
165 2027 292 2054 refertus
315 2026 422 2062 opibus
448 2027 631 2061 facultatum,
649 2027 739 2055 fultus
753 2028 913 2064 obsequiis,

88 2074 290 2106 susceptorum
310 2071 471 2098 amicorum
497 2071 584 2099 etiam
599 2072 806 2100 simulatorum
823 2073 914 2108 stipa-

88 2115 131 2141 tus
153 2114 301 2149 examine,
329 2123 381 2143 nec
407 2123 465 2142 non
491 2116 696 2151 parasitorum,
713 2116 755 2144 vel
780 2117 913 2144 afﬁnium

88 2158 271 2187 adulatorum
288 2158 521 2195 circumspectus
537 2159 677 2193 excubiis,
695 2169 711 2188 a
726 2161 833 2196 quibus
849 2169 914 2189 om-

88 2203 180 2239 nibus,
198 2206 228 2231 et
243 2203 413 2239 procedens,
430 2207 458 2232 et
473 2204 588 2232 rediens
600 2204 739 2232 invidiam
755 2214 819 2233 cum
834 2205 913 2234 vitu~

88 2249 234 2282 paratione
249 2248 404 2284 conquirit.
421 2249 519 2285 Neque
536 2250 614 2277 enim
631 2252 725 2285 potest
741 2250 818 2278 hunc
834 2259 913 2278 mor-

971 1671 1006 1699 ad
1023 1671 1066 1698 sui
1085 1678 1253 1698 mensuram
1265 1667 1383 1705 singula
1397 1676 1521 1704 quaaque
1531 1667 1713 1703 perveniunt.
1725 1667 1800 1703 Ergo

970 1716 1030 1744 sive
1046 1715 1191 1742 tricticum
1208 1713 1304 1747 fuerit,
1321 1713 1380 1741 sive
1395 1712 1544 1748 legumen.
1560 1712 1630 1744 sive,
1648 1711 1722 1744 olus,
1739 1711 1799 1739 sive

970 1761 1136 1793 arbustum,
1154 1758 1334 1786 sufﬁcienter
1347 1757 1494 1784 instruere
1510 1756 1616 1792 poterit
1629 1758 1714 1783 tuum
1729 1764 1798 1783 sen-

970 1813 1048 1839 sum,
1061 1813 1118 1840 quo
1131 1803 1225 1839 possis
1243 1801 1350 1830 intueri
1365 1801 1540 1837 sapientiam
1557 1799 1716 1827 conditoris
1731 1799 1799 1827 arti-

970 1850 1034 1877 ﬁcis
1044 1858 1050 1876 :
1060 1848 1206 1884 quomodo
1217 1850 1356 1882 tanquam
1371 1845 1494 1881 genibus
1505 1844 1680 1879 quibusdam
1691 1843 1801 1879 stipula

970 1893 1107 1922 frumenti
1121 1891 1312 1927 succingitur,
1326 1892 1358 1917 ut
1369 1889 1479 1917 crebris
1490 1888 1682 1923 compagibus
1694 1887 1798 1923 alliga-

969 1941 1008 1971 ta,
1025 1938 1140 1965 facilius
1156 1936 1250 1963 valeat
1268 1943 1342 1962 onus
1365 1934 1534 1961 subvectare
1554 1932 1714 1968 spicarum,
1730 1940 1798 1960 cum

969 1981 1153 2018 gravitudine
1170 1979 1346 2007 maturitatis
1362 1978 1472 2006 inflexa
1496 1977 1634 2005 deorsum
1659 1976 1801 2012 coeperint

969 2026 1114 2054 inclinari.
1128 2026 1160 2052 Et
1171 2026 1324 2061 propterea
1335 2022 1465 2050 calamus
1482 2030 1578 2049 aventu
1593 2023 1674 2049 totus
1687 2029 1798 2049 vacuus

969 2072 1093 2099 habetur
1110 2079 1116 2101 ;
1133 2071 1204 2105 quia
1219 2068 1333 2096 nullum
1356 2067 1466 2095 scilicet
1480 2066 1555 2102 gerit
1571 2065 1686 2101 pondus
1703 2066 1732 2093 in
1747 2073 1796 2094 oa-

969 2116 1038 2152 plte.
1055 2115 1198 2143 Triticum
1216 2116 1314 2140 autem
1331 2112 1422 2147 longe:
1434 2110 1519 2138 aliter
1534 2113 1641 2137 natura
1656 2109 1795 2142 munivit,

969 2161 1053 2195 cujus
1066 2167 1157 2195 grana
1169 2158 1354 2194 providenter
1363 2155 1522 2183 admodum
1534 2154 1641 2182 locavit
1651 2153 1681 2181 in
1694 2153 1800 2188 thecis,

969 2207 1001 2233 ut
1017 2213 1072 2232 non
1091 2203 1268 2239 diripiantur
1282 2201 1318 2229 ab
1330 2200 1442 2228 avibus.
1455 2199 1607 2227 Etidcirco
1622 2197 1652 2226 in
1668 2198 1694 2225 ei
1710 2197 1799 2226 ratio-

969 2249 1105 2277 nabiliter
1122 2248 1227 2276 aristas
1249 2254 1338 2274 causa
1363 2244 1513 2277 custodiae,
1530 2243 1610 2271 velut
1633 2243 1734 2271 hastas
1748 2251 1800 2279 ap-

86 2292 152 2320 bum
178 2292 326 2321 declinare
350 2294 400 2329 qui
425 2295 544 2322 eminet.
568 2294 648 2322 Adde
666 2294 774 2322 divitiis
798 2295 911 2322 civilem
928 2301 951 2332 D
969 2295 1077 2330 posuit,
1089 2300 1214 2329 quarum
1225 2290 1335 2319 aculeis
1347 2290 1474 2317 minores
1491 2288 1591 2316 bestia,
1607 2287 1798 2324 repellantur,

87 2345 201 2373 quoque
219 2337 389 2373 potentiam,
405 2341 435 2366 et
458 2338 582 2366 honores
598 2338 709 2366 delatos
732 2348 749 2366 ιι
774 2339 913 2375 principi-

87 2381 148 2417 bus,
165 2382 300 2418 gentium
317 2383 491 2418 regimenta,
509 2382 637 2410 militum
656 2383 836 2420 magisteria,
848 2393 919 2420 pra:-

85 2434 168 2466 conas
183 2426 223 2462 (ιι)
240 2426 377 2455 horriﬁca
397 2436 466 2456 voce
482 2431 673 2464 personantes
689 2431 757 2457 ante
776 2430 918 2466 seipsum’

85 2464 270 2507 fasciumque
297 2474 425 2500 vectores
449 2472 516 2500 hinc
541 2475 569 2500 et
600 2473 669 2501 inde
698 2464 919 2510 prosequ‘cntes’

118 2533 157 2603 (ag
174 2533 274 2561 Nostri
291 2536 352 2562 tres
369 2542 453 2567 mss,
469 2536 535 2570 quia
550 2535 685 2570 quaedam.

119 2568 145 2603 (b
174 2569 261 2602 Editi,
279 2570 336 2597 visu
351 2570 459 2598 crelesti.
482 2571 557 2598 Libri
574 2574 685 2599 veteres

119 2568 156 2607 (b_)
171 2569 261 2607 Editi,
279 2570 336 2597 visu
351 2570 459 2598 crelesti.
472 2568 562 2607 ‘Libri
574 2574 695 2605 veteres,
708 2573 789 2607 jussu
803 2573 915 2600 cwlexli.

120 2605 154 2638 (ο)
171 2605 276 2632 Vocem
291 2608 432 2634 creatura"
456 2606 622 2634 addidimus
647 2616 681 2635 ex
706 2605 793 2635 veteri
817 2611 916 2637 nostro

88 2638 294 2677 librozGrra’ce,
312 2643 362 2673 τῆς
377 2641 489 2671 κτίσεως
504 2642 534 2668 τὸ
551 2642 648 2677 Θαῦμα.

121 2676 158 2708 (d)
176 2676 263 2709 Editi,
281 2677 433 2712 honorifica
448 2686 522 2706 voca.
547 2676 641 2706 Codex
661 2680 760 2706 noster
783 2681 811 2706 et
835 2678 914 2706 Colb.

88 2712 245 2772 sqcungup,
262 2713 412 2749 honoriﬁca
428 2722 500 2741 voce.
520 2715 654 2750 Legimus
669 2715 744 2750 apud
762 2714 913 2748 Basilium,

92 2756 109 2772 υ.
124 2757 158 2772 γα
195 2758 292 2772 οωντα.

92 2756 158 2782 μίγα
176 2756 292 2782 poturum.

121 2785 153 2811 (el
172 2784 258 2817 Editi,
273 2785 446 2819 simplicibus
460 2786 588 2819 ferentes.
601 2786 637 2812 At
654 2786 744 2813 nostri
760 2788 817 2813 tres
830 2794 914 2818 mss.,

87 2818 258 2858 fifpplicibus
268 2818 442 2858 [cntingat
452 2818 492 2858 ita
506 2821 660 2858 scripsisse
672 2822 855 2849 Eustathium
869 2830 913 2858 urj

87 2853 188 2893 bitror,
200 2856 260 2893 qui,
268 2853 305 2884 ‘ut
314 2857 382 2884 alibi
396 2856 517 2892 passim,
531 2853 573 2884 its-
581 2857 627 2884 hic
638 2866 753 2893 quoque
765 2859 821 2886 vim
834 2857 912 2885 verbi

88 2888 268 2920 Graci'male
283 2888 434 2928 expressit.
449 2892 492 2920 lta
506 2888 603 2929 potius
619 2888 746 2922 scribere
760 2894 911 2928 debuerat,

1004 2339 1029 2366 4.
1047 2338 1119 2370 Quid
1142 2337 1255 2372 loquar,
1280 2335 1385 2370 quidve
1409 2333 1558 2366 reticeam,
1582 2335 1641 2360 tam
1665 2332 1800 2368 copiosos

975 2382 1132 2418 respiciens
1147 2381 1300 2409 thesauros
1312 2379 1471 2406 creatum?
1484 2379 1528 2405 est
1539 2377 1658 2413 quidem
1671 2375 1800 2404 difﬁcilis

973 2427 1118 2456 assecutio
1126 2423 1464 2458 meliorum,sedjactura
1471 2430 1528 2450 non
1538 2421 1700 2450 tolerabilis
1710 2421 1800 2449 omis-

973 2480 1083 2500 sorum.
1101 2471 1239 2499 Germinet
1254 2474 1331 2496 terra
1346 2467 1458 2495 herbam
1472 2467 1578 2502 pabuli.
1590 2468 1653 2493 Mox
1670 2474 1738 2494 eum
1754 2465 1799 2493 vi-

971 2535 1089 2562 :ubdz‘tis
1104 2535 1384 2568 Γιτνιεηιεισνιιννονχςγῃἱ
1398 2528 1555 2568 cum_ap_ud
1572 2526 1711 2568 Basilium
1727 2527 1802 2560 legs.-

973 2579 1041 2598 mus
1055 2563 1113 2600 τοιὲ
1131 2567 1307 2606 dpxoptvmc:
1324 2565 1436 2606 ibidem
1458 2563 1539 2606 Golb.
1555 2563 1714 2606 secundus,
1736 2569 1800 2597 gra-

973 2579 1041 2598 mus
1055 2579 1113 2600 τοις
1131 2578 1201 2606 αρχο
1227 2578 1307 2596 ενοις.
1325 2578 1436 2606 iurueui
1459 2578 1539 2605 υυψ.
1555 2578 1714 2604 ιυυυυιτυυ,

972 2607 1184 2641 vissimumque.
1202 2578 1263 2641 {ica
1278 2602 1383 2641 ultima
1397 2601 1495 2627 deerat
1504 2608 1539 2641 _m
1554 2599 1708 2641 vulgatis."
1724 2632 1729 2637 _

1057 2632 1136 2670 Colb'.
1154 2640 1312 2677 secundus,
1328 2639 1470 2677 latumque
1483 2635 1542 2677 eius
1557 2632 1676 2677 schema.
1688 2632 1801 2677 [bidem

973 2668 1192 2711 ibid'cmﬁcodex,
1209 2677 1234 2703 et
1248 2668 1334 2702 tanta.
1344 2668 1454 2699 Vocula
1469 2675 1495 2698 et
1507 2671 1536 2698 in
1550 2670 1636 2698 editis
1652 2668 1802 2696 desidera-

970 2714 1065 2741 batur.

1007 2753 1041 2782 (ῃ)
1054 2748 1128 2776 Editi
1145 2750 1173 2775 et
1188 2747 1245 2774 duo
1261 2752 1342 2782 mss,
1358 2741 1568 2782 canaragalione
1583 2740 1718 2782 perfecta,
1735 2746 1797 2782 cor-

970 2777 1063 2818 rupte.
1081 2784 1162 2811 (lolb.
1183 2780 1343 2818 secundus,
1366 2777 1536 2817 concretione
1556 2778 1699 2818 per/ecta;
1716 2777 1744 2802 et
1759 2777 1798 2818 ita

970 2789 1063 2818 rupte.
1081 2785 1162 2811 (lolb.
1183 2785 1343 2811 secundus,
1366 2785 1536 2817 concretione
1548 2785 1699 2839 (penum;
1716 2785 1744 2802 θι
1759 2785 1797 2818 ιμ

969 2820 1125 2855 legendum
1142 2826 1206 2855 esse
1221 2819 1299 2851 puto.
1323 2814 1460 2855 Legimus
1485 2820 1546 2855 apti
1574 2811 1732 2855 _Basllium
1746 2820 1797 2842 της

967 2847 1066 2891 abiget»;
1081 2847 1228 2892 γινομένηξ
1243 2861 1249 2878 ;
1266 2850 1343 2892 quod
1360 2847 1465 2889 melius
1485 2847 1525 2892 itp
1540 2848 1769 2884 interpretabere
1785 2855 1792 2874 :

967 2885 1118 2921 αεὲεεείοὶια
1132 2885 1218 2928 facta,
1234 2885 1352 2924 perfecto
1366 2885 1542 2913 incremento.
