2011 3142
127 170 185 200 929

497 165 707 197 EUSTATHII
731 165 962 196 HEXAEMERI
986 165 1263 197 METAPHRASIS
1287 168 1397 198 LIBER
1422 168 1474 200 VI.

1776 171 1835 201 930

129 238 237 264 menta.
256 235 295 271 (α)
313 237 412 270 Itaque
436 234 508 261 dum
534 234 738 261 manifestatur
761 234 858 261 editus
883 241 954 269 puer
969 233 994 266 Α
1009 235 1054 260 est
1068 233 1199 268 signiferi
1215 234 1328 262 circuli.
1345 236 1494 267 Quomodo
1517 245 1585 272 ergo
1610 237 1786 273 principales
1803 238 1836 272 (c)

129 279 351 313 mathematico,
368 281 479 314 quanta
495 278 618 318 dicimus
643 278 743 314 elapsa
759 285 823 306 esse
839 280 959 314 puncta,

129 325 200 353 dum
218 324 316 352 media
330 331 473 359 responsa
489 323 747 355 redduntur.0uod
764 323 819 350 etsi
830 322 958 359 contige-

130 370 168 397 rit
183 371 266 397 extra
282 369 357 396 fores
373 367 501 395 cubiculi
518 369 594 394 stare
608 375 674 395 eum
691 367 740 403 qui
753 366 900 395 nascentis
912 367 961 394 ho-

131 422 193 442 ram
211 413 454 449 colligit,oportet
467 412 579 439 visitari
595 411 781 445 laterculum,
791 415 823 439 ut
838 411 961 446 diligen-

132 461 183 492 ter,
200 460 230 485 et
245 457 309 485 sine
325 456 384 484 ulla
401 456 620 484 intermissione
635 455 771 483 calculari
788 456 879 491 possit
895 464 960 482 cur-

130 511 181 530 sus
207 502 359 536 horarum,
376 501 436 528 sive
461 501 558 529 diurni
586 500 704 535 iuerint,
729 500 790 527 sive
815 500 959 527 nocturni.

131 547 317 579 Quantorum
333 546 425 582 igitur
437 545 653 581 sexagesimoru
659 554 685 572 m
697 553 847 578 numerus,
856 553 888 572 eo
898 545 960 580 ipso

130 594 264 627 tempore
280 590 457 626 prateriisse
482 589 632 626 putsbitur
645 591 656 616 Ρ
671 591 794 617 Necesse
815 591 859 616 est
882 589 960 616 enim

131 638 162 664 ut
179 635 347 663 inveniatur
363 634 527 670 stella,qum
545 642 602 662 non
619 634 714 662 solum
730 634 760 661 in
776 636 866 669 quota
881 636 962 669 parte

129 679 300 708 duodecimi
318 679 417 715 spatii,
434 678 484 706 sed
502 678 589 706 etiam
605 678 635 705 in
660 680 748 713 quoto
763 680 870 713 puncto
890 678 961 704 duo-

130 725 230 753 decies
247 723 346 752 divisas
363 722 504 759 partionis
520 723 697 757 assistit,vel
714 722 812 758 potius
826 722 855 750 in
874 724 961 758 quoto

130 771 284 798 momento
301 767 550 804 sexagesimorum
576 767 732 804 reperitur,
748 767 777 794 in
794 767 901 803 quibus
916 767 961 794 di-

129 815 230 842 ximus
253 814 437 840 decretorum
465 814 574 839 sortem
600 811 691 840 iuisse
715 811 848 845 divisam,
865 813 915 839 aut
932 813 962 838 ut

131 858 255 886 omnino
271 856 378 885 veritas
393 856 608 892 inquiratur,in
625 858 712 891 quoto
726 864 827 884 eorum
845 864 962 891 sexage-

131 905 278 931 simorum
303 903 428 935 ostento,
446 909 509 936 quas
526 909 541 928 a
559 900 661 936 primis
677 902 747 928 sunt
771 900 961 936 sexagesimis

134 948 210 976 184
227 947 266 982 (b)
282 947 426 982 reparata.
438 945 546 973 Verum
563 944 650 972 istam
667 945 708 974 sic
723 944 916 980 enucleatum,
932 947 960 972 et

131 989 463 1027 incomprehensibilem
480 990 622 1025 temporis
639 989 884 1024 invontionem,in
900 989 960 1017 sin-

131 1037 210 1072 gulis
236 1036 405 1071 quibusque
430 1034 556 1069 planetis
581 1033 654 1066 ﬁeri,
671 1034 871 1061 necessarium
896 1041 960 1061 esse

131 1081 309 1109 conﬁrmant
322 1088 327 1108 :
341 1082 373 1107 ut
389 1081 567 1114 agnoscatur
582 1079 699 1114 qualem
712 1078 846 1106 habitum
862 1086 960 1114 gesse-

132 1127 169 1155 rit
179 1126 321 1154 adversus
331 1123 470 1152 erraticas
486 1122 644 1157 stellas,vel
657 1124 743 1159 quale
754 1123 830 1150 inter
839 1131 869 1150 se
881 1123 961 1150 sche-

133 1180 181 1199 ma
192 1170 424 1203 tenuerint,cum
431 1172 600 1196 nasceretur
610 1167 860 1196 infantulus.Nsm
873 1168 897 1195 si
910 1168 960 1194 ho-

133 1225 164 1243 ra
176 1215 302 1243 sollicite
327 1222 385 1241 non
409 1213 497 1240 fuerit
517 1213 671 1245 custodita,
688 1212 902 1248 contigeritque
917 1211 960 1239 vel

134 1259 285 1287 modicum
301 1257 372 1294 quid
383 1258 419 1285 de
430 1257 480 1284 illa
491 1257 686 1284 subtilissima
701 1256 812 1284 ratione
828 1257 935 1283 mutari
952 1263 959 1283 :

134 1312 257 1340 prorsus
272 1301 437 1330 observatio
453 1303 516 1329 tota
537 1301 738 1329 confunditur.
755 1301 829 1328 Sunt
843 1301 959 1336 quidem

134 1349 195 1376 risu
211 1347 295 1382 digni
310 1346 361 1382 qui
377 1346 467 1381 hujus
483 1345 696 1381 inexplicabilis
720 1345 883 1381 disciplina:
899 1347 961 1373 stu-

135 1393 191 1421 diis
206 1393 384 1420 vaoaverunt
399 1398 405 1417 :
422 1390 473 1418 sed
491 1389 582 1417 multo
597 1389 692 1425 magis
707 1389 749 1416 illi
773 1390 823 1424 qui
847 1389 961 1418 avidius

135 1438 165 1465 in
184 1445 234 1465 eos
250 1435 377 1469 inhiant,
395 1436 534 1470 tanquam
549 1433 674 1461 scientes
689 1433 810 1469 aliquid.

169 1482 198 1510 6.
214 1481 317 1516 Itaque
332 1480 427 1508 solent
436 1480 566 1514 eventus,
583 1480 611 1506 et
626 1478 738 1514 efﬁgies
761 1486 878 1514 quoque
889 1486 961 1514 pras-

135 1527 233 1554 dicere
248 1523 630 1561 singulorum,declarantes
641 1523 726 1550 illum
742 1522 839 1558 crispo
855 1522 961 1558 capillo

135 1572 267 1599 futurum
285 1572 313 1598 et
327 1569 474 1597 alacrem:
490 1568 630 1604 quoniam
656 1568 684 1595 in
700 1567 790 1595 ariete
805 1567 899 1603 posita
917 1569 962 1595 est

135 1617 199 1651 ejus
219 1615 301 1648 hora,
318 1614 384 1641 talis
408 1612 485 1641 enim
512 1612 624 1648 species
647 1614 691 1640 est
715 1613 779 1648 ejus
803 1611 959 1645 animalis;
976 1604 997 1637 C

136 1661 250 1696 eritque
268 1667 379 1695 magnas
403 1658 549 1694 potentiae,
567 1656 705 1693 quoniam
734 1656 904 1692 principalis
920 1658 965 1683 est

136 1702 411 1733 aries.Pra3sidalem
429 1710 545 1738 quoque
562 1702 737 1736 futurum,et
752 1703 963 1737 quaestuorum,

137 1749 277 1786 quoniam
295 1755 383 1783 pecus
398 1747 478 1774 istud
495 1747 558 1774 sine
584 1746 717 1773 molestia
742 1745 904 1781 depositam
923 1745 963 1773 la-

139 1802 207 1822 nam
226 1792 310 1821 facile
326 1792 450 1820 resumit
465 1791 650 1818 ministrante
667 1793 782 1818 nstura.
794 1791 847 1823 Qui
865 1792 963 1818 autem

138 1837 192 1865 sub
208 1839 295 1864 tauro
310 1838 425 1863 creatus
440 1837 483 1862 est
495 1835 665 1870 tyrannicus
674 1835 772 1868 erit,et
786 1834 963 1867 laboriosus,

137 1881 275 1916 idemque
291 1879 522 1913 servilis,taurus
531 1879 608 1906 enim
621 1879 694 1914 jugo
702 1878 874 1906 submittere
890 1877 965 1906 colla

138 1925 299 1953 consuevit.
316 1923 368 1956 Qui
384 1931 450 1951 vero
467 1923 551 1959 signo
566 1923 673 1958 scorpii
689 1923 831 1957 nascitur,
845 1922 963 1950 vulniﬁ-

139 1978 190 1998 cus
205 1968 373 2000 habebitur,
389 1970 423 1995 ut
435 1970 502 2004 pote
516 1967 623 1995 similis
647 1967 688 1994 illi
704 1976 710 2000 ;
727 1966 776 2002 qui
793 1969 891 1994 autem
909 1966 964 1993 sub

139 2014 211 2042 hora
234 2013 316 2040 libras
341 2011 428 2039 fuerit
443 2011 550 2045 editus,
565 2011 667 2046 justus
683 2011 828 2044 efﬁcitur;
845 2013 964 2046 propter

139 2058 305 2094 equitatem
321 2065 386 2092 quis
401 2058 533 2084 servatur
548 2056 576 2082 in
592 2055 714 2083 trutina.
732 2055 812 2088 Quod
836 2055 881 2082 his
897 2054 963 2082 risi-

140 2103 229 2131 biliue
255 2102 316 2129 ﬁeri
343 2100 471 2137 poterit?
489 2100 570 2128 Aries
595 2100 686 2136 igitur
701 2108 735 2127 ex
755 2108 812 2135 quo
832 2099 963 2135 genesim

141 2146 289 2174 mutuaris
305 2145 487 2177 hominibus,
504 2144 679 2172 duodecima
694 2152 761 2179 pars
786 2143 849 2170 omli
875 2143 964 2170 babe-

143 2194 208 2224 tur;
225 2191 255 2218 in
271 2198 329 2225 quo
345 2189 369 2217 si
390 2189 434 2216 sol
454 2188 629 2222 constiterit,
642 2188 767 2216 atherea
790 2188 874 2224 signa
895 2195 964 2215 con-

141 2235 246 2271 tingit;
264 2234 338 2262 libra
353 2241 468 2269 quoque
493 2233 537 2260 vel
554 2235 655 2260 taurus
681 2231 856 2260 duodecima
871 2232 964 2268 portio

1013 277 1081 304 inde
1097 286 1201 305 causas
1216 281 1374 308 asscrendo
1390 280 1454 307 vita:
1471 281 1650 316 mortalium,
1665 281 1700 308 de
1713 282 1837 310 terrenis

1014 322 1177 357 pecudibus
1194 324 1376 351 nascentium
1395 325 1502 352 formas
1514 328 1670 360 mentes,et
1684 326 1757 354 dicis
1774 335 1838 354 mu-

1015 366 1135 394 niﬁcum
1164 367 1222 394 fore
1246 367 1401 396 arietinum
1427 369 1576 397 hominem
1595 379 1601 397 :
1617 378 1674 397 non
1691 371 1760 406 quia
1776 379 1838 398 mo-

1014 419 1079 438 rum
1096 412 1240 446 ejusmodi
1257 421 1325 449 pars
1340 413 1391 441 illa
1403 414 1465 441 C(Bii
1480 415 1632 450 periectrix
1647 415 1755 449 est,sed
1771 415 1839 451 quia

1016 458 1119 483 natura
1136 456 1202 484 talis
1227 460 1271 484 est
1292 458 1377 485 ovis?
1393 458 1525 486 Hortaris
1550 467 1618 494 ergo
1644 467 1697 487 nos
1721 459 1840 495 praelata

1015 500 1156 536 dignitate
1181 501 1344 534 stellarum,
1366 506 1417 530 aut
1440 503 1537 539 potius
1565 504 1689 531 suadere
1714 503 1839 538 conaris,

1017 553 1066 579 per
1083 545 1189 572 beslias
1218 549 1315 573 mutas
1339 548 1562 575 accommodare
1578 547 1630 574 tibi
1653 556 1840 576 consensum.

1016 588 1096 620 Quod
1112 590 1136 616 si
1153 590 1188 617 de
1203 590 1382 618 animalibus
1399 595 1567 627 assumptss
1585 599 1698 620 morum
1715 592 1844 628 proprie-

1016 635 1090 660 tates
1106 633 1192 661 hebet
1209 634 1371 671 polus,ipse
1386 644 1500 671 quoque
1516 637 1649 672 subiacet
1664 636 1844 664 necessitati-

1016 678 1071 705 bus
1087 677 1190 706 alienis
1202 686 1210 712 ;
1221 679 1258 714 (τι)
1275 679 1383 715 quippe
1399 680 1467 715 quia
1483 683 1587 708 nactus
1604 683 1648 708 est
1662 689 1696 708 ex
1711 681 1842 716 quadru-

1017 722 1140 758 pedibus
1165 731 1320 751 causarum
1337 725 1426 752 ducta
1450 725 1604 761 principia.
1621 725 1650 752 Si
1675 727 1770 753 autem
1787 725 1843 753 hoc

1017 766 1090 794 dicis
1106 768 1236 803 ineptum
1253 776 1328 801 esse,
1346 769 1436 796 mullo
1453 768 1522 797 illud
1541 769 1746 805 pronuntiabis
1759 769 1842 805 inep-

1018 811 1087 845 tius,
1104 814 1136 838 ut
1159 813 1281 840 auderes
1296 813 1331 840 de
1347 813 1393 841 his
1419 814 1506 841 rebus
1527 813 1704 841 assertiones
1730 814 1842 849 afferre,

1018 863 1081 890 qua:
1104 856 1175 883 nihil
1202 857 1355 884 nobiscum
1382 857 1518 884 videntur
1542 858 1649 886 habere
1674 866 1841 886 commune.

1019 901 1124 927 Verum
1142 900 1202 928 hanc
1215 900 1330 928 illorum
1343 904 1517 934 argumenta
1528 901 1638 930 similia
1648 904 1717 929 sunt
1732 902 1768 938 (e)
1781 910 1845 930 cas-

1015 944 1099 972 sibus
1124 953 1309 978 aranearum,
1327 946 1354 973 in
1380 946 1486 981 quibus
1509 946 1532 974 si
1557 946 1651 980 culex,
1667 949 1717 974 aut
1742 955 1845 975 musca

1015 990 1306 1022 conscderit,tenetur
1322 991 1446 1023 innexa;
1463 999 1529 1018 cum
1546 994 1643 1019 autem
1658 991 1693 1019 de
1717 991 1844 1020 fortiori-

1015 1034 1071 1061 bus
1087 1034 1199 1069 aliquid
1216 1035 1462 1071 inciderit,ipsum
1479 1035 1597 1070 quidem
1615 1044 1683 1063 mox
1698 1039 1845 1071 penetrat,

1015 1080 1112 1105 textus
1127 1086 1193 1106 vero
1210 1079 1373 1114 perrumpit
1389 1079 1543 1107 invalidos.

1050 1123 1076 1150 7.
1093 1125 1200 1150 Tamen
1218 1123 1264 1150 his
1285 1132 1340 1151 non
1369 1132 1586 1160 usquequaque
1611 1125 1741 1153 contenti
1765 1127 1846 1158 sunt,

1016 1167 1064 1194 sed
1089 1166 1278 1203 longinquius
1303 1168 1537 1204 progrediuntur
1560 1172 1700 1197 errantes.
1718 1169 1788 1197 Nam
1803 1177 1849 1197 res

1016 1220 1079 1247 qua:
1096 1213 1123 1238 in
1141 1212 1255 1239 arbitrii
1272 1213 1363 1240 nostri
1391 1213 1526 1241 libertate
1541 1216 1611 1241 sunt
1627 1214 1736 1249 posita},
1749 1214 1777 1241 id
1794 1216 1849 1248 est,

1016 1256 1138 1283 virtutes
1154 1259 1205 1284 aut
1219 1257 1301 1288 vitia.
1317 1257 1486 1285 caelestium
1513 1258 1739 1286 necessitatibus
1754 1258 1849 1294 appli-

1016 1303 1092 1328 cant.
1110 1301 1221 1333 Quibus
1236 1302 1433 1329 contradicere
1449 1303 1584 1337 quamvis
1606 1303 1718 1330 risibile
1733 1303 1783 1337 sit,
1800 1305 1845 1331 ta-

1017 1354 1082 1373 men
1099 1345 1167 1381 quia
1183 1345 1280 1381 plures
1297 1346 1352 1373 bac
1368 1345 1400 1381 (f)
1417 1346 1586 1374 seductione
1608 1346 1737 1383 prolapsi
1761 1349 1844 1381 sunt,

1016 1397 1178 1426 congruum
1206 1389 1276 1417 mihi
1299 1390 1413 1418 videtur
1437 1399 1494 1418 non
1534 1390 1660 1418 transire
1683 1390 1809 1419 silentio.
1824 1392 1848 1419 A

1016 1434 1125 1470 quibus
1140 1434 1212 1461 illud
1230 1434 1361 1470 principe
1378 1435 1406 1462 in
1425 1435 1487 1462 loco
1510 1435 1695 1470 postulamus
1709 1443 1849 1471 agnosce-

1017 1487 1046 1507 re
1063 1487 1069 1505 :
1087 1478 1110 1506 si
1128 1487 1186 1506 non
1202 1479 1307 1506 diebus
1331 1479 1456 1514 singulis
1473 1479 1579 1507 millies
1605 1479 1756 1507 schemata
1776 1489 1842 1508 mu-

1016 1525 1116 1550 tantur
1131 1526 1290 1550 astrorum.
1305 1525 1425 1558 Semper
1436 1524 1514 1550 enim
1531 1526 1684 1551 moventur
1698 1526 1785 1560 atque
1803 1524 1841 1561 (ρ)

1016 1568 1186 1595 discurrunt
1210 1575 1248 1595 ea:
1265 1567 1355 1595 stella:
1382 1575 1446 1603 qum
1462 1567 1584 1604 planetas
1601 1571 1752 1603 vocantur,
1769 1577 1841 1604 qua-

1018 1621 1083 1640 rum
1099 1612 1162 1639 alim
1179 1611 1320 1640 celeribus
1335 1620 1365 1639 se
1379 1612 1512 1648 vestigiis
1527 1616 1757 1649 consequuntur,
1771 1622 1843 1642 non-

1019 1656 1105 1684 nullas
1131 1657 1245 1684 tardius
1268 1657 1478 1691 discurrentes,
1495 1658 1548 1685 sub
1571 1658 1673 1685 eadem
1700 1658 1768 1686 hora
1787 1667 1842 1686 saa-

1018 1702 1127 1737 pius,et
1142 1701 1291 1737 aspiciunt
1307 1703 1380 1737 se,et
1395 1702 1757 1730 absconduntur.Maxima
1772 1711 1843 1731 sane

1018 1746 1062 1774 vis
1078 1746 1202 1773 habetur
1218 1746 1247 1773 in
1273 1747 1383 1782 genesi,
1410 1749 1440 1773 ut
1455 1746 1499 1774 illi
1515 1746 1626 1781 dicunt,
1644 1747 1666 1774 si
1692 1749 1743 1774 aut
1765 1747 1843 1776 bona

1020 1791 1103 1818 stella
1119 1791 1288 1826 respexerit,
1306 1793 1355 1818 aut
1380 1790 1510 1827 maligna
1536 1794 1714 1818 nascentem.
1732 1791 1775 1818 Fit
1789 1800 1844 1819 au-

1019 1838 1077 1863 tem
1106 1835 1278 1870 plerumque
1303 1837 1336 1862 ut
1360 1843 1393 1862 eo
1418 1837 1558 1870 tempore,
1574 1843 1632 1870 quo
1655 1835 1732 1863 bona
1759 1835 1846 1864 stella

1019 1880 1177 1916 praefuerit,
1209 1879 1437 1907 mathematicus
1465 1888 1521 1907 non
1550 1879 1700 1907 inveniens
1727 1883 1845 1916 tempus

1018 1925 1131 1952 edicere
1148 1927 1265 1959 propter
1281 1923 1494 1959 ignorationem
1517 1923 1605 1951 unius
1629 1923 1844 1952 minutissima-

1019 1977 1096 2002 rum,
1114 1976 1188 2004 quas
1203 1977 1293 2003 supra
1308 1968 1463 1995 retulimus
1489 1968 1668 2003 porticuum,
1685 1969 1740 1996 sub
1759 1977 1844 1997 caco-

1019 2014 1151 2041 daemone
1163 2012 1246 2039 illum
1256 2013 1353 2047 jacere
1365 2012 1690 2048 describat,utipsorum
1699 2014 1844 2041 sermoni-

1019 2058 1073 2085 bus
1085 2065 1172 2092 cogar
1185 2057 1270 2089 uti,in
1283 2056 1390 2092 quibus
1398 2056 1567 2092 estquidem
1575 2057 1844 2093 magnademcntia,

1019 2103 1068 2129 serl
1081 2102 1174 2136 major
1183 2101 1306 2127 habetur
1317 2100 1541 2136 impietas.Nam
1556 2100 1746 2136 maligniores
1753 2101 1845 2130 stellis

1019 2154 1123 2174 causas
1135 2145 1272 2181 nequitiae
1282 2145 1404 2180 propriae
1418 2145 1446 2172 in
1458 2153 1545 2172 suum
1558 2145 1738 2173 transferunt
1745 2147 1846 2174 condi~

1019 2193 1123 2218 torem:
1134 2189 1242 2225 quibus
1250 2189 1273 2217 si
1282 2197 1315 2217 cx
1323 2191 1428 2217 natura
1437 2189 1571 2216 subesset
1581 2189 1764 2225 improbitas,
1776 2198 1845 2218 con-

1020 2235 1097 2262 ditor
1114 2234 1241 2270 profecto
1257 2232 1453 2269 malignitatis
1469 2233 1507 2269 (Ιι)
1523 2235 1624 2261 auctor
1638 2234 1846 2263 exstiterit.Sin

177 2297 216 2333 (α)
231 2296 326 2333 codex
344 2303 432 2333 unus,
447 2295 512 2322 dum
527 2295 729 2333 manifestatur.
743 2293 830 2333 _lllud
847 2293 917 2333 dum‘
936 2293 965 2320 in
983 2290 1005 2321 D
1021 2294 1094 2333 sunt.

143 2329 229 2360 editis
244 2331 511 2366 deerat.Aliquanto
528 2332 593 2366 post
606 2331 675 2357 editi
693 2332 721 2357 et
735 2330 792 2357 duo
807 2338 888 2363 mss.,
898 2329 964 2356 dum

142 2369 246 2396 modice
260 2375 387 2402 responsa
402 2366 563 2394 redduntur.
582 2366 670 2394 Vetus
689 2366 778 2394 codex
794 2368 901 2397 noster,
918 2373 963 2392 se-

143 2405 239 2432 cunda
254 2401 372 2439 quidem
389 2411 488 2439 manu,
505 2402 555 2430 sed
571 2403 704 2439 antiqua,
719 2402 785 2439 dum
801 2401 894 2429 media
912 2409 966 2439 res-

142 2449 226 2476 ponsa
241 2438 404 2467 redduntur.
420 2438 549 2466 Subinde
564 2438 641 2465 Colb.
668 2438 828 2471 secundus,
843 2438 965 2465 inveniet

144 2477 262 2504 stellam.
275 2482 348 2510 qu$,
365 2477 419 2502 etc.

179 2512 217 2546 (b)
233 2508 309 2538 Editi
324 2514 352 2538 et
367 2511 425 2537 duo
442 2517 525 2543 mss.,
542 2512 683 2544 reparata.
701 2508 780 2536 Colb.
806 2509 964 2542 secundus,

145 2549 278 2583 reputate,
295 2547 419 2583 fortasse
434 2547 584 2583 amputato.

179 2583 215 2619 (ε)
231 2579 334 2610 Vocem
351 2581 415 2609 inde
429 2589 463 2608 ex
479 2579 586 2608 nostris
608 2579 753 2608 veteribus
777 2579 860 2606 libris
884 2579 966 2606 addi-

146 2619 254 2646 dimus.

179 2655 223 2690 (ιι)
238 2653 332 2681 Codex
348 2652 536 2690 unus,qziippe
550 2651 821 2690 quiagditiguippe
835 2649 968 2690 quit-Mox

146 2686 202 2718 duo
214 2686 280 2717 'mss
296 2710 303 2721 ,
319 2690 344 2716 si
357 2686 451 2716 autem
466 2686 515 2715 hoc
537 2686 615 2714 dicis.
631 2687 717 2719 Editi,
733 2687 757 2714 si
771 2688 865 2714 autem
890 2686 966 2712 dicit.

147 2725 203 2753 Hoc
220 2725 283 2761 ipso
298 2725 328 2752 in
344 2724 406 2752 loco
423 2723 567 2755 mss.duo,
583 2723 784 2758 pronuntiubis.
801 2721 888 2754 Editi,
903 2729 967 2756 pro-

145 2761 296 2789 nuntiabz'i.

180 2799 215 2831 (ε)
233 2796 357 2824 Verbum
372 2799 438 2831 sunt,
450 2794 619 2822 addidimus
635 2802 667 2821 ex
677 2793 791 2821 duobus
807 2791 968 2831 codicibus.

146 2828 212 2860 Mox
224 2832 306 2864 editi,
322 2834 414 2859 tamen
429 2830 472 2857 his
487 2837 551 2865 qua?
563 2838 673 2866 quaque
687 2838 742 2857 non
756 2828 878 2857 contenti
891 2830 968 2866 sunt.

146 2867 270 2906 Antiqui
278 2868 336 2896 duo
348 2866 414 2894 libri
420 2864 520 2901 ,ιαηιὸη
531 2864 574 2894 his
583 2864 639 2894 non
650 2872 842 2902 usquequaque
849 2864 971 2892 contenti

1055 2329 1088 2363 (Ῑ)
1102 2328 1196 2364 Codex
1212 2335 1298 2364 unus,
1315 2326 1482 2364 hac_se_ducli
1497 2327 1615 2364 ratione,
1630 2328 1757 2364 prolapsi
1770 2330 1845 2356 sunt.

1021 2362 1099 2390 llaud
1117 2363 1202 2399 longe
1225 2362 1293 2390 editi
1318 2362 1441 2400 etﬂColb.
1467 2362 1592 2400 primus,
1608 2362 1845 2400 rilludi'principi.

1019 2401 1085 2427 loco.
1101 2400 1194 2426 Codex
1209 2401 1317 2430 noster,
1334 2399 1404 2425 illud
1418 2399 1546 2434 principe
1560 2399 1588 2426 in
1605 2399 1670 2426 loco.
1688 2399 1846 2428 Colb.alter

1019 2435 1089 2462 illud
1104 2435 1192 2470 primo
1208 2434 1273 2461 loco.
1291 2434 1396 2471 Grmce,
1412 2435 1530 2471 πρῶτον.
1549 2434 1672 2462 Ultimas
1695 2436 1768 2464 duas
1791 2436 1846 2464 leo-

1021 2473 1114 2499 tioncs
1129 2478 1162 2498 ex
1177 2478 1260 2505 (equo
1274 2470 1336 2496 voci
1352 2470 1456 2497 Griecm
1478 2471 1633 2508 convenire
1655 2472 1764 2508 vident,
1780 2472 1845 2508 opi-

1022 2516 1082 2539 nor,
1100 2514 1201 2533 ornnf‘s
1220 2515 1226 2538 ;
1245 2508 1313 2541 pulo
1330 2509 1426 2532 ta'nrn
1446 2506 1543 2541 potius
1566 2506 1619 2541 legi
1647 2506 1751 2534 debere
1765 2506 1844 2542 prin-

1021 2545 1078 2578 (τίρε
1094 2544 1120 2569 in
1139 2543 1212 2578 loco,
1227 2542 1270 2578 uti
1287 2542 1316 2568 in
1332 2543 1422 2578 veteri
1430 2545 1536 2578 qnostro
1553 2542 1626 2568 libro
1642 2542 1781 2578 scriptum
1798 2543 1842 2570 in-

1021 2576 1164 2606 venimus.
1182 2577 1302 2604 Videtur
1323 2577 1402 2613 enim
1430 2576 1578 2610 librarius,
1593 2576 1771 2613 quicunque
1794 2578 1845 2605 ille

1023 2615 1078 2642 fuit
1092 2614 1140 2649 qui
1158 2613 1281 2641 alterum
1300 2612 1383 2640 illum
1407 2613 1535 2640 codicem
1551 2612 1750 2640 Colbertinum
1771 2613 1845 2641 scri-

1023 2651 1091 2686 psit.
1108 2649 1257 2686 nonnulla
1273 2649 1308 2675 de
1333 2657 1386 2675 suo
1411 2650 1439 2675 et
1464 2651 1603 2686 mutasse,
1620 2650 1648 2674 et
1671 2649 1842 2686 correxisse,

1024 2683 1092 2720 sive,
1109 2694 1175 2724 cum
1192 2684 1342 2724 scriberet,
1352 2683 1517 2724 respexerit
1532 2685 1571 2724 ad
1592 2684 1740 2724 exemplar
1762 2685 1843 2713 Gras-

1024 2731 1100 2752 cum.
1118 2722 1177 2748 sive
1193 2721 1220 2747 id
1239 2720 1299 2747 solo
1316 2719 1437 2746 rationis
1452 2719 1541 2746 ductu
1559 2719 1668 2746 fecerit.

1059 2759 1095 2793 (9)
1114 2757 1198 2790 Editi,
1214 2757 1376 2784 discurrunt
1397 2753 1496 2781 stellze.
1514 2757 1550 2781 At
1577 2753 1657 2782 Colb.
1684 2756 1844 2792 secundus,

1024 2801 1060 2820 ea:
1071 2793 1169 2820 stellis.

1060 2829 1099 2863 (ἡ)
1116 2827 1200 2859 Editi,
1217 2828 1291 2854 actor
1305 2825 1448 2853 exstiterit.
1465 2825 1546 2852 Colb.
1563 2826 1722 2862 secundus,
1738 2828 1846 2855 auctori

1025 2865 1170 2892 exstiterit.
