2011 3142
99 171 149 202 933

453 168 662 198 EUSTATHII
685 167 918 199 HEXAEMERI
942 168 1215 202 ME'I‘APHRASIS
1238 171 1354 202 LIBER
1379 172 1428 201 VI.

1732 172 1790 201 934

99 235 192 265 caloris
202 234 705 271 aequatasobtineusportiones,sine
714 233 850 261 molestia
859 242 912 261 nos
928 234 953 266 Α
969 235 1384 273 venerimus,magnitudinem
1398 244 1496 264 eorum
1509 242 1619 272 quanta
1629 237 1667 265 sit
1678 238 1794 266 facilius

101 281 166 308 186
183 279 270 307 tradit
283 278 420 306 adventui
438 279 476 314 (ιι)
492 279 642 314 sequentis
659 278 796 313 hibernii,
813 279 908 305 denuo

99 325 219 353 videlicet
234 323 294 351 sole
310 323 345 351 ad
360 322 519 350 australem
536 323 682 358 regionem
705 323 740 350 de
765 321 911 358 aquilonis

101 369 221 406 partibus
237 370 395 396 remeante.
414 369 460 394 Hie
474 370 545 395 sunt
557 367 775 395 vicissitudines
800 370 912 402 tempo-

101 422 168 448 rum,
184 421 245 449 quae
262 412 333 440 solis
349 412 534 439 discursibus
551 411 830 442 famulantes,vitam
848 419 915 438 nos-

101 460 166 486 tram
181 458 350 493 dispensare
367 457 537 484 creduntur.
550 457 580 484 Et
595 457 660 489 sint,
672 456 776 492 inquit,
787 457 816 483 in
830 457 916 491 signis

101 507 124 531 ct
137 503 160 529 in
178 502 271 529 diebus
286 511 295 528 :
312 509 368 528 non
387 503 418 528 ut
433 501 511 528 diem
527 501 634 528 faceret
649 500 704 535 sol,
730 501 779 527 sed
809 503 840 527 ut
860 500 918 534 diei

100 547 300 575 moderaretur.
323 545 396 573 Nam
413 545 483 573 olim
501 554 556 573 nox
572 547 601 573 et
616 545 688 580 dies,
705 547 860 580 antequam
879 544 920 571 lu-

103 591 217 619 minaria
233 593 412 626 crearentur,
430 590 539 618 etl'ectac
556 592 636 625 sunt,
653 590 731 626 quod
747 589 875 617 declarat
892 591 922 616 et

104 637 224 672 psalmus
240 635 340 663 dicens
359 643 365 662 :
381 635 478 662 Posuit
498 635 585 663 solem
611 636 640 662 in
663 637 825 670 potestatem
849 633 920 668 diei,

102 682 195 716 lunam,
211 685 236 708 el
252 681 345 708 stellas
360 681 388 707 in
403 681 563 715 potestatem
579 681 667 707 noctis
682 679 768 715 (Plat.
779 678 920 714 cxxxv,8).

107 725 248 759 Quomodo
259 724 296 760 (b)
309 724 400 760 igitur
411 724 453 751 sol
467 724 554 752 habet
567 724 623 751 diei
641 725 837 759 potestatem?
854 723 924 759 quia

103 770 188 798 lucem
201 770 227 797 in
243 769 348 805 seipse
360 769 581 802 circumferens,
598 777 664 796 cura
676 769 710 796 ad
723 769 822 796 orbem
835 776 922 803 quem

105 823 150 843 nos
174 814 342 842 habitamus
368 815 536 848 accesserit,
561 813 667 841 solutis
691 813 830 847 tenebris,
846 812 923 840 diem

105 860 220 894 praestat.
239 858 301 885 Non
318 865 386 893 ergo
403 857 517 884 fallitur
528 858 654 893 quisque
666 856 743 884 diem
753 857 925 884 vocitaverit

964 279 1136 314 reperimus.
1153 281 1200 309 Sol
1216 284 1315 309 autem
1339 281 1412 308 nulli
1438 289 1585 317 unquum.
1607 282 1651 309 vel
1677 282 1775 318 longiu

966 324 1109 351 asseritur
1133 325 1170 360 (d)
1193 333 1268 358 esse,
1293 325 1336 352 vel
1361 325 1492 361 propius,
1510 325 1551 353 ita
1566 334 1599 353 ex
1616 328 1695 354 omni
1713 330 1796 363 parte

968 376 1031 403 quae
1047 369 1180 404 subjecta
1196 373 1364 405 sunt,aequa
1381 369 1464 397 lance
1475 373 1720 406 respectatzquem
1733 372 1796 399 Indi

970 415 1058 448 atque
1072 414 1204 441 Britanni
1221 414 1357 441 similiter
1373 415 1636 450 intuentur.Neque
1646 416 1722 443 enim
1733 424 1797 444 ver-

971 465 1043 493 gens
1067 458 1096 485 in
1122 466 1269 492 occasum,
1295 458 1494 486 habitantibus
1519 458 1676 495 Orientem,
1693 460 1728 488 de
1743 469 1796 489 sua

974 502 1126 538 quippiam
1145 503 1346 538 magnitudine
1363 502 1490 530 sentitur
1515 503 1664 537 amittere;
1691 513 1743 532 nec
1766 505 1795 532 in

975 545 1131 573 Occidente
1162 546 1277 580 positis,
1308 546 1403 573 minor
1431 550 1552 582 apparet
1576 549 1718 581 exoriens,
1744 556 1796 576 nec

976 590 1093 625 quando
1110 591 1237 617 medium
1253 590 1317 618 coeli
1334 593 1411 618 tenet
1424 599 1517 625 axem,
1529 592 1681 628 utriusque
1697 593 1796 621 lateris

976 636 1113 662 immutat
1128 637 1288 670 aspectum.
1301 635 1363 662 Non
1380 637 1408 662 te
1423 643 1491 670 ergo
1507 636 1634 664 brevitas
1649 637 1713 672 ejus
1728 645 1798 665 con-

976 679 1116 715 templata
1131 679 1323 714 decipiat,ncc
1340 679 1407 713 quia
1422 680 1558 708 cubitalia
1573 680 1734 709 visentibus
1750 690 1796 709 or-

978 723 1022 750 bis
1037 731 1110 750 suus
1124 724 1242 758 putatur
1256 731 1434 755 esse,revera
1448 723 1515 751 talis
1532 723 1631 752 haberi
1648 726 1796 760 putandus

976 767 1155 803 est.Semper
1165 767 1242 794 enim
1254 767 1397 795 cohaerere
1408 767 1482 795 solet
1495 768 1712 797 intervallorum
1722 772 1798 798 trac-

977 812 1020 840 tui
1036 820 1132 839 rerum
1148 812 1298 848 prolixitas
1314 815 1510 848 spectatarum
1525 822 1530 846 ;
1549 814 1682 849 aciesque
1697 814 1799 842 oculo-

979 865 1043 884 rum
1060 856 1202 892 interjerti
1218 857 1306 893 spatii
1323 856 1534 893 longitudinem
1553 866 1609 885 non
1632 859 1801 895 assequitur

105 910 190 930 aerem
202 901 380 937 istum,solis
392 901 484 929 radiis
495 901 687 935 illustratum,
698 903 727 929 et
737 901 812 928 hanc
823 899 920 928 diurni
936 918 959 950 Β
979 901 1130 935 intuendo,
1142 901 1192 928 sed
1211 903 1348 936 tanquam
1366 901 1485 929 deﬁcias
1500 902 1683 938 expenditur,
1697 905 1725 931 et
1741 911 1800 931 ma-

105 946 233 982 temporis
244 955 308 975 esse
321 954 503 980 mensuram,
520 946 597 981 quod
610 946 639 973 in
655 945 872 981 bemisphmrio,
890 946 922 972 ut

104 992 260 1027 opinantur,
273 991 351 1026 quod
363 999 454 1025 supra
464 993 572 1018 terram
584 993 637 1023 est,
649 992 857 1017 commoratur.
867 989 921 1016 Sed

103 1036 161 1063 etin
170 1034 529 1070 annis,inquit,signaista
539 1034 681 1070 disposita
689 1035 842 1061 sunt.Cum
853 1034 923 1060 duo-

104 1080 190 1107 decies
215 1079 306 1115 igitur
320 1080 416 1114 spatia
432 1078 477 1106 sui
495 1086 599 1106 cursus
615 1078 686 1105 luna
701 1078 854 1114 peregerit,
871 1086 922 1104 an-

105 1133 166 1152 num
179 1124 354 1151 facitzunum
368 1126 465 1151 tamen
478 1123 567 1150 inseri
588 1123 642 1151 sibi
655 1123 768 1158 ﬂagitat
780 1130 922 1155 mensem,

106 1170 132 1195 ut
145 1167 314 1203 diligentius
330 1167 469 1194 horarum
486 1166 580 1202 possit
594 1166 692 1202 colligi
709 1167 836 1202 perfecta
852 1174 923 1193 con-

106 1212 286 1240 cursiozsicut
296 1211 406 1239 Hebrmi
419 1220 530 1238 annum
543 1211 708 1246 antiquitus
719 1211 922 1245 observabant,

107 1258 131 1283 et
140 1256 300 1283 Grazcorum
310 1251 622 1283 vetustissimiAnnu‘s
634 1257 731 1283 autem
744 1255 864 1283 solanus
875 1263 923 1282 vo-

105 1303 178 1328 catur
188 1300 333 1328 ordinatio
350 1300 470 1333 solis,de
482 1302 558 1327 certo
570 1300 653 1336 signo
665 1300 694 1327 in
707 1300 808 1328 eodem
820 1308 924 1327 rursus

107 1353 152 1380 per
165 1354 217 1373 sua
232 1353 264 1373 se
282 1345 402 1381 vestigia
417 1345 601 1372 revolventis.

137 1391 163 1418 9.
175 1391 207 1418 Et
220 1391 291 1427 fecit
304 1391 374 1417 Deus
387 1390 442 1417 duo
459 1390 612 1417 luminaria
627 1398 742 1424 magna.
767 1390 924 1425 Nuncupa-

108 1434 143 1462 tio
164 1434 252 1471 igitur
276 1443 449 1470 magnorum
468 1434 575 1471 duplex
591 1436 645 1467 est,
662 1442 788 1469 quorum
804 1442 864 1461 una
879 1433 924 1460 in-

107 1478 246 1507 tellectum
263 1480 353 1507 habet
368 1478 548 1514 absolutum,
564 1478 623 1506 alia
636 1486 703 1506 vero
718 1480 762 1506 est
778 1486 841 1513 qua:
863 1485 926 1504 res-

104 1526 179 1559 pectu
204 1524 329 1551 minoris
352 1523 425 1550 illud
450 1524 528 1559 quod
548 1525 592 1550 est
610 1523 706 1558 majus
720 1523 854 1558 assignat
870 1530 876 1549 :
895 1524 926 1549 ut

108 1570 170 1603 puta
184 1576 312 1604 magnus
327 1576 431 1604 equus,
449 1570 500 1595 aut
515 1576 640 1603 magnus
657 1568 718 1594 hos.
729 1567 787 1594 Nos
801 1567 878 1594 enim
893 1574 927 1594 ex

976 945 1021 982 gis
1036 945 1228 973 aestimatione
1245 954 1333 981 quam
1350 945 1465 980 visu,ea
1481 955 1543 982 qua:
1569 950 1731 974 cernuntur
1757 950 1799 975 at-

976 990 1064 1026 tingit
1079 999 1086 1017 :
1103 992 1131 1017 et
1146 990 1209 1017 ideo
1225 999 1276 1026 pro
1292 999 1345 1018 sua
1361 990 1504 1018 tenuitate
1519 999 1564 1018 res
1580 1000 1683 1027 parvas
1698 992 1800 1020 existi-

977 1038 1039 1062 mat
1053 1043 1117 1062 csse
1132 1043 1195 1070 quae
1212 1043 1323 1070 magna:
1341 1035 1652 1068 sunt,imbecillitatem
1669 1036 1802 1064 videlicet

978 1087 1061 1106 suum
1079 1079 1123 1106 his
1139 1087 1202 1114 quas
1216 1079 1358 1115 conspicit
1374 1079 1557 1107 ascribendo.
1579 1079 1709 1108 Profecto
1732 1089 1801 1117 ergo

979 1124 1120 1150 falluntur
1143 1123 1273 1157 obtutus,
1299 1126 1327 1150 et
1347 1123 1492 1158 judicium
1511 1123 1593 1151 ﬁdele
1608 1132 1665 1151 non
1682 1124 1800 1153 habent.

979 1168 1141 1195 Recordare
1158 1176 1284 1203 namque
1301 1167 1503 1195 inﬁrmitatem
1520 1169 1710 1204 propriam,et
1726 1177 1760 1196 ex
1775 1171 1803 1197 te

979 1212 1042 1248 ipso
1057 1212 1154 1247 capies
1170 1220 1269 1254 eorqm
1296 1220 1359 1247 quzn
1385 1212 1464 1239 dicta
1488 1214 1557 1240 sunt
1583 1215 1802 1249 argumentum.

979 1256 1078 1291 Itaque
1093 1256 1118 1282 si
1135 1256 1252 1291 quando
1269 1264 1303 1282 ex
1318 1255 1376 1283 alto
1392 1256 1500 1284 montis
1514 1257 1621 1284 vertice
1637 1258 1800 1293 subjectum

980 1308 1150 1335 camporum
1169 1300 1323 1335 planitiem
1341 1300 1504 1335 respexisti,
1520 1309 1614 1328 nonne
1626 1302 1700 1337 juga
1714 1302 1802 1329 boum

979 1346 1038 1371 tam
1050 1344 1229 1379 grandia,vel
1244 1346 1372 1372 aratores
1384 1345 1628 1378 eorum,formicis
1639 1345 1804 1382 similesju-

980 1389 1106 1416 dicasti?
1119 1388 1316 1417 Nihilominus
1327 1389 1416 1416 etiam
1428 1390 1497 1416 dum
1514 1389 1543 1417 in
1560 1390 1673 1418 excelsa
1684 1390 1804 1426 specula

980 1432 1104 1467 locatus,
1116 1432 1215 1460 oculos
1227 1433 1256 1460 in
1268 1433 1387 1469 pelagus
1397 1434 1576 1468 convertisti,
1586 1434 1687 1469 quales
1699 1434 1752 1462 tibi
1762 1435 1802 1462 vi-

980 1477 1126 1505 debantur
1139 1477 1264 1504 insulas?
1278 1477 1378 1505 Nonne
1394 1477 1596 1505 columbarum
1611 1478 1804 1514 parvissima-

981 1530 1045 1549 rum
1071 1521 1123 1549 tibi
1150 1521 1335 1557 phantasiam
1354 1522 1511 1557 quamdam
1528 1522 1741 1558 perhibebant?
1754 1525 1805 1551 aut

983 1575 1069 1594 naves
1082 1566 1301 1602 iugentes,velis
1311 1567 1344 1602 (ει)
1356 1566 1588 1594 tumescentibus
1599 1567 1733 1595 candidis
1742 1576 1805 1603 pro-

109 1612 190 1640 nimia
206 1603 407 1640 immensitate
424 1620 545 1639 suorum
561 1612 780 1647 corporum,sed
798 1619 832 1638 ex
847 1618 924 1638 com-
941 1603 963 1636 C
982 1614 1086 1647 spectas
1102 1611 1202 1646 procul
1219 1611 1306 1646 nigris
1322 1611 1523 1646 putabantur?
1536 1611 1577 1639 Ob
1593 1612 1646 1639 hoc
1660 1612 1804 1648 videlicet,

109 1657 250 1692 paratione
273 1656 406 1692 alterius,
432 1656 635 1684 testimonium
661 1656 825 1684 sortiuntur
849 1655 928 1690 ejus-

110 1702 190 1729 modi.
208 1701 360 1734 Quomodo
376 1709 442 1736 ergo
458 1709 536 1728 nunc
550 1709 670 1728 sensum
693 1709 783 1736 super
807 1708 928 1736 magno-

110 1754 168 1773 rum
192 1746 419 1782 appellationem
445 1746 610 1773 ducamus?
634 1745 690 1772 Sed
716 1745 842 1781 priorem
866 1745 930 1771 sine

111 1790 191 1818 dubio
207 1798 341 1823 sensum,
356 1792 497 1825 tanquam
513 1790 626 1817 minora
651 1789 810 1824 majoribus
831 1789 930 1816 confe-

111 1838 209 1869 rentes,
226 1834 307 1862 velut
322 1834 485 1868 formicam,
497 1836 548 1861 aut
563 1833 641 1861 aliud
658 1834 805 1869 quoddam
821 1832 930 1861 animal

113 1881 211 1907 natura
240 1887 363 1914 parvum
392 1878 585 1906 maximorum
606 1877 760 1905 collatione
785 1878 931 1913 postposi-

111 1924 184 1953 tum:
202 1932 238 1951 an
256 1923 355 1959 potius
371 1923 441 1958 quia
458 1931 508 1958 pro
524 1922 635 1958 ingenti
651 1922 745 1950 forma
760 1930 815 1949 sua
829 1922 932 1950 merito

111 1966 264 1995 luminaria
281 1976 389 2003 magna
402 1967 564 1995 dicuntur?
587 1967 622 1994 Et
647 1966 741 2002 magis
766 1967 869 2002 opinor
891 1967 933 1994 ita

110 2011 207 2040 debere
224 2012 360 2047 intelligi.
380 2011 441 2039 Non
459 2012 535 2039 enim
554 2011 623 2047 quia
639 2011 751 2046 majora
776 2013 844 2038 sunt
867 2010 932 2038 aliis

110 2056 195 2084 stellis
211 2065 321 2093 magna
338 2058 557 2092 nuncupantur,
574 2055 624 2083 sed
641 2056 709 2091 quia
726 2057 806 2082 tanta
828 2055 932 2090 ampli-

109 2101 173 2129 tudo
186 2104 230 2129 est
241 2101 322 2129 orbis
334 2101 502 2134 illorum,ut
513 2101 609 2137 fulgor
620 2101 671 2137 qui
682 2109 716 2128 ex
726 2101 798 2136 ipsis
810 2101 931 2135 erudiat,

109 2153 196 2174 aerem
208 2149 305 2174 totum
317 2146 499 2173 sufﬁcienter
510 2145 857 2180 illuminet,et(c)ubique
869 2153 932 2181 por-

109 2193 307 2224 rectus,terras
319 2198 421 2217 omnes
433 2190 585 2226 mariaque
595 2189 813 2225 contingat.Qui
824 2197 890 2216 cum
902 2189 931 2217 in

110 2234 234 2269 qualibet
245 2235 307 2271 poli
318 2235 457 2270 parte,vel
468 2234 588 2262 oriende
601 2233 644 2261 vel
653 2233 811 2261 occidendo
823 2233 931 2261 consti-

983 1656 1052 1692 quia
1067 1663 1172 1682 sensus
1187 1657 1219 1682 ut
1231 1655 1359 1682 diximus
1374 1655 1615 1689 oculorum,aeris
1630 1657 1806 1685 distentione

983 1702 1123 1727 tenuatus
1139 1708 1196 1727 non
1212 1699 1320 1727 sufﬁcit
1334 1700 1581 1736 comprehendere
1603 1700 1719 1737 plenius
1741 1710 1805 1737 qua

985 1744 1204 1772 visuntur.Nam
1217 1746 1244 1772 et
1255 1744 1373 1780 rupium
1385 1745 1576 1772 maximarum
1587 1746 1616 1772 in
1625 1745 1717 1773 altum
1726 1755 1807 1774 cava-

984 1792 1080 1816 tarum
1092 1789 1216 1816 rotundu
1225 1788 1368 1824 plenaque
1377 1792 1497 1824 putatur
1504 1789 1641 1824 aspectio;
1654 1790 1724 1817 dum
1733 1791 1806 1818 emi-

986 1834 1123 1861 nentibus
1137 1833 1266 1868 undique
1278 1833 1459 1868 marginibus
1468 1834 1751 1869 occupata,medium
1763 1843 1810 1862 ca-

985 1877 1109 1905 vatianis
1121 1877 1287 1911 locum,non
1303 1877 1379 1905 valet
1388 1878 1461 1905 visio
1472 1877 1640 1906 defectionis
1653 1879 1807 1914 attingere.

987 1922 1029 1950 Ita
1045 1930 1097 1949 nec
1109 1930 1263 1957 corporum
1275 1921 1539 1957 schemata,qualia
1550 1922 1609 1950 sint
1624 1923 1748 1951 advertit
1763 1923 1808 1951 in-

986 1966 1089 2001 tuitus,
1107 1967 1155 1993 sed
1172 1968 1278 1993 teretes
1293 1975 1356 1994 esse
1370 1968 1465 1994 turres
1480 1974 1544 2002 qua:
1559 1968 1717 2003 quadratae
1739 1969 1810 1996 sunt

986 2010 1275 2047 opinantur.Certum
1288 2013 1331 2038 est
1342 2019 1420 2046 ergo,
1433 2011 1503 2047 quia
1514 2012 1542 2038 in
1553 2011 1588 2047 (Γ)
1603 2011 1811 2047 prolixioribus

986 2055 1150 2083 intervallis
1167 2064 1222 2082 non
1239 2055 1402 2089 deﬁnitam,
1419 2056 1469 2082 sed
1487 2056 1638 2083 confusam
1655 2064 1810 2093 corporum

985 2100 1119 2136 capimus
1132 2099 1285 2127 visionem.
1298 2099 1345 2126 Sic
1358 2101 1386 2126 et
1403 2107 1510 2135 magna
1526 2099 1694 2134 luminaria,
1706 2109 1811 2129 secun-

986 2146 1055 2172 dum
1073 2144 1241 2179 ‘Scripturas
1266 2143 1479 2177 testimonium,
1508 2144 1718 2180 multipliciora
1742 2148 1812 2173 sunt

987 2198 1074 2224 quam
1090 2190 1261 2215 cernuntur.

1024 2232 1149 2260 10.Licet
1158 2232 1229 2259 illud
1240 2240 1357 2267 quoque
1368 2232 1579 2268 magnitudinis
1588 2242 1689 2261 eorum
1699 2233 1737 2262 sit
1746 2242 1812 2270 pro-

108 2279 178 2313 terit,
191 2282 366 2307 cunctorum
380 2279 546 2306 mortalium
560 2278 669 2306 visibus
683 2278 832 2313 aequaliter
843 2286 930 2313 appa-
946 2291 969 2323 Ι)
988 2277 1084 2305 babile
1097 2277 1321 2310 documentum,
1332 2277 1401 2311 quia
1414 2285 1481 2304 cum
1493 2277 1552 2305 sint
1562 2278 1683 2306 infinitae
1693 2287 1814 2308 numere

107 2324 198 2352 rescit.
216 2324 310 2359 Cujus
331 2323 504 2359 magnitudo
526 2323 722 2350 certissimum
736 2322 825 2349 habet
839 2323 931 2350 docu-

107 2368 320 2403 mentumzquia
332 2376 384 2395 nec
395 2367 528 2403 ipsorum
541 2367 765 2394 luminariorum
777 2366 932 2394 collatione

106 2410 223 2440 latitudo
240 2415 336 2445 terris,
349 2414 460 2448 quanta
476 2411 514 2439 sit
529 2412 708 2448 assignatur;
718 2414 751 2439 ut
761 2419 813 2447 per
824 2411 878 2439 hoc
888 2411 932 2439 sol

106 2458 131 2482 et
151 2456 221 2485 luna
236 2457 283 2485 vel
300 2457 429 2484 minores
444 2465 508 2484 esse
524 2455 733 2491 comprehendi
748 2455 872 2489 valeant,
888 2455 932 2483 vel

107 2501 238 2536 majores.
255 2501 331 2528 Nam
348 2508 465 2536 semper
479 2509 513 2528 ea
529 2509 594 2536 quae
609 2501 725 2528 eminus
741 2500 837 2535 posita
851 2502 932 2533 sunt,

105 2544 203 2581 exigua
219 2545 332 2573 nostris
348 2548 488 2580 putantur
503 2545 675 2572 obtutibus:
689 2552 754 2571 cum
771 2552 837 2572 vero
849 2544 934 2579 juxta

138 2612 174 2647 (α)
190 2612 268 2639 Editi
287 2614 315 2639 et
330 2610 411 2639 Colb.
427 2611 551 2646 primus,
568 2612 705 2647 sequentis
721 2611 841 2638 hiberni.
855 2611 934 2639 Alter

105 2646 180 2676 Golb.
188 2648 340 2684 aequentis
356 2647 486 2684 (liberati.

136 2684 171 2719 (ὁ)
188 2682 278 2717 Editi,
295 2683 365 2719 quod
381 2684 477 2719 igitur.
496 2683 572 2710 Libri
586 2684 709 2717 veteres,
725 2682 859 2717 quomodo
874 2683 930 2716 igi-

105 2721 154 2745 tur.
171 2720 281 2752 Graece,
299 2718 358 2748 πῶς
374 2718 430 2745 οὖν.

138 2756 168 2789 lc)
185 2756 365 2783 addidimus
380 2754 512 2782 voculam
530 2756 556 2781 et
569 2762 604 2781 ex
631 2754 747 2781 duobus
770 2753 931 2781 codicubus.

105 2789 258 2826 aliquanto
276 2794 343 2826 post
354 2791 423 2818 editi
440 2793 468 2816 et
484 2790 541 2816 duo
558 2789 812 2823 mss.,mortalium
826 2789 930 2816 usibus.

103 2825 178 2854 Colb.
197 2825 362 2860 secundus,
378 2826 541 2854 mortalium
556 2825 667 2853 visibus.

137 2861 175 2899 (ἀ)
191 2862 425 2892 Colb.secundus
436 2861 524 2889 habet
535 2861 565 2889 in
577 2863 714 2889 contextu
727 2860 872 2896 aspicitur;
881 2861 932 2888 sed

986 2321 1089 2352 stellae,
1107 2321 1202 2356 fulgor
1214 2325 1309 2348 tamen
1322 2321 1370 2356 qui
1384 2321 1515 2356 procedit
1524 2329 1560 2349 ex
1573 2323 1627 2358 eis,
1644 2332 1702 2351 non
1718 2325 1815 2359 potest
1825 2355 1834 2361 δ

988 2367 1160 2393 nocturnam
1173 2365 1305 2392 scindere
1316 2365 1504 2393 densitatem.
1517 2366 1565 2394 Sol
1576 2370 1674 2395 autem
1687 2367 1752 2396 fusa
1762 2376 1815 2403 per

988 2410 1130 2438 mundum
1143 2410 1278 2442 luce,non
1290 2410 1376 2437 modo
1390 2418 1458 2438 cum
1469 2411 1551 2440 visus
1562 2412 1714 2446 fuerit,sed
1725 2413 1814 2441 etiam

987 2463 1053 2482 cum
1065 2454 1162 2481 venire
1178 2456 1313 2488 speratur
1325 2456 1352 2481 et
1372 2458 1530 2490 antequam
1548 2462 1639 2484 terras
1655 2457 1812 2491 illuminat,

987 2499 1193 2528 obscuritatem
1208 2498 1300 2526 noctis
1313 2498 1487 2534 infringit,ct
1500 2504 1617 2536 superat
1629 2502 1815 2536 astra(g)can-

987 2545 1225 2579 dore,aereinquc
1236 2545 1318 2570 terrae
1330 2544 1508 2579 proximum,
1522 2545 1628 2581 frigore
1640 2545 1814 2580 nebulisque

986 2612 1016 2638 in
1034 2619 1084 2639 ora
1098 2611 1163 2638 libri
1181 2611 1322 2646 scriptum
1339 2610 1504 2639 invenimus
1519 2614 1663 2641 exseritur.

1023 2647 1056 2682 (ε’)
1075 2649 1191 2675 Veteres
1207 2647 1264 2674 duo
1280 2646 1357 2683 libri,
1373 2646 1600 2683 veli'srtumeutes.
1614 2649 1696 2676 Alius
1711 2649 1811 2683 codex,

988 2684 1054 2711 velis
1069 2683 1247 2710 tumentibus.
1268 2681 1393 2709 subinde
1408 2682 1485 2710 Colb.
1512 2685 1671 2718 secundus,
1698 2681 1814 2713 rotundi

987 2719 1118 2755 plenique
1131 2721 1265 2754 putantur
1279 2722 1411 2755 aspectus.

1023 2756 1059 2816 (φ’
1074 2753 1158 2816 ﬁdit};
1175 2755 1240 2789 quia
1253 2753 1464 2789 prolixioribus.
1482 2755 1514 2781 At
1529 2754 1586 2782 duo
1603 2763 1675 2783 mss.
1689 2757 1765 2792 ,quia
1783 2757 1814 2784 in

1023 2799 1036 2816 0
1051 2799 1134 2816 1.1210"!
1156 2799 1195 2816 us.

1006 2791 1195 2818 rolixioribus.

987 2798 1195 2826 prolixioribus.

1014 2827 1061 2867 fg)
1076 2824 1464 2867 Colb.sccundu's,astrorugn
1473 2825 1716 2867 candoremﬁaud
1730 2827 1815 2864 longe

988 2858 1071 2896 editi,
1085 2863 1272 2898 generantur.
1291 2858 1370 2887 Libri
1386 2859 1499 2896 antiqui
1513 2868 1678 2896 generatur.
