2011 3142
101 181 160 212 953

459 178 668 211 EUSTATHII
692 178 924 209 HEXAEMEltl
948 177 1223 210 METAPHRASIS
1247 180 1363 210 LIBER
1385 181 1465 212 VIII.

1760 184 1821 213 954

107 245 258 274 sufficeret
268 245 421 273 hominum
431 245 519 281 ﬁlios,
528 245 553 273 si
564 244 686 273 mallent
694 245 853 278 advertere,
861 251 939 271 ama-
953 244 979 277 Α
995 245 1081 272 modo
1094 245 1171 280 apud
1181 253 1248 274 aves
1256 245 1471 275 irrationabiles
1481 247 1664 276 continentia
1672 248 1823 278 viduitatis

105 293 184 319 tores
196 298 319 319 suorum
332 290 452 318 reddere
464 290 642 326 genitorum.
653 289 724 322 Quis
735 289 813 316 enim
822 290 881 316 tam
894 287 938 315 in-

107 335 220 371 sipiens
228 337 382 370 est,utnon
390 343 420 362 se
427 334 465 370 (α)
473 333 757 370 censeatignominia
764 333 938 366 notari,cum

105 380 209 408 avibus
225 379 477 407 irrationabilibus
497 379 578 406 cultu
605 378 790 414 postponitur
801 377 916 414 pietatis
927 377 940 404 ?

111 424 170 452 ιιιε
182 426 319 460 parentes
331 432 400 451 suos
413 425 497 451 aetate
508 423 655 451 confectos
666 423 830 459 pennisque
839 430 939 450 eorum

105 471 255 497 vetustate
262 468 393 504 deiectis,
404 469 642 503 circumstantes,
650 467 776 504 propriis
782 466 890 502 plumis
901 467 941 494 fo-

105 515 183 547 vent,
205 513 281 541 746
297 513 530 548 alimoniamque
545 514 726 547 convectant,
743 515 772 540 et
791 511 820 539 in
842 511 939 538 volatu

107 558 185 594 quod
203 557 365 594 potuerint,
379 557 448 584 hinc
465 557 533 585 inde
549 564 580 584 se
596 557 940 592 supponentes,senectaa

105 602 316 630 lassitudinem
330 601 530 634 consolantur,
538 600 653 629 alarum
665 609 786 629 suarum
797 608 847 628 eas
857 600 940 628 auxi-

105 647 142 675 lio
153 646 442 678 sustentantes.0ue
452 654 498 674 res
507 654 667 682 peromnes
675 645 782 681 ubique
790 647 891 681 gentes
900 644 942 672 ita

106 691 323 728 percrebuit,ut
329 691 415 719 hodie
423 691 618 719 remuneratio
625 689 713 718 delati
722 689 855 718 beneficii
862 689 939 725 apud

104 736 221 764 Graecos
233 733 467 772 ἀντιπελάργωσις
480 735 843 771 nominetur.Quapropter
853 741 939 761 nemo

106 789 137 809 Ie
147 781 269 816 penitus
278 780 399 808 obtentu
410 780 593 816 paupertatis
603 779 796 814 excusans,ds
806 779 865 806 vita
877 786 941 814 pro-

109 825 463 862 priadesperet,quamvis
472 824 558 852 nullae
568 824 646 852 domi
655 824 843 860 suppeditent
851 823 940 851 facul-

104 872 195 904 tates,
222 869 294 897 dum
311 869 348 905 (b)
362 868 543 905 ingeniosam
571 868 786 905 contemplatur
803 867 940 896 hirundi-

103 923 183 943 nem.
191 913 246 942 Illa
258 913 338 962 enim
348 913 377 941 in
387 913 556 942 fabricando
567 913 636 962 pii-do
646 913 747 962 paleas
757 913 878 962 quidem
890 920 939 940 ore
956 929 979 962 Β

103 960 280 995 comportat,
292 958 396 986 limum
414 960 512 986 autem
525 958 651 994 pedibus
666 958 738 986 ferre
750 965 808 986 non
828 956 939 991 valens,

102 1003 217 1032 alarum
230 1003 419 1031 summitates
431 1002 582 1030 humectat
591 1002 622 1030 in
633 1002 733 1036 fluvio,
742 1002 846 1030 deinde
859 1002 888 1029 in
900 1001 939 1030 ci-

101 1057 170 1076 nere
180 1047 322 1083 volutata,
330 1047 465 1075 caementi
476 1055 563 1074 usum
576 1047 693 1075 videtur
704 1046 829 1083 explere.
839 1046 941 1074 Paula.

100 1093 217 1129 timque
223 1092 361 1120 surculos
372 1091 449 1119 inter
457 1100 489 1119 se
501 1091 562 1119 luto
574 1092 802 1128 apposito,velut
810 1092 937 1133 quadam

100 1137 181 1174 glute
204 1137 399 1172 conjungens,
415 1144 488 1164 suos
512 1137 618 1164 educat
641 1136 747 1172 pullos.
763 1136 893 1168 Quorum
909 1136 934 1163 sl

102 1181 253 1218 quispiam
270 1181 371 1209 oculos
384 1180 528 1216 effoderit,
539 1181 628 1208 habet
638 1188 742 1208 eorum
755 1182 849 1208 mater
860 1188 876 1207 a
887 1179 939 1208 na'

101 1228 168 1254 tura
177 1225 236 1254 sibi
245 1225 384 1253 traditam
398 1225 648 1261 medicinam,qua
657 1233 724 1252 mox
731 1225 767 1252 ad
779 1225 936 1252 sanitatem

103 1270 218 1298 fetuum
235 1278 358 1298 suorum
375 1270 496 1297 reducat
512 1271 674 1306 aspectum.
685 1269 750 1296 Hssc
765 1270 793 1296 te
804 1263 938 1297 videlicet

105 1314 318 1347 hortabantur,
328 1322 364 1342 ne
374 1315 410 1342 ad
422 1314 457 1350 (c)
476 1313 694 1350 improbitatem
712 1313 783 1341 velis
798 1313 937 1349 egestatis

106 1359 260 1388 occasione
284 1359 423 1389 converti.
440 1367 493 1386 nec
507 1358 535 1386 in
554 1358 692 1394 pessimis
715 1358 828 1386 artibus
853 1366 936 1394 spem

103 1403 221 1431 vivendi
232 1403 390 1438 collocaris,
399 1402 542 1430 immunis
554 1402 692 1431 bonitatis
702 1410 861 1438 exsorsque
872 1403 936 1430 red-

107 1449 199 1481 daris,
211 1448 263 1476 sed
280 1448 316 1476 ad
332 1450 423 1476 Deum
439 1447 594 1484 confugias
611 1456 617 1476 :
633 1447 684 1483 qui
699 1455 767 1476 cum
783 1447 936 1475 birundini

103 1495 162 1520 tam
181 1501 289 1529 magna
300 1492 460 1526 donaverit,
473 1494 582 1528 quanto
600 1492 712 1527 majora
727 1492 876 1528 praestabit
890 1491 936 1519 bis

103 1537 153 1574 qui
169 1545 238 1564 eum
255 1539 317 1565 tota
333 1537 441 1564 mentis
460 1536 622 1564 intentione
638 1536 815 1572 implorant?
830 1536 936 1573 Alcyon

103 1581 217 1609 avicula
227 1583 273 1609 est
285 1581 419 1617 quaedam
432 1581 461 1608 in
476 1581 624 1609 littoribus
636 1581 758 1609 marinis
768 1581 856 1609 fetere
868 1589 935 1608 con-

104 1628 272 1662 sueta,quaa
288 1613 380 1661 super
395 1625 491 1661 ipsam
507 1633 626 1653 arenam
643 1625 726 1661 ponit
742 1633 804 1660 ova,
817 1633 850 1653 eo
860 1627 935 1653 tem-
951 1613 972 1646 ο

106 1678 175 1705 pore
191 1678 249 1705 quo
266 1677 346 1697 mare
363 1669 466 1697 multis
482 1669 680 1706 gravibusque
693 1671 844 1697 ventorum
861 1669 936 1697 ﬂati-

104 1713 160 1742 bus
174 1716 378 1742 commovetur
390 1722 396 1741 :
409 1714 460 1741 sed
472 1715 571 1742 tamen
585 1721 687 1741 omnes
698 1716 769 1741 tunc
779 1716 947 1750 tempestar

105 1760 147 1786 tes
164 1757 356 1793 procellaque
372 1758 515 1786 sedantur
530 1766 581 1793 per
592 1757 723 1794 integros
734 1760 844 1794 septem
862 1758 936 1786 dies,

107 1802 216 1837 quibus
231 1801 293 1830 avis
309 1803 472 1830 memorata
495 1801 601 1830 cubare
625 1804 762 1830 narratur
779 1811 786 1830 :
804 1802 937 1830 nutrien-

105 1846 269 1882 dorumque
284 1846 382 1882 gratia
406 1846 567 1881 pullorum,
584 1848 742 1882 postquam
766 1847 887 1874 fuerunt
901 1847 937 1874 de

107 1890 168 1917 ovis
182 1889 291 1924 educti,
307 1892 421 1926 septem
437 1890 500 1918 dies
521 1890 594 1918 alios
609 1890 652 1918 illi
667 1891 744 1918 Deus
758 1899 935 1927 magnorum

106 1933 229 1970 largitor
241 1934 359 1970 adjecit,
371 1943 444 1970 quos
456 1934 518 1963 dies
534 1934 643 1962 nautici
655 1935 825 1971 diligentius
836 1936 935 1963 obser-

107 1980 220 2012 vantes,
236 1978 385 2014 aleyonios
408 1987 459 2007 eos
473 1981 587 2007 vocant.
604 1979 668 2006 Hec
691 1979 744 2007 tibi
766 1979 937 2015 prascripta

109 2024 189 2055 sunt,
199 2030 290 2058 super
302 2022 440 2051 remediis
456 2023 658 2051 indubitanter
665 2031 682 2051 a
691 2025 747 2051 Deo
756 2023 935 2051 salutaribus

109 2065 313 2102 deprecandis.
325 2066 399 2099 Quid
412 2067 490 2094 enim
502 2075 560 2095 non
572 2066 708 2095 mirabile
717 2067 769 2095 ﬁat
777 2067 820 2095 tui
835 2075 935 2096 causa,

110 2109 160 2145 qui
177 2110 213 2137 ad
231 2109 392 2146 imaginem
409 2110 461 2138 Dei
476 2110 572 2138 factus
587 2119 629 2146 es,
643 2119 711 2139 cum
725 2113 845 2147 propter
854 2120 935 2140 avem

111 2152 262 2188 parvulam
275 2153 437 2182 maximum
453 2154 736 2191 formidolosumque
746 2162 827 2183 mare
836 2155 935 2184 videas

109 2199 310 2232 tempestuoso
321 2199 454 2234 tempore
466 2198 529 2226 ﬁeri
543 2198 745 2234 tranquillum,
754 2199 853 2227 divina
862 2207 940 2236 prie-

110 2241 245 2276 ceptione
259 2241 405 2269 frenatum
416 2241 431 2269 ‘I

994 289 1196 324 frequentibus
1213 291 1324 325 nuptiis
1339 292 1512 320 antefertur.
1525 293 1631 328 Aquila
1649 293 1676 320 in
1693 294 1822 321 educan-

995 333 1040 361 dis
1057 333 1145 369 pullis
1161 335 1286 370 propriis
1302 335 1409 370 injusta
1423 336 1514 363 fertur
1525 345 1599 365 esse.
1613 337 1732 366 Duobus
1744 339 1820 366 enim

995 379 1165 414 procreatis,
1175 387 1268 406 unum
1285 380 1453 408 verberibus
1466 380 1578 409 alarum
1593 381 1630 418 (ά)
1645 383 1819 411 mulctatum

995 422 1112 458 projicit
1123 423 1150 450 in
1163 424 1408 457 terram,alterum
1421 427 1597 454 rctentatum
1611 426 1696 454 fovet.
1705 429 1747 454 ita
1757 436 1822 463 pro-

996 469 1060 503 pter
1070 468 1164 496 victus
1175 467 1303 504 inopiam
1312 469 1426 505 cogitur
1438 478 1544 506 negare
1556 479 1641 506 quem
1653 471 1822 507 genuit,nec

995 513 1092 540 tamen
1102 521 1169 540 eum
1178 513 1249 540 sinit
1261 513 1379 541 interire
1388 514 1563 550 ossifragus,
1573 516 1623 543 sed
1635 518 1821 552 assumptum

996 557 1121 592 propriis
1130 557 1260 593 applicat
1268 557 1368 594 pullis,
1375 560 1404 586 et
1413 559 1545 587 studiose
1554 559 1744 588 nutrit.Tales
1753 563 1823 589 sunt.

996 601 1130 629 nonnulli
1145 604 1282 636 parentes
1293 601 1456 638 hominum,
1469 603 1519 638 qui
1534 606 1735 640 paupertatem
1751 614 1821 633 cau-

995 645 1049 673 sati
1065 654 1135 673 suos
1150 648 1300 682 exponunt
1320 646 1438 681 liberos,
1455 647 1497 675 vel
1518 648 1697 677 hereditatis
1712 652 1820 678 sortem

996 698 1053 717 non
1069 698 1182 726 aequam
1196 691 1380 719 constituunt
1396 691 1471 719 inter
1481 700 1540 720 eos.
1553 693 1665 725 Quibus
1680 694 1819 729 quoniam

995 743 1080 770 pares
1088 743 1192 763 causas
1202 736 1362 771 praestitere
1372 737 1640 772 nascendi,justum
1650 738 1821 766 essetuthis

995 779 1107 807 vivendi
1118 779 1205 807 etiam
1218 788 1317 815 parem
1334 780 1497 809 tribuerent
1511 781 1685 817 portionem.
1697 783 1738 810 Ne
1749 783 1821 810 velis

994 831 1063 859 ergo
1080 824 1281 860 praedatricum
1299 824 1396 852 avium
1410 833 1506 853 mores
1521 826 1663 861 aamulari,
1675 835 1739 862 quza
1752 835 1818 855 cum

993 868 1119 896 viderint
1132 867 1228 904 pullos
1243 877 1312 897 suos
1323 869 1387 904 jam
1404 869 1512 897 volatui
1526 870 1561 906 (c)
1577 871 1820 907 confidenteshde

995 912 1071 940 nidis
1095 921 1145 940 eos
1169 913 1332 949 precipites
1357 914 1514 942 exturbant
1538 918 1625 951 atque
1649 916 1819 952 projiciunt,

994 957 1105 985 nullam
1122 958 1239 994 penitus
1258 958 1315 986 illis
1331 967 1430 987 curam
1447 959 1585 995 deinceps
1604 960 1817 996 impendentes.

995 1001 1144 1030 Laudatur
1158 1011 1173 1030 e
1186 1004 1287 1030 contra
1298 1002 1376 1031 circa
1386 1005 1470 1031 natos
1481 1003 1606 1032 cornicis
1617 1005 1819 1041 ati'ectio,quos

994 1048 1023 1074 et
1039 1045 1168 1074 volantes
1192 1047 1387 1082 prosequitur,
1404 1051 1432 1076 et
1451 1057 1548 1076 escam
1573 1048 1692 1085 largiter
1707 1050 1819 1078 submi-

994 1091 1109 1118 nistrat.
1122 1091 1210 1118 Certee
1226 1099 1291 1119 vero
1311 1091 1454 1127 volucres,
1471 1093 1506 1120 ad
1532 1093 1706 1122 nutriendos
1721 1094 1820 1122 foven-

993 1135 1104 1171 dosque
1119 1135 1206 1169 fetus,
1219 1136 1419 1164 masculorum
1437 1137 1590 1172 juvamine
1610 1147 1667 1166 non
1683 1141 1818 1167 utuntur.

992 1179 1062 1207 Aliis
1073 1188 1143 1208 sane
1154 1188 1254 1208 earum
1267 1189 1330 1216 quas
1342 1181 1430 1209 altius
1442 1181 1563 1210 volitant
1573 1183 1689 1211 steriles
1698 1183 1818 1211 einnino

993 1226 1073 1260 sunt,
1085 1224 1162 1252 sicut
1175 1224 1400 1261 vultures,quos
1411 1230 1548 1254 asserunt
1563 1227 1627 1255 sine
1637 1228 1714 1256 coitu
1731 1236 1818 1264 gene-

994 1277 1068 1302 rare,
1078 1269 1223 1305 praecipue
1234 1277 1301 1297 cum
1314 1270 1373 1297 sint
1383 1269 1514 1306 longaevi.
1523 1271 1596 1299 Nam
1611 1272 1701 1300 vitam
1717 1281 1817 1300 eorum

992 1315 1110 1341 centum
1135 1313 1221 1341 annis
1241 1316 1391 1349 maneref)
1405 1315 1562 1344 afﬁrmant.
1576 1316 1620 1344 Sit
1643 1317 1734 1352 igitur
1759 1317 1817 1345 bare

991 1357 1043 1385 tibi
1060 1366 1128 1394 pars
1143 1358 1270 1386 historiae
1290 1361 1390 1387 notata
1405 1360 1441 1387 de
1456 1360 1568 1394 avibus,
1581 1365 1612 1388 ut
1627 1369 1693 1389 cum
1709 1361 1816 1389 videris

992 1402 1106 1438 aliquos
1122 1402 1341 1438 cachinnantes,
1354 1406 1471 1439 propter
1485 1404 1630 1432 ineffabile
1642 1405 1814 1441 mysterium

992 1445 1140 1473 catholicas
1166 1446 1244 1479 ﬁdei,
1261 1447 1338 1482 quod
1362 1448 1445 1482 quasi
1471 1447 1652 1483 impossibile
1675 1449 1723 1482 sit,
1745 1449 1817 1477 alie-

992 1499 1121 1525 numque
1136 1493 1246 1518 naturae
1263 1490 1403 1526 virginem
1424 1492 1582 1527 peperisse,
1600 1495 1676 1520 statu
1693 1493 1816 1530 virgini-

991 1535 1059 1562 tatis
1068 1533 1177 1569 integro
1188 1534 1462 1569 custodito,cogites
1473 1536 1542 1571 quia
1552 1536 1601 1565 ille
1613 1537 1662 1572 qui
1676 1537 1816 1575 dignatus

990 1581 1035 1606 est
1045 1580 1074 1606 in
1084 1578 1211 1606 stultitia
1220 1579 1437 1614 praedicationis
1446 1580 1560 1608 salvere
1567 1581 1729 1618 credentes,
1736 1582 1814 1610 idem

991 1631 1106 1659 quoque
1117 1623 1200 1651 nobis
1216 1623 1446 1652 innumerabiles
1458 1633 1563 1653 causas
1573 1633 1608 1653 ex
1618 1628 1724 1654 natura
1733 1635 1814 1655 sum-

991 1670 1056 1705 ptas
1071 1669 1106 1696 ad
1123 1667 1293 1696 ﬁdelitatem
1309 1668 1488 1696 mirabilium
1504 1669 1647 1705 praestitit.

1025 1713 1052 1740 7.
1065 1713 1182 1749 Ejz'ciant
1192 1720 1272 1748 aqua,
1286 1713 1397 1748 reptilia
1410 1714 1535 1741 vivarum
1545 1715 1719 1748 animarum,
1730 1717 1756 1743 et
1765 1723 1813 1744 υσ-

992 1758 1083 1785 latilia
1093 1758 1215 1785 volantia
1223 1765 1306 1793 super
1315 1759 1419 1785 terram
1428 1758 1478 1785 sub
1489 1758 1667 1793 ﬁrmamento
1676 1759 1747 1787 caeli.
1757 1759 1813 1787 Vo-

990 1801 1051 1829 lare
1063 1802 1127 1829 ideo
1136 1801 1173 1837 (g)
1179 1801 1267 1836 jusse
1277 1803 1347 1829 sunt
1354 1809 1444 1836 super
1452 1802 1644 1837 terram,quia
1651 1803 1677 1830 vi
1681 1805 1745 1830 ctus
1753 1811 1814 1830 om-

990 1845 1078 1874 nibus
1087 1853 1102 1873 e
1111 1847 1189 1874 terra
1197 1845 1439 1880 suppeditat.Sub
1446 1845 1631 1873 ﬁrmamento
1642 1848 1739 1873 autem
1748 1846 1812 1874 cteli

990 1889 1074 1923 dixit,
1088 1891 1206 1925 propter
1229 1888 1278 1916 illa
1293 1896 1357 1924 quae
1371 1897 1461 1925 supra
1482 1889 1685 1917 disseruimus.
1701 1889 1810 1919 Cretum

990 1936 1087 1962 autem
1101 1933 1149 1961 hic
1160 1932 1323 1969 intelligere
1336 1932 1486 1967 debemus,
1498 1941 1515 1961 a
1524 1934 1669 1962 cernendo
1680 1933 1809 1963 dictum:

990 1979 1086 2007 Greece
1105 1976 1218 2014 οὐρανὸς
1232 1978 1352 2005 vocatur
1366 1975 1419 2004 ἀπὸ
1433 1978 1481 2003 τοῦ
1497 1977 1618 2014 ὁρᾶσθαι.
1634 1978 1708 2006 Nam
1730 1986 1810 2007 com-

989 2022 1140 2058 paratione
1153 2021 1284 2057 corporis
1298 2021 1425 2055 aatherei,
1441 2029 1491 2049 aer
1506 2022 1571 2055 iste,
1588 2021 1639 2058 qui
1653 2031 1743 2058 super
1756 2031 1812 2051 nos

989 2069 1044 2100 est,
1056 2074 1090 2094 ex
1104 2066 1261 2101 vaporibus
1277 2067 1360 2093 terris
1375 2067 1527 2094 concretus
1542 2067 1571 2093 et
1585 2073 1704 2094 crassus
1718 2066 1810 2094 effici-

988 2113 1046 2139 tur.
1062 2110 1155 2138 Habes
1169 2109 1258 2145 ign'tur
1270 2108 1370 2145 polum
1386 2109 1567 2143 decoratum,
1581 2111 1686 2137 terram
1702 2110 1809 2138 formo-

989 2155 1151 2188 sissimam,
1167 2161 1247 2181 mare
1269 2152 1534 2189 opulentissimum,
1550 2160 1646 2181 aerem
1667 2153 1808 2189 repletum

988 2199 1186 2234 avibuszquis
1207 2197 1307 2225 omnia
1330 2205 1365 2225 ex
1387 2197 1478 2225 nihilo
1493 2197 1530 2225 ad
1545 2197 1622 2225 hanc
1643 2197 1731 2225 vitam
1755 2197 1807 2226 Dei

989 2242 1181 2279 prmeeptione
1191 2241 1333 2277 producta
1343 2243 1422 2270 sunt.
1432 2241 1465 2269 Et
1479 2241 1536 2270 alia
1550 2241 1643 2269 multa
1653 2249 1717 2277 quas
1729 2250 1807 2270 nunc

142 2284 172 2312 6.
183 2284 341 2313 Turturem
353 2286 450 2314 ferunt
464 2285 490 2314 si
499 2286 617 2322 quando
629 2294 699 2315 casu
710 2286 808 2323 aliquo
818 2295 934 2323 separe~
949 2292 974 2326 1)
988 2287 1122 2316 consulto
1131 2293 1228 2314 sormo
1243 2286 1392 2321 praeteriit,
1400 2293 1435 2313 ne
1443 2286 1471 2313 in
1481 2285 1595 2314 hisdem
1606 2285 1717 2314 diutius
1728 2294 1808 2315 com-

110 2329 160 2356 tur
173 2336 192 2356 a
207 2329 342 2365 conjuge,
353 2329 521 2358 nullatenus
532 2330 609 2358 coire
617 2339 685 2358 cum
696 2330 800 2367 altero,
811 2331 862 2359 sed
875 2338 935 2360 me-

111 2372 206 2400 moria
220 2372 327 2408 prioris
341 2373 480 2401 connubii
495 2374 680 2410 perdurante,
694 2377 874 2404 contractum
891 2383 936 2404 se-

110 2416 213 2444 cunda:
224 2415 418 2452 copulationis
428 2417 566 2446 abnuere.
574 2418 705 2447 Audiant
715 2418 854 2448 mulieres
865 2427 935 2456 quo-

147 2512 335 2559 ςφὶβςίὲξίεέιξ
348 2519 565 2559 "aerem-sest-
575 2515 780 2559 νθιυεμιρξιθν
793 2517 894 2559 vase!»
904 2520 936 2559 ειι

110 2555 167 2575 non
181 2555 211 2576 re
224 2554 341 2577 censeat.
363 2549 454 2577 Paulo
476 2553 544 2586 post
567 2559 650 2586 mss.,
667 2551 809 2588 hodieque.
824 2549 935 2581 Vocula

112 2591 169 2620 quer
178 2583 279 2620 deierat
292 2584 322 2620 in
337 2584 473 2620 vulgatis.
489 2619 493 2620 γ

147 2618 188 2662 (ιζ)
199 2618 669 2662 EditiLdomi'i'ngeniqaapaLibri
680 2623 804 2653 veteres.
814 2621 880 2662 dam
893 2622 935 2649 fn-

112 2655 263 2688 gmiosam.
280 2654 363 2682 Haud
378 2654 463 2689 longe
478 2655 548 2683 editi
563 2658 592 2683 et
610 2656 668 2684 duo
683 2665 764 2690 mss.,
779 2657 853 2685 velut
865 2665 935 2692 qua-

112 2688 400 2732 dam-gluteuAlius‘
410 2690 510 2732 eode‘x,
533 2691 607 2718 velut
631 2693 750 2732 quodam
771 2693 871 2732 μικροί.
884 2692 934 2720 ubi

112 2723 360 2768 suspicarilrlicet
379 2723 621 2768 Eustathium‘ex
637 2723 741 2756 'Grzeco
769 2723 932 2764 Scripsisse,

111 2759 187 2804 uella?
199 2759 321 2804 1995149,
332 2760 447 2804 glutine,
464 2761 519 2804 οῖςν
534 2759 743 2804 καλλῃ-τινι.ω

146 2794 184 2838 te)
294 2794 452 2838 secundus,
465 2795 504 2838 ad
514 2794 692 2838 pravitatem.
702 2797 856 2838 Aliquanto
866 2799 933 2834 post

111 2827 189 2859 idern
203 2830 306 2866 codex,
320 2835 378 2860 tota
390 2827 542 2861 intentioris
555 2833 645 2862 cordi:
663 2827 826 2870 implorant.

989 2332 1134 2366 moratus,
1142 2330 1261 2358 modum
1271 2329 1440 2365 disputandi
1450 2329 1597 2358 videretur
1606 2330 1753 2359 excedere.
1763 2331 1808 2358 Tu

989 2377 1087 2404 autem
1102 2376 1208 2402 cuncta
1221 2374 1281 2402 haec
1295 2375 1393 2401 tecum
1407 2373 1471 2410 ipse
1490 2376 1642 2410 reputans,
1657 2379 1686 2402 et
1701 2374 1811 2403 intente

990 2419 1165 2456 sapientiam
1174 2417 1235 2453 Dei,
1242 2425 1304 2454 qua:
1315 2417 1346 2445 in
1355 2417 1493 2446 omnibus
1503 2417 1638 2455 habetur,
1645 2418 1810 2455 inquirens,

1024 2517 1064 2553 (ἀ)
1079 2515 1166 2551 Editi,
1181 2514 1345 2548 multarum,
1358 2514 1444 2543 male.
1460 2514 1538 2543 Libri
1551 2515 1675 2551 antiqui,
1689 2515 1809 2544 mulcta-

988 2553 1057 2580 tum.

1024 2587 1059 2622 (ε)
1070 2586 1158 2619 Editi,
1168 2585 1341 2622 eoa/idenm,
1352 2585 1431 2622 nidis,
1439 2592 1484 2613 eo:
1496 2586 1649 2622 praecipites
1658 2584 1807 2613 exturbant

986 2620 1190 2657 ac'projiciunt.
1207 2620 1409 2657 Libriyeteres
1424 2621 1464 2657 ita
1478 2620 1512 2648 ut
1525 2620 1681 2649 edidimus.

1034 2655 1058 2693 Τ)
1072 2655 1190 2692 Antiqui
1204 2656 1262 2684 duo
1277 2655 1355 2693 libri,
1368 2656 1540 2693 conﬁrmant.

1033 2689 1062 2728 ᾖ)
1076 2689 1157 2721 ΟοΙδῖ
1177 2691 1335 2728 secundus,
1359 2691 1437 2726 iussa
1463 2695 1539 2719 sunt.
1563 2689 1697 2728 Si__leges
1718 2691 1806 2726 jussa?

986 2724 1060 2761 xuii,
1084 2727 1170 2756 velim
1197 2724 1365 2755 subaudias
1379 2733 1478 2761 vocem
1504 2733 1574 2761 aves,
1589 2724 1695 2761 Vocem
1719 2724 1805 2761 supra

986 2734 1060 2761 sunt,
1084 2734 1170 2756 velim
1197 2734 1357 2755 subaudias
1379 2734 1478 2753 vocem
1504 2734 1574 2753 aves.
1595 2734 1695 2752 vocem
1721 2734 1754 2754 su
1774 2734 1786 2753 r

986 2771 1020 2791 ex
1045 2764 1154 2792 nostris
1178 2761 1326 2790 codicibus
1342 2759 1429 2796 paulo
1453 2763 1520 2796 post
1541 2760 1719 2789 addidimus.
1746 2734 1786 2789 ἔα

986 2798 1074 2827 binde
1103 2798 1183 2827 Colb.
1213 2796 1377 2830 secundus,
1405 2796 1530 2824 consulto
1556 2803 1680 2824 sermone
1704 2801 1804 2833 praele-

985 2842 1024 2862 ru
1027 2854 1035 2862 .
