2011 3142
169 162 228 193 959

640 163 836 193 APPENDIX
860 162 1024 193 OPERUM
1047 162 1079 192 S.
1102 162 1244 192 BASlLlI
1267 161 1405 192 MAGNI.

1821 164 1879 194 960

172 228 223 263 qui
239 235 305 255 cum
320 227 396 255 lunas
413 228 790 264 propinquaverit,luminis
806 228 831 256 ei
848 228 993 256 defectum
1009 229 1036 261 Α
1052 227 1168 255 tiuntur
1182 228 1337 264 originem.
1349 228 1453 264 Ejicz‘at
1463 229 1540 256 terra
1550 229 1674 256 animam
1684 229 1878 257 vivam.Pecu-

172 272 344 309 praestatDe
357 273 465 308 quibus
480 273 617 300 omnibus
634 274 791 309 prudenter
806 272 854 300 ille
865 272 997 306 retinuit,

172 317 268 345 sciens
280 317 395 344 inutilia
408 317 492 345 nobis
503 317 603 345 haberi
615 326 678 353 quae
691 318 725 345 ad
737 326 791 345 nos
802 317 925 344 minime
937 325 996 352 per-

169 361 376 389 tinerent.ldeo
385 370 421 389 ne
429 362 467 396 (α)
476 363 618 390 debemus
627 362 715 390 verba
725 361 888 397 spiritualia
895 361 998 388 viliora

171 414 235 434 esse
251 406 420 433 vanissimis
437 406 678 442 philosophorum
695 406 908 434 assertionibus
920 405 997 432 arbi-

169 451 251 484 trari,
268 452 296 478 et
311 459 368 478 non
385 450 549 486 gloriﬁcare
565 451 663 486 potius
678 452 770 479 Deum
788 451 839 486 qui
866 453 996 478 nostram

171 497 301 523 mentem
317 495 475 530 superﬁuis
490 495 609 531 quidem
622 495 835 531 quaestionibus
852 494 995 529 liberavit,

169 540 205 567 ad
223 540 392 568 excitandas
406 548 473 567 vero
488 540 734 576 aediﬁcandasque
749 542 866 568 nostras
881 539 998 567 animas

171 584 311 620 proﬁcere
323 586 426 612 cuncta
439 584 599 620 disposuit?
609 585 690 612 Unde
701 585 836 612 videntur
847 583 919 610 mihi
931 583 996 618 qui-

169 629 237 656 dam
250 637 345 656 rerum
360 629 692 664 ignari,seductionibus
705 629 801 664 pravis
812 631 840 656 et
851 627 996 655 suasioni-

168 674 224 701 bus
232 673 314 701 falsis
321 673 464 708 eniti,quo
472 673 788 709 possint(b)bonestatis
795 673 945 708 quemdam
953 680 998 699 co-

168 717 326 754 lorem,per
337 720 511 753 argumenta
523 717 761 753 propria,divinis
772 717 932 752 Scripturis
943 717 996 744 ob-

168 763 284 790 ducere.
302 762 383 794 Quod
401 761 470 798 quid
487 762 566 790 aliud
583 761 807 797 intelligendum
824 763 880 793 est,
908 769 995 796 quam

167 807 361 843 sapientiores
372 815 402 834 se
411 814 474 834 esse
484 806 557 834 tales
566 806 699 834 homines
708 806 803 834 verbis
813 805 996 841 spiritalibus

168 851 310 887 proﬁteri,
319 859 432 886 suaque
445 851 538 886 magis
547 851 624 878 dicta
634 851 688 878 sub
702 852 840 886 praetextu
852 850 996 885 interpre-

1053 272 1104 299 des
1119 281 1221 300 omnes
1237 274 1358 300 terrenae
1374 273 1493 307 sunt,ob
1508 272 1562 300 hoc
1573 272 1754 301 inclinantur
1768 273 1806 301 ad
1821 275 1876 302 ter-

1053 317 1182 344 ram.Sed
1200 317 1257 344 alia
1273 319 1318 345 est
1341 318 1380 352 (ά)
1405 317 1506 352 planta
1530 317 1655 345 caelestis
1678 318 1768 345 homo
1793 326 1799 345 :
1827 319 1876 354 qui

1053 363 1196 396 quantum
1221 361 1323 389 habitu
1339 362 1448 397 ﬁguras,
1464 364 1579 389 tantum
1596 362 1738 397 dignitate
1754 363 1847 390 distat
1861 372 1878 390 a

1053 406 1256 441 pecoribus.(e)
1268 406 1387 433 Illorum
1400 406 1488 434 facies
1499 406 1636 434 deorsum
1647 406 1731 439 ﬁexa,
1746 409 1877 435 uterum-

1053 458 1109 486 que
1120 453 1297 486 prospectat,
1315 453 1344 478 et
1355 451 1431 486 quod
1443 451 1506 486 ejus
1516 450 1808 486 libidinijucundum
1822 454 1877 486 est,

1052 495 1106 522 hoc
1123 498 1251 522 sectatur
1267 503 1274 522 :
1290 497 1374 522 tuum
1390 503 1456 522 vero
1472 497 1558 530 raput
1573 495 1608 522 ad
1630 495 1735 523 malum
1761 503 1880 532 semper

1052 539 1186 575 erigitur,
1199 539 1274 567 oculi
1286 539 1327 566 tui
1339 547 1468 575 superna
1480 539 1650 575 respiciunt.
1661 540 1714 567 Sed
1727 540 1752 568 si
1763 542 1796 567 tu
1807 548 1879 576 quo-

1053 591 1109 619 que
1131 584 1261 619 corporis
1281 587 1307 611 te
1323 583 1523 619 voluptatibus
1539 584 1701 619 foedaveris,
1717 584 1879 612 obediendo

1052 627 1133 655 luxui
1149 629 1299 661 ventris,et
1313 628 1501 656 inferioribus
1516 628 1581 663 ejus
1591 628 1881 664 partibus,compara-

1052 676 1095 700 lus
1105 680 1133 700 es
1143 673 1277 708 jumenlis
1294 673 1513 707 insensibilibus,
1529 675 1556 700 et
1579 673 1681 701 similis
1707 674 1768 701 illis
1792 675 1880 707 factus

1051 717 1136 750 (Psal.
1148 725 1246 751 XLVIII,
1259 717 1353 752 l3).At
1368 725 1433 745 vero
1448 717 1501 744 tibi
1516 717 1573 745 alia
1587 717 1755 745 sollicitudo
1771 718 1878 745 nimis-

1052 767 1108 796 que
1123 761 1229 789 decora
1252 764 1297 789 est
1321 762 1471 797 quaerendi
1498 761 1651 795 sublimia,
1678 761 1729 789 ubi
1754 762 1880 790 habetur

1051 805 1184 833 Christus
1210 806 1281 839 (Col.
1299 815 1341 839 in,
1359 806 1396 841 4).
1412 807 1552 834 Convenit
1567 806 1645 834 enim
1661 805 1749 834 altius
1765 808 1794 834 te
1809 807 1876 834 ferri

1050 850 1287 884 terrestribus,ut
1298 851 1442 887 quomodo
1453 853 1539 878 natus
1550 859 1591 886 es,
1603 851 1646 878 ita
1657 851 1805 887 propriam
1816 851 1876 879 dis-

167 895 287 923 tntionis
299 895 445 923 astruere?
457 897 640 931 Quapropter
651 897 683 922 ut
696 895 839 930 scriptum
852 896 896 922 est
911 893 994 921 intcl-
1010 887 1033 920 Β
1050 903 1141 930 ponas
1151 896 1441 923 vitam.Conversatio
1451 898 1501 923 tua
1513 895 1551 922 sit
1561 895 1590 922 in
1603 895 1674 922 coelo
1685 895 1819 931 (Philipp.
1831 904 1874 929 in,

166 940 274 976 ligatur
285 949 291 967 ε
306 940 380 967 749
394 940 492 975 Ejicial
503 943 578 967 terra
588 940 713 967 animam
723 940 811 966 vivam
820 939 957 974 pecudum
969 943 994 966 ct

168 985 318 1012 bestiarum
330 986 355 1011 et
370 988 538 1019 serpentum.

201 1029 229 1056 2.
247 1028 473 1064 Adverteigitur
488 1028 539 1056 Dei
564 1029 685 1056 verbum
713 1036 834 1056 currens
859 1036 910 1064 per
933 1035 994 1054 om-

167 1081 234 1101 nem
259 1076 434 1100 creaturam.
461 1073 541 1104 Quod
567 1073 685 1108 quidem
711 1072 782 1100 olim
798 1072 892 1107 'coapit
912 1080 919 1099 :
943 1071 993 1099 sed

167 1125 264 1153 usque
279 1119 416 1153 operatur
431 1119 460 1145 et
474 1119 610 1152 properat
626 1117 661 1144 ad
687 1118 787 1151 ﬁnem,
811 1117 903 1143 donec
927 1124 994 1143 con—

169 1162 398 1190 summationem
423 1162 552 1189 mundus
574 1161 708 1197 accipiat.
736 1161 817 1188 Sicut
841 1160 919 1188 enim
937 1160 996 1195 pila

172 1214 239 1234 cum
256 1206 291 1233 ab
308 1205 405 1241 aliquo
420 1206 507 1233 fuerit
523 1205 661 1241 impulsa,
679 1213 745 1233 cum
771 1205 868 1240 spatia
891 1205 995 1231 devexa

167 1250 318 1286 repererit,
335 1251 398 1286 ipsa
415 1250 462 1277 sui
477 1250 669 1284 volubilitate,
686 1249 801 1285 locique
816 1249 996 1284 proclivilate

165 1295 293 1323 velocius
309 1294 432 1322 incitata
449 1294 602 1330 perfertur,
619 1301 672 1321 nec
688 1294 770 1330 prius
785 1296 863 1321 stare
878 1293 993 1328 poterit,

167 1348 256 1375 quam
271 1339 306 1366 ad
324 1339 410 1374 plana
425 1339 595 1372 descendat,
620 1339 661 1365 ita
687 1341 792 1365 natura
817 1346 914 1365 rerum
944 1337 993 1364 Dei

168 1384 360 1420 praceptione
375 1385 532 1416 commota,
545 1383 728 1410 nascentium
746 1382 994 1417 morientiumque

167 1429 308 1456 facturam
327 1428 435 1464 passim
454 1430 619 1463 penetrans,
630 1427 864 1462 uniuscujusque
879 1426 994 1462 generis

169 1472 298 1501 sobolem
314 1481 366 1508 per
381 1471 605 1500 similitudinem
622 1472 667 1499 sui
684 1471 813 1499 custodit
835 1471 992 1506 aequaliter,

171 1518 262 1545 donec
286 1517 321 1543 ad
348 1519 491 1544 statutum
521 1517 680 1544 terminum
707 1515 802 1543 valeat
831 1515 992 1551 pervenire.

1046 940 1103 974 20),
1119 947 1186 966 vera
1202 939 1254 966 tibi
1270 939 1363 975 patria
1377 942 1422 967 est
1437 940 1571 975 superior
1586 939 1780 972 Hierusalem,
1797 940 1875 968 cives

1049 986 1077 1011 et
1101 983 1216 1011 sodales
1232 983 1322 1012 habes
1346 984 1726 1020 primogenitos.ascriptos
1749 984 1780 1012 in
1806 984 1876 1013 cmlo

1048 1029 1140 1063 (Hebr.
1158 1036 1209 1061 xu,
1225 1028 1263 1063 2).

1084 1073 1110 1099 3.
1128 1073 1231 1108 Ejicmt
1247 1074 1323 1100 terra
1339 1073 1462 1100 animam
1476 1074 1577 1101 vivam.
1594 1072 1687 1109 Igitur
1706 1073 1876 1109 quadrupe-

1049 1117 1120 1145 dum
1137 1118 1246 1150 anima,
1263 1126 1320 1144 non
1337 1117 1407 1144 olim
1432 1118 1487 1145 sub
1510 1120 1589 1145 terra
1612 1117 1753 1153 reposita,
1779 1118 1874 1145 subito

1049 1164 1120 1189 tunc
1144 1162 1236 1196 eiecta
1260 1161 1405 1198 prosiluit,
1430 1162 1481 1189 sed
1506 1161 1595 1190 simul
1619 1164 1716 1190 creata
1740 1165 1786 1190 est
1809 1171 1874 1190 cum

1050 1209 1203 1241 praecepto.
1220 1206 1281 1233 Una
1297 1208 1341 1233 est
1356 1205 1415 1233 illis
1431 1206 1540 1239 anima,
1556 1208 1584 1234 et
1608 1206 1695 1233 decor
1720 1206 1819 1234 omnis
1845 1206 1872 1233 in

1049 1250 1143 1284 ﬁgura
1170 1251 1206 1286 (Γ)
1231 1250 1342 1278 locatus
1367 1259 1374 1278 :
1400 1250 1627 1286 proprietatibus
1648 1250 1736 1278 variis
1751 1251 1874 1286 singula:

1049 1294 1265 1322 discernuntur.
1292 1295 1381 1322 Boves
1406 1302 1509 1330 graves
1533 1297 1616 1328 sunt,
1640 1297 1668 1322 et
1692 1297 1873 1327 constantes,

1049 1338 1124 1366 asini
1140 1337 1364 1370 bebetes,calidi
1377 1339 1444 1373 equi
1460 1339 1604 1366 desiderio
1619 1339 1872 1366 feminarum.Lu-

1049 1391 1103 1419 pus
1131 1383 1305 1415 indomitus,
1333 1383 1435 1419 vulpes
1463 1383 1575 1418 dolosa,
1605 1391 1707 1411 cervus
1736 1383 1872 1419 timidus,

1048 1428 1196 1456 laboriosa
1229 1427 1361 1460 formica,
1390 1427 1543 1463 gratiﬁcus
1574 1427 1666 1460 canis,
1695 1429 1724 1455 et
1760 1436 1873 1456 memor

1048 1473 1203 1505 amicitiae,
1237 1472 1481 1507 singularumque
1514 1471 1717 1500 nativitatibus
1753 1480 1867 1500 morum

1048 1518 1137 1545 etiam
1154 1517 1310 1553 qualitates
1324 1518 1429 1552 aptata
1445 1518 1526 1549 sunt,
1543 1516 1619 1544 sicut
1633 1517 1787 1544 iracundia
1805 1525 1872 1544 con-

171 1562 284 1597 Equum
299 1562 376 1588 enim
393 1561 461 1588 facit
476 1569 550 1596 equo
565 1561 763 1593 succedere,et
778 1560 890 1588 leonem
905 1559 994 1592 leoni,
1010 1565 1031 1598 ρ
1051 1563 1190 1598 generata
1218 1560 1294 1588 leoni
1324 1563 1378 1594 est,
1408 1562 1437 1588 et
1469 1560 1597 1588 solitudo
1629 1561 1871 1594 conversationis,

165 1608 193 1634 et
209 1605 337 1641 aquilam
355 1605 469 1641 aquilae,
486 1607 514 1633 et
527 1606 659 1641 singulas
674 1605 848 1636 animantes.
865 1612 991 1639 sequen-

166 1651 238 1678 tium
255 1650 441 1677 successione
456 1652 580 1681 servata,
598 1658 692 1685 usque
717 1649 752 1676 ad
778 1650 867 1676 ﬁnem
891 1656 988 1676 rerum

164 1694 299 1722 omnium
314 1694 484 1728 exitumque
499 1693 643 1728 perducit.
667 1693 787 1720 Nullum
811 1692 890 1720 enim
914 1694 990 1719 tem—

164 1747 221 1775 pus
243 1737 352 1766 valebit
376 1737 568 1773 proprietates
583 1737 779 1764 animantium
796 1739 987 1770 commutare,

166 1783 215 1811 sed
233 1785 374 1818 tanquam
390 1789 485 1818 nuper
498 1781 658 1809 constituta
673 1783 779 1809 natura
806 1781 854 1816 sit,
878 1781 919 1808 ita
943 1788 989 1808 re-

164 1835 234 1855 cens
260 1827 353 1854 fertur
367 1834 434 1853 cum
450 1828 592 1861 tempore.
608 1826 707 1860 Ejiciat
721 1827 798 1852 terra
812 1825 936 1852 animam
950 1825 990 1852 υἰ-

164 1879 237 1899 vam.
253 1870 318 1898 Hinc
334 1870 488 1906 praceptio
504 1870 614 1897 mansit
628 1870 658 1896 in
676 1871 762 1902 terra,
777 1871 806 1896 et
821 1868 990 1896 nullatenus

167 1914 335 1942 famulando
351 1914 386 1949 (ε)
401 1913 510 1942 desinit
523 1913 682 1941 Conditori.
697 1913 781 1940 Certa
796 1913 873 1940 enim
886 1920 921 1940 ex
942 1920 989 1940 eo-

164 1966 232 1986 rum
248 1958 419 1994 posteritate
434 1965 496 1992 qum
512 1957 607 1993 prima
622 1957 697 1984 facta
719 1959 798 1992 sunt,
824 1957 905 1985 nasci
931 1964 989 1984 non

162 2002 290 2031 dubium
306 2001 421 2035 est,alia
435 2001 470 2029 de
486 2004 562 2029 terra
576 2009 654 2029 nunc
669 2001 756 2029 etiam
771 2001 891 2028 formari
905 2003 934 2028 et
946 2001 990 2028 vi-

161 2046 278 2074 viﬁcari
294 2045 502 2081 conspicimus.
518 2045 581 2073 Non
598 2045 676 2073 enim
697 2045 812 2073 cicadas
836 2044 932 2072 solum
956 2052 991 2072 ex

160 2090 312 2118 imbribus
337 2089 431 2126 rigata
456 2089 601 2126 producit,
616 2089 660 2116 vel
676 2089 733 2116 alia
749 2088 874 2124 plurima
887 2088 990 2116 volati-

161 2133 240 2162 lium
252 2133 484 2169 millia,quorum
495 2133 624 2161 maxima
635 2141 702 2168 pars
712 2134 830 2168 propter
840 2132 887 2160 sui
898 2132 991 2160 tenui-

161 2179 256 2205 tatem
266 2177 419 2206 vocabulis
431 2179 526 2211 caret;
544 2177 594 2205 sed
607 2177 696 2204 etiam
708 2185 808 2204 mures
817 2179 846 2204 et
856 2185 941 2204 ranas
957 2185 991 2204 ex

163 2223 244 2249 terra
271 2221 405 2257 generari
434 2221 579 2249 videmus.
605 2221 737 2257 Denique
759 2221 790 2248 in
813 2220 990 2257 {Egyptiacis

160 2264 285 2299 Thebis,
302 2265 328 2292 si
339 2265 455 2301 pluvias
465 2264 606 2300 largiores
616 2265 717 2293 aestivo
727 2267 858 2301 tempore
874 2264 991 2298 fuderit,

159 2317 231 2338 mox
246 2308 372 2336 inﬁnitis
389 2308 524 2336 muribus
534 2307 615 2344 regio
626 2310 687 2336 tota
699 2308 992 2345 completur.Anguil-

156 2353 205 2383 ias
214 2353 305 2381 etiam
319 2361 378 2380 non
389 2352 474 2380 aliter
485 2352 543 2380 nisi
554 2353 591 2380 de
601 2360 683 2381 emno
696 2353 778 2381 nasci
793 2352 991 2380 certissimum

156 2399 240 2432 es't,q
246 2404 353 2425 uarum
364 2404 458 2432 genus
470 2404 524 2424 nec
534 2404 635 2431 ovum,
650 2404 704 2424 nec
716 2396 791 2433 alter
802 2396 910 2432 aliquis
925 2405 992 2432 par-

156 2445 206 2472 tus
226 2440 387 2474 instaurat,
395 2440 446 2468 sed
461 2442 494 2468 ut
508 2440 647 2474 diximus,
655 2441 691 2469 de
701 2440 772 2469 limo
782 2441 920 2477 gignendi
931 2448 993 2469 sor-

188 2505 229 2541 (a)
249 2501 333 2531 Colb.
346 2502 508 2541 secundus,
525 2502 622 2541 ideone
633 2503 829 2541 ergotibidenl
840 2510 915 2541 mss2
923 2502 990 2536 duo,

153 2537 255 2569 viliora
268 2545 343 2566 esse.
356 2538 433 2565 Illud
447 2545 505 2574 esse
520 2538 621 2566 aberat
635 2546 653 2565 a
665 2537 890 2574 vulgatisﬂaud
907 2537 993 2574 longe

152 2576 232 2604 Colb.
249 2574 406 2604 secundus
420 2573 556 2609 perﬁcere
568 2576 669 2601 cuncta
682 2573 826 2608 disparuit.

190 2611 229 2647 (b)
244 2609 342 2647 Editi,
355 2608 505 2647 honestatis
519 2609 666 2647 quondam.
679 2608 755 2636 Libri
770 2608 992 2647 vetet-ealigne:-

153 2643 478 2682 tat‘is'quematamjllud
493 2643 612 2682 sequod
625 2644 844 2682 moxAsequitur
859 2643 993 2682 additum

154 2684 200 2709 est
215 2679 250 2709 ei
265 2680 351 2709 libris
367 2680 526 2708 veteribus.
544 2679 677 2707 Subinde
694 2679 775 2707 Colb.
792 2679 950 2713 secundus,
967 2683 995 2706 et

153 2724 214 2744 cum
229 2717 337 2752 spatia.

202 2752 226 2813 ξ)
242 2749 337 2784 Editi,
354 2750 468 2778 desines.
486 2750 565 2778 Libri
582 2749 708 2791 antiqui,
725 2749 836 2777 desinit.

226 2786 233 2813 l
248 2785 552 2813 Colb.secundus.sed
566 2786 651 2812 aliter
661 2787 699 2813 est
713 2792 747 2812 ex
760 2786 836 2812 natm

225 2786 233 2821 )
248 2785 552 2818 Colb.secundus,sed
566 2784 702 2821 aliter’est
710 2792 747 2821 rex
760 2786 865 2821 natura
880 2784 994 2812 celestis

155 2820 313 2850 homo.Se.d
327 2821 392 2855 jam
408 2822 576 2848 notavimus
591 2821 681 2848 videri
697 2820 850 2848 librarium
872 2828 906 2848 ea
929 2828 993 2855 qua:

154 2856 286 2886 habebat
300 2855 486 2896 isgemplaria
500 2864 559 2885 non
574 2864 691 2892 semper
705 2857 839 2884 secutum
851 2863 915 2884 esse
924 2863 932 2883 :
942 2855 994 2884 sed

1050 1605 1250 1640 similiumqus
1276 1604 1387 1632 vitatio.
1413 1604 1485 1632 Nam
1498 1604 1577 1631 velut
1590 1606 1733 1639 tyrannus
1750 1605 1870 1640 quidam

1044 1650 1217 1683 bestiarum,
1244 1648 1313 1676 vitio
1338 1648 1481 1684 superbia;
1505 1648 1648 1676 naturalis
1672 1648 1768 1676 elatus
1791 1649 1870 1677 refu-

1046 1695 1088 1730 git
1102 1693 1228 1722 aliorum
1249 1692 1506 1725 consociationem,
1533 1700 1584 1720 nec
1608 1692 1780 1728 quotidiana
1805 1693 1867 1720 cibo

1044 1739 1185 1774 pascitur,
1201 1735 1336 1772 quamvis
1352 1735 1488 1771 reliquias
1504 1745 1563 1764 suis
1585 1736 1728 1772 captionis
1752 1737 1865 1765 adierit.

1046 1783 1117 1810 Huic
1129 1781 1253 1809 nimium
1264 1781 1374 1816 grande
1383 1781 1462 1808 vocis
1476 1780 1672 1808 ministerium
1684 1783 1791 1809 natura
1802 1789 1866 1817 per-

1043 1825 1223 1858 hibuit,adeo
1234 1827 1267 1852 ut
1275 1826 1357 1852 certa
1366 1825 1570 1860 quadrupedes
1579 1832 1644 1852 cum
1655 1825 1715 1852 sint
1725 1833 1813 1853 cursu
1822 1833 1867 1853 ve-

1042 1871 1175 1904 lociores,
1187 1868 1285 1904 rugitu
1297 1869 1361 1903 ejus
1372 1869 1529 1904 pavefacta:
1539 1869 1685 1897 deﬁciant.
1695 1870 1809 1897 Torvus
1821 1871 1866 1897 est

1045 1915 1165 1950 pardus,
1191 1915 1219 1941 et
1240 1914 1341 1941 acutus
1356 1913 1386 1940 in
1401 1912 1512 1948 impetu
1529 1913 1762 1949 conveniensque
1775 1913 1866 1941 animi

1045 1959 1091 1986 sui
1107 1958 1235 1986 motibus
1250 1957 1338 1984 habet
1352 1957 1613 1992 corpus.Ursorum
1630 1959 1748 1993 segnior
1763 1960 1867 1985 natura

1044 2005 1099 2038 est,
1115 2010 1199 2030 mens
1213 2008 1325 2036 aspera,
1342 2000 1477 2036 subdola,
1491 2003 1519 2028 et
1534 2009 1590 2028 non
1606 2001 1648 2037 (g)
1664 2001 1764 2030 minus
1785 2002 1865 2036 setis,

1044 2055 1133 2082 quam
1149 2044 1299 2074 simultate
1314 2047 1453 2073 contecta.
1461 2046 1540 2076 Quod
1557 2045 1582 2072 si
1597 2053 1763 2073 sermonem
1779 2045 1866 2073 latius

1043 2089 1428 2124 extendentes,voluerimus
1438 2097 1567 2117 asserere
1576 2091 1686 2125 quanta
1693 2089 1796 2117 multis
1805 2090 1866 2117 ani-

1045 2134 1172 2162 malibus
1187 2133 1336 2168 diligentia
1345 2133 1548 2161 conservandae
1559 2134 1679 2169 proprias
1690 2133 1795 2162 salutis
1806 2134 1868 2162 sine

1045 2179 1219 2214 cujusquam
1244 2177 1403 2204 traditione
1416 2176 1595 2213 suppeditet,
1608 2177 1733 2205 fortasse
1748 2177 1867 2214 quidem

1045 2221 1235 2251 incitabimur
1251 2228 1321 2257 erga
1335 2220 1467 2248 studium
1487 2223 1592 2248 nostra:
1605 2221 1780 2250 munitionis
1793 2230 1801 2249 :
1818 2221 1868 2250 sed

1045 2274 1147 2294 vereor
1156 2273 1193 2293 ne
1203 2265 1233 2293 in
1244 2264 1418 2292 aemulandis
1428 2272 1547 2300 quoque
1555 2264 1657 2294 bestiis
1667 2265 1798 2294 minores
1805 2273 1869 2294 sese

1047 2311 1209 2339 credamur.
1226 2309 1317 2337 Ursus
1332 2308 1434 2336 lethali
1453 2308 1574 2338 vulnere
1597 2317 1675 2345 saepe
1697 2309 1868 2344 transﬁxus,

1046 2354 1184 2383 omnibus
1194 2353 1286 2380 utitur
1294 2352 1551 2387 machinamentis,
1561 2355 1595 2381 ut
1605 2361 1636 2381 se
1646 2360 1748 2381 curare
1759 2361 1870 2389 prava-

1045 2397 1211 2433 leat,herba
1223 2396 1368 2433 praecipue
1380 2397 1506 2432 quadam
1518 2399 1624 2426 natura
1634 2397 1756 2426 sicciore
1767 2397 1869 2434 plagas

1046 2441 1178 2479 proprias
1187 2440 1466 2478 oppilsndo.Vulpes
1476 2441 1565 2470 etiam
1575 2441 1755 2478 frequentius
1765 2442 1869 2478 depre-

1046 2502 1503 2566 ειᾶῑῗέἓξῐὲἐὲιείιέἓξξὲξῗέθοιὶο
1518 2510 1576 2531 non
1591 2503 1776 2539 probaretur,
1786 2503 1870 2532 aliter

1047 2548 1064 2566 a
1426 2559 1433 2565 .

1047 2546 1083 2568 aa
1100 2546 1253 2566 srmmum
1270 2546 1433 2573 scripsisse.

1082 2574 1115 2609 (e)
1127 2573 1245 2601 Veteres
1256 2574 1348 2601 nostri
1359 2573 1560 2607 libri,illarum
1573 2574 1762 2609 facies:ubi,si
1774 2574 1815 2603 ita
1829 2574 1868 2602 le-

1047 2608 1100 2645 gas
1114 2617 1167 2637 vox
1180 2608 1312 2645 pecudum
1328 2609 1456 2645 suppleri
1473 2608 1579 2645 potest.
1603 2609 1669 2638 Mox
1691 2610 1786 2638 nostri
1810 2611 1868 2637 tres

1048 2653 1110 2672 mss
1123 2645 1266 2680 ,7corporis
1277 2647 1304 2672 te
1316 2645 1460 2680 voluptate.

1081 2681 1115 2715 (Γ)
1130 2679 1210 2707 Colb.
1227 2679 1386 2714 secundus,
1403 2681 1523 2708 locatur.

1083 2713 1254 2756 (9')}:1diti,et
1268 2715 1361 2756 mitias
1374 2713 1529 2756 setiabibri
1539 2716 1699 2756 fetere,“
1706 2723 1762 2756 nim
1777 2716 1868 2756 "una:

1047 2750 1120 2777 seu}.
1132 2750 1190 2778 Nec
1205 2751 1246 2778 ita
1260 2750 1353 2786 multo
1369 2753 1436 2786 post
1449 2750 1652 2784 editi,fortam
1664 2751 1786 2786 quodam
1795 2752 1866 2779 iaci-

1047 2786 1177 2826 tabimys.
1188 2786 1223 2826 At
1232 2785 1311 2826 Colb.
1323 2785 1480 2826 secundus,
1491 2786 1605 2826 fortass!
1614 2785 1725 2826 quidem
1735 2787 1868 2826 incitata:-

1047 2829 1120 2848 mur.
1133 2821 1270 2856 Legimus
1284 2821 1314 2849 in
1329 2821 1439 2856 Greco,
1449 2820 1627 2856 κινησομιθαζ
1642 2822 1772 2851 Subinde
1788 2821 1866 2855 editi,

1046 2856 1204 2885 credamus.
1218 2857 1297 2889 Libri
1311 2857 1437 2892 antiqui,
1450 2856 1605 2885 credemur.
