2011 3142
97 145 156 175 965

466 143 677 175 EUSTATHII
699 141 930 173 HEXAEMERI
954 140 1235 172 METAPHRASIS
1262 141 1379 172 LIBER
1401 143 1449 172 IX.

1752 146 1812 176 966

95 211 197 239 cibum
214 209 342 242 sibimet,
358 211 389 237 ut
410 209 550 244 diximus,
576 209 751 242 admovere;
775 207 825 243 qui
846 207 924 235 velut
940 208 967 241 Α
980 206 1103 242 piciens,
1116 207 1246 243 seipsum
1258 216 1315 236 non
1331 208 1407 236 valet
1417 209 1523 237 intueri
1537 217 1543 237 :
1556 211 1606 238 sed
1622 211 1710 239 etiam
1726 220 1812 241 mens

95 263 219 291 serpens
243 255 364 290 quidam
390 254 530 282 sinuosus
555 255 584 280 et
608 252 752 287 lubricus,
768 252 826 280 huc
841 254 929 287 atque

95 299 166 328 illuc
182 299 320 327 ﬂectitur.
338 299 379 326 Ita
394 306 481 326 verus
497 299 542 325 est
555 305 651 325 sermo
668 297 717 333 qui
738 296 841 324 asserit
857 296 929 324 nihil

96 345 208 377 minus,
227 343 299 371 nihil
316 343 500 378 superﬂuum
518 342 547 369 in
563 342 603 377 (a)
620 349 717 369 rerum
734 343 868 368 creatura
884 349 929 368 re-

96 389 196 426 periri.
213 389 293 416 Hanc
309 390 407 415 tamen
428 387 502 416 πω
524 387 620 422 ipsam
645 385 774 413 belluam
799 387 858 413 tam
885 386 928 412 in-

95 437 211 470 gentem
228 434 306 461 Deus
322 433 486 468 subjectam
504 432 588 460 nobis
604 439 668 460 esse
683 430 839 467 praecepit:
857 432 889 458 ut
901 432 930 458 et

96 479 173 515 quod
191 479 347 506 doceretur
362 477 517 513 intelligat,
529 479 558 504 et
570 477 641 504 dum
652 476 773 504 caeditur
788 475 928 511 patiatur,

96 524 254 551 manifeste
270 522 422 550 declarans
438 523 544 549 cuncta
559 520 644 548 nobis
669 521 734 548 ideo
750 520 841 547 fuisse
857 520 929 547 sub-

91 569 207 604 jugata,
224 567 293 603 quia
308 575 362 594 nos
377 567 412 594 ad
429 565 589 602 imaginem
614 565 665 592 Dei
681 565 748 592 facti
770 572 885 597 sumus,
901 566 929 591 et

95 621 152 640 non
168 612 267 640 solum
283 612 311 639 in
328 611 464 639 maximis
477 610 654 638 animalibus
665 610 729 645 ejus
740 608 928 636 inastimahi-

95 657 151 684 lem
169 656 347 691 sapientiam
364 663 525 690 possumus
541 653 745 689 contemplari,
762 653 812 681 sed
828 653 858 680 in
874 652 929 680 mi-

96 700 186 728 nimis
203 708 321 736 quoquc
336 699 470 727 bestiolis
486 700 587 726 eadem
604 697 790 726 considerare
805 697 929 725 miracu-

97 746 133 773 la.
149 745 234 773 Sicut
247 744 325 772 enim
342 753 398 772 non
415 744 489 771 satis
505 743 634 771 admirer
648 750 824 778 magnorum
839 741 927 769 verti-

96 799 143 818 ces
159 789 305 817 montium
319 788 400 824 quia,
415 796 483 815 cum
504 787 629 823 proximi
646 787 775 814 nubibus
800 786 928 814 habean-

96 837 154 868 tur,
170 834 301 862 assiduis
316 833 437 861 ﬂatibus
461 832 652 868 gravissimas
679 831 829 867 perferunt
853 832 928 858 tem-

97 878 289 916 pestates,vel
303 887 319 906 e
334 880 437 905 contra
447 877 656 912 speluncarum
671 876 847 909 cavationes,
860 875 928 910 quia
945 893 966 924 Β

96 932 153 951 non
170 922 268 950 solum
283 925 435 950 ventorum
456 921 590 949 fremitus
613 921 723 948 evitare
739 920 844 955 solent,
861 919 926 955 qui-

96 969 152 996 bus
163 967 256 995 ardua
267 967 451 1002 quatiuntur,
461 966 511 994 sed
524 967 702 1001 sempiterna
710 965 798 992 etiam
808 964 845 1000 (b)
856 968 928 991 tem—

95 1013 174 1049 perie
188 1011 377 1048 gratulantur
392 1019 398 1038 :
417 1011 459 1038 sic
474 1012 502 1038 et
516 1010 546 1038 in
561 1010 733 1038 animalium
747 1010 851 1042 forma,
868 1017 926 1036 non

92 1058 205 1085 tantam
231 1055 440 1084 vastitudincm
466 1054 612 1090 elephanti
641 1056 754 1089 stupeo,
782 1055 925 1090 quantum

92 1100 277 1136 murem,qui
288 1099 496 1128 formidolosus
506 1099 660 1134 elephanto
672 1098 772 1132 est,ve|
790 1097 925 1126 aculeum

93 1145 343 1174 substilissimum
367 1143 484 1179 scorpii,
515 1151 600 1179 quem
626 1145 764 1178 tanquam
795 1141 926 1169 ﬁstulam

93 1190 253 1227 quamdam
269 1189 414 1225 sapientia
430 1188 588 1224 perforavit
602 1187 734 1220 artiﬁcis,
747 1189 780 1214 ut
794 1194 846 1222 per
860 1194 926 1214 eam

92 1235 172 1262 virus
188 1243 205 1262 a
220 1242 252 1262 se
266 1233 427 1261 vulneratis
443 1233 589 1268 injiceret.
616 1233 669 1259 Sed
686 1231 788 1259 nullus
811 1231 848 1258 ob
873 1231 926 1258 hoc

93 1279 289 1315 reprehendat
303 1277 488 1306 Conditorem
503 1286 509 1305 :
522 1277 599 1312 quod
611 1276 677 1304 vitae
693 1278 799 1304 nostra
816 1275 926 1303 bestias

93 1331 255 1351 venenosae
270 1322 414 1350 adhibuit.
432 1323 475 1349 ita
490 1321 523 1357 (ε)
538 1320 615 1349 enim
632 1320 699 1356 quis
715 1322 744 1348 et
768 1322 925 1355 praecepto-

93 1376 152 1396 rem
170 1367 356 1395 insimulabit
370 1366 526 1400 infantum,
542 1366 592 1402 qui
609 1365 705 1393 ofﬁcia
720 1373 769 1393 eos
794 1364 924 1400 discipli-

95 1421 136 1440 nae
151 1412 301 1440 custodire
315 1410 505 1446 compellens,
530 1409 666 1437 lascivias
681 1412 709 1438 et
725 1409 926 1445 protervitates

94 1457 213 1484 illorum
230 1456 318 1483 minis
333 1455 562 1490 verberibusque
578 1454 712 1490 castigat.

127 1502 155 1528 6.
173 1501 248 1534 Quin
264 1500 361 1536 potius
377 1499 591 1527 confessionem
608 1498 674 1526 ﬁdei
691 1497 775 1525 nobis
786 1497 926 1533 intelligi-

97 1553 164 1573 mus
180 1553 226 1573 res
242 1545 344 1572 noxias
359 1543 501 1572 indicare.
515 1543 545 1571 Si
561 1543 637 1570 enim
654 1542 778 1570 confidis
788 1542 818 1570 in
830 1542 927 1570 Domi-

95 1598 178 1623 num,
193 1597 278 1625 super
293 1589 414 1624 aspidem
430 1592 456 1616 el
472 1588 621 1615 basilicum
641 1587 806 1620 ambulabis,
827 1590 854 1614 ει
868 1594 928 1614 con.

95 1634 216 1662 calcabis
231 1634 336 1662 leonem
350 1637 377 1660 et
391 1633 537 1660 draconem
549 1631 636 1668 (Psal.
663 1639 708 1666 xc,
725 1632 778 1666 13).
796 1631 928 1659 Remini-

95 1687 176 1707 scere
192 1686 319 1714 namque
335 1677 481 1713 quomodo
498 1676 604 1704 Paulus
620 1684 688 1703 cum
712 1675 793 1711 ligna
808 1675 927 1710 collige-

96 1727 139 1752 ret
154 1732 255 1752 morsu
271 1723 375 1758 viperae
390 1722 550 1755 sauciatus,
564 1721 636 1749 nihil
652 1721 780 1748 lsesionis
796 1720 926 1756 accepit:

97 1769 132 1796 ob
147 1769 203 1796 hoc
218 1768 340 1801 scilicet,
356 1767 433 1803 quod
452 1766 518 1794 fidei
536 1766 640 1802 plenus
654 1765 698 1793 vir
711 1765 759 1793 ille
775 1764 928 1793 sanctissi-

97 1821 163 1841 mus
179 1813 218 1848 (ἀ)
233 1812 405 1840 habebatur.
423 1811 473 1838 Sin
496 1813 593 1838 autem
610 1810 699 1837 fueris
715 1809 852 1843 inﬁdelis,
869 1817 927 1837 non

97 1860 156 1886 tam
172 1859 339 1893 serpentem
355 1857 485 1883 metuere
502 1855 632 1888 debebis,
650 1855 700 1882 sed
724 1854 927 1881 infidelitatem

97 1902 257 1938 propriam,
272 1909 323 1936 per
335 1909 422 1936 quam
434 1902 466 1927 tu
478 1901 506 1927 te
519 1899 580 1934 ipse
596 1899 751 1934 perditioni
768 1899 926 1926 obnoxium

99 1946 258 1983 perfecisti.
276 1946 312 1982 (e)
328 1945 380 1972 Sed
392 1945 455 1980 jam
472 1943 565 1971 sentio
582 1951 628 1970 me
643 1943 779 1970 humanas
795 1943 926 1971 nativita-

96 1991 136 2019 tis
148 1991 247 2018 debito
264 1989 399 2025 ﬂagitari,
413 1991 442 2017 et
457 1989 624 2016 auditorum
638 1995 721 2015 voces
737 1987 767 2014 in
790 1987 927 2015 cordibus

96 2035 184 2063 audio
201 2034 402 2068 mussitantes,
425 2041 458 2061 eo
474 2033 551 2068 quod
568 2034 667 2060 nostra
692 2031 811 2066 quidem
827 2031 927 2067 qualia

95 2080 157 2108 sint
172 2079 341 2113 doceam’us,
358 2079 474 2106 nosmet
487 2085 553 2104 vero
577 2076 658 2112 ipsos
673 2076 853 2112 ignoremus.
870 2076 925 2103 Ne-

95 2124 258 2152 cessarium
282 2124 327 2149 est
351 2129 430 2157 ergo,
448 2121 556 2148 nubem
581 2120 662 2148 illam
687 2129 750 2156 quae
773 2120 926 2147 hominum

94 2176 203 2196 sensus
216 2166 324 2202 caligat
334 2166 445 2201 eripere
459 2174 465 2193 :
478 2173 545 2193 nam
560 2173 659 2192 revera
674 2164 804 2191 omnium
823 2172 925 2191 causa-

95 2221 161 2241 rum
178 2210 388 2239 difticillimum
415 2212 460 2238 est
483 2218 515 2237 se
538 2209 636 2245 ipsum
660 2216 845 2244 cognoscere.
862 2208 924 2236 Non

984 251 1049 287 ipsa
1064 251 1136 279 satis
1152 254 1236 280 acute
1252 252 1347 280 aliena
1357 253 1464 281 delicta
1477 255 1689 291 contemplans,
1700 257 1813 285 tardior

984 298 1028 323 est
1043 303 1113 331 erga
1127 304 1248 324 suorum
1264 297 1461 332 cognitionem
1472 298 1707 333 vitiorum,unde
1722 301 1810 329 etiam

985 348 1062 367 nunc
1077 348 1193 376 quoque
1210 341 1346 368 velociter
1362 341 1464 369 alienis
1477 343 1590 371 actibus
1605 344 1640 380 (Ι)
1655 353 1751 373 sermo
1766 347 1814 374 de-

984 384 1089 416 cursis,
1105 385 1239 412 obtusior
1254 385 1377 413 habetur
1391 389 1420 413 et
1439 386 1550 422 pigrior
1564 388 1599 415 ad
1615 390 1814 419 exuminanda

984 437 1047 463 quis
1062 432 1149 458 sunt:
1161 432 1189 457 et
1204 439 1262 458 non
1277 433 1336 458 tam
1354 440 1388 459 ex
1399 432 1612 461 elementorum
1624 436 1812 471 compositio-

983 482 1020 501 ne
1036 476 1172 510 reputare
1187 484 1347 511 possumus
1362 476 1559 513 Conditorem,
1575 487 1664 514 quam
1680 481 1768 508 etiam
1781 490 1814 509 ex

983 521 1083 546 nostra
1097 519 1228 555 ipsorum
1244 520 1420 548 formatione
1437 531 1443 549 :
1461 522 1486 549 si
1510 524 1607 551 tamen
1634 532 1664 552 se
1688 525 1814 562 quisque

982 563 1050 590 velit
1065 564 1224 599 prudenter
1237 565 1391 600 inspicere,
1407 566 1485 594 sicut
1499 567 1570 594 dicit
1585 569 1727 604 propheta
1742 579 1749 598 :
1764 571 1814 598 Mi-

983 607 1097 642 riﬁcata
1106 613 1145 636 est
1155 609 1228 636 notio
1240 611 1287 637 tua
1303 618 1338 637 ea:
1351 618 1395 637 me
1406 611 1492 645 (Psal.
1509 620 1644 646 cxxxvm,
1654 613 1682 649 6)
1696 622 1703 648 ;
1714 614 1748 642 id
1761 618 1804 643 est

983 652 1053 679 dum
1070 661 1116 680 me
1131 653 1228 688 ipsum
1244 654 1370 689 intueor,
1396 655 1552 684 ineﬂ'abilis
1581 645 1641 684 tute
1661 645 1816 694 sapientia;

984 696 1064 724 disco
1079 697 1228 725 virtutem.
1238 699 1270 725 Et
1279 698 1351 726 dixit
1364 700 1444 733 Deus,
1456 699 1594 736 faciamus
1606 701 1815 731 hominemUbi

984 743 1054 768 sunt
1069 749 1147 769 nunc
1161 742 1265 776 Judaei,
1283 743 1331 778 qui
1349 743 1384 779 (g)
1410 744 1439 771 in
1461 746 1654 780 sequentibus
1667 747 1747 776 velut
1761 756 1814 784 per

983 786 1126 820 quasdam
1143 794 1281 814 cavernas
1297 787 1418 816 Deitatis
1435 788 1498 816 luce
1514 790 1653 826 fulgente,
1668 793 1815 821 secunda-

984 837 1040 864 que
1057 838 1177 865 persona
1193 839 1256 866 quae
1274 831 1392 865 mystice
1415 833 1534 867 quidem
1550 835 1726 869 declaratur,
1743 845 1816 865 nec-

983 874 1052 901 dum
1070 878 1165 902 tamen
1178 874 1333 902 manifeste
1348 876 1538 912 conspicitur,
1552 880 1756 915 repugnabant
1767 881 1816 908 di-

982 920 1081 946 centes
1105 918 1222 946 sibimet
1247 919 1346 954 ipsum
1372 920 1452 956 loqui
1469 921 1573 955 Deum,
1590 924 1729 958 quoniam
1749 925 1815 961 ipse

981 963 1055 990 dixit
1069 965 1098 990 et
1114 963 1175 999 ipse
1191 963 1267 998 fecit,
1284 965 1348 992 Fiat
1363 965 1422 1000 lum,
1439 967 1466 992 et
1479 967 1556 1001 facta
1570 969 1609 994 est
1626 968 1676 995 lux
1687 970 1700 995 .9
1723 970 1817 998 Erant

981 1007 1100 1043 quidem
1125 1007 1155 1034 in
1174 1012 1322 1044 promptu,
1338 1011 1368 1036 et
1384 1018 1460 1037 nunc
1476 1019 1538 1045 qua:
1555 1012 1640 1040 modo
1656 1014 1810 1048 proferun-

981 1055 1030 1078 tur
1045 1053 1080 1080 ab
1095 1052 1138 1079 eis
1153 1053 1280 1088 ineptiae.
1297 1053 1368 1086 Quis
1383 1054 1461 1082 enim
1487 1055 1567 1083 faber
1589 1057 1739 1092 ferrarius,
1760 1061 1813 1087 aut

981 1097 1193 1132 carpentarius,
1210 1100 1261 1124 aut
1280 1098 1425 1126 coriorum
1448 1100 1595 1127 confector
1616 1102 1698 1130 solus
1713 1102 1742 1130 in
1759 1112 1812 1132 suo

981 1141 1145 1168 consistens
1173 1141 1330 1177 ergastulo,
1356 1143 1403 1170 cui
1426 1143 1465 1178 (h)
1496 1144 1594 1172 nullus
1622 1147 1693 1174 artis
1713 1148 1812 1177 socius

981 1188 1086 1220 praesto
1102 1187 1157 1220 est,
1176 1186 1296 1213 sibimet
1318 1187 1379 1222 ipse
1400 1187 1481 1221 dicit,
1503 1188 1645 1218 faciamus
1671 1191 1816 1226 gladium,

981 1229 1024 1258 vel
1040 1232 1154 1257 aratum
1167 1232 1420 1267 compaginemus,
1433 1235 1483 1260 aut
1495 1233 1655 1263 formemus
1667 1236 1814 1272 calceum;

981 1277 1010 1302 et
1025 1282 1082 1301 non
1095 1274 1187 1310 magis
1202 1275 1310 1303 tacitus
1327 1276 1453 1312 speciem
1469 1286 1558 1313 quam
1575 1282 1670 1307 mente
1686 1281 1816 1310 destina-

980 1318 1022 1346 vit
1037 1318 1188 1354 inceptat?
1202 1319 1315 1347 Etenim
1331 1329 1405 1348 vana
1417 1322 1575 1356 garrulitas
1591 1325 1645 1358 est,
1658 1324 1813 1354 hominum

982 1363 1163 1399 quempiam,
1178 1363 1256 1392 velut
1273 1364 1406 1399 judicem
1429 1368 1480 1393 aut
1505 1375 1655 1395 censorem
1681 1369 1814 1398 districts

981 1408 1100 1435 sibimet
1123 1408 1233 1443 aliquid
1256 1408 1410 1444 imperare.
1437 1411 1610 1446 Quanquam
1641 1412 1672 1440 hi
1697 1422 1812 1450 quoque

982 1453 1030 1487 qui
1047 1452 1204 1480 Dominum
1220 1454 1438 1487 cruciﬁxerunt,
1455 1455 1525 1490 quid
1542 1464 1599 1483 non
1613 1457 1720 1485 dicturi
1742 1459 1814 1493 sint,

981 1497 1165 1524 exercitatius
1178 1497 1213 1524 ad
1231 1498 1417 1525 mendacium
1442 1498 1558 1535 linguas
1577 1500 1730 1538 habentes,
1747 1503 1815 1532 licet

985 1549 1114 1576 praesens
1126 1549 1179 1568 vox
1195 1550 1295 1569 eorum
1312 1542 1429 1578 penitus
1444 1551 1494 1571 ora
1510 1544 1713 1580 praecluserit?
1730 1548 1760 1575 Et
1774 1549 1815 1577 di-

983 1586 1024 1613 xit
1041 1586 1120 1619 Deus,
1136 1587 1281 1613 Faciamus
1296 1587 1447 1615 hominem.
1466 1590 1560 1616 Donec
1576 1589 1666 1625 igitur
1687 1592 1809 1621 minime

984 1630 1035 1666 qui
1058 1631 1211 1658 doceretur
1233 1631 1378 1664 existeret,
1404 1631 1433 1659 in
1459 1633 1605 1668 profundo
1630 1635 1686 1663 fuit
1714 1637 1815 1666 abdita

983 1674 1149 1710 pradicatio
1160 1674 1290 1702 Deitatis.
1313 1675 1366 1702 Ubi
1388 1684 1455 1703 vero
1468 1678 1554 1713 coepit
1569 1678 1696 1707 hominis
1710 1689 1812 1718 exspe-

983 1719 1055 1746 ctari
1071 1718 1190 1751 creatio,
1206 1719 1331 1747 revelata
1346 1723 1399 1753 est,
1417 1720 1532 1754 ﬁdes,et
1540 1722 1687 1752 evidenter
1703 1725 1812 1761 dogma

983 1763 1113 1791 veritatis
1127 1764 1256 1791 emicuit.
1274 1764 1423 1796 Ausculta,
1435 1766 1534 1793 Judaae
1547 1767 1654 1795 Christi
1671 1777 1812 1806 repugna-

984 1808 1193 1843 tor,quomodo
1205 1807 1316 1835 socium
1328 1809 1579 1838 mundiﬁcationis
1591 1811 1817 1850 alloquitur,per

984 1860 1070 1887 quem
1087 1852 1194 1879 saecula
1206 1852 1283 1887 fecit,
1299 1853 1349 1888 qui
1366 1853 1426 1888 agit
1445 1855 1542 1882 omnia
1566 1855 1652 1884 verbo
1679 1859 1815 1893 potentias

984 1904 1043 1924 suae
1061 1905 1067 1924 :
1085 1897 1135 1924 sed
1151 1899 1220 1923 tuus
1236 1897 1353 1924 animus
1369 1898 1457 1925 verba
1473 1906 1529 1926 non
1555 1899 1658 1936 recipit
1683 1902 1814 1937 pietatis.

982 1940 1063 1968 Sicut
1079 1940 1157 1967 enim
1175 1940 1241 1968 ferte
1257 1949 1325 1968 cum
1340 1941 1531 1970 includuntur
1546 1943 1575 1971 in
1592 1945 1696 1980 caveis,
1714 1948 1815 1977 vulvas

982 1993 1084 2013 earum
1100 1985 1239 2013 dentibus
1254 1986 1408 2021 excedunt,
1420 1987 1650 2017 amaritudinem
1666 1992 1814 2027 propriam

982 2029 1228 2063 demonstrantes,
1240 2030 1366 2057 furorem
1385 2033 1483 2058 tamen
1501 2040 1587 2059 suum
1609 2038 1758 2070 nequeunt
1768 2045 1816 2065 ex-

983 2074 1062 2110 plere
1078 2082 1084 2101 :
1102 2074 1144 2101 sic
1158 2074 1277 2101 Judwus
1303 2074 1486 2102 adversarius
1511 2077 1655 2113 veritatis,
1673 2079 1818 2116 alligatio-

983 2127 1054 2146 num
1070 2120 1233 2146 coarctatus
1244 2118 1400 2154 angustiis,
1418 2119 1511 2147 multa
1521 2122 1627 2149 asserit
1643 2131 1707 2151 esse
1717 2132 1816 2159 perso-

983 2171 1035 2190 nas
1046 2171 1052 2190 :
1065 2163 1100 2190 ad
1117 2171 1191 2198 quas
1200 2162 1329 2190 Verbum
1345 2163 1394 2190 Dei
1412 2164 1590 2199 processisse
1607 2167 1816 2196 mentitur.Fe-

982 2210 1051 2234 runt
1066 2207 1235 2243 enim,quod
1250 2207 1363 2243 angelis
1373 2208 1478 2236 dixerit
1489 2217 1496 2236 :
1508 2210 1655 2238 Faciamus
1666 2212 1815 2248 hominem,

93 2257 173 2286 enim
190 2255 270 2284 solus
286 2254 388 2282 oculus
399 2263 433 2282 ea
444 2262 506 2290 quas
517 2253 699 2281 extrinsecus
710 2253 856 2280 habentur
867 2253 926 2280 ins-
942 2253 965 2284 D
981 2251 1104 2279 Judaica
1119 2260 1183 2279 vere
1196 2251 1284 2285 fictio,
1297 2260 1417 2288 suaeque
1431 2253 1522 2289 digna
1532 2255 1660 2289 perﬁdia?
1675 2256 1815 2286 fabulosi-

129 2314 170 2349 (a)
186 2313 266 2341 Idem
282 2313 429 2349 codexLin
444 2319 540 2349 rerum
555 2315 656 2349 natura
667 2319 676 2337 :
688 2311 736 2349 sed
751 2312 851 2349 tamen
867 2313 928 2349 vul-

114 2346 166 2378 ata
178 2349 263 2376 lectio
278 2349 307 2376 in
323 2346 379 2375 ora
391 2348 456 2376 libri
472 2350 599 2375 notatur.
607 2347 671 2374 Mox
687 2346 734 2374 ille
749 2347 812 2382 ipse
826 2347 925 2380 codex,

94 2385 170 2414 idem
184 2385 255 2420 quod
268 2385 396 2412 docetur.

145 2422 170 2456 ὸ)
187 2420 271 2453 Editi,
289 2422 396 2455 tempori

132 2422 167 2492 lc)
185 2456 263 2492 Libri
278 2455 396 2491 imprae:

144 2457 167 2492 ο)

187 2417 271 2453 Editi,
289 2422 406 2455 tempore
423 2418 497 2446 Libri
512 2420 633 2450 veteres,
650 2417 786 2453 temperie.

185 2456 263 2483 Libri
278 2454 427 2491 impressi,
448 2456 489 2491 ita
502 2454 577 2481 enim
597 2456 622 2480 cl
644 2461 704 2488 quis
727 2458 926 2491 pfwceptorem

96 2489 277 2520 insimulabit
293 2489 439 2527 infantem.
466 2490 557 2527 Vetus
581 2492 681 2527 noster
700 2489 787 2527 codex
803 2489 925 2527 et_Colb.

95 2528 211 2564 primus
227 2530 259 2555 ut
274 2527 304 2555 in
320 2524 580 2564 contextuﬂtatim
596 2524 664 2552 editi
675 2524 791 2564 ettlolb.
802 2524 925 2564 primus,

92 2560 119 2592 ἐι
133 2565 281 2591 vanitates.
298 2562 353 2589 Alii
369 2563 426 2589 duo
446 2570 529 2596 mss.,
551 2562 577 2588 et
601 2561 800 2596 protervitates.
818 2560 925 2594 Graece,

91 2600 123 2626 τὸ
139 2598 303 2626 ἀκόλαστον.
321 2598 431 2625 Ibidem
444 2595 606 2630 msstuo,
619 2596 820 2631 intelligamus.
838 2595 925 2624 Paulo

94 2638 160 2672 post
175 2635 260 2672 Qolh.
273 2633 431 2672 secundus,
447 2632 605 2672 confidisjn
621 2632 715 2672 Deum.

141 2671 167 2704 εἰ)
184 2671 273 2703 Editi,
294 2666 436 2697 habeatur.
453 2666 573 2704 Antiqui
589 2668 646 2695 duo
668 2667 745 2700 libri,
762 2666 923 2704 habebatur.

139 2702 165 2740 ε)
182 2706 259 2734 Editi
270 2702 626 2740 etColb.primus,sédjam
636 2702 926 2740 sermonmhumanas

93 2739 260 2774 nativitatis,
292 2744 346 2768 etc.
376 2739 431 2768 Alii
447 2741 505 2768 duo
534 2748 623 2774 mss.,
643 2739 688 2766 sed
709 2740 768 2774 jam
783 2739 870 2765 sentio
884 2746 927 2766 me

90 2777 504 2812 humanmetcuquodveruln
512 2783 577 2812 esse
593 2778 619 2812 et
632 2782 805 2812 germanum
823 2774 926 2809 probat

92 2809 276 2842 Basilianum
293 2809 378 2844 illud,
392 2810 464 2838 ἀλλὰ
477 2811 526 2847 γὰρ
544 2809 715 2845 αὶσθάνόμαι.
731 2809 832 2837 Statim
851 2817 923 2837 mss.

982 2309 1050 2341 duo,
1068 2310 1162 2336 nostra
1177 2309 1301 2345 quidem.
1319 2309 1381 2337 Vox
1397 2309 1502 2338 ultima
1517 2311 1546 2338 in
1563 2312 1650 2341 editis
1666 2314 1815 2344 desidera~

984 2345 1082 2372 batur.
1099 2345 1157 2372 Nec
1173 2345 1213 2372 ita
1229 2345 1322 2373 multo
1339 2348 1405 2381 post
1420 2346 1488 2374 Colh
1516 2349 1674 2383 secundus,
1692 2351 1815 2380 hominis

980 2388 1085 2408 sensus.

1017 2417 1051 2452 (Ῑ)
1065 2415 1184 2451 Antiqui
1201 2416 1257 2443 duo
1274 2415 1340 2443 libri
1356 2418 1384 2443 et
1398 2417 1480 2452 editi,
1496 2417 1633 2448 decursus.
1651 2421 1746 2450 Codex
1762 2432 1813 2452 no-

983 2454 1052 2492 ster,
1069 2451 1202 2492 decursis.
1220 2451 1330 2492 ibidem
1347 2452 1417 2492 editi
1433 2456 1462 2480 et
1477 2455 1555 2482 Colb.
1570 2451 1816 2492 primus,habetur

980 2491 1006 2515 et
1018 2488 1160 2525 pinguior.
1177 2487 1271 2521 Colb.,
1283 2488 1398 2525 habetur
1414 2497 1467 2516 non
1483 2487 1592 2525 purior.
1610 2487 1699 2521 Vetus
1715 2498 1815 2523 noster

981 2524 1082 2562 codex,
1090 2523 1252 2562 habeturft
1266 2524 1382 2562 nigrior
1390 2533 1407 2562 :_
1415 2527 1443 2551 et
1458 2523 1499 2562 ita
1515 2525 1571 2562 legi
1588 2531 1722 2562 oportere
1740 2531 1813 2558 satis

981 2559 1111 2597 ostendit
1127 2558 1197 2597 illud
1215 2558 1324 2591 Basilii.
1338 2559 1383 2597 καί
1401 2558 1473 2586 ἴχνοῦ
1493 2558 1615 2597 πλῆρηςζ

999 2597 1053 2635 _(g)
1070 2594 1145 2635 Illud
1206 2596 1381 2635 sequentibus
1402 2594 1561 2635 respondet
1577 2594 1624 2625 his
1639 2599 1747 2628 Graecis
1762 2609 1812 2629 vo-

980 2629 1075 2664 cinus,
1090 2629 1115 2657 ὲν
1131 2633 1189 2661 τοῖς
1203 2629 1315 2657 χαιξόπιν
1329 2641 1336 2664 ;
1362 2631 1412 2658 sed
1440 2629 1537 2666 potius
1562 2635 1732 2663 vertendum
1749 2640 1812 2665 erat

980 2667 1010 2693 in
1023 2666 1246 2702 praecedentibus.
1267 2667 1330 2694 Mox
1350 2666 1433 2699 editi,
1456 2667 1571 2695 necdum
1596 2671 1663 2697 tum.
1691 2672 1810 2702 Antiqui

981 2681 1010 2693 ιη
1023 2681 1246 2702 μιωισιισιιιιυιω.
1267 2681 1330 2694 muri
1350 2681 1433 2699 cuni,
1456 2681 1571 2695 ησυαιιπι
1596 2681 1663 2697 tum.
1691 2681 1757 2699 nm)
1781 2681 1809 2700 lll

981 2703 1038 2729 duo
1054 2702 1132 2745 libri,
1148 2702 1262 2745 necdum
1282 2707 1383 2745 (amen:
1401 2704 1458 2730 Nec
1475 2702 1517 2730 ita
1532 2705 1624 2732 multo
1640 2706 1716 2734 infra
1729 2681 1809 2736 Cotlb.

979 2738 1139 2771 secundus,
1155 2738 1183 2765 in
1197 2741 1337 2773 promptu,
1354 2740 1379 2765 cl
1393 2742 1457 2766 tum:
1473 2746 1545 2773 quae.

1015 2773 1054 2808 (h)
1071 2774 1146 2800 Editi
1162 2776 1189 2800 et
1205 2773 1284 2801 Colb.
1302 2773 1426 2808 primus,
1446 2774 1560 2802 nullius.
1579 2775 1633 2802 Alii
1649 2777 1706 2805 duo
1724 2787 1795 2808 mss.

978 2803 1080 2836 nullus.
1100 2809 1156 2836 Hoc
1171 2809 1234 2843 ipso
1250 2809 1278 2836 in
1296 2803 1357 2836 loco
1373 2803 1429 2836 duo
1447 2818 1528 2843 mss.,
1544 2803 1810 2848 sibz'mell'lisi.m""
