2011 3142
180 133 199 162 9
209 132 248 162 67
661 129 854 161 APPENDIX
878 129 1042 160 OPERUM

176 198 246 228 tas!
262 198 297 226 Ut
313 205 403 225 unum
420 205 478 225 non
495 196 646 232 recipiant,
660 196 803 232 plurimos
820 195 1006 229 confitentur,
1022 196 1047 230 Α

179 243 331 278 ﬁliumque
357 241 476 270 famulis
501 250 551 277 per
575 241 830 277 participationem
853 240 1008 276 dignitatis

178 288 338 322 asciscunt,
348 289 376 314 et
387 286 426 322 (α)
434 286 610 314 conlibertus
627 288 742 313 nostros
758 287 890 313 auctores
906 285 1009 312 huma-

179 341 222 359 ns:
239 332 314 360 753
330 331 516 358 formationis
531 330 673 364 efﬁciunt,
694 330 883 365 hominisque
899 329 1008 365 perfec-

177 379 271 405 torem
288 375 390 404 volunt
407 374 520 410 angelis
536 383 698 410 comquare,
710 382 776 402 cum
793 374 832 402 sit
847 374 1008 402 absurdum

177 425 210 449 ut
225 420 361 457 quaslibet
378 421 490 447 factura
504 419 596 454 possit
608 418 729 454 aequalis
742 427 806 446 esse
819 418 1009 446 factori.Cou-

176 466 340 494 sideremus
357 471 474 500 quoque
496 463 650 499 sequentia
677 473 684 491 :
710 464 855 491 Faciamus
870 463 1010 491 hominem

177 510 212 537 ad
229 510 379 544 imaginem
397 512 532 536 nostram.
565 507 638 539 Quid
665 507 846 543 respondes?
869 507 1009 543 Nunquid

179 554 227 582 Dei
241 557 270 582 et
289 553 458 589 angelorum
475 561 534 580 una
547 552 644 588 imago
667 551 738 580 est?
763 555 832 580 Nam
850 552 943 579 Patris
959 560 1008 579 ne-

177 607 259 627 cesse
282 601 327 626 est
351 597 483 626 eamdem
509 604 575 624 esse
599 604 685 632 quam
702 596 778 631 Filii,
795 597 836 624 sic
851 598 961 630 tamen,
979 604 1011 630 ut

179 644 237 671 Deo
252 644 359 670 decens
373 641 554 677 intelligatur
569 649 633 669 esse
650 642 754 677 ﬁgura,
771 641 799 668 id
827 644 882 676 est,
900 641 936 677 (ὑ)
952 649 1009 668 non

179 688 208 715 in
231 687 333 715 habitu
356 694 502 721 corporeo,
520 686 569 713 sed
588 686 616 713 in
634 686 731 713 divina
747 685 925 722 proprietate
941 694 1010 712 con-

178 732 295 760 sistens.
312 731 455 758 Ausculta
479 732 509 757 tu
527 730 625 765 etiam,
648 730 698 766 qui
715 731 750 757 de
766 738 839 758 nova
854 730 1010 757 circumci-

177 776 258 804 sione
274 774 468 811 progrederis,
480 774 625 802 Judaismi
642 775 754 802 cultum
774 775 829 802 sub
840 774 1012 804 Christiani-

175 820 243 848 tatis
258 819 458 847 simultatione
473 819 698 846 commendans.
718 819 769 847 Cui
787 819 867 854 dicit,
885 819 923 846 Ad
939 820 1008 846 ima-

175 867 269 900 ginem
290 866 413 892 nottram
429 864 518 899 (Hebr.
535 872 555 898 ι,
577 863 615 898 3),
641 863 698 891 nisi
719 863 929 891 illuminationi
945 863 1009 900 glo-
1025 883 1048 914 Β

177 910 237 943 riae,
253 911 281 936 et
297 908 383 936 titulo
400 910 527 944 paternis
551 908 734 942 substantiae,
758 917 821 943 quae
845 910 890 935 est
913 908 1009 944 imago

178 954 225 981 Dei
241 953 424 981 invisibilis?
449 953 514 980 Suae
538 960 606 988 ergo
630 952 760 988 loquitur
784 952 917 988 imagini,
946 961 1009 988 quae

176 999 250 1026 dixit
267 1007 274 1025 2
290 999 350 1032 Ego
365 1001 390 1025 et
415 998 498 1024 Pater
512 1005 599 1024 unum
614 1005 707 1024 sumtu
722 997 818 1033 (Ioan.
834 1006 863 1033 x,
878 998 923 1033 30)
938 1007 945 1032 ;
971 999 1009 1032 et,

178 1043 231 1077 Qui
245 1050 287 1070 me
301 1042 374 1069 videt
399 1045 424 1069 et
447 1042 557 1069 Patrem
580 1049 671 1069 meum
690 1041 763 1069 videi
787 1042 879 1077 (Joan.
896 1050 953 1077 XIV,
969 1041 1009 1084 9),

178 1087 245 1114 huic
262 1086 355 1114 dicit:
384 1087 528 1114 Faciamus
551 1086 689 1113 hominem
712 1086 747 1114 ad
773 1086 920 1122 imaginem
942 1094 1008 1114 na:-

177 1135 260 1158 trum.
277 1130 390 1158 Etenim
408 1129 457 1157 ubi
481 1130 579 1158 unitas
601 1130 739 1166 imaginis
754 1133 808 1165 est,
826 1130 897 1158 nihil
914 1133 1009 1167 potest

178 1183 243 1203 esse
258 1174 412 1202 dissimile.
433 1174 495 1201 Non
521 1173 599 1202 enim
623 1175 697 1202 dixit
720 1175 755 1202 ad
771 1175 914 1211 imagines
939 1184 1007 1203 nos-

176 1221 250 1251 tras,
260 1218 338 1246 sicut
352 1221 380 1246 et
395 1218 545 1253 Scriptura
560 1221 704 1246 testatur:
719 1221 793 1247 Fecit
807 1220 888 1253 Deus,
900 1219 1006 1256 inquit,

177 1263 315 1291 hominem
336 1271 345 1289 :
371 1271 429 1290 non
451 1263 590 1297 fecerunt.
619 1263 781 1291 Prudenter
805 1264 905 1292 vitavit
929 1272 1007 1291 nunc

178 1307 400 1336 multitudinem
417 1314 608 1342 personarum
625 1315 632 1334 :
650 1309 683 1334 ut
697 1307 732 1344 (e)
748 1308 798 1336 ubi
819 1309 937 1344 quidem
953 1309 1006 1336 Ju-

177 1353 272 1380 dzeum
289 1351 492 1384 confunderet,
507 1350 555 1378 hic
577 1351 667 1379 ritum
687 1352 861 1387 gentilitatis
873 1353 1006 1381 exclude-

179 1399 232 1425 rct.
249 1396 316 1424 Ideo
332 1396 572 1424 commemoravit
586 1395 739 1432 unitatem,
757 1399 789 1425 ut
802 1399 831 1425 et
845 1397 951 1425 Filium
968 1398 1007 1426 si-

179 1441 240 1469 mul
256 1449 320 1469 esse
333 1449 400 1469 cum
414 1441 498 1468 Patre
514 1448 703 1476 cognosceres
719 1450 726 1468 :
743 1444 772 1469 et
793 1442 955 1478 periculum
972 1443 1007 1471 de

215 1521 358 1558 (aiEditi,
373 1525 399 1548 et
412 1529 475 1548 cum
493 1520 594 1558 litim):
607 1524 726 1549 nostros.
744 1521 825 1550 Colb.
841 1523 965 1558 primus,
981 1526 1007 1551 ei

179 1564 240 1599 eum
256 1557 367 1599 libertos
383 1559 498 1599 nostros.
515 1556 605 1599 Vetus
628 1560 726 1599 noster
749 1556 850 1599 codex,
871 1556 1007 1599 et__conii-
1024 1567 1044 1599 ο

180 1593 267 1619 bertos
281 1595 396 1620 nostros.
413 1594 520 1626 Grece,
540 1592 583 1618 καὶ
608 1591 672 1622 cor):
696 1591 876 1628 ὁμοδούλους.
900 1594 963 1622 Haec
980 1598 1009 1623 et

179 1627 292 1690 reliqjua
308 1628 404 1656 omnia
420 1628 455 1655 ad
474 1628 562 1655 tinem
578 1636 673 1664 usque
689 1629 793 1657 desunt
809 1630 837 1658 in
864 1630 943 1658 Colb.
960 1639 1007 1659 se-

179 1672 236 1690 cun
260 1671 286 1690 ο.

179 1671 286 1691 cunno.

215 1698 252 1734 (li)
269 1698 401 1736 Editi,;‘d
415 1703 463 1732 est,
490 1706 545 1736 non
571 1698 681 1736 habitu:
702 1708 841 1736 corporeo.
863 1703 899 1728 At
914 1702 1006 1729 nostri

180 1734 237 1762 duo
252 1743 336 1768 mss.,
352 1735 380 1762 id
395 1737 444 1768 est,
459 1742 515 1762 non
529 1735 559 1762 in
576 1734 670 1762 habitu
685 1734 822 1772 e‘orpbreo.

1063 130 1096 160 S.
1119 129 1264 160 BASILII
1286 130 1423 161 MAGNI.
1839 130 1902 160 968

1064 203 1257 230 personarum
1282 196 1472 224 multitudine
1493 195 1666 224 declinares.
1693 196 1732 223 Ad
1748 196 1903 232 imaginem

1062 241 1111 268 Dei
1125 241 1193 275 fecit
1209 240 1357 269 hominem.
1383 241 1512 269 Rursum
1536 241 1724 276 cooperantis
1741 248 1899 276 personam

1062 285 1187 312 inducit.
1212 286 1275 313 Non
1300 286 1378 313 enim
1399 285 1471 313 dixit
1488 294 1494 312 :
1511 287 1583 313 Fecit
1597 285 1633 313 ad
1648 286 1802 320 imaginem
1817 294 1899 313 suum

1063 330 1114 357 sed
1129 330 1164 357 ad
1180 331 1331 365 imaginem
1345 331 1403 358 Dei.
1417 331 1451 358 Et
1467 331 1495 358 in
1510 339 1568 365 quo
1584 330 1703 366 quidem
1719 330 1900 365 dispositum

1063 374 1227 402 esthabere
1244 375 1392 403 hominem
1417 375 1577 412 imaginem
1602 375 1662 408 Dei,
1679 375 1724 402 vel
1750 376 1903 410 quomodo

1063 419 1103 455 (d)
1115 419 1217 455 recipit
1225 420 1452 448 similitudinem
1462 419 1639 453 Divinitatis,
1656 419 1686 446 in
1702 419 1900 455 sequentibus

1063 463 1177 492 Christo
1199 473 1319 492 sensum
1345 464 1486 500 largiente
1514 464 1695 497 narrabitur,
1721 472 1802 492 nunc
1833 472 1901 492 vero

1065 511 1178 536 tantum
1195 509 1304 536 dixisse
1319 509 1455 543 sufﬁciet,
1477 510 1545 544 quia
1564 517 1623 536 una
1647 509 1745 544 imago
1761 511 1820 535 est.
1838 508 1902 534 Tibi

1063 560 1130 580 vero
1146 552 1284 580 coincidit
1308 553 1336 580 in
1362 554 1502 586 mentem,
1517 554 1578 580 tam
1602 551 1742 588 sacrilege
1759 551 1902 587 blasphe-

1070 604 1161 632 mare,
1178 599 1210 624 ut
1238 596 1350 625 diceres
1381 597 1487 625 Filium
1505 596 1581 625 Patri
1603 605 1666 624 esse
1695 595 1901 624 dissimilem?

1064 643 1086 669 0
1101 641 1232 669 animum
1250 641 1395 678 ingratum
1412 641 1418 669 !
1446 640 1675 669 Similitudinem
1691 640 1743 668 Dei
1761 648 1851 676 quam
1867 643 1901 668 tu

1063 685 1126 721 ipse
1141 686 1308 721 sumpsisti,
1321 686 1536 714 benefactorem
1548 687 1633 713 tuum
1649 685 1757 712 habere
1773 693 1833 712 non
1846 693 1901 720 pa-

1064 730 1145 764 teris.
1162 732 1195 758 Et
1213 731 1267 758 tibi
1289 731 1408 766 quidem
1435 730 1585 766 proprium
1610 729 1653 757 vis
1677 737 1742 757 esse
1768 729 1848 765 quod
1864 730 1902 757 de

1063 774 1172 802 cmlesti
1187 775 1280 810 gratia
1308 775 1474 811 percepisti,
1500 774 1560 802 ﬁlio
1589 776 1686 802 autem
1723 773 1900 801 similitudi-

1065 827 1131 846 nem
1162 822 1266 847 natura
1281 819 1414 853 insitam,
1430 828 1495 846 cum
1511 819 1642 855 genitore
1657 827 1715 846 non
1733 818 1809 845 sinis
1835 826 1900 846 esse

1065 871 1263 891 communem.
1280 864 1334 891 Sed
1349 864 1407 898 jam
1425 863 1509 892 nobis
1524 863 1673 891 silentium
1689 871 1812 898 vespere
1827 865 1900 890 tem-

1065 916 1120 943 pus
1135 908 1238 935 indicit
1254 917 1260 935 :
1277 908 1389 936 dudum
1406 908 1441 936 ad
1458 916 1596 936 occasum
1612 908 1673 935 sole
1686 907 1898 943 delapso.Qua-

1065 954 1182 988 propter
1197 952 1244 980 hic
1264 961 1317 980 nos
1341 952 1430 980 etiam
1456 953 1601 980 sermonis
1619 952 1659 988 (e)
1675 951 1826 979 curricula
1840 954 1898 979 ter-

1065 996 1224 1030 minemus,
1250 997 1297 1024 his
1321 997 1449 1025 contenti
1479 1005 1542 1033 qua;
1568 997 1646 1025 dicta
1673 999 1754 1024 sunt.
1771 996 1899 1024 Tantum

1064 1041 1142 1069 enim
1158 1041 1188 1069 in
1205 1041 1359 1077 praesentia
1374 1041 1581 1075 disseruimus,
1598 1043 1742 1077 quantum
1759 1040 1899 1068 intentio-

1066 1095 1129 1114 nem
1146 1089 1273 1114 vestram
1290 1094 1448 1122 possumus
1463 1095 1576 1114 acuere.
1598 1086 1763 1114 Pleniorem
1779 1093 1848 1113 vero
1863 1085 1898 1112 de

1064 1130 1221 1167 propositis
1243 1131 1434 1166 questionem
1461 1130 1533 1159 alias
1548 1131 1640 1165 vobis,
1658 1132 1760 1158 sancto
1786 1129 1896 1166 Spiritu

1063 1176 1097 1217 (Γ)
1112 1175 1300 1211 astipulante,
1316 1176 1483 1203 reddemus.
1507 1177 1549 1203 ite
1564 1184 1643 1203 nunc
1660 1174 1855 1208 exsultantes,
1871 1176 1899 1201 et

1063 1228 1114 1256 pro
1141 1219 1266 1256 dapibus
1289 1220 1415 1256 copiosis
1440 1220 1591 1256 pomisque
1607 1219 1739 1254 diversis,
1754 1218 1898 1247 memoria

1063 1264 1220 1292 relatorum
1245 1272 1363 1292 mensas
1386 1267 1500 1293 vestras
1524 1265 1672 1292 instruite.
1694 1263 1897 1291 Confundatur

1062 1308 1183 1344 impius,
1200 1309 1354 1336 erubescat
1367 1308 1497 1342 Judazus,
1522 1309 1650 1337 exsultet
1664 1308 1768 1343 justus
1792 1307 1895 1344 praedi-

1063 1352 1230 1380 cationibus
1250 1353 1382 1380 veritatis
1404 1361 1411 1380 :
1436 1353 1617 1390 gloriﬁcatur
1647 1353 1800 1385 Dominus,
1818 1359 1895 1380 nunc

1062 1399 1091 1425 et
1104 1405 1220 1434 semper
1235 1399 1264 1425 et
1277 1397 1306 1424 in
1321 1397 1430 1426 szecula‘
1442 1398 1626 1426 seculorum.
1643 1398 1749 1426 Amen.

1097 1522 1132 1563 (e)
1148 1521 1225 1549 Editi
1239 1523 1268 1549 et
1280 1521 1372 1556 Colb.,
1392 1526 1422 1549 ut
1446 1523 1496 1550 ibi.
1519 1523 1609 1551 Vetus
1633 1523 1733 1550 noster
1749 1522 1849 1556 codex,
1864 1523 1893 1549 ut

1064 1559 1138 1665 υὸἔᾶ)
1154 1592 1249 1620 Codex
1265 1595 1374 1626 noster,
1393 1594 1503 1629 recepit.

1109 1629 1134 1665 e)
1149 1627 1236 1662 Editi,
1246 1636 1362 1665 cursum
1377 1631 1503 1658 terminet

1109 1627 1134 1665 e)
1149 1627 1236 1662 Editi,
1246 1636 1362 1665 rursum
1377 1627 1565 1658 terminemus.
1591 1629 1669 1657 Libri
1692 1631 1815 1664 veteres,
1830 1637 1891 1658 cur-

1062 1665 1151 1693 ricula
1167 1664 1358 1692 terminemus.

1062 1737 1071 1764 ι
1099 1701 1135 1764 (ζέ
1147 1699 1222 1727 Editi
1237 1701 1398 1736 stipulante.
1421 1702 1457 1729 At
1481 1701 1574 1729 nostri
1591 1701 1649 1729 duo
1664 1709 1751 1734 mss.,
1766 1700 1892 1737 adstipu—

1073 1745 1109 1764 an
1138 1755 1146 1764 .
1313 1753 1318 1755 -
