2011 3142
616 163 670 193 AD
691 163 878 194 HOMILIAS
900 164 939 194 [Ν
962 164 1249 197 HEXAEMERON.

1724 167 1785 198 970

837 308 1018 341 MONITUM
1026 332 1033 340 .

112 468 257 495 Auctores
273 466 358 494 nobis
370 466 450 494 fuere
465 465 575 494 eruditi
592 465 714 501 quidam
728 465 875 499 homines,
892 467 925 494 ut
938 466 994 494 viri
1013 466 1177 495 doctissimi
1204 467 1298 494 Duczei
1324 467 1413 496 Notas
1439 467 1494 495 hoc
1518 467 1580 495 loco
1608 468 1783 495 ederemus:

78 503 128 530 sed
144 503 174 530 id
191 506 290 540 tamen
305 502 483 540 incommodi
498 509 656 540 monemus
670 501 812 540 futurum,
824 502 901 538 quod
912 502 976 538 ejus
992 504 1065 530 nota:
1082 502 1117 530 ad
1134 505 1265 530 nostram
1276 502 1432 531 editionem
1447 503 1556 539 saepius
1566 512 1625 531 non
1641 504 1785 540 quadrent

79 546 130 566 nec
145 539 291 574 quadrare
306 538 431 574 possint,
447 538 483 566 ob
499 545 604 565 novam
621 537 900 574 interpretationem.

385 719 637 782 NOTfE
679 719 915 781 FRON'

970 719 1158 782 ONIS
1203 719 1484 783 DUGZEI

815 839 1058 863 BUBDEGALBNSIS

648 912 880 944 SOCIETATIS
902 912 999 944 JESU
1020 913 1228 945 THEOLOGI.

120 1089 224 1119 Basilii
251 1088 348 1125 Magni
370 1088 556 1116 Caesariensis
576 1087 787 1124 archiepiscopi
810 1096 909 1124 opera,
925 1089 952 1122 Α
967 1088 1080 1117 viribus
1095 1097 1162 1117 eum
1173 1089 1370 1126 mquiparasse
1384 1089 1790 1127 ccntendat.Communisigi-

85 1144 172 1173 quem
190 1135 295 1163 merito
308 1133 414 1161 Suidas
434 1131 519 1169 ἄνδρα
538 1130 776 1170 ἔλλογιμώτατον,
791 1131 835 1160 καὶ
860 1133 908 1159 πά-

85 1191 133 1215 σης
147 1177 272 1209 παιδείας
287 1176 325 1208 εἷς
342 1177 423 1214 ἄκρον
440 1175 606 1212 ἐληλακότα,
624 1189 638 1202 ‹‹
654 1177 750 1205 virum
767 1177 910 1213 eloquen-

83 1226 245 1256 tissimum,
262 1225 291 1251 et
305 1222 340 1250 ad
356 1222 468 1258 apicem
493 1222 590 1250 omnis
611 1221 786 1249 eruditionis
810 1230 910 1257 prove-

83 1272 175 1303 ctum,
187 1279 202 1293 »
209 1267 301 1296 fuisse
314 1265 467 1301 dicit,cum
480 1268 546 1293 ante
557 1274 649 1294 annos
661 1266 799 1293 tredecim
811 1266 909 1294 Latine

82 1316 199 1342 tantum
213 1311 393 1340 Parisienses
412 1309 585 1345 edidissent,
602 1311 686 1338 notas
710 1309 769 1338 illis
793 1309 908 1345 aliquas

82 1356 255 1386 attexendas
280 1354 461 1387 censuimus,
479 1354 587 1389 quibus
611 1362 646 1381 ex
670 1354 825 1382 collatione
840 1362 906 1382 cum

82 1403 180 1431 Graeco
190 1402 272 1429 textu
281 1399 346 1427 loca
359 1407 416 1426 non
428 1406 522 1434 pauca
532 1398 562 1425 in
576 1398 817 1434 interpretatione
826 1398 908 1426 resti-

83 1449 146 1474 tuta
157 1446 228 1473 sunt
244 1443 288 1472 vel
304 1443 463 1476 illustrata,
480 1444 508 1470 et
523 1442 640 1470 easdem
659 1451 747 1475 nunc,
763 1450 830 1470 cum
846 1442 907 1470 hac

84 1489 302 1519 Graeco-Latina
317 1489 483 1524 pararetur,
496 1486 640 1514 recenseri
655 1489 682 1514 et
694 1487 793 1522 augeri
813 1495 908 1522 operas

86 1535 213 1571 pretium
229 1531 457 1561 duximus.Nam
469 1539 536 1558 cum
550 1530 759 1558 Frobenianam
771 1531 910 1558 Basilien-

85 1588 147 1608 sem
159 1581 289 1606 Grecam
300 1576 457 1604 editionem
470 1575 614 1603 ιιι-ιιιὶΙὸὗῖ
625 1584 642 1603 a
652 1575 722 1603 viris
731 1575 910 1610 quibusdam

86 1623 309 1656 eruditissimis,
317 1629 383 1648 cum
392 1619 601 1656 manuscriptis
607 1619 757 1648 codicibus
763 1619 910 1653 collatam,

87 1672 114 1697 et
127 1668 218 1696 variis
234 1665 410 1694 lectionibus
425 1664 454 1692 in
466 1665 597 1700 margine
611 1666 799 1699 ornatam,ex
807 1664 914 1700 Anglia

88 1714 209 1741 missam
220 1710 412 1746 accepissent,
423 1717 497 1736 nova
507 1708 660 1744 diligentia
670 1708 782 1736 labores
794 1708 912 1736 illorum

87 1755 283 1786 cumulandos
298 1755 449 1788 curarunt,
462 1755 489 1780 et
499 1752 589 1780 libros
605 1753 733 1781 adversus
748 1754 912 1781 Eunomium

87 1811 118 1830 el
133 1801 212 1837 regis
222 1796 466 1828 Cbristianissimi
482 1797 632 1825 codicibus
643 1798 803 1832 emendari,
814 1806 914 1825 novas-

87 1855 143 1883 que
157 1845 255 1874 varias
270 1843 411 1872 lectiones
423 1842 452 1869 in
464 1841 593 1877 reliquos
600 1841 800 1870 Basiliilibros
811 1850 845 1869 ex
855 1841 914 1870 illis

88 1890 201 1926 colligi:
210 1888 288 1925 quod
301 1887 371 1915 dum
383 1885 506 1919 fit,illud
513 1885 602 1913 simul
613 1885 849 1913 animadversum
859 1888 914 1921 est,

89 1942 158 1963 num
166 1934 281 1962 sincere
287 1931 386 1960 omnia
393 1939 426 1958 ex
433 1930 599 1966 archetypis
608 1938 641 1958 ac
649 1930 723 1958 bona
729 1930 785 1958 ﬁde
792 1930 916 1958 fuissent

91 1976 312 2014 descripta.Sed
325 1975 464 2011 quoniam
481 1975 585 2002 Latina
603 1975 772 2002 eorumdem
792 1982 914 2010 operum

92 2021 294 2058 interpretatio
314 2020 409 2048 fuerat
424 2019 460 2047 ab
474 2018 533 2046 illis
556 2018 586 2046 in
602 2018 731 2047 homiliis
756 2021 870 2046 tantum
884 2019 917 2047 in

91 2067 225 2101 Psalmos,
242 2068 271 2093 et
285 2064 386 2100 paucis
397 2063 675 2091 commentariorum
691 2064 721 2090 in
733 2064 835 2091 Isaiam
845 2062 917 2090 locis

90 2111 240 2148 recognita
256 2112 285 2138 et
305 2109 470 2141 emendata,
483 2107 650 2135 faciendum
667 2107 739 2135 illud
758 2107 841 2135 nobis
856 2107 916 2135 exi-

91 2156 329 2189 stimavimus,ut
344 2153 406 2190 pari
424 2152 522 2181 studio
535 2152 697 2188 prmcipuas
707 2153 771 2187 ejus
781 2152 918 2180 lucubra—

92 2201 185 2228 tiones
197 2199 346 2227 illustrare
358 2204 543 2230 conaremur,
554 2198 582 2223 et
597 2204 697 2224 eorum
712 2196 843 2224 omnium
855 2204 919 2232 quae

94 2246 211 2273 fuerant
226 2252 243 2270 a
259 2242 344 2271 nobis
360 2242 529 2275 immutata,
541 2241 684 2268 rationem
700 2240 747 2268 his
762 2240 843 2268 Notis
858 2240 921 2268 red-

94 2290 245 2323 deremus,
262 2296 295 2315 ac
308 2288 333 2315 si
349 2295 407 2322 qua
432 2286 504 2314 forte
529 2288 664 2313 currente
689 2285 775 2321 przelo
797 2285 922 2313 fuissent

95 2334 196 2362 minus
213 2334 348 2360 accurate
364 2339 503 2366 expensa,
519 2330 829 2358 recenseremus.Cum
843 2329 921 2358 enim

94 2378 140 2406 vix
156 2377 252 2414 possit
267 2375 332 2411 quis
349 2374 453 2403 multis
468 2373 553 2402 annis
568 2374 635 2402 vitae
650 2383 710 2402 sua:
727 2375 814 2402 unius
823 2383 858 2402 ex
868 2374 922 2402 Pa-

966 1135 1016 1161 tur
1027 1133 1132 1161 harum
1143 1133 1333 1162 homiliarum
1344 1134 1449 1163 titulus
1459 1134 1489 1162 in
1499 1134 1615 1163 excusis
1625 1137 1654 1163 et
1665 1143 1736 1163 mss.
1746 1137 1790 1164 est

964 1177 1013 1208 Εἷς
1027 1177 1077 1211 τὴν
1093 1178 1259 1214 Ἑξαήμερον
1276 1177 1386 1215 ὁμιλία,
1401 1179 1457 1215 vel,
1472 1181 1504 1207 ut
1523 1179 1554 1206 in
1577 1179 1724 1213 Medicaso,
1738 1182 1790 1214 τῆς

963 1221 1132 1260 Ἑξαημέρου
1147 1221 1245 1258 ὁμιλία
1258 1223 1366 1260 πρώτη.
1383 1224 1577 1256 Quamobrem
1593 1223 1730 1251 vitandus
1745 1226 1790 1252 est

963 1275 1044 1295 error
1058 1267 1174 1295 Henrici
1194 1267 1345 1303 Stephani,
1362 1267 1413 1304 qui
1429 1268 1459 1296 in
1482 1269 1615 1296 Thesauro
1636 1268 1788 1297 contendit

962 1312 1091 1348 spatium
1099 1312 1172 1340 illud
1182 1321 1232 1340 sex
1241 1313 1365 1349 dierum,
1374 1321 1430 1349 quo
1440 1313 1575 1341 conditus
1582 1314 1784 1348 fuitmundus,

960 1356 991 1384 τὸ
1007 1355 1171 1393 Ἑξαήμιρον
1188 1357 1237 1385 hic
1251 1357 1402 1393 appellari,
1419 1358 1497 1385 unde
1520 1357 1620 1385 Basilii
1640 1360 1783 1386 tractatus

961 1400 1007 1430 Εἷς
1035 1400 1071 1427 τὸ·
1091 1400 1268 1436 Ἐξαήμερον·
1285 1409 1380 1437 neque
1404 1401 1480 1429 enim
1506 1401 1639 1429 absolute
1661 1401 1692 1428 τὸ
1707 1402 1782 1436 Ἑξα-

961 1445 1065 1481 ήμερον
1078 1444 1228 1480 appellant
1241 1447 1350 1478 Patres,
1366 1446 1416 1473 sed
1442 1444 1554 1481 ὁμιλίας
1580 1444 1625 1476 Εἷς
1640 1445 1689 1480 τὴν
1704 1445 1780 1480 Ἐξα-

962 1489 1077 1526 ήμερον,
1093 1489 1224 1525 intellige
1240 1488 1432 1526 κοσμοποιίαν,
1449 1489 1493 1517 vel
1509 1487 1700 1527 δημιουργίαν,
1717 1501 1731 1515 ι(
1747 1491 1784 1518 de

963 1535 1108 1563 creatione
1123 1535 1237 1569 mundi,
1255 1546 1268 1560 n
1282 1535 1325 1563 vel
1340 1546 1355 1560 «
1367 1535 1482 1571 opiﬁcio
1498 1535 1600 1563 mundi
1615 1544 1666 1563 sex
1680 1536 1786 1564 diebus

965 1578 1107 1608 absoluto.
1122 1589 1135 1603 ιι
1153 1578 1284 1607 Clemens
1300 1579 1440 1607 Alexand.
1457 1579 1509 1607 lib.
1524 1588 1553 1606 v1
1567 1579 1667 1608 Strom.
1685 1589 1692 1608 :
1708 1580 1743 1608 "H
1758 1590 1788 1607 τε

965 1622 1017 1660 γὰρ
1032 1621 1199 1659 κοσμοποιία
1214 1622 1241 1650 ἰν
1262 1621 1289 1658 ’ἐξ
1313 1625 1470 1659 περαιοῦται
1494 1623 1629 1661 ἡμέραις·
1652 1635 1667 1649 ι(
1688 1624 1789 1652 Mundi

966 1668 1044 1696 enim
1060 1668 1168 1695 creatio
1180 1676 1230 1696 sex
1245 1668 1349 1696 diebus
1365 1668 1537 1696 absolvitur.
1550 1679 1561 1694 ι
1577 1668 1659 1696 Philo
1669 1668 1791 1697 Judaeus

967 1712 1018 1740 lib.
1040 1720 1060 1739 Il
1077 1712 1112 1739 De
1125 1712 1184 1739 vita
1199 1712 1278 1740 Mosi:
1295 1721 1301 1740 :
1319 1711 1418 1748 Νόμων
1449 1712 1528 1748 ἱερῶν
1553 1710 1719 1749 ἀλληγορίαι
1734 1713 1789 1739 τῶν

969 1755 1036 1792 μετὰ
1049 1755 1098 1790 τήν
1110 1755 1190 1790 Ἑξαή
1196 1765 1288 1793 μερον·
1297 1767 1311 1782 «‹
1320 1756 1414 1784 Sacrae
1425 1755 1499 1792 legis
1510 1756 1656 1791 allegoriae
1666 1759 1732 1792 post
1741 1764 1792 1784 sex

968 1802 1082 1829 dierum
1098 1809 1182 1837 opus.
1200 1812 1214 1826 »ν
1227 1801 1421 1837 Hieronymus
1431 1801 1460 1828 in
1478 1801 1619 1836 Calalogo:
1635 1812 1649 1826 ι(
1665 1800 1790 1828 Basilius

968 1845 1101 1880 egregios
1125 1846 1224 1872 contra
1243 1845 1413 1872 Eunomium
1428 1843 1588 1872 elaboravit
1603 1844 1704 1878 libros,
1718 1846 1748 1872 et
1761 1845 1792 1872 in

968 1890 1157 1917 Hexaemeron
1168 1888 1306 1916 homilias
1321 1889 1370 1916 IX.
1383 1899 1397 1912 n
1407 1887 1589 1923 Sophronius
1599 1889 1694 1916 Graece
1704 1888 1792 1916 inter-

969 1935 1101 1970 pretatur
1117 1942 1123 1960 :
1139 1930 1281 1963 Βασίλειος
1305 1933 1374 1959 κατὰ
1397 1931 1531 1968 Εὐνομίου
1553 1931 1705 1970 ἐξαιρέτους
1728 1942 1790 1959 συν-

970 1976 1044 2011 ἐταξι
1067 1975 1176 2012 λόγους,
1204 1975 1249 2003 καὶ
1278 1975 1324 2008 Εἰς
1354 1977 1404 2010 τήν
1422 1976 1589 2013 Ἣξαήμερον
1623 1975 1734 2013 ὁμιλίας
1759 1977 1790 2008 θ’.

971 2023 1043 2050 Item
1058 2021 1087 2048 in
1103 2021 1247 2056 Hippolyto
1260 2029 1291 2049 :u
1302 2020 1476 2057 Hippolytus
1492 2021 1610 2056 scripsit
1624 2020 1742 2055 ἱιιἙξαή
1749 2030 1795 2056 με·

972 2075 1029 2102 ρον,
1047 2075 1059 2091 »
1076 2065 1269 2100 Sophronius,
1294 2063 1332 2095 είς
1356 2064 1406 2098 τὴν
1429 2064 1607 2101 Ἐξαήμερον.
1622 2064 1795 2092 Anastasius

972 2110 1085 2138 Sinaita
1099 2109 1128 2136 in
1146 2109 1314 2145 praefatione
1327 2110 1567 2145 Explanatiouum
1594 2110 1626 2136 in
1641 2109 1772 2137 Genesim
1786 2115 1795 2132 -'

973 2153 1038 2191 Περὶ
1059 2155 1112 2180 τῶν
1139 2151 1166 2180 ἐν
1190 2155 1224 2189 τῇ
1247 2153 1404 2190 Ἐξαημέρῳ
1432 2151 1551 2183 πολλοῖς
1580 2151 1774 2190 ἀπορουμένων
1789 2161 1795 2169 ·

976 2199 1102 2226 «Eorum
1110 2197 1145 2225 de
1157 2197 1265 2232 quibus
1277 2197 1454 2225 dubitatura
1464 2197 1565 2225 multis
1576 2197 1605 2224 in
1614 2198 1797 2232 Hexaemero,

974 2242 1003 2270 id
1020 2244 1074 2275 est,
1087 2242 1116 2269 in
1128 2241 1276 2269 creatione
1291 2249 1341 2269 sex
1355 2242 1481 2269 dierum.
1493 2251 1506 2267 ιι
1519 2241 1640 2269 Photius
1651 2241 1681 2268 in
1692 2242 1798 2270 Biblio-

974 2287 1052 2314 theca
1076 2284 1268 2322 ε’Δνεγνώσθη
1294 2285 1439 2313 Βασιλείου
1458 2287 1507 2312 τοῦ
1533 2285 1673 2312 Θεσπεσίου
1691 2286 1725 2313 τὰ
1754 2285 1799 2317 Εἰς

975 2330 1215 2366 τήνἘξαήμερον·
1229 2342 1243 2355 ‹‹
1260 2330 1399 2366 Legimus
1420 2330 1496 2358 beati
1520 2330 1622 2358 Basilii
1647 2339 1721 2366 opus
1748 2339 1800 2359 sex

976 2375 1103 2406 dierum,
1117 2382 1168 2402 seu
1185 2374 1220 2402 de
1241 2375 1345 2402 mundi
1364 2374 1484 2402 fabrica.
1502 2385 1516 2399 »
1532 2374 1660 2403 Vocatur
1683 2377 1712 2402 et
1734 2375 1799 2411 ipsa

98 2422 194 2450 tribus
205 2428 328 2457 operum
341 2419 611 2454 interpretationem
627 2419 795 2454 emetiri,ne
810 2419 922 2447 diutius
943 2455 949 2457 Α
978 2420 1167 2449 homiliarum
1179 2420 1320 2454 collectio,
1330 2420 1390 2449 sive
1399 2421 1482 2449 Liber
1490 2421 1523 2448 de
1529 2429 1608 2457 opere
1617 2429 1667 2449 rex
1675 2421 1798 2457 dierum,

96 2474 198 2495 eorum
216 2455 452 2493 Graeco-Latinas
467 2462 610 2490 editiones
633 2462 762 2491 Ecclesia
782 2463 920 2499 requirat,
936 2455 957 2489 C
978 2466 1010 2494 Ἡ
1025 2464 1202 2502 Ἐξαήμερος,
1220 2467 1252 2493 ιιι
1266 2473 1282 2493 ι
1296 2465 1434 2502 Gregorio
1453 2455 1635 2494 Naziahzeno
1653 2468 1726 2493 οι-ιιι,
1744 2455 1798 2492 2οξ

98 2511 167 2540 boni
183 2510 313 2547 profecto
330 2507 543 2537 consulendum
561 2508 615 2541 est,
633 2507 657 2535 si
670 2510 791 2544 receptis
804 2509 863 2543 jam
879 2508 923 2535 in-

96 2553 322 2591 terpretationes
337 2561 370 2580 ex
391 2552 514 2579 adverso
533 2550 623 2578 Grazci
648 2552 744 2578 textus
770 2551 923 2587 recognitze

96 2599 287 2627 collocentur.
295 2598 389 2630 Quam
401 2597 435 2624 ad
449 2604 510 2624 rem
518 2595 701 2623 commodius
708 2596 925 2631 exsequendam

99 2655 173 2675 novo
185 2646 309 2681 insuper
320 2643 412 2679 adjuti
423 2642 556 2671 subsidio
567 2650 681 2676 sumus,
690 2650 757 2670 cum
768 2642 925 2670 immortali

98 2689 241 2719 beneﬁcio
265 2689 298 2715 V.
321 2688 352 2716 Ο.
373 2686 484 2716 Nicolai
508 2686 591 2714 Fabri
612 2687 661 2712 τοῦ
679 2686 828 2723 μακαρίτου
845 2688 927 2714 vetus

99 2734 248 2763 Eustathii
266 2731 468 2768 interpretatio
483 2740 587 2760 novem
600 2731 787 2759 homiliarum
802 2732 829 2759 in
843 2733 929 2759 Gene-

100 2781 152 2808 sim
161 2777 315 2816 prodierit,
326 2785 414 2813 quem
427 2779 512 2804 tanta
530 2776 618 2804 laude
635 2776 828 2804 Cassiodorus
848 2785 928 2804 com—

102 2825 232 2859 mendat,
253 2825 284 2850 ut
299 2822 451 2858 ingenium
464 2821 694 2849 doctissimiviri
711 2821 851 2850 facundiae
869 2830 928 2850 sua

267 2887 399 2917 ΡΑτιιοι.
423 2885 478 2916 Gs.
502 2884 595 2914 XXX.

977 2509 1060 2537 Ὅταν
1088 2508 1138 2542 τὴν
1165 2509 1331 2546 Ἑξαήμερον
1357 2509 1438 2536 αὐτοῦ
1465 2508 1708 2546 μεταχειρίζωμαι,
1734 2507 1801 2544 μετᾶ

977 2555 1026 2582 τοῦ
1041 2553 1149 2581 κτίστου
1177 2553 1300 2591 γίνομαν
1319 2565 1331 2580 ι
1349 2554 1422 2582 Cum
1447 2555 1634 2582 Hexaemeron
1661 2553 1741 2581 illius
1771 2553 1801 2580 in

981 2607 1186 2632 manussumo,
1198 2607 1210 2626 ς
1217 2607 1264 2626 um
1273 2601 1402 2626 creatore
1409 2599 1600 2634 conjungor.»
1610 2597 1803 2632 Hieronymus

980 2643 1066 2679 epist.
1077 2644 1112 2670 55
1128 2651 1134 2670 :
1153 2655 1165 2668 ι(
1182 2645 1280 2679 Nuper
1295 2645 1418 2671 sanctus
1443 2642 1611 2670 Ambrosius
1635 2641 1678 2669 sic
1697 2641 1804 2670 "emae-

980 2696 1075 2715 meron
1089 2688 1222 2724 Origenis
1238 2686 1416 2723 compilavit,
1434 2688 1465 2714 ut
1476 2687 1568 2722 magis
1579 2685 1723 2722 Hippolyti
1739 2694 1805 2714 sen-

983 2733 1093 2760 tentias
1104 2732 1263 2768 Basiliique
1275 2734 1427 2767 sequatur.
1438 2742 1451 2755 υ
1462 2731 1543 2758 Beda:
1555 2739 1672 2766 quoque
1680 2730 1728 2758 hic
1739 2730 1808 2759 titu-

986 2778 1033 2807 lus
1048 2781 1093 2806 est
1109 2779 1175 2806 libri
1192 2779 1221 2806 in
1247 2779 1376 2806 Genesim
1391 2786 1400 2804 :
1416 2778 1613 2810 Hexaemeron,
1628 2777 1686 2805 sive
1705 2777 1739 2805 de
1761 2785 1809 2805 sea:

988 2823 1097 2851 dierum
1118 2824 1257 2851 creatione
1278 2822 1396 2850 libellus.
1414 2821 1646 2857 Antiquissimus
1670 2821 1812 2855 omnium,

1612 2885 1648 2914 31
