2011 3142
179 162 237 193 971

774 157 892 188 NOTAE
914 157 1138 189 FRONTONIS
1160 159 1292 190 DUCIEI

1826 161 1887 190 972

181 234 256 263 quos
270 223 307 255 εἰς
320 224 369 259 τὴν
391 223 470 259 Ἐξαή
477 232 560 261 μερον
585 223 714 251 edidisse
728 225 845 251 constat
865 222 1003 250 homilias

1070 225 1152 251 iturae
1167 226 1270 252 auctor
1280 225 1427 261 est,cujus
1436 225 1497 254 hac
1507 228 1578 254 sunt
1587 226 1676 254 verba
1692 225 1784 254 Exodi
1805 234 1837 260 ιι,
1850 227 1885 254 2;

180 271 226 299 vel
241 269 486 298 commentarium
503 269 558 296 fuit
574 268 709 303 Rhodon,
725 270 758 295 ut
772 276 806 295 ex
830 267 1004 303 Hieronymo

183 315 326 343 discimus
337 314 367 342 in
381 314 508 348 Calalogo
521 321 549 340 ια
561 312 681 340 Rhodon
688 311 802 340 Tatiani
812 312 928 339 auditor
938 314 1006 340 tem-

183 360 303 397 poribus
315 358 465 386 Commodi
477 360 505 386 ct
514 357 609 385 Severi
621 358 650 384 in
662 357 849 385 Hememeron
859 356 1006 392 elegantes

183 407 325 433 tractatus
332 402 505 439 composuit.
514 412 526 428 ι
537 401 730 438 Sophronius,
737 400 775 431 sic
781 400 831 434 τὴν
840 400 917 435 Ἐξαή
924 410 1004 437 μερον

183 447 292 486 κομψάς
309 446 421 483 ὁμιλίας
442 445 573 481 συνέταξε.
591 446 731 482 Colligere
756 448 853 473 tamen
876 454 908 473 ex
930 447 1005 473 Ana-

184 494 276 522 stasio
291 493 402 521 Sinaita
419 499 577 528 possumus
598 493 665 518 ante
690 490 861 518 Rhodonem
880 489 1005 526 aliquos,

184 540 253 566 dum
265 537 294 565 in
307 537 415 565 librum
427 536 574 564 Geneseos
587 535 758 568 scriberent,
767 535 921 570 allegorice
932 543 1007 570 opus

184 592 235 612 sex
246 583 359 610 dierum
376 581 560 616 exposuisse.
573 580 619 607 Sic
639 579 718 607 enim
739 579 841 607 scribit
856 578 906 606 lib.
923 580 1006 614 ijam

184 627 270 655 citato
286 622 445 655 ῖΛαϐὄντις
473 624 521 654 τὰς
544 623 670 660 ἀφορμὰς
685 622 715 650 ἐκ
731 622 837 650 Παπίου
865 624 912 650 τοῦ
936 622 1007 649 πάνυ

182 673 230 698 τοῦ
245 668 432 707 Ἱεραπολίτου
457 670 505 696 τοῦ
530 667 556 694 ἐν
580 670 619 703 τῷ
647 666 797 703 ἐπιστηθίῳ
812 667 1007 705 φοιτήσαντος,

182 716 227 743 καὶ
260 713 429 751 Κλήμεντος,
455 713 499 740 καὶ
524 712 703 740 Πανταινέτου
728 713 776 739 τοῦ
802 715 851 746 τῆς
882 710 1007 746 ’Δλιξαν-

185 759 269 797 δρὲων
295 758 401 796 ἱερέως,
430 757 475 785 καὶ
503 756 668 794 Ἀμμωνίου
693 755 850 794 σοφωτάτου
877 757 929 783 τῶν
960 755 1006 792 ἆρ-

185 804 272 842 χαίων
302 802 347 830 καὶ
376 803 492 840 πρώτων
518 799 646 837 συνῳδῶν
672 801 809 838 ἐξηγητῶν
831 800 869 832 εἷς
895 799 1007 837 Χριστὸν

185 849 230 876 καὶ
254 848 303 882 τήν
331 847 495 882 Ἐκκλησίαν
518 849 603 873 πᾶσαν
635 846 685 880 τὴν
713 844 862 882 ὲξοιήμερον
894 845 1008 879 νοησάν-

185 903 250 920 των·
263 905 277 919 ‹‹
295 894 421 928 Accepta
438 891 591 920 occasione
610 899 644 918 ex
664 890 752 926 Papia
768 890 828 918 viro
844 889 1008 918 clarissimo
1024 912 1048 944 B

186 937 416 974 Hierapolitano,
433 936 483 972 qui
494 935 656 972 discipulus
673 935 728 962 fuit
742 934 877 971 apostoli,
894 934 943 970 qui
959 942 1009 962 su-

185 992 239 1020 pra
255 985 356 1018 pectus
371 980 516 1016 recubuit,
532 980 681 1008 Clemente
695 982 724 1008 et
740 979 875 1007 Pantaino
885 978 1009 1006 Alexan-

185 1028 271 1056 drino
286 1027 446 1059 sacerdote,
462 1028 492 1053 et
503 1025 659 1052 Ammonio
674 1024 895 1060 sapientissimo
921 1024 1010 1051 inter-

185 1071 319 1108 pretibus
334 1070 456 1098 vetustis
471 1072 500 1098 et
515 1069 630 1106 primis,
648 1069 698 1105 qui
713 1071 807 1097 totum
829 1077 879 1097 sex
891 1068 1009 1096 dierum

187 1124 261 1152 opus
276 1116 312 1143 de
327 1114 441 1143 Christo
455 1116 484 1142 et
498 1113 628 1142 Ecclesia
649 1113 864 1141 intellexerunt.
879 1122 892 1138 ι
917 1114 1010 1140 Inter-

187 1169 254 1197 pres
262 1159 370 1196 legisse
379 1158 496 1186 videtur
506 1159 640 1195 φήσαντος
656 1166 713 1186 non
725 1157 805 1194 φοιτή
811 1167 916 1191 σαντος,
933 1156 1010 1193 quod

188 1204 322 1243 φοιτητήν
339 1203 393 1231 hoc
405 1203 468 1231 loco
483 1206 578 1237 sonat,
591 1203 646 1231 hoc
661 1205 716 1237 est,
732 1202 929 1238 discipulum;
942 1209 1010 1229 nam

189 1252 217 1278 et
231 1250 267 1277 de
282 1249 384 1277 eodem
401 1248 491 1283 Papia
504 1247 700 1283 Hieronymus
715 1246 744 1274 in
759 1246 887 1282 Catulogo
901 1254 907 1273 :
925 1257 939 1271 ‹‹
957 1246 1009 1274 Pn-

189 1294 253 1330 pias
267 1292 390 1321 Joannis
405 1292 522 1320 auditor
538 1291 774 1327 Hierapolitanus
803 1291 960 1327 episcopus
983 1291 1012 1318 in

189 1338 260 1366 Asia
274 1337 405 1373 quinque
419 1338 536 1364 tantum
553 1336 673 1372 scripsit
687 1335 848 1363 volumina.
865 1346 876 1360 ι

223 1390 284 1419 Col.
300 1391 317 1418 3
341 1390 361 1418 Α
384 1390 427 1423 11,
444 1389 544 1426 Ψυχὴν
569 1388 648 1425 πρός.
662 1389 694 1416 In
717 1389 833 1416 duobus
862 1387 950 1424 regiis
966 1396 1013 1416 co-

189 1435 304 1463 dicibus
319 1443 391 1462 mss.
410 1441 535 1470 quorum
552 1435 626 1461 alter
648 1432 764 1460 Henrici
784 1434 822 1465 Il,
835 1431 908 1460 alter
921 1432 1013 1460 Medi-

188 1487 265 1508 ceus
281 1478 397 1506 Henrici
417 1477 512 1514 Magni
529 1477 584 1505 luit
598 1479 701 1513 κτῆμα,
719 1477 760 1504 ita
775 1476 918 1512 scriptum
934 1477 1013 1504 inve-

189 1523 289 1551 nimus
308 1531 314 1550 :
330 1521 430 1559 Ψυχὴν
442 1519 556 1558 ἔχοντας
571 1521 639 1558 πρὸς
654 1521 703 1554 τὴν
733 1522 786 1547 τῶν
815 1519 987 1555 τηλικούτων
1006 1528 1012 1535 ·

191 1578 206 1593 ‹‹
222 1568 402 1595 Adornatam
413 1567 549 1594 convenit
559 1566 664 1594 habere
675 1566 804 1593 animam
817 1574 877 1600 eos,
886 1565 937 1601 qui
950 1573 1013 1593 eam

189 1611 336 1640 voluerint
347 1611 383 1639 ad
393 1612 541 1638 tantarum
550 1619 646 1638 rerum
659 1610 904 1638 auscultationem
916 1609 1013 1646 appel-

190 1656 260 1684 lere.
277 1666 291 1680 υ
307 1655 479 1683 Eustathius
494 1657 593 1682 tamen
621 1656 704 1682 vetus
725 1654 869 1690 interpres
884 1654 938 1682 hoc
955 1662 1013 1681 non

192 1699 344 1736 agnoscit:
357 1699 453 1727 solum
469 1698 547 1726 enim
563 1699 658 1732 vertit,
672 1710 685 1723 ((
703 1698 747 1726 vel
764 1699 1014 1734 quemadmodum

192 1745 357 1772 instructus
372 1751 438 1772 esse
455 1743 560 1771 debeat
576 1743 730 1770 animus.»

227 1788 288 1817 Col.
304 1789 321 1816 6
335 1791 359 1815 Α
376 1787 403 1816 3.
418 1787 565 1823 Pro/unda
579 1795 668 1815 sema.
684 1787 777 1815 Janus
800 1786 969 1820 Carnarius,
985 1787 1016 1815 in

191 1833 318 1862 editione
328 1832 484 1861 Basiliensi
499 1832 682 1860 Frobeniana
703 1832 782 1863 1552,
794 1831 1015 1868 interpretatur,

191 1890 205 1904 «
216 1879 336 1906 Etiamsi
348 1877 500 1913 scriptoris
511 1885 636 1904 acumen
648 1884 707 1904 non
727 1884 931 1912 assequamur.
950 1886 963 1902 ν
982 1880 1019 1904 At

188 1923 361 1951 Eustathius
381 1922 416 1949 ad
433 1921 555 1949 verbum
573 1929 579 1948 :
599 1932 613 1946 ι(
631 1921 705 1950 Nam
733 1921 801 1949 licet
829 1920 1017 1948 altitudinem

190 1967 287 1995 cordis
303 1965 437 1994 historici
450 1974 508 1993 non
519 1965 672 1993 valeamus
688 1965 842 2001 attingere,
860 1977 873 1990 υ
891 1966 940 1998 τῆς
972 1965 1019 2002 βα-

190 2010 262 2042 θείας
277 2009 388 2047 καρδίας
408 2011 445 2046 μὴ
462 2009 630 2048 ἐφικώμεθα”
649 2018 711 2044 ηυδε
737 2010 842 2038 locutio
859 2010 1019 2046 Scripturea

189 2056 356 2085 familiaris.
379 2056 516 2083 Jeremiae
532 2055 631 2087 xvn,9
648 2063 654 2082 :
672 2055 770 2085 Βαθεῖα
786 2055 803 2088 ἡ
827 2053 925 2091 καρδία
949 2053 1022 2091 παρὰ

188 2100 284 2135 πάντα,
305 2099 350 2127 καὶ
388 2097 530 2136 ἄνθρωπός
561 2099 628 2133 ἐστι,
653 2098 698 2125 καὶ
738 2098 778 2128 τίς
809 2099 945 2134 γνώσεται
973 2097 1020 2125 αὐ-

188 2146 253 2180 τόν;
272 2144 449 2181 Profundum
472 2152 518 2172 cor
542 2152 626 2180 super
648 2145 753 2175 omnia,
778 2145 804 2171 et
827 2143 906 2171 homo
931 2148 981 2178 est,
996 2148 1023 2171 et

189 2191 249 2226 quis
264 2194 405 2224 cognoscet
419 2197 482 2217 eum
492 2188 506 2216 ?
523 2189 719 2224 Hieronymus
731 2196 766 2216 ex
781 2187 958 2222 Symmacho
975 2196 1020 2215 re-

189 2235 255 2267 fert,
273 2245 286 2259 ιι
303 2233 495 2261 inscrutabile
510 2241 560 2260 cor
572 2233 711 2266 omnium,
723 2243 732 2257 ι
748 2235 776 2260 et
790 2232 872 2260 Isaia
886 2240 964 2267 xxxx,
978 2233 1023 2273 15'

1061 266 1173 298 Ἰδόντες
1197 266 1226 295 δὲ
1253 268 1318 296 αὐτὸ
1343 268 1461 306 ἀστεῖον,
1486 269 1652 297 ἐσκέπασαν·
1684 271 1812 299 Vident“
1833 279 1886 299 au-

1061 315 1113 340 tem
1128 321 1192 340 eum
1215 313 1377 349 elegantem,
1393 315 1606 343 occultaverunt.
1622 315 1771 351 Interprcs
1786 316 1886 351 Orige-

1061 357 1108 385 nis
1123 356 1227 383 ἀστεῖον
1251 358 1402 392 elegantem
1423 359 1510 387 etiam
1537 360 1631 395 vertit,
1649 359 1756 395 Aquila
1772 359 1887 396 ἀγαθόν,

1062 401 1171 436 bonum,
1203 401 1399 438 Symmachus
1439 403 1550 439 ὡραῖον.
1583 403 1642 431 Vox
1679 403 1798 431 Hebrzea
1835 408 1888 434 :1:

1062 445 1162 482 ὡραῖος
1186 446 1325 482 etiam,id
1350 450 1405 483 est,
1421 447 1545 483 pulchre,
1568 448 1699 476 redditur
1722 448 1831 482 Graece,
1850 448 1890 475 Ill

1062 489 1132 526 Reg.
1146 499 1165 524 1,
1177 491 1369 527 6.Apostolus
1379 492 1448 520 item
1460 492 1647 521 Hebraeorum
1654 502 1692 528 x1,
1703 492 1753 520 23:
1766 489 1888 528 Ἑκρύϐη

1060 534 1194 571 τρίμηνον
1237 534 1288 562 ὑπὸ
1326 538 1380 563 τῶν
1419 537 1542 574 πατέρων
1582 537 1685 572 αὐτοῦ,
1709 535 1779 564 διότι
1818 535 1887 563 εἶδον

1062 578 1168 605 ἀστεῖον
1192 578 1223 605 τὸ
1247 577 1365 608 παιδίον.
1390 581 1554 610 Οαιαιιαιιιε
1569 583 1607 609 est
1629 582 1771 609 mensibus
1795 582 1889 609 tribu:

1061 632 1078 650 a
1089 625 1254 659 parentibus
1268 625 1336 659 suis,
1347 633 1379 652 eo
1395 626 1466 661 quod
1480 625 1608 654 vidissent
1622 626 1776 661 elegantem
1793 627 1890 661 infan-

1062 672 1124 696 tem.
1156 668 1203 696 Sic
1237 668 1324 703 infra,
1348 670 1416 697 κατὰ
1456 671 1505 704 τὴν
1548 670 1695 708 μαρτυρίαν
1727 669 1812 704 αὐτὴν
1841 672 1891 697 τοῦ

1062 713 1139 739 Θιοῦ.
1157 713 1339 749 Sum-agatur
1349 714 1438 742 etiam
1448 715 1606 751 Josephus,
1616 715 1667 751 qui
1683 714 1833 751 placuisse
1843 716 1891 742 in-

1063 755 1173 784 fantem
1194 757 1296 785 scribit
1311 758 1360 786 lib.
1375 767 1407 793 ιι,
1424 767 1486 795 cap-
1502 760 1530 794 5,
1542 761 1614 796 quod
1638 768 1759 796 magnus
1774 762 1843 787 esset
1857 767 1892 787 ac

1062 801 1186 836 pulcher,
1213 801 1407 839 ὑπερηγάπησε
1431 803 1560 840 μεγέθους
1585 813 1615 830 τε.
1638 801 1717 830 ἕνεκα
1745 803 1791 830 καὶ
1821 802 1889 830 χάλ-

1063 844 1140 876 λους.
1158 847 1281 874 Secutus
1296 850 1394 875 tamen
1409 848 1525 876 videtur
1544 848 1573 876 S.
1585 848 1726 884 Stephani
1743 849 1891 876 narratio-

1064 899 1131 918 nem
1147 890 1293 926 Basilius;
1310 893 1395 928 cujus
1406 892 1468 921 hiec
1482 895 1552 920 sunt
1562 894 1659 921 Actor.
1673 901 1724 928 vn,
1734 893 1788 920 20:
1802 892 1892 929 Ἐγεν-

1064 935 1133 969 νήθη
1165 935 1279 971 Μωσῆς,
1304 935 1348 962 καὶ
1378 935 1411 970 ἦν
1437 936 1542 967 ἀστεῖος
1570 939 1611 972 τῷ
1639 939 1708 972 Θεῷ.
1734 936 1787 965 Ubi
1818 936 1892 964 Vul-

1065 984 1130 1017 gala
1145 979 1206 1008 Lat.
1228 988 1235 1008 :
1251 981 1335 1008 Nata:
1351 986 1390 1009 est
1411 982 1524 1018 Moyses,
1539 986 1565 1010 et
1585 982 1642 1018 fuit
1666 986 1762 1017 gratus
1776 982 1842 1010 Deo.
1859 981 1894 1008 Et

1065 1025 1161 1052 inesse
1183 1027 1280 1060 potest
1294 1025 1499 1060 Hebraismus,
1517 1028 1548 1054 ut
1574 1026 1653 1054 dicat
1677 1026 1706 1054 S.
1723 1025 1892 1061 Stephanus

1064 1070 1181 1105 Moysen
1197 1069 1287 1097 fuisse
1303 1072 1432 1105 gratum,
1449 1071 1585 1098 festivum
1610 1079 1644 1098 ac
1666 1070 1810 1107 lepidum,
1828 1070 1893 1106 pul-

1065 1114 1168 1141 chrum
1184 1113 1253 1148 Deo,
1270 1113 1298 1141 id
1315 1116 1359 1142 est
1375 1114 1479 1142 eximie
1492 1115 1648 1151 pulchrum
1665 1115 1743 1143 sicut
1756 1115 1838 1143 June
1849 1124 1893 1148 ιιι,

1065 1158 1104 1185 3:
1123 1157 1156 1184 Ἠ
1185 1155 1213 1184 δὲ
1237 1157 1329 1184 Νινευῒ
1357 1158 1390 1192 ἦν
1416 1158 1498 1189 πολὶς
1529 1157 1634 1196 μεγάλη
1662 1161 1702 1195 τῷ
1730 1161 1808 1194 Θεῷ·
1827 1160 1893 1187 Erat

1065 1205 1157 1230 aulam
1185 1203 1284 1230 civitas
1309 1211 1413 1238 magna
1436 1204 1499 1231 Deo.
1519 1204 1771 1237 Quemadmodum
1802 1206 1831 1232 et
1858 1212 1894 1232 ex

1066 1246 1186 1274 Hebraeo
1202 1247 1324 1275 vertitur
1335 1248 1370 1275 ad
1387 1248 1519 1283 verbum,
1536 1248 1591 1276 hoc
1607 1251 1663 1281 est,
1678 1248 1763 1276 valde
1773 1257 1892 1284 magna,

1067 1291 1145 1326 quod
1171 1291 1281 1318 omnia.
1301 1299 1361 1327 qua:
1376 1300 1477 1327 magna
1491 1296 1566 1326 sunt,
1584 1293 1720 1320 dicantur
1741 1300 1807 1320 esse
1830 1293 1893 1326 Dei,

1068 1337 1101 1363 ut
1115 1334 1191 1362 Psal.
1207 1343 1292 1371 xxxv,
1303 1336 1320 1362 7
1337 1345 1343 1363 :
1361 1336 1475 1364 Iustitia
1498 1338 1571 1365 sicut
1588 1339 1692 1365 montes
1707 1337 1766 1365 Dei.
1783 1337 1896 1366 Mavult

1068 1382 1167 1407 tamen
1182 1379 1341 1408 Fr.Ribera
1354 1383 1452 1409 noster
1468 1381 1541 1409 nihil
1557 1381 1637 1409 aliud
1654 1382 1822 1417 significare
1833 1381 1897 1418 pul-

1069 1423 1173 1452 chrum
1189 1423 1257 1457 Deo,
1271 1432 1360 1460 quam
1377 1425 1533 1460 pulchrum
1550 1434 1648 1453 coram
1664 1425 1734 1461 Deo,
1748 1428 1779 1453 ut
1789 1425 1895 1454 Genes.

1067 1467 1190 1503 xm,‘43,
1208 1468 1348 1495 dicuntur
1369 1469 1524 1497 Sodomita:
1546 1473 1700 1505 peccatores
1722 1477 1815 1497 coram
1844 1470 1897 1498 Do-

1068 1514 1155 1548 mino,
1171 1513 1321 1549 Hebraice,
1337 1519 1494 1550 peccatores
1522 1515 1647 1548 Domino,
1670 1515 1700 1542 in
1729 1515 1817 1542 oculis
1840 1516 1896 1543 Do-

1069 1558 1151 1593 mini,
1167 1557 1212 1585 vel
1237 1559 1296 1592 Dei,
1314 1558 1366 1586 hoc
1396 1562 1453 1593 est,
1482 1567 1599 1595 revera,
1616 1559 1732 1588 etiamsi
1758 1559 1897 1588 homines

1029 1594 1050 1628 C
1071 1602 1258 1630 dissentiant.
1287 1604 1389 1639 Itaque
1420 1606 1498 1632 recte
1526 1604 1599 1632 dixit
1630 1604 1768 1638 Basilius,
1788 1603 1896 1635 ἀστεῖος

1067 1645 1140 1684 παρὰ
1163 1647 1231 1680 Θιῶ,
1248 1650 1281 1674 ut
1304 1647 1418 1676 dixerat
1446 1648 1475 1676 Β.
1503 1648 1682 1684 Stephanus,
1697 1647 1803 1679 ἀστεῖος
1825 1650 1896 1684 Θεῷ.

1103 1736 1163 1764 Col.
1181 1736 1197 1763 7
1215 1737 1239 1763 A
1257 1736 1284 1764 6.
1309 1736 1361 1764 Sed
1387 1737 1544 1765 secundum.
1570 1737 1634 1765 Haec
1657 1737 1777 1765 uberius
1801 1737 1896 1766 inter-

1071 1783 1203 1817 pretatus
1222 1783 1285 1809 erat
1298 1781 1506 1818 Argyropylus,
1523 1782 1583 1810 sive
1598 1782 1623 1810 is
1639 1782 1689 1818 qui
1704 1783 1769 1817 ejus
1789 1783 1900 1811 versio-

1072 1834 1139 1854 nem
1155 1826 1312 1854 recensuit.
1323 1826 1358 1853 Et
1369 1833 1404 1853 ne
1419 1826 1486 1862 quis
1501 1827 1601 1854 damni
1618 1834 1649 1854 se
1664 1825 1777 1862 aliquid
1795 1827 1902 1854 fecisse

1074 1870 1252 1906 suspicetur,
1270 1872 1408 1906 poterunt
1422 1878 1488 1898 cum
1505 1870 1611 1898 Graecis
1629 1878 1663 1898 ea
1687 1871 1814 1898 conferri
1838 1879 1902 1906 quae

1075 1914 1254 1943 sustulimus
1270 1923 1277 1942 :
1294 1926 1308 1939 «
1325 1916 1356 1942 lit
1383 1923 1414 1942 se
1441 1917 1518 1942 totos
1535 1914 1737 1949 permittentes
1753 1917 1844 1951 atque
1859 1924 1905 1943 ac-

1075 1960 1299 1988 commodantes
1314 1959 1414 1995 prima;
1430 1959 1472 1986 illi
1494 1968 1553 1987 sum
1577 1960 1613 1987 de
1637 1959 1696 1987 Deo
1719 1959 1906 1996 ignorantiae,

1076 2013 1140 2040 qua:
1157 2004 1291 2032 videmus
1315 2006 1422 2031 cuncta
1446 2003 1482 2031 nd
1507 2006 1604 2031 ortum
1621 2004 1770 2040 progredi,
1787 2005 1852 2033 hac
1867 2004 1907 2031 ita

1076 2056 1225 2084 emergere
1239 2047 1447 2076 concluserunt
1462 2048 1574 2084 perpeti
1589 2049 1716 2084 quadam
1735 2048 1814 2076 serie
1840 2057 1908 2077 suc-

1077 2093 1230 2120 cessionis.
1238 2102 1251 2118 ι
1262 2092 1436 2120 Eustathius
1447 2092 1564 2128 scripsit
1573 2101 1580 2120 :
1588 2104 1601 2117 (ι
1610 2092 1666 2120 Sed
1678 2092 1819 2120 familiari
1830 2094 1912 2129 igno-

1078 2136 1190 2164 ratione
1201 2136 1336 2172 sublapsi
1350 2136 1436 2164 variis
1448 2137 1548 2164 omnia
1557 2136 1782 2165 deﬁnitionibus
1793 2137 1913 2165 conclu-

1079 2183 1190 2209 serunt.
1209 2192 1222 2206 ››

1114 2229 1228 2257 001.8Ο
1244 2230 1422 2262 11.Ζητεῖται
1439 2229 1452 2255 ὁ
1468 2230 1529 2263 τήν.
1554 2229 1595 2257 -ἱο
1619 2229 1730 2257 editum
1749 2232 1845 2258 estex
1860 2239 1907 2258 va-

190 2279 292 2306 Latine
306 2277 406 2305 effert:
428 2278 471 2305 Var
486 2278 535 2312 qui
547 2277 688 2313 profundo
701 2279 765 2304 estis
784 2277 874 2311 corde,
890 2280 950 2304 uta
965 2278 1020 2304 Do-
1038 2278 1059 2310 Ι)
1076 2274 1129 2301 riis
1143 2273 1319 2301 lectionibus
1330 2273 1443 2309 Anglic.
1456 2274 1602 2307 codicum,
1613 2274 1722 2309 quibus
1737 2274 1909 2310 adjungunt

189 2323 265 2350 mino
279 2322 454 2350 abscondam
473 2321 630 2349 consilium.
645 2320 872 2357 Chrysostomus
890 2321 925 2349 de
949 2329 1017 2357 pro-

190 2366 302 2394 ditione
316 2365 409 2398 Judcs,
426 2367 498 2392 tom.
519 2364 542 2391 V
559 2364 696 2393 editionis
713 2367 818 2392 nostra:
835 2364 992 2392 Parisiens.
1011 2373 1017 2392 :

189 2411 321 2438 Ἕκαστον
340 2411 394 2436 τῶν
409 2408 563 2445 λεγομὲνων
592 2407 704 2443 πολλὴν
725 2407 785 2446 ἔχει
812 2409 862 2442 τὴν
893 2408 1018 2446 θεωρίαν,

190 2454 235 2482 καὶ
251 2453 322 2482 πολὺ
332 2453 363 2481 τὸ
381 2452 465 2490 βάθος
481 2454 534 2480 τῶν
551 2452 708 2489 νοημάτων·
721 2464 733 2480 α
744 2456 776 2481 In
793 2453 920 2489 singulis
932 2454 1020 2481 dictis

191 2500 285 2529 multa
299 2502 342 2528 cst
352 2498 574 2534 contemplatio,
586 2498 680 2526 multa
698 2498 884 2534 profunditas
901 2500 1020 2525 senten-

192 2547 311 2574 tiarum.
329 2555 343 2569 »
361 2546 395 2571 Et
410 2543 512 2571 homil.
529 2543 540 2571 4
561 2543 599 2570 ad
623 2543 811 2570 Antiochum:
828 2551 835 2570 :
851 2541 934 2568 Ἴδετε
950 2542 1018 2578 πρὸς

190 2589 275 2616 πόσον
307 2588 387 2626 βάθος
417 2586 607 2623 κατηγάγομεν
632 2585 677 2612 τὸν
703 2585 795 2623 λόγον·
811 2597 824 2611 ι(
852 2586 974 2614 Vidistis
990 2586 1019 2613 in

193 2637 333 2673 quantum
359 2641 525 2662 sermonem
551 2631 729 2659 deduximus
745 2631 986 2667 profunditatem.
1006 2643 1016 2656 ιι

228 2689 303 2717 Ibid.
317 2689 346 2716 9.
362 2686 544 2719 Eustathius,
560 2685 702 2713 insistens
728 2684 848 2720 propius
863 2686 1019 2713 verborum

193 2732 344 2761 sententiae
356 2731 452 2759 dixit:
472 2741 486 2755 ‹‹
501 2729 555 2762 Qui
580 2728 751 2764 perhibetur
774 2730 918 2756 venustus
939 2729 1017 2764 apud

193 2777 351 2806 Dominum
366 2776 468 2804 fuisse.
486 2786 499 2799 »
512 2774 559 2802 Sic
575 2775 607 2801 ut
619 2773 820 2810 intelligamus
836 2773 954 2809 Moysen
969 2781 1017 2800 ve-

195 2824 315 2851 nustum
324 2821 414 2848 fuisse
423 2820 499 2856 apud
510 2820 600 2847 Deum
612 2819 721 2855 ipsum,
730 2818 779 2854 qui
790 2818 932 2846 nimirum
943 2818 1018 2846 Scri-

1076 2318 1131 2345 viri
1152 2318 1228 2346 docti
1246 2316 1299 2352 τίς,
1314 2321 1346 2345 ut
1360 2317 1475 2353 legatur
1490 2318 1565 2352 ζήτει
1580 2328 1632 2352 τις,
1648 2318 1692 2346 vel
1714 2319 1830 2353 ζητήσει
1854 2329 1904 2353 τις,

1076 2364 1117 2392 τίς
1133 2361 1147 2388 ὁ
1163 2362 1213 2395 τήν
1228 2361 1329 2398 ἀρχήν.
1346 2362 1472 2398 Vulgata
1491 2362 1578 2390 lectio
1604 2362 1777 2391 Basiliensis
1801 2364 1905 2391 editio-

1077 2407 1123 2434 nis
1140 2407 1205 2434 t'crri
1222 2407 1383 2442 potest,cui
1395 2407 1454 2434 duo
1467 2407 1547 2443 Regii
1560 2407 1675 2435 codices
1692 2408 1905 2443 sulfragantur,

1077 2451 1149 2485 ζήτει
1165 2449 1206 2482 τίς
1222 2449 1236 2477 ὁ
1251 2450 1300 2484 τὴν
1316 2451 1418 2488 ἀρχήν,
1435 2453 1462 2479 et
1477 2451 1650 2479 Eustathius
1673 2460 1740 2479 cum
1765 2452 1906 2480 Cornario

1074 2497 1190 2523 vertens
1202 2504 1211 2522 :
1227 2507 1241 2520 (ί
1258 2496 1359 2528 Quaere
1374 2495 1440 2530 quis
1464 2495 1506 2522 illi
1530 2496 1611 2524 dedit
1627 2496 1819 2531 principium,
1834 2508 1848 2521 ››
1864 2497 1906 2524 vel

1075 2542 1151 2567 certe
1167 2540 1319 2571 scribetur,
1339 2541 1459 2573 ζητεῖται
1474 2538 1515 2569 τίς
1531 2539 1544 2566 ὁ
1555 2540 1617 2573 τήν.
1635 2551 1647 2565 1
1663 2540 1822 2574 Quaeritur,
1839 2541 1905 2576 quis

1074 2583 1123 2619 sit,
1140 2584 1189 2619 qui
1208 2584 1386 2620 principium
1403 2584 1490 2611 dedit.
1511 2595 1525 2608 υ

1109 2636 1169 2664 Col.
1185 2637 1236 2664 9A
1266 2637 1310 2664 14.
1336 2635 1487 2674 Διαφεύγει.
1519 2637 1738 2665 Emendandum
1767 2645 1804 2665 ex
1830 2638 1902 2665 dno-

1073 2681 1130 2709 bus
1156 2681 1255 2717 Regiis
1283 2682 1367 2709 codd.
1397 2679 1545 2719 διαφεύγει,
1561 2685 1590 2710 et
1618 2684 1722 2710 contra
1751 2690 1821 2710 mox
1847 2681 1901 2709 δια-

1073 2725 1170 2764 φεύγῃ·

1107 2775 1180 2803 Ibid.
1211 2775 1232 2803 Β
1259 2776 1289 2803 7.
1318 2772 1421 2809 Μηδενὶ
1447 2773 1539 2810 μέσον.
1568 2775 1607 2803 Ex
1634 2775 1740 2803 iisdem
1780 2776 1896 2804 duobus

1073 2819 1157 2848 libris
1171 2822 1199 2847 et
1214 2819 1308 2855 Regiis
1324 2822 1353 2847 et
1369 2819 1449 2855 Angl.
1467 2820 1670 2855 corrigendum
1689 2817 1786 2855 μηδενὶ
1804 2821 1877 2856 μέσῳ
1888 2829 1894 2836 ·
