  <div class='ocr_page' id='page_1' title='image "/cluster/home/n/w/nwhite01/storage/ocr_20150623/30/njp.32101013202591/500.png"; bbox 0 0 2011 3142; ppageno 0'>
   <div class='ocr_carea' id='block_1_1' title="bbox 70 165 128 197">
    <p class='ocr_par' dir='ltr' id='par_1_1' title="bbox 70 165 128 197">
     <span class='ocr_line' id='line_1_1' title="bbox 70 165 128 197; baseline -0.034 0"><span class='ocrx_word' id='word_1_1' title='bbox 70 165 128 197; x_wconf 81' lang='grc'><strong>973</strong></span> 
     </span>
    </p>
   </div>
   <div class='ocr_carea' id='block_1_2' title="bbox 606 165 1238 196">
    <p class='ocr_par' dir='ltr' id='par_1_2' title="bbox 606 165 1238 196">
     <span class='ocr_line' id='line_1_2' title="bbox 606 165 1238 196; baseline 0.002 -1"><span class='ocrx_word' id='word_1_2' title='bbox 606 165 656 195; x_wconf 82' lang='lat' dir='ltr'>AD</span> <span class='ocrx_word' id='word_1_3' title='bbox 680 165 869 196; x_wconf 83' lang='lat' dir='ltr'><strong>HOMlLlAS</strong></span> <span class='ocrx_word' id='word_1_4' title='bbox 893 166 930 196; x_wconf 90' lang='lat' dir='ltr'><strong>lN</strong></span> <span class='ocrx_word' id='word_1_5' title='bbox 956 165 1238 196; x_wconf 82' lang='lat' dir='ltr'><strong>[iEXAEMERON.</strong></span> 
     </span>
    </p>
   </div>
   <div class='ocr_carea' id='block_1_3' title="bbox 1719 169 1778 200">
    <p class='ocr_par' dir='ltr' id='par_1_3' title="bbox 1719 169 1778 200">
     <span class='ocr_line' id='line_1_3' title="bbox 1719 169 1778 200; baseline -0.034 0"><span class='ocrx_word' id='word_1_6' title='bbox 1719 169 1778 200; x_wconf 73' lang='grc'><strong>974</strong></span> 
     </span>
    </p>
   </div>
   <div class='ocr_carea' id='block_1_4' title="bbox 71 231 1781 273">
    <p class='ocr_par' dir='ltr' id='par_1_4' title="bbox 71 231 1781 273">
     <span class='ocr_line' id='line_1_4' title="bbox 71 231 1781 273; baseline 0.002 -13"><span class='ocrx_word' id='word_1_7' title='bbox 71 232 114 261; x_wconf 86' lang='lat' dir='ltr'><strong>cui</strong></span> <span class='ocrx_word' id='word_1_8' title='bbox 131 231 252 260; x_wconf 88' lang='lat' dir='ltr'><strong>leationi</strong></span> <span class='ocrx_word' id='word_1_9' title='bbox 268 231 446 268; x_wconf 87' lang='lat' dir='ltr'><strong>astipulatur</strong></span> <span class='ocrx_word' id='word_1_10' title='bbox 468 231 654 268; x_wconf 71' lang='lat' dir='ltr'><strong>Eustathius,</strong></span> <span class='ocrx_word' id='word_1_11' title='bbox 671 243 686 258; x_wconf 76' lang='grc' dir='ltr'>(ι</span> <span class='ocrx_word' id='word_1_12' title='bbox 698 232 779 265; x_wconf 90' lang='lat' dir='ltr'><strong>Quod</strong></span> <span class='ocrx_word' id='word_1_13' title='bbox 801 232 899 268; x_wconf 85' lang='lat' dir='ltr'><strong>plani-</strong></span> <span class='ocrx_word' id='word_1_14' title='bbox 914 239 942 273; x_wconf 68' lang='grc' dir='ltr'><strong>Α</strong></span> <span class='ocrx_word' id='word_1_15' title='bbox 957 233 1128 261; x_wconf 86' lang='lat' dir='ltr'><strong>damentum</strong></span> <span class='ocrx_word' id='word_1_16' title='bbox 1145 235 1173 260; x_wconf 89' lang='lat' dir='ltr'><strong>et</strong></span> <span class='ocrx_word' id='word_1_17' title='bbox 1188 233 1307 269; x_wconf 85' lang='lat' dir='ltr'><strong>gradus.</strong></span> <span class='ocrx_word' id='word_1_18' title='bbox 1323 243 1338 258; x_wconf 68' lang='grc' dir='ltr'>υ</span> <span class='ocrx_word' id='word_1_19' title='bbox 1355 233 1527 261; x_wconf 69' lang='lat' dir='ltr'><strong>Eustathius</strong></span> <span class='ocrx_word' id='word_1_20' title='bbox 1541 233 1647 262; x_wconf 88' lang='lat' dir='ltr'><strong>melius</strong></span> <span class='ocrx_word' id='word_1_21' title='bbox 1663 241 1781 271; x_wconf 87' lang='lat' dir='ltr'><strong>expres—</strong></span> 
     </span>
    </p>
   </div>
   <div class='ocr_carea' id='block_1_5' title="bbox 73 276 899 312">
    <p class='ocr_par' dir='ltr' id='par_1_5' title="bbox 73 276 899 312">
     <span class='ocr_line' id='line_1_5' title="bbox 73 276 899 312; baseline -0.004 -7"><span class='ocrx_word' id='word_1_22' title='bbox 73 278 126 305; x_wconf 88' lang='lat' dir='ltr'><strong>ties</strong></span> <span class='ocrx_word' id='word_1_23' title='bbox 140 285 245 305; x_wconf 89' lang='lat' dir='ltr'><strong>eorum</strong></span> <span class='ocrx_word' id='word_1_24' title='bbox 262 276 351 304; x_wconf 86' lang='lat' dir='ltr'><strong>nullis</strong></span> <span class='ocrx_word' id='word_1_25' title='bbox 367 276 473 304; x_wconf 83' lang='lat' dir='ltr'><strong>mediis</strong></span> <span class='ocrx_word' id='word_1_26' title='bbox 488 276 683 312; x_wconf 82' lang='lat' dir='ltr'><strong>interpalatur</strong></span> <span class='ocrx_word' id='word_1_27' title='bbox 698 277 872 305; x_wconf 76' lang='lat' dir='ltr'><strong>obstaculis.</strong></span> <span class='ocrx_word' id='word_1_28' title='bbox 885 289 899 302; x_wconf 85' lang='grc'><strong>››</strong></span> 
     </span>
    </p>
   </div>
   <div class='ocr_carea' id='block_1_6' title="bbox 73 321 899 357">
    <p class='ocr_par' dir='ltr' id='par_1_6' title="bbox 73 321 899 357">
     <span class='ocr_line' id='line_1_6' title="bbox 73 321 899 357; baseline -0.001 -8"><span class='ocrx_word' id='word_1_29' title='bbox 73 322 154 354; x_wconf 88' lang='lat' dir='ltr'><strong>Quod</strong></span> <span class='ocrx_word' id='word_1_30' title='bbox 181 321 327 357; x_wconf 67' lang='lat' dir='ltr'><strong>sequitur,</strong></span> <span class='ocrx_word' id='word_1_31' title='bbox 347 321 451 350; x_wconf 76' lang='lat' dir='ltr'><strong>vitiose</strong></span> <span class='ocrx_word' id='word_1_32' title='bbox 472 321 626 357; x_wconf 76' lang='lat' dir='ltr'><strong>legebatur</strong></span> <span class='ocrx_word' id='word_1_33' title='bbox 655 324 751 357; x_wconf 83' lang='lat' dir='ltr'><strong>antea,</strong></span> <span class='ocrx_word' id='word_1_34' title='bbox 775 322 825 355; x_wconf 80' lang='grc' dir='ltr'>τὴν</span> <span class='ocrx_word' id='word_1_35' title='bbox 851 324 899 348; x_wconf 72' lang='grc' dir='ltr'><strong>τοῦ</strong></span> 
     </span>
    </p>
   </div>
   <div class='ocr_carea' id='block_1_7' title="bbox 73 364 899 403">
    <p class='ocr_par' dir='ltr' id='par_1_7' title="bbox 73 364 899 403">
     <span class='ocr_line' id='line_1_7' title="bbox 73 364 899 403; baseline 0.001 -10"><span class='ocrx_word' id='word_1_36' title='bbox 73 367 180 402; x_wconf 77' lang='grc' dir='ltr'><strong>κόσμου</strong></span> <span class='ocrx_word' id='word_1_37' title='bbox 197 364 316 403; x_wconf 74' lang='grc' dir='ltr'>ἄναρχον</span> <span class='ocrx_word' id='word_1_38' title='bbox 332 366 376 393; x_wconf 83' lang='grc' dir='ltr'><strong>καὶ</strong></span> <span class='ocrx_word' id='word_1_39' title='bbox 394 365 527 400; x_wconf 81' lang='grc' dir='ltr'><strong>ἀτελεύτ.,</strong></span> <span class='ocrx_word' id='word_1_40' title='bbox 544 366 594 394; x_wconf 84' lang='lat' dir='ltr'><strong>sed</strong></span> <span class='ocrx_word' id='word_1_41' title='bbox 618 366 772 394; x_wconf 82' lang='lat' dir='ltr'><strong>restitutus</strong></span> <span class='ocrx_word' id='word_1_42' title='bbox 793 369 837 394; x_wconf 88' lang='lat' dir='ltr'><strong>est</strong></span> <span class='ocrx_word' id='word_1_43' title='bbox 851 375 899 394; x_wconf 87' lang='lat' dir='ltr'><strong>eo-</strong></span> 
     </span>
    </p>
   </div>
   <div class='ocr_carea' id='block_1_8' title="bbox 74 411 901 447">
    <p class='ocr_par' dir='ltr' id='par_1_8' title="bbox 74 411 901 447">
     <span class='ocr_line' id='line_1_8' title="bbox 74 411 901 447; baseline -0.001 -8"><span class='ocrx_word' id='word_1_44' title='bbox 74 412 211 439; x_wconf 89' lang='lat' dir='ltr'><strong>rumdem</strong></span> <span class='ocrx_word' id='word_1_45' title='bbox 235 411 379 439; x_wconf 89' lang='lat' dir='ltr'><strong>librorum</strong></span> <span class='ocrx_word' id='word_1_46' title='bbox 404 411 578 439; x_wconf 79' lang='lat' dir='ltr'><strong>auctoritate</strong></span> <span class='ocrx_word' id='word_1_47' title='bbox 601 411 694 439; x_wconf 88' lang='lat' dir='ltr'><strong>locus.</strong></span> <span class='ocrx_word' id='word_1_48' title='bbox 720 411 809 439; x_wconf 89' lang='lat' dir='ltr'><strong>Paulo</strong></span> <span class='ocrx_word' id='word_1_49' title='bbox 834 413 901 447; x_wconf 85' lang='lat' dir='ltr'><strong>post</strong></span> 
     </span>
    </p>
   </div>
   <div class='ocr_carea' id='block_1_9' title="bbox 74 455 900 492">
    <p class='ocr_par' dir='ltr' id='par_1_9' title="bbox 74 455 900 492">
     <span class='ocr_line' id='line_1_9' title="bbox 74 455 900 492; baseline -0.001 -8"><span class='ocrx_word' id='word_1_50' title='bbox 74 465 97 484; x_wconf 90' lang='lat' dir='ltr'><strong>c.</strong></span> <span class='ocrx_word' id='word_1_51' title='bbox 114 457 140 490; x_wconf 82' lang='grc'>1,</span> <span class='ocrx_word' id='word_1_52' title='bbox 158 455 192 483; x_wconf 81' lang='grc' dir='ltr'><strong>Εἰ</strong></span> <span class='ocrx_word' id='word_1_53' title='bbox 208 457 260 492; x_wconf 78' lang='grc' dir='ltr'>γὰρ</span> <span class='ocrx_word' id='word_1_54' title='bbox 271 455 372 492; x_wconf 81' lang='grc' dir='ltr'>ἀρχήν,</span> <span class='ocrx_word' id='word_1_55' title='bbox 382 456 487 483; x_wconf 91' lang='lat' dir='ltr'><strong>horum</strong></span> <span class='ocrx_word' id='word_1_56' title='bbox 503 455 774 491; x_wconf 83' lang='lat' dir='ltr'><strong>interpretationem</strong></span> <span class='ocrx_word' id='word_1_57' title='bbox 792 456 900 484; x_wconf 89' lang='lat' dir='ltr'><strong>clarius</strong></span> 
     </span>
    </p>
   </div>
   <div class='ocr_carea' id='block_1_10' title="bbox 73 500 452 528">
    <p class='ocr_par' dir='ltr' id='par_1_10' title="bbox 73 500 452 528">
     <span class='ocr_line' id='line_1_10' title="bbox 73 500 452 528; baseline -0.003 0"><span class='ocrx_word' id='word_1_58' title='bbox 73 501 253 528; x_wconf 82' lang='lat' dir='ltr'><strong>etl‘erendam</strong></span> <span class='ocrx_word' id='word_1_59' title='bbox 271 500 452 528; x_wconf 78' lang='lat' dir='ltr'><strong>censuimus.</strong></span> 
     </span>
    </p>
   </div>
   <div class='ocr_carea' id='block_1_11' title="bbox 105 544 898 581">
    <p class='ocr_par' dir='ltr' id='par_1_11' title="bbox 105 544 898 581">
     <span class='ocr_line' id='line_1_11' title="bbox 105 544 898 581; baseline 0 -8"><span class='ocrx_word' id='word_1_60' title='bbox 105 545 167 573; x_wconf 88' lang='lat' dir='ltr'><strong>Col.</strong></span> <span class='ocrx_word' id='word_1_61' title='bbox 187 545 221 572; x_wconf 82' lang='grc'><strong>12</strong></span> <span class='ocrx_word' id='word_1_62' title='bbox 238 546 256 572; x_wconf 82' lang='grc' dir='ltr'><strong>Α</strong></span> <span class='ocrx_word' id='word_1_63' title='bbox 272 545 316 573; x_wconf 84' lang='grc'><strong>10.</strong></span> <span class='ocrx_word' id='word_1_64' title='bbox 332 544 532 581; x_wconf 85' lang='lat' dir='ltr'><strong>Expunximus</strong></span> <span class='ocrx_word' id='word_1_65' title='bbox 548 545 622 573; x_wconf 85' lang='lat' dir='ltr'><strong>duas</strong></span> <span class='ocrx_word' id='word_1_66' title='bbox 638 553 722 573; x_wconf 77' lang='lat' dir='ltr'><strong>voces</strong></span> <span class='ocrx_word' id='word_1_67' title='bbox 739 545 898 580; x_wconf 85' lang='lat' dir='ltr'><strong>addititias,</strong></span> 
     </span>
    </p>
   </div>
   <div class='ocr_carea' id='block_1_12' title="bbox 71 589 900 626">
    <p class='ocr_par' dir='ltr' id='par_1_12' title="bbox 71 589 900 626">
     <span class='ocr_line' id='line_1_12' title="bbox 71 589 900 626; baseline 0 -9"><span class='ocrx_word' id='word_1_68' title='bbox 71 602 84 615; x_wconf 85' lang='lat'><strong>«</strong></span> <span class='ocrx_word' id='word_1_69' title='bbox 99 598 167 617; x_wconf 87' lang='lat' dir='ltr'><strong>cum</strong></span> <span class='ocrx_word' id='word_1_70' title='bbox 186 590 257 625; x_wconf 89' lang='lat' dir='ltr'><strong>Deo,</strong></span> <span class='ocrx_word' id='word_1_71' title='bbox 275 600 289 614; x_wconf 79' lang='lat' dir='ltr'><strong>n</strong></span> <span class='ocrx_word' id='word_1_72' title='bbox 300 597 373 626; x_wconf 87' lang='lat' dir='ltr'><strong>quas</strong></span> <span class='ocrx_word' id='word_1_73' title='bbox 385 589 485 617; x_wconf 61' lang='lat' dir='ltr'><strong>Graeca</strong></span> <span class='ocrx_word' id='word_1_74' title='bbox 498 598 553 617; x_wconf 91' lang='lat' dir='ltr'><strong>non</strong></span> <span class='ocrx_word' id='word_1_75' title='bbox 569 590 732 626; x_wconf 88' lang='lat' dir='ltr'><strong>requirunt,</strong></span> <span class='ocrx_word' id='word_1_76' title='bbox 746 598 840 626; x_wconf 88' lang='lat' dir='ltr'><strong>neque</strong></span> <span class='ocrx_word' id='word_1_77' title='bbox 855 598 900 617; x_wconf 89' lang='lat' dir='ltr'><strong>ve-</strong></span> 
     </span>
    </p>
   </div>
   <div class='ocr_carea' id='block_1_13' title="bbox 71 634 901 670">
    <p class='ocr_par' dir='ltr' id='par_1_13' title="bbox 71 634 901 670">
     <span class='ocr_line' id='line_1_13' title="bbox 71 634 901 670; baseline 0.001 -9"><span class='ocrx_word' id='word_1_78' title='bbox 71 638 116 662; x_wconf 84' lang='lat' dir='ltr'><strong>tus</strong></span> <span class='ocrx_word' id='word_1_79' title='bbox 130 634 280 670; x_wconf 79' lang='lat' dir='ltr'><strong>interpres</strong></span> <span class='ocrx_word' id='word_1_80' title='bbox 296 634 471 662; x_wconf 77' lang='lat' dir='ltr'><strong>Eustathius</strong></span> <span class='ocrx_word' id='word_1_81' title='bbox 487 635 634 670; x_wconf 79' lang='lat' dir='ltr'><strong>agnoscit,</strong></span> <span class='ocrx_word' id='word_1_82' title='bbox 650 644 660 658; x_wconf 76' lang='grc' dir='ltr'><strong>ε</strong></span> <span class='ocrx_word' id='word_1_83' title='bbox 673 635 839 669; x_wconf 84' lang='lat' dir='ltr'><strong>Rcrumque</strong></span> <span class='ocrx_word' id='word_1_84' title='bbox 850 643 901 670; x_wconf 87' lang='lat' dir='ltr'><strong>per</strong></span> 
     </span>
    </p>
   </div>
   <div class='ocr_carea' id='block_1_14' title="bbox 74 679 899 716">
    <p class='ocr_par' dir='ltr' id='par_1_14' title="bbox 74 679 899 716">
     <span class='ocr_line' id='line_1_14' title="bbox 74 679 899 716; baseline -0.001 -9"><span class='ocrx_word' id='word_1_85' title='bbox 74 682 170 716; x_wconf 85' lang='lat' dir='ltr'><strong>partes</strong></span> <span class='ocrx_word' id='word_1_86' title='bbox 187 679 392 706; x_wconf 87' lang='lat' dir='ltr'><strong>institutarum</strong></span> <span class='ocrx_word' id='word_1_87' title='bbox 408 681 534 706; x_wconf 86' lang='lat' dir='ltr'><strong>actorem</strong></span> <span class='ocrx_word' id='word_1_88' title='bbox 559 679 867 715; x_wconf 84' lang='lat' dir='ltr'><strong>dispensatoremque.</strong></span> <span class='ocrx_word' id='word_1_89' title='bbox 886 689 899 703; x_wconf 75' lang='grc' dir='ltr'>ι)</span> 
     </span>
    </p>
   </div>
   <div class='ocr_carea' id='block_1_15' title="bbox 73 723 900 759">
    <p class='ocr_par' dir='ltr' id='par_1_15' title="bbox 73 723 900 759">
     <span class='ocr_line' id='line_1_15' title="bbox 73 723 900 759; baseline -0.001 -7"><span class='ocrx_word' id='word_1_90' title='bbox 73 724 169 752; x_wconf 85' lang='lat' dir='ltr'><strong>Cicero</strong></span> <span class='ocrx_word' id='word_1_91' title='bbox 198 723 340 751; x_wconf 81' lang='lat' dir='ltr'><strong>Academic</strong></span> <span class='ocrx_word' id='word_1_92' title='bbox 363 724 546 759; x_wconf 66' lang='lat' dir='ltr'><strong>quaestionum</strong></span> <span class='ocrx_word' id='word_1_93' title='bbox 570 723 621 751; x_wconf 85' lang='lat' dir='ltr'><strong>lib.</strong></span> <span class='ocrx_word' id='word_1_94' title='bbox 645 732 673 752; x_wconf 84' lang='grc' dir='ltr'><strong>ιν</strong></span> <span class='ocrx_word' id='word_1_95' title='bbox 689 732 696 751; x_wconf 87' lang='lat'>:</span> <span class='ocrx_word' id='word_1_96' title='bbox 715 723 848 751; x_wconf 78' lang='lat' dir='ltr'><strong>«Zenoni</strong></span> <span class='ocrx_word' id='word_1_97' title='bbox 873 725 900 750; x_wconf 87' lang='lat' dir='ltr'><strong>et</strong></span> 
     </span>
    </p>
   </div>
   <div class='ocr_carea' id='block_1_16' title="bbox 76 767 899 804">
    <p class='ocr_par' dir='ltr' id='par_1_16' title="bbox 76 767 899 804">
     <span class='ocr_line' id='line_1_16' title="bbox 76 767 899 804; baseline 0 -9"><span class='ocrx_word' id='word_1_98' title='bbox 76 768 199 804; x_wconf 83' lang='lat' dir='ltr'><strong>reliquis</strong></span> <span class='ocrx_word' id='word_1_99' title='bbox 217 769 275 796; x_wconf 90' lang='lat' dir='ltr'><strong>l‘ere</strong></span> <span class='ocrx_word' id='word_1_100' title='bbox 292 767 398 796; x_wconf 89' lang='lat' dir='ltr'><strong>Stoicis</strong></span> <span class='ocrx_word' id='word_1_101' title='bbox 422 768 513 795; x_wconf 77' lang='lat' dir='ltr'><strong>aether</strong></span> <span class='ocrx_word' id='word_1_102' title='bbox 532 768 646 795; x_wconf 87' lang='lat' dir='ltr'><strong>videtur</strong></span> <span class='ocrx_word' id='word_1_103' title='bbox 660 776 796 796; x_wconf 89' lang='lat' dir='ltr'><strong>summus</strong></span> <span class='ocrx_word' id='word_1_104' title='bbox 812 768 899 802; x_wconf 85' lang='lat' dir='ltr'><strong>Deus,</strong></span> 
     </span>
    </p>
   </div>
   <div class='ocr_carea' id='block_1_17' title="bbox 75 812 899 848">
    <p class='ocr_par' dir='ltr' id='par_1_17' title="bbox 75 812 899 848">
     <span class='ocr_line' id='line_1_17' title="bbox 75 812 899 848; baseline 0 -8"><span class='ocrx_word' id='word_1_105' title='bbox 75 815 171 840; x_wconf 88' lang='lat' dir='ltr'><strong>mente</strong></span> <span class='ocrx_word' id='word_1_106' title='bbox 188 813 339 847; x_wconf 65' lang='lat' dir='ltr'><strong>praeditus,</strong></span> <span class='ocrx_word' id='word_1_107' title='bbox 356 821 414 848; x_wconf 88' lang='lat' dir='ltr'><strong>qua</strong></span> <span class='ocrx_word' id='word_1_108' title='bbox 430 813 528 840; x_wconf 93' lang='lat' dir='ltr'><strong>omnia</strong></span> <span class='ocrx_word' id='word_1_109' title='bbox 544 817 716 848; x_wconf 80' lang='lat' dir='ltr'><strong>regantur.»</strong></span> <span class='ocrx_word' id='word_1_110' title='bbox 731 813 806 840; x_wconf 88' lang='lat' dir='ltr'><strong>Idem</strong></span> <span class='ocrx_word' id='word_1_111' title='bbox 819 812 871 840; x_wconf 88' lang='lat' dir='ltr'><strong>lib.</strong></span> <span class='ocrx_word' id='word_1_112' title='bbox 890 821 899 840; x_wconf 85' lang='lat'><strong><em>1</em></strong></span> 
     </span>
    </p>
   </div>
   <div class='ocr_carea' id='block_1_18' title="bbox 75 856 901 893">
    <p class='ocr_par' dir='ltr' id='par_1_18' title="bbox 75 856 901 893">
     <span class='ocr_line' id='line_1_18' title="bbox 75 856 901 893; baseline -0.001 -8"><span class='ocrx_word' id='word_1_113' title='bbox 75 859 109 885; x_wconf 80' lang='lat' dir='ltr'><strong>De</strong></span> <span class='ocrx_word' id='word_1_114' title='bbox 122 862 232 885; x_wconf 82' lang='lat' dir='ltr'><strong>natura</strong></span> <span class='ocrx_word' id='word_1_115' title='bbox 254 858 386 885; x_wconf 84' lang='lat' dir='ltr'><strong>deorum:</strong></span> <span class='ocrx_word' id='word_1_116' title='bbox 403 868 417 882; x_wconf 86' lang='lat'><strong>«</strong></span> <span class='ocrx_word' id='word_1_117' title='bbox 434 856 615 893; x_wconf 78' lang='lat' dir='ltr'><strong>Chrysippus</strong></span> <span class='ocrx_word' id='word_1_118' title='bbox 639 857 770 893; x_wconf 81' lang='lat' dir='ltr'><strong>disputat</strong></span> <span class='ocrx_word' id='word_1_119' title='bbox 793 857 901 885; x_wconf 77' lang='lat' dir='ltr'><strong>aethera</strong></span> 
     </span>
    </p>
   </div>
   <div class='ocr_carea' id='block_1_19' title="bbox 75 901 899 938">
    <p class='ocr_par' dir='ltr' id='par_1_19' title="bbox 75 901 899 938">
     <span class='ocr_line' id='line_1_19' title="bbox 75 901 899 938; baseline -0.001 -8"><span class='ocrx_word' id='word_1_120' title='bbox 75 911 135 930; x_wconf 87' lang='lat' dir='ltr'><strong>esse</strong></span> <span class='ocrx_word' id='word_1_121' title='bbox 147 910 229 937; x_wconf 87' lang='lat' dir='ltr'><strong>eum,</strong></span> <span class='ocrx_word' id='word_1_122' title='bbox 241 910 329 938; x_wconf 90' lang='lat' dir='ltr'><strong>quem</strong></span> <span class='ocrx_word' id='word_1_123' title='bbox 339 901 475 929; x_wconf 84' lang='lat' dir='ltr'><strong>homines</strong></span> <span class='ocrx_word' id='word_1_124' title='bbox 486 902 586 929; x_wconf 83' lang='lat' dir='ltr'><strong>Jovem</strong></span> <span class='ocrx_word' id='word_1_125' title='bbox 598 901 809 938; x_wconf 78' lang='lat' dir='ltr'><strong>appellarent.»</strong></span> <span class='ocrx_word' id='word_1_126' title='bbox 819 902 899 929; x_wconf 88' lang='lat' dir='ltr'><strong>Idem</strong></span> 
     </span>
    </p>
   </div>
   <div class='ocr_carea' id='block_1_20' title="bbox 75 946 898 980">
    <p class='ocr_par' dir='ltr' id='par_1_20' title="bbox 75 946 898 980">
     <span class='ocr_line' id='line_1_20' title="bbox 75 946 898 980; baseline -0.001 -6"><span class='ocrx_word' id='word_1_127' title='bbox 75 947 122 980; x_wconf 84' lang='lat' dir='ltr'><strong>ait,</strong></span> <span class='ocrx_word' id='word_1_128' title='bbox 153 946 304 974; x_wconf 85' lang='lat' dir='ltr'><strong>Platonem</strong></span> <span class='ocrx_word' id='word_1_129' title='bbox 329 946 358 973; x_wconf 91' lang='lat' dir='ltr'><strong>in</strong></span> <span class='ocrx_word' id='word_1_130' title='bbox 387 946 486 974; x_wconf 66' lang='lat' dir='ltr'><strong>Timaeo</strong></span> <span class='ocrx_word' id='word_1_131' title='bbox 511 946 616 979; x_wconf 86' lang='lat' dir='ltr'><strong>dicere,</strong></span> <span class='ocrx_word' id='word_1_132' title='bbox 638 946 781 974; x_wconf 89' lang='lat' dir='ltr'><strong>mundum</strong></span> <span class='ocrx_word' id='word_1_133' title='bbox 811 949 898 974; x_wconf 89' lang='lat' dir='ltr'><strong>Deum</strong></span> 
     </span>
    </p>
   </div>
   <div class='ocr_carea' id='block_1_21' title="bbox 74 990 899 1026">
    <p class='ocr_par' dir='ltr' id='par_1_21' title="bbox 74 990 899 1026">
     <span class='ocr_line' id='line_1_21' title="bbox 74 990 899 1026; baseline -0.001 -8"><span class='ocrx_word' id='word_1_134' title='bbox 74 999 148 1024; x_wconf 87' lang='lat' dir='ltr'><strong>esse,</strong></span> <span class='ocrx_word' id='word_1_135' title='bbox 165 994 195 1019; x_wconf 86' lang='lat' dir='ltr'><strong>ct</strong></span> <span class='ocrx_word' id='word_1_136' title='bbox 209 991 315 1018; x_wconf 72' lang='lat' dir='ltr'><strong>coelum</strong></span> <span class='ocrx_word' id='word_1_137' title='bbox 331 993 359 1018; x_wconf 86' lang='lat' dir='ltr'><strong>et</strong></span> <span class='ocrx_word' id='word_1_138' title='bbox 380 993 470 1026; x_wconf 85' lang='lat' dir='ltr'><strong>astra,</strong></span> <span class='ocrx_word' id='word_1_139' title='bbox 486 993 515 1017; x_wconf 90' lang='lat' dir='ltr'><strong>et</strong></span> <span class='ocrx_word' id='word_1_140' title='bbox 534 993 642 1018; x_wconf 84' lang='lat' dir='ltr'><strong>terram</strong></span> <span class='ocrx_word' id='word_1_141' title='bbox 659 999 666 1017; x_wconf 93' lang='lat'><strong>:</strong></span> <span class='ocrx_word' id='word_1_142' title='bbox 682 991 819 1026; x_wconf 89' lang='lat' dir='ltr'><strong>idemque</strong></span> <span class='ocrx_word' id='word_1_143' title='bbox 837 990 899 1018; x_wconf 87' lang='lat' dir='ltr'><strong>Pla-</strong></span> 
     </span>
    </p>
   </div>
   <div class='ocr_carea' id='block_1_22' title="bbox 74 1035 900 1071">
    <p class='ocr_par' dir='ltr' id='par_1_22' title="bbox 74 1035 900 1071">
     <span class='ocr_line' id='line_1_22' title="bbox 74 1035 900 1071; baseline -0.001 -8"><span class='ocrx_word' id='word_1_144' title='bbox 74 1036 133 1063; x_wconf 85' lang='lat' dir='ltr'><strong>toni</strong></span> <span class='ocrx_word' id='word_1_145' title='bbox 158 1035 262 1063; x_wconf 74' lang='lat' dir='ltr'><strong>tribuit</strong></span> <span class='ocrx_word' id='word_1_146' title='bbox 285 1035 404 1063; x_wconf 89' lang='lat' dir='ltr'><strong>Proclus</strong></span> <span class='ocrx_word' id='word_1_147' title='bbox 429 1037 602 1071; x_wconf 82' lang='lat' dir='ltr'><strong>argumento</strong></span> <span class='ocrx_word' id='word_1_148' title='bbox 622 1035 667 1068; x_wconf 90' lang='lat'><strong>20,</strong></span> <span class='ocrx_word' id='word_1_149' title='bbox 694 1043 781 1070; x_wconf 86' lang='lat' dir='ltr'><strong>quem</strong></span> <span class='ocrx_word' id='word_1_150' title='bbox 794 1035 900 1062; x_wconf 77' lang='lat' dir='ltr'><strong>refutat</strong></span> 
     </span>
    </p>
   </div>
   <div class='ocr_carea' id='block_1_23' title="bbox 73 1079 900 1116">
    <p class='ocr_par' dir='ltr' id='par_1_23' title="bbox 73 1079 900 1116">
     <span class='ocr_line' id='line_1_23' title="bbox 73 1079 900 1116; baseline -0.001 -9"><span class='ocrx_word' id='word_1_151' title='bbox 73 1080 248 1108; x_wconf 90' lang='lat' dir='ltr'><strong>Benedictus</strong></span> <span class='ocrx_word' id='word_1_152' title='bbox 265 1080 400 1107; x_wconf 87' lang='lat' dir='ltr'><strong>Pererius</strong></span> <span class='ocrx_word' id='word_1_153' title='bbox 414 1079 465 1106; x_wconf 87' lang='lat' dir='ltr'><strong>lib.</strong></span> <span class='ocrx_word' id='word_1_154' title='bbox 483 1087 518 1107; x_wconf 81' lang='lat' dir='ltr'><strong>xv</strong></span> <span class='ocrx_word' id='word_1_155' title='bbox 534 1080 570 1107; x_wconf 84' lang='lat' dir='ltr'><strong>De</strong></span> <span class='ocrx_word' id='word_1_156' title='bbox 583 1080 732 1116; x_wconf 74' lang='lat' dir='ltr'><strong>principiis</strong></span> <span class='ocrx_word' id='word_1_157' title='bbox 746 1087 838 1107; x_wconf 85' lang='lat' dir='ltr'><strong>rerum</strong></span> <span class='ocrx_word' id='word_1_158' title='bbox 851 1087 900 1106; x_wconf 85' lang='lat' dir='ltr'><strong>na-</strong></span> 
     </span>
    </p>
   </div>
   <div class='ocr_carea' id='block_1_24' title="bbox 74 1124 344 1160">
    <p class='ocr_par' dir='ltr' id='par_1_24' title="bbox 74 1124 344 1160">
     <span class='ocr_line' id='line_1_24' title="bbox 74 1124 344 1160; baseline -0.004 -8"><span class='ocrx_word' id='word_1_159' title='bbox 74 1125 221 1157; x_wconf 84' lang='lat' dir='ltr'><strong>turalium,</strong></span> <span class='ocrx_word' id='word_1_160' title='bbox 237 1132 300 1160; x_wconf 84' lang='lat' dir='ltr'><strong>cap.</strong></span> <span class='ocrx_word' id='word_1_161' title='bbox 317 1124 344 1151; x_wconf 87' lang='grc'><strong>4.</strong></span> 
     </span>
    </p>
   </div>
   <div class='ocr_carea' id='block_1_25' title="bbox 107 1166 898 1205">
    <p class='ocr_par' dir='ltr' id='par_1_25' title="bbox 107 1166 898 1205">
     <span class='ocr_line' id='line_1_25' title="bbox 107 1166 898 1205; baseline -0.001 -8"><span class='ocrx_word' id='word_1_162' title='bbox 107 1169 185 1197; x_wconf 89' lang='lat' dir='ltr'><strong>Ibid.</strong></span> <span class='ocrx_word' id='word_1_163' title='bbox 203 1169 262 1196; x_wconf 88' lang='grc' dir='ltr'><strong>Β2.</strong></span> <span class='ocrx_word' id='word_1_164' title='bbox 287 1166 367 1195; x_wconf 83' lang='grc' dir='ltr'><strong>Ἀλλ’</strong></span> <span class='ocrx_word' id='word_1_165' title='bbox 392 1169 418 1195; x_wconf 81' lang='lat' dir='ltr'><strong>ot</strong></span> <span class='ocrx_word' id='word_1_166' title='bbox 443 1170 497 1195; x_wconf 84' lang='grc' dir='ltr'><strong>τῶν</strong></span> <span class='ocrx_word' id='word_1_167' title='bbox 522 1167 639 1205; x_wconf 84' lang='grc' dir='ltr'>ἄστρων.</span> <span class='ocrx_word' id='word_1_168' title='bbox 668 1169 803 1196; x_wconf 81' lang='lat' dir='ltr'><strong>Fortasse</strong></span> <span class='ocrx_word' id='word_1_169' title='bbox 827 1169 898 1196; x_wconf 90' lang='lat' dir='ltr'><strong>scri-</strong></span> 
     </span>
    </p>
   </div>
   <div class='ocr_carea' id='block_1_26' title="bbox 75 1211 897 1250">
    <p class='ocr_par' dir='ltr' id='par_1_26' title="bbox 75 1211 897 1250">
     <span class='ocr_line' id='line_1_26' title="bbox 75 1211 897 1250; baseline -0.002 -8"><span class='ocrx_word' id='word_1_170' title='bbox 75 1213 216 1248; x_wconf 83' lang='lat' dir='ltr'><strong>bendum,</strong></span> <span class='ocrx_word' id='word_1_171' title='bbox 233 1211 315 1240; x_wconf 77' lang='grc' dir='ltr'>ἄλλοι</span> <span class='ocrx_word' id='word_1_172' title='bbox 340 1214 392 1240; x_wconf 77' lang='grc' dir='ltr'><strong>τῶν</strong></span> <span class='ocrx_word' id='word_1_173' title='bbox 417 1211 546 1250; x_wconf 73' lang='grc' dir='ltr'>ἀστέρων,</span> <span class='ocrx_word' id='word_1_174' title='bbox 573 1213 650 1248; x_wconf 90' lang='lat' dir='ltr'><strong>quod</strong></span> <span class='ocrx_word' id='word_1_175' title='bbox 676 1213 780 1241; x_wconf 84' lang='lat' dir='ltr'><strong>suadet</strong></span> <span class='ocrx_word' id='word_1_176' title='bbox 796 1213 897 1241; x_wconf 85' lang='lat' dir='ltr'><strong>Eusta-</strong></span> 
     </span>
    </p>
   </div>
   <div class='ocr_carea' id='block_1_27' title="bbox 75 1257 898 1286">
    <p class='ocr_par' dir='ltr' id='par_1_27' title="bbox 75 1257 898 1286">
     <span class='ocr_line' id='line_1_27' title="bbox 75 1257 898 1286; baseline 0 -1"><span class='ocrx_word' id='word_1_177' title='bbox 75 1258 155 1286; x_wconf 86' lang='lat' dir='ltr'><strong>thius</strong></span> <span class='ocrx_word' id='word_1_178' title='bbox 169 1260 286 1286; x_wconf 88' lang='lat' dir='ltr'><strong>vertens</strong></span> <span class='ocrx_word' id='word_1_179' title='bbox 303 1267 309 1286; x_wconf 91' lang='lat'><strong>:</strong></span> <span class='ocrx_word' id='word_1_180' title='bbox 325 1268 338 1284; x_wconf 72' lang='grc' dir='ltr'>ι</span> <span class='ocrx_word' id='word_1_181' title='bbox 352 1257 408 1286; x_wconf 86' lang='lat' dir='ltr'><strong>Alii</strong></span> <span class='ocrx_word' id='word_1_182' title='bbox 423 1257 575 1286; x_wconf 81' lang='lat' dir='ltr'><strong>stellarum</strong></span> <span class='ocrx_word' id='word_1_183' title='bbox 591 1257 745 1286; x_wconf 85' lang='lat' dir='ltr'><strong>intervalla</strong></span> <span class='ocrx_word' id='word_1_184' title='bbox 764 1258 898 1286; x_wconf 89' lang='lat' dir='ltr'><strong>dinume-</strong></span> 
     </span>
    </p>
   </div>
   <div class='ocr_carea' id='block_1_28' title="bbox 75 1305 184 1331">
    <p class='ocr_par' dir='ltr' id='par_1_28' title="bbox 75 1305 184 1331">
     <span class='ocr_line' id='line_1_28' title="bbox 75 1305 184 1331; baseline 0 -1"><span class='ocrx_word' id='word_1_185' title='bbox 75 1305 151 1331; x_wconf 84' lang='lat' dir='ltr'><strong>rant.</strong></span> <span class='ocrx_word' id='word_1_186' title='bbox 169 1314 184 1328; x_wconf 86' lang='lat'>»</span> 
     </span>
    </p>
   </div>
   <div class='ocr_carea' id='block_1_29' title="bbox 107 1346 899 1384">
    <p class='ocr_par' dir='ltr' id='par_1_29' title="bbox 107 1346 899 1384">
     <span class='ocr_line' id='line_1_29' title="bbox 107 1346 899 1384; baseline -0.003 -8"><span class='ocrx_word' id='word_1_187' title='bbox 107 1348 184 1376; x_wconf 86' lang='lat' dir='ltr'><strong>Ibid.</strong></span> <span class='ocrx_word' id='word_1_188' title='bbox 201 1347 264 1375; x_wconf 87' lang='lat' dir='ltr'><strong>B5.</strong></span> <span class='ocrx_word' id='word_1_189' title='bbox 280 1347 345 1378; x_wconf 84' lang='grc' dir='ltr'>Τοῖς</span> <span class='ocrx_word' id='word_1_190' title='bbox 372 1346 419 1383; x_wconf 69' lang='grc' dir='ltr'><strong>μὲν</strong></span> <span class='ocrx_word' id='word_1_191' title='bbox 445 1346 496 1374; x_wconf 60' lang='lat' dir='ltr'><strong>eici.</strong></span> <span class='ocrx_word' id='word_1_192' title='bbox 526 1346 694 1384; x_wconf 79' lang='grc' dir='ltr'>φαινόμενοι.</span> <span class='ocrx_word' id='word_1_193' title='bbox 725 1347 787 1375; x_wconf 87' lang='lat' dir='ltr'><strong>Duo</strong></span> <span class='ocrx_word' id='word_1_194' title='bbox 818 1347 899 1384; x_wconf 81' lang='lat' dir='ltr'><strong>Regii</strong></span> 
     </span>
    </p>
   </div>
   <div class='ocr_carea' id='block_1_30' title="bbox 73 1390 898 1430">
    <p class='ocr_par' dir='ltr' id='par_1_30' title="bbox 73 1390 898 1430">
     <span class='ocr_line' id='line_1_30' title="bbox 73 1390 898 1430; baseline 0 -12"><span class='ocrx_word' id='word_1_195' title='bbox 73 1395 129 1424; x_wconf 80' lang='grc' dir='ltr'>τοῖς</span> <span class='ocrx_word' id='word_1_196' title='bbox 147 1391 195 1428; x_wconf 70' lang='grc' dir='ltr'><strong>μὲν</strong></span> <span class='ocrx_word' id='word_1_197' title='bbox 211 1390 263 1418; x_wconf 74' lang='grc' dir='ltr'>εισι</span> <span class='ocrx_word' id='word_1_198' title='bbox 278 1391 400 1430; x_wconf 80' lang='grc' dir='ltr'>φανεροί.</span> <span class='ocrx_word' id='word_1_199' title='bbox 416 1392 604 1420; x_wconf 85' lang='lat' dir='ltr'><strong>Eustathius:</strong></span> <span class='ocrx_word' id='word_1_200' title='bbox 619 1403 633 1417; x_wconf 87' lang='lat'><strong>«</strong></span> <span class='ocrx_word' id='word_1_201' title='bbox 651 1393 682 1420; x_wconf 94' lang='lat' dir='ltr'><strong>In</strong></span> <span class='ocrx_word' id='word_1_202' title='bbox 699 1391 786 1419; x_wconf 88' lang='lat' dir='ltr'><strong>certis</strong></span> <span class='ocrx_word' id='word_1_203' title='bbox 801 1392 898 1427; x_wconf 90' lang='lat' dir='ltr'><strong>suspi-</strong></span> 
     </span>
    </p>
   </div>
   <div class='ocr_carea' id='block_1_31' title="bbox 75 1436 897 1472">
    <p class='ocr_par' dir='ltr' id='par_1_31' title="bbox 75 1436 897 1472">
     <span class='ocr_line' id='line_1_31' title="bbox 75 1436 897 1472; baseline -0.002 -8"><span class='ocrx_word' id='word_1_204' title='bbox 75 1437 193 1465; x_wconf 84' lang='lat' dir='ltr'><strong>ciuntur</strong></span> <span class='ocrx_word' id='word_1_205' title='bbox 204 1436 385 1469; x_wconf 87' lang='lat' dir='ltr'><strong>hominibus,</strong></span> <span class='ocrx_word' id='word_1_206' title='bbox 398 1436 482 1464; x_wconf 87' lang='lat' dir='ltr'><strong>nobis</strong></span> <span class='ocrx_word' id='word_1_207' title='bbox 495 1439 593 1464; x_wconf 86' lang='lat' dir='ltr'><strong>autem</strong></span> <span class='ocrx_word' id='word_1_208' title='bbox 605 1436 752 1464; x_wconf 81' lang='lat' dir='ltr'><strong>habentur</strong></span> <span class='ocrx_word' id='word_1_209' title='bbox 762 1436 897 1472; x_wconf 63' lang='lat' dir='ltr'><strong>ignotae.»</strong></span> 
     </span>
    </p>
   </div>
   <div class='ocr_carea' id='block_1_32' title="bbox 73 1480 809 1517">
    <p class='ocr_par' dir='ltr' id='par_1_32' title="bbox 73 1480 809 1517">
     <span class='ocr_line' id='line_1_32' title="bbox 73 1480 809 1517; baseline -0.001 -8"><span class='ocrx_word' id='word_1_210' title='bbox 73 1481 117 1509; x_wconf 86' lang='lat' dir='ltr'><strong>Sic</strong></span> <span class='ocrx_word' id='word_1_211' title='bbox 132 1481 215 1509; x_wconf 88' lang='lat' dir='ltr'><strong>enim</strong></span> <span class='ocrx_word' id='word_1_212' title='bbox 232 1481 451 1508; x_wconf 86' lang='lat' dir='ltr'><strong>emendandum</strong></span> <span class='ocrx_word' id='word_1_213' title='bbox 468 1489 520 1517; x_wconf 89' lang='lat' dir='ltr'><strong>pro</strong></span> <span class='ocrx_word' id='word_1_214' title='bbox 531 1491 546 1506; x_wconf 91' lang='lat'><strong>«</strong></span> <span class='ocrx_word' id='word_1_215' title='bbox 563 1480 777 1517; x_wconf 87' lang='lat' dir='ltr'><strong>suscipiuntur.</strong></span> <span class='ocrx_word' id='word_1_216' title='bbox 795 1491 809 1505; x_wconf 74' lang='grc' dir='ltr'>υ</span> 
     </span>
    </p>
   </div>
   <div class='ocr_carea' id='block_1_33' title="bbox 105 1533 898 1570">
    <p class='ocr_par' dir='ltr' id='par_1_33' title="bbox 105 1533 898 1570">
     <span class='ocr_line' id='line_1_33' title="bbox 105 1533 898 1570; baseline -0.003 -8"><span class='ocrx_word' id='word_1_217' title='bbox 105 1534 180 1563; x_wconf 87' lang='lat' dir='ltr'><strong>Ibid.</strong></span> <span class='ocrx_word' id='word_1_218' title='bbox 206 1534 227 1561; x_wconf 93' lang='lat' dir='ltr'><strong>B</strong></span> <span class='ocrx_word' id='word_1_219' title='bbox 250 1534 276 1561; x_wconf 94' lang='lat'><strong>8.</strong></span> <span class='ocrx_word' id='word_1_220' title='bbox 304 1534 514 1562; x_wconf 74' lang='lat' dir='ltr'><strong>Declinationes.</strong></span> <span class='ocrx_word' id='word_1_221' title='bbox 540 1534 706 1568; x_wconf 88' lang='lat' dir='ltr'><strong>Basiliens.,</strong></span> <span class='ocrx_word' id='word_1_222' title='bbox 730 1533 898 1570; x_wconf 82' lang='grc' dir='ltr'>στηριγμοὺς</span> 
     </span>
    </p>
   </div>
   <div class='ocr_carea' id='block_1_34' title="bbox 72 1577 898 1615">
    <p class='ocr_par' dir='ltr' id='par_1_34' title="bbox 72 1577 898 1615">
     <span class='ocr_line' id='line_1_34' title="bbox 72 1577 898 1615; baseline 0 -9"><span class='ocrx_word' id='word_1_223' title='bbox 72 1579 114 1606; x_wconf 75' lang='grc' dir='ltr'><strong>καὶ</strong></span> <span class='ocrx_word' id='word_1_224' title='bbox 143 1577 330 1608; x_wconf 68' lang='grc' dir='ltr'>ἀποκλείσας.</span> <span class='ocrx_word' id='word_1_225' title='bbox 361 1578 543 1612; x_wconf 84' lang='lat' dir='ltr'><strong>Eustathius,</strong></span> <span class='ocrx_word' id='word_1_226' title='bbox 569 1579 778 1615; x_wconf 69' lang='lat' dir='ltr'><strong>praeclusiones.</strong></span> <span class='ocrx_word' id='word_1_227' title='bbox 805 1579 898 1610; x_wconf 85' lang='lat' dir='ltr'><strong>Quam</strong></span> 
     </span>
    </p>
   </div>
   <div class='ocr_carea' id='block_1_35' title="bbox 916 925 941 957">
    <p class='ocr_par' dir='ltr' id='par_1_35' title="bbox 916 925 941 957">
     <span class='ocr_line' id='line_1_35' title="bbox 916 925 941 957; baseline 0 0"><span class='ocrx_word' id='word_1_228' title='bbox 916 925 941 957; x_wconf 93' lang='lat' dir='ltr'><strong>B</strong></span> 
     </span>
    </p>
   </div>
   <div class='ocr_carea' id='block_1_36' title="bbox 73 1609 936 1658">
    <p class='ocr_par' dir='ltr' id='par_1_36' title="bbox 73 1609 936 1658">
     <span class='ocr_line' id='line_1_36' title="bbox 73 1609 936 1658; baseline 0 -7"><span class='ocrx_word' id='word_1_229' title='bbox 73 1624 229 1652; x_wconf 85' lang='lat' dir='ltr'><strong>lectionem</strong></span> <span class='ocrx_word' id='word_1_230' title='bbox 260 1625 379 1651; x_wconf 88' lang='lat' dir='ltr'><strong>secutus</strong></span> <span class='ocrx_word' id='word_1_231' title='bbox 404 1609 578 1651; x_wconf 76' lang='lat' dir='ltr'><strong>Tilmannus</strong></span> <span class='ocrx_word' id='word_1_232' title='bbox 607 1623 739 1651; x_wconf 88' lang='lat' dir='ltr'><strong>ediderat</strong></span> <span class='ocrx_word' id='word_1_233' title='bbox 756 1609 898 1658; x_wconf 69' lang='lat' dir='ltr'><strong>stationes,</strong></span> <span class='ocrx_word' id='word_1_234' title='bbox 914 1609 936 1643; x_wconf 69' lang='grc' dir='ltr'><strong>θ</strong></span> 
     </span>
    </p>
   </div>
   <div class='ocr_carea' id='block_1_37' title="bbox 74 1666 898 1704">
    <p class='ocr_par' dir='ltr' id='par_1_37' title="bbox 74 1666 898 1704">
     <span class='ocr_line' id='line_1_37' title="bbox 74 1666 898 1704; baseline -0.002 -8"><span class='ocrx_word' id='word_1_235' title='bbox 74 1669 257 1700; x_wconf 69' lang='lat' dir='ltr'><strong>exclusiones,</strong></span> <span class='ocrx_word' id='word_1_236' title='bbox 269 1670 297 1695; x_wconf 85' lang='lat' dir='ltr'><strong>et</strong></span> <span class='ocrx_word' id='word_1_237' title='bbox 312 1670 467 1696; x_wconf 85' lang='lat' dir='ltr'><strong>annolorat</strong></span> <span class='ocrx_word' id='word_1_238' title='bbox 482 1668 695 1704; x_wconf 83' lang='lat' dir='ltr'><strong>Argyropylum</strong></span> <span class='ocrx_word' id='word_1_239' title='bbox 710 1667 816 1704; x_wconf 85' lang='lat' dir='ltr'><strong>legisse</strong></span> <span class='ocrx_word' id='word_1_240' title='bbox 832 1666 898 1694; x_wconf 78' lang='grc' dir='ltr'>ἁπο-</span> 
     </span>
    </p>
   </div>
   <div class='ocr_carea' id='block_1_38' title="bbox 75 1712 898 1749">
    <p class='ocr_par' dir='ltr' id='par_1_38' title="bbox 75 1712 898 1749">
     <span class='ocr_line' id='line_1_38' title="bbox 75 1712 898 1749; baseline 0.001 -10"><span class='ocrx_word' id='word_1_241' title='bbox 75 1712 187 1743; x_wconf 72' lang='grc' dir='ltr'>ιλίσεις·</span> <span class='ocrx_word' id='word_1_242' title='bbox 212 1714 300 1748; x_wconf 91' lang='lat' dir='ltr'><strong>prout</strong></span> <span class='ocrx_word' id='word_1_243' title='bbox 325 1715 352 1740; x_wconf 88' lang='lat' dir='ltr'><strong>et</strong></span> <span class='ocrx_word' id='word_1_244' title='bbox 378 1712 407 1740; x_wconf 90' lang='lat' dir='ltr'><strong>in</strong></span> <span class='ocrx_word' id='word_1_245' title='bbox 429 1713 545 1740; x_wconf 87' lang='lat' dir='ltr'><strong>duobus</strong></span> <span class='ocrx_word' id='word_1_246' title='bbox 569 1712 668 1749; x_wconf 82' lang='lat' dir='ltr'><strong>Regiis</strong></span> <span class='ocrx_word' id='word_1_247' title='bbox 700 1721 770 1741; x_wconf 85' lang='lat' dir='ltr'><strong>mss.</strong></span> <span class='ocrx_word' id='word_1_248' title='bbox 797 1721 898 1740; x_wconf 81' lang='lat' dir='ltr'><strong>exara-</strong></span> 
     </span>
    </p>
   </div>
   <div class='ocr_carea' id='block_1_39' title="bbox 76 1756 900 1793">
    <p class='ocr_par' dir='ltr' id='par_1_39' title="bbox 76 1756 900 1793">
     <span class='ocr_line' id='line_1_39' title="bbox 76 1756 900 1793; baseline 0 -8"><span class='ocrx_word' id='word_1_249' title='bbox 76 1761 139 1785; x_wconf 89' lang='lat' dir='ltr'><strong>tum</strong></span> <span class='ocrx_word' id='word_1_250' title='bbox 156 1757 222 1788; x_wconf 83' lang='lat' dir='ltr'><strong>fuit.</strong></span> <span class='ocrx_word' id='word_1_251' title='bbox 240 1757 304 1785; x_wconf 85' lang='lat' dir='ltr'><strong>ideo</strong></span> <span class='ocrx_word' id='word_1_252' title='bbox 320 1756 522 1785; x_wconf 71' lang='lat' dir='ltr'><strong>declinationes</strong></span> <span class='ocrx_word' id='word_1_253' title='bbox 537 1757 720 1793; x_wconf 79' lang='lat' dir='ltr'><strong>interpretati</strong></span> <span class='ocrx_word' id='word_1_254' title='bbox 731 1758 900 1785; x_wconf 87' lang='lat' dir='ltr'><strong>sumus.Est</strong></span> 
     </span>
    </p>
   </div>
   <div class='ocr_carea' id='block_1_40' title="bbox 77 1801 900 1838">
    <p class='ocr_par' dir='ltr' id='par_1_40' title="bbox 77 1801 900 1838">
     <span class='ocr_line' id='line_1_40' title="bbox 77 1801 900 1838; baseline -0.001 -8"><span class='ocrx_word' id='word_1_255' title='bbox 77 1802 152 1830; x_wconf 86' lang='lat' dir='ltr'><strong>enim</strong></span> <span class='ocrx_word' id='word_1_256' title='bbox 170 1801 322 1829; x_wconf 77' lang='lat' dir='ltr'><strong>declinatio</strong></span> <span class='ocrx_word' id='word_1_257' title='bbox 346 1802 423 1837; x_wconf 80' lang='lat' dir='ltr'><strong>apud</strong></span> <span class='ocrx_word' id='word_1_258' title='bbox 448 1801 612 1838; x_wconf 81' lang='lat' dir='ltr'><strong>astrologos</strong></span> <span class='ocrx_word' id='word_1_259' title='bbox 635 1801 725 1830; x_wconf 61' lang='lat' dir='ltr'><strong>stellas</strong></span> <span class='ocrx_word' id='word_1_260' title='bbox 740 1802 783 1830; x_wconf 88' lang='lat' dir='ltr'><strong>vel</strong></span> <span class='ocrx_word' id='word_1_261' title='bbox 800 1802 900 1838; x_wconf 90' lang='lat' dir='ltr'><strong>puncti</strong></span> 
     </span>
    </p>
   </div>
   <div class='ocr_carea' id='block_1_41' title="bbox 76 1846 901 1882">
    <p class='ocr_par' dir='ltr' id='par_1_41' title="bbox 76 1846 901 1882">
     <span class='ocr_line' id='line_1_41' title="bbox 76 1846 901 1882; baseline 0 -8"><span class='ocrx_word' id='word_1_262' title='bbox 76 1846 217 1882; x_wconf 74' lang='lat' dir='ltr'><strong>ealipticie</strong></span> <span class='ocrx_word' id='word_1_263' title='bbox 233 1846 376 1874; x_wconf 82' lang='lat' dir='ltr'><strong>distantia</strong></span> <span class='ocrx_word' id='word_1_264' title='bbox 386 1847 423 1874; x_wconf 85' lang='lat' dir='ltr'><strong>ab</strong></span> <span class='ocrx_word' id='word_1_265' title='bbox 433 1848 580 1882; x_wconf 69' lang='lat' dir='ltr'><strong>aequatore</strong></span> <span class='ocrx_word' id='word_1_266' title='bbox 597 1854 698 1874; x_wconf 83' lang='lat' dir='ltr'><strong>versus</strong></span> <span class='ocrx_word' id='word_1_267' title='bbox 714 1846 838 1874; x_wconf 84' lang='lat' dir='ltr'><strong>alterum</strong></span> <span class='ocrx_word' id='word_1_268' title='bbox 850 1855 901 1881; x_wconf 88' lang='lat' dir='ltr'><strong>p0-</strong></span> 
     </span>
    </p>
   </div>
   <div class='ocr_carea' id='block_1_42' title="bbox 77 1890 901 1926">
    <p class='ocr_par' dir='ltr' id='par_1_42' title="bbox 77 1890 901 1926">
     <span class='ocr_line' id='line_1_42' title="bbox 77 1890 901 1926; baseline -0.001 -8"><span class='ocrx_word' id='word_1_269' title='bbox 77 1891 173 1919; x_wconf 89' lang='lat' dir='ltr'><strong>larum</strong></span> <span class='ocrx_word' id='word_1_270' title='bbox 189 1891 303 1918; x_wconf 85' lang='lat' dir='ltr'><strong>mundi.</strong></span> <span class='ocrx_word' id='word_1_271' title='bbox 318 1890 492 1918; x_wconf 85' lang='lat' dir='ltr'><strong>Aristoteles</strong></span> <span class='ocrx_word' id='word_1_272' title='bbox 508 1890 542 1918; x_wconf 87' lang='lat' dir='ltr'><strong>de</strong></span> <span class='ocrx_word' id='word_1_273' title='bbox 559 1890 622 1918; x_wconf 87' lang='lat' dir='ltr'><strong>sole</strong></span> <span class='ocrx_word' id='word_1_274' title='bbox 637 1899 738 1926; x_wconf 84' lang='lat' dir='ltr'><strong>agens,</strong></span> <span class='ocrx_word' id='word_1_275' title='bbox 752 1891 901 1924; x_wconf 71' lang='lat' dir='ltr'><strong>Problem,</strong></span> 
     </span>
    </p>
   </div>
   <div class='ocr_carea' id='block_1_43' title="bbox 78 1933 901 1972">
    <p class='ocr_par' dir='ltr' id='par_1_43' title="bbox 78 1933 901 1972">
     <span class='ocr_line' id='line_1_43' title="bbox 78 1933 901 1972; baseline -0.002 -9"><span class='ocrx_word' id='word_1_276' title='bbox 78 1938 147 1964; x_wconf 80' lang='lat' dir='ltr'><strong>sect.</strong></span> <span class='ocrx_word' id='word_1_277' title='bbox 167 1936 210 1969; x_wconf 82' lang='lat' dir='ltr'><strong>l5,</strong></span> <span class='ocrx_word' id='word_1_278' title='bbox 235 1934 329 1971; x_wconf 85' lang='lat' dir='ltr'><strong>probi.</strong></span> <span class='ocrx_word' id='word_1_279' title='bbox 345 1936 381 1963; x_wconf 88' lang='lat'><strong>6:</strong></span> <span class='ocrx_word' id='word_1_280' title='bbox 399 1933 542 1971; x_wconf 77' lang='grc' dir='ltr'>Ἀπείρους</span> <span class='ocrx_word' id='word_1_281' title='bbox 571 1934 623 1972; x_wconf 76' lang='grc' dir='ltr'><strong>γὰρ</strong></span> <span class='ocrx_word' id='word_1_282' title='bbox 653 1934 787 1971; x_wconf 73' lang='grc' dir='ltr'><strong>ἐγκλίσεις</strong></span> <span class='ocrx_word' id='word_1_283' title='bbox 811 1934 901 1972; x_wconf 77' lang='grc' dir='ltr'>ἐγχω-</span> 
     </span>
    </p>
   </div>
   <div class='ocr_carea' id='block_1_44' title="bbox 79 1977 902 2016">
    <p class='ocr_par' dir='ltr' id='par_1_44' title="bbox 79 1977 902 2016">
     <span class='ocr_line' id='line_1_44' title="bbox 79 1977 902 2016; baseline 0.001 -11"><span class='ocrx_word' id='word_1_284' title='bbox 79 1982 116 2016; x_wconf 74' lang='grc' dir='ltr'>ρεῖ</span> <span class='ocrx_word' id='word_1_285' title='bbox 145 1978 227 2006; x_wconf 77' lang='grc' dir='ltr'>αὐτὸν</span> <span class='ocrx_word' id='word_1_286' title='bbox 249 1977 388 2011; x_wconf 76' lang='grc' dir='ltr'>κλιθῆναι·</span> <span class='ocrx_word' id='word_1_287' title='bbox 409 1991 419 2004; x_wconf 76' lang='grc' dir='ltr'>α</span> <span class='ocrx_word' id='word_1_288' title='bbox 442 1979 510 2007; x_wconf 88' lang='lat' dir='ltr'><strong>Cum</strong></span> <span class='ocrx_word' id='word_1_289' title='bbox 534 1979 596 2007; x_wconf 85' lang='lat' dir='ltr'><strong>ﬁeri</strong></span> <span class='ocrx_word' id='word_1_290' title='bbox 613 1979 706 2015; x_wconf 87' lang='lat' dir='ltr'><strong>possit</strong></span> <span class='ocrx_word' id='word_1_291' title='bbox 732 1982 763 2007; x_wconf 83' lang='lat' dir='ltr'><strong>ut</strong></span> <span class='ocrx_word' id='word_1_292' title='bbox 788 1979 902 2007; x_wconf 79' lang='lat' dir='ltr'><strong>inﬁnito</strong></span> 
     </span>
    </p>
   </div>
   <div class='ocr_carea' id='block_1_45' title="bbox 79 2023 901 2060">
    <p class='ocr_par' dir='ltr' id='par_1_45' title="bbox 79 2023 901 2060">
     <span class='ocr_line' id='line_1_45' title="bbox 79 2023 901 2060; baseline 0.001 -9"><span class='ocrx_word' id='word_1_293' title='bbox 79 2032 201 2052; x_wconf 89' lang='lat' dir='ltr'><strong>numero</strong></span> <span class='ocrx_word' id='word_1_294' title='bbox 225 2023 392 2052; x_wconf 81' lang='lat' dir='ltr'><strong>inclinetur.</strong></span> <span class='ocrx_word' id='word_1_295' title='bbox 406 2034 420 2048; x_wconf 83' lang='lat'>»</span> <span class='ocrx_word' id='word_1_296' title='bbox 443 2023 611 2052; x_wconf 82' lang='lat' dir='ltr'><strong>Cleomedes</strong></span> <span class='ocrx_word' id='word_1_297' title='bbox 640 2024 716 2052; x_wconf 87' lang='lat' dir='ltr'><strong>lib.1</strong></span> <span class='ocrx_word' id='word_1_298' title='bbox 739 2023 901 2060; x_wconf 83' lang='lat' dir='ltr'><strong>Geograph.:</strong></span> 
     </span>
    </p>
   </div>
   <div class='ocr_carea' id='block_1_46' title="bbox 79 2066 903 2105">
    <p class='ocr_par' dir='ltr' id='par_1_46' title="bbox 79 2066 903 2105">
     <span class='ocr_line' id='line_1_46' title="bbox 79 2066 903 2105; baseline 0.001 -11"><span class='ocrx_word' id='word_1_299' title='bbox 79 2069 143 2100; x_wconf 85' lang='grc' dir='ltr'>Τοῖς</span> <span class='ocrx_word' id='word_1_300' title='bbox 157 2070 302 2104; x_wconf 77' lang='grc' dir='ltr'><strong>τροπικοῖς</strong></span> <span class='ocrx_word' id='word_1_301' title='bbox 317 2067 517 2105; x_wconf 73' lang='grc' dir='ltr'>πλαγιώτερος,</span> <span class='ocrx_word' id='word_1_302' title='bbox 533 2068 576 2094; x_wconf 86' lang='grc' dir='ltr'>καὶ</span> <span class='ocrx_word' id='word_1_303' title='bbox 601 2067 644 2095; x_wconf 80' lang='grc' dir='ltr'>ἐπὶ</span> <span class='ocrx_word' id='word_1_304' title='bbox 668 2066 764 2095; x_wconf 80' lang='grc' dir='ltr'>πλεῖον</span> <span class='ocrx_word' id='word_1_305' title='bbox 779 2066 903 2105; x_wconf 76' lang='grc' dir='ltr'>ἐγκεκλι-</span> 
     </span>
    </p>
   </div>
   <div class='ocr_carea' id='block_1_47' title="bbox 82 2112 905 2150">
    <p class='ocr_par' dir='ltr' id='par_1_47' title="bbox 82 2112 905 2150">
     <span class='ocr_line' id='line_1_47' title="bbox 82 2112 905 2150; baseline 0.002 -11"><span class='ocrx_word' id='word_1_306' title='bbox 82 2112 159 2148; x_wconf 71' lang='grc' dir='ltr'>μὲνος</span> <span class='ocrx_word' id='word_1_307' title='bbox 174 2112 345 2150; x_wconf 78' lang='grc' dir='ltr'>παράκειται·</span> <span class='ocrx_word' id='word_1_308' title='bbox 363 2125 377 2139; x_wconf 88' lang='lat'><strong>«</strong></span> <span class='ocrx_word' id='word_1_309' title='bbox 395 2113 528 2149; x_wconf 90' lang='lat' dir='ltr'><strong>Tropicis</strong></span> <span class='ocrx_word' id='word_1_310' title='bbox 543 2122 610 2141; x_wconf 86' lang='lat' dir='ltr'><strong>vero</strong></span> <span class='ocrx_word' id='word_1_311' title='bbox 623 2113 779 2149; x_wconf 87' lang='lat' dir='ltr'><strong>obliquior,</strong></span> <span class='ocrx_word' id='word_1_312' title='bbox 795 2119 824 2141; x_wconf 79' lang='lat' dir='ltr'><strong>et</strong></span> <span class='ocrx_word' id='word_1_313' title='bbox 840 2122 905 2141; x_wconf 88' lang='lat' dir='ltr'><strong>ma-</strong></span> 
     </span>
    </p>
   </div>
   <div class='ocr_carea' id='block_1_48' title="bbox 81 2157 904 2193">
    <p class='ocr_par' dir='ltr' id='par_1_48' title="bbox 81 2157 904 2193">
     <span class='ocr_line' id='line_1_48' title="bbox 81 2157 904 2193; baseline 0 -8"><span class='ocrx_word' id='word_1_314' title='bbox 81 2158 122 2193; x_wconf 83' lang='lat' dir='ltr'><strong>gis</strong></span> <span class='ocrx_word' id='word_1_315' title='bbox 147 2157 309 2186; x_wconf 87' lang='lat' dir='ltr'><strong>inclinatus</strong></span> <span class='ocrx_word' id='word_1_316' title='bbox 330 2159 462 2186; x_wconf 84' lang='lat' dir='ltr'><strong>accubat.</strong></span> <span class='ocrx_word' id='word_1_317' title='bbox 482 2169 493 2182; x_wconf 78' lang='grc' dir='ltr'><strong>ιι</strong></span> <span class='ocrx_word' id='word_1_318' title='bbox 510 2158 555 2185; x_wconf 88' lang='lat' dir='ltr'><strong>Sic</strong></span> <span class='ocrx_word' id='word_1_319' title='bbox 579 2158 705 2186; x_wconf 85' lang='lat' dir='ltr'><strong>Basilius</strong></span> <span class='ocrx_word' id='word_1_320' title='bbox 726 2158 787 2193; x_wconf 87' lang='lat' dir='ltr'><strong>ipse</strong></span> <span class='ocrx_word' id='word_1_321' title='bbox 804 2158 880 2186; x_wconf 84' lang='lat' dir='ltr'><strong>infra</strong></span> <span class='ocrx_word' id='word_1_322' title='bbox 897 2167 904 2186; x_wconf 76' lang='grc' dir='ltr'><strong>ι</strong></span> 
     </span>
    </p>
   </div>
   <div class='ocr_carea' id='block_1_49' title="bbox 82 2198 906 2239">
    <p class='ocr_par' dir='ltr' id='par_1_49' title="bbox 82 2198 906 2239">
     <span class='ocr_line' id='line_1_49' title="bbox 82 2198 906 2239; baseline 0.001 -10"><span class='ocrx_word' id='word_1_323' title='bbox 82 2203 137 2230; x_wconf 75' lang='grc' dir='ltr'>Οὐκ</span> <span class='ocrx_word' id='word_1_324' title='bbox 159 2198 289 2239; x_wconf 78' lang='grc' dir='ltr'>ἔχουσαν,</span> <span class='ocrx_word' id='word_1_325' title='bbox 305 2201 374 2229; x_wconf 79' lang='grc' dir='ltr'>ὅπου</span> <span class='ocrx_word' id='word_1_326' title='bbox 401 2200 507 2237; x_wconf 72' lang='grc' dir='ltr'>μᾶλλον</span> <span class='ocrx_word' id='word_1_327' title='bbox 532 2200 681 2238; x_wconf 79' lang='grc' dir='ltr'>ἀποκλιθῇ.</span> <span class='ocrx_word' id='word_1_328' title='bbox 707 2202 787 2233; x_wconf 85' lang='lat' dir='ltr'><strong>Quod</strong></span> <span class='ocrx_word' id='word_1_329' title='bbox 813 2202 906 2237; x_wconf 88' lang='lat' dir='ltr'><strong>sequi-</strong></span> 
     </span>
    </p>
   </div>
   <div class='ocr_carea' id='block_1_50' title="bbox 82 2245 906 2284">
    <p class='ocr_par' dir='ltr' id='par_1_50' title="bbox 82 2245 906 2284">
     <span class='ocr_line' id='line_1_50' title="bbox 82 2245 906 2284; baseline 0 -10"><span class='ocrx_word' id='word_1_330' title='bbox 82 2250 127 2274; x_wconf 84' lang='lat' dir='ltr'><strong>tur</strong></span> <span class='ocrx_word' id='word_1_331' title='bbox 144 2256 151 2275; x_wconf 85' lang='lat'><strong>;</strong></span> <span class='ocrx_word' id='word_1_332' title='bbox 168 2245 232 2273; x_wconf 80' lang='grc' dir='ltr'>Ἐπὶ</span> <span class='ocrx_word' id='word_1_333' title='bbox 256 2245 290 2273; x_wconf 70' lang='grc' dir='ltr'>τὰ</span> <span class='ocrx_word' id='word_1_334' title='bbox 311 2245 506 2284; x_wconf 69' lang='grc' dir='ltr'>προηγούμενα</span> <span class='ocrx_word' id='word_1_335' title='bbox 526 2245 643 2281; x_wconf 70' lang='grc' dir='ltr'>κίνησιν,</span> <span class='ocrx_word' id='word_1_336' title='bbox 668 2246 823 2275; x_wconf 89' lang='lat' dir='ltr'><strong>Carnarius</strong></span> <span class='ocrx_word' id='word_1_337' title='bbox 843 2255 906 2274; x_wconf 89' lang='lat' dir='ltr'><strong>ver-</strong></span> 
     </span>
    </p>
   </div>
   <div class='ocr_carea' id='block_1_51' title="bbox 955 277 1781 314">
    <p class='ocr_par' dir='ltr' id='par_1_51' title="bbox 955 277 1781 314">
     <span class='ocr_line' id='line_1_51' title="bbox 955 277 1781 314; baseline 0.002 -9"><span class='ocrx_word' id='word_1_338' title='bbox 955 278 1005 312; x_wconf 88' lang='lat' dir='ltr'><strong>sit,</strong></span> <span class='ocrx_word' id='word_1_339' title='bbox 1020 277 1265 305; x_wconf 67' lang='lat' dir='ltr'><strong>&quot;munimentum</strong></span> <span class='ocrx_word' id='word_1_340' title='bbox 1279 280 1308 306; x_wconf 88' lang='lat' dir='ltr'><strong>et</strong></span> <span class='ocrx_word' id='word_1_341' title='bbox 1321 277 1536 310; x_wconf 83' lang='lat' dir='ltr'><strong>fulcimentum,</strong></span> <span class='ocrx_word' id='word_1_342' title='bbox 1552 289 1565 303; x_wconf 73' lang='grc' dir='ltr'><strong>υ</strong></span> <span class='ocrx_word' id='word_1_343' title='bbox 1577 281 1606 306; x_wconf 88' lang='lat' dir='ltr'><strong>et</strong></span> <span class='ocrx_word' id='word_1_344' title='bbox 1617 279 1781 314; x_wconf 86' lang='lat' dir='ltr'><strong>Carnarius,</strong></span> 
     </span>
    </p>
   </div>
   <div class='ocr_carea' id='block_1_52' title="bbox 955 322 1781 360">
    <p class='ocr_par' dir='ltr' id='par_1_52' title="bbox 955 322 1781 360">
     <span class='ocr_line' id='line_1_52' title="bbox 955 322 1781 360; baseline 0.001 -11"><span class='ocrx_word' id='word_1_345' title='bbox 955 333 969 347; x_wconf 89' lang='lat'>«</span> <span class='ocrx_word' id='word_1_346' title='bbox 986 322 1067 350; x_wconf 85' lang='lat' dir='ltr'><strong>basis</strong></span> <span class='ocrx_word' id='word_1_347' title='bbox 1083 330 1115 349; x_wconf 88' lang='lat' dir='ltr'><strong>ac</strong></span> <span class='ocrx_word' id='word_1_348' title='bbox 1140 322 1373 350; x_wconf 81' lang='lat' dir='ltr'><strong>fundamentum.</strong></span> <span class='ocrx_word' id='word_1_349' title='bbox 1387 333 1400 347; x_wconf 81' lang='lat' dir='ltr'><strong>n</strong></span> <span class='ocrx_word' id='word_1_350' title='bbox 1415 322 1518 358; x_wconf 76' lang='grc' dir='ltr'>Βάθρον</span> <span class='ocrx_word' id='word_1_351' title='bbox 1542 322 1589 351; x_wconf 92' lang='lat' dir='ltr'><strong>hic</strong></span> <span class='ocrx_word' id='word_1_352' title='bbox 1606 332 1663 351; x_wconf 92' lang='lat' dir='ltr'><strong>non</strong></span> <span class='ocrx_word' id='word_1_353' title='bbox 1679 323 1781 360; x_wconf 82' lang='grc' dir='ltr'>κλίμαξ</span> 
     </span>
    </p>
   </div>
   <div class='ocr_carea' id='block_1_53' title="bbox 955 364 1782 403">
    <p class='ocr_par' dir='ltr' id='par_1_53' title="bbox 955 364 1782 403">
     <span class='ocr_line' id='line_1_53' title="bbox 955 364 1782 403; baseline 0.002 -8"><span class='ocrx_word' id='word_1_354' title='bbox 955 369 1009 400; x_wconf 85' lang='lat' dir='ltr'><strong>est,</strong></span> <span class='ocrx_word' id='word_1_355' title='bbox 1035 367 1087 394; x_wconf 88' lang='lat' dir='ltr'><strong>scd</strong></span> <span class='ocrx_word' id='word_1_356' title='bbox 1108 365 1250 402; x_wconf 80' lang='grc' dir='ltr'>Θεμὲλιος,</span> <span class='ocrx_word' id='word_1_357' title='bbox 1265 366 1282 400; x_wconf 73' lang='grc' dir='ltr'><strong>ἢ</strong></span> <span class='ocrx_word' id='word_1_358' title='bbox 1298 364 1430 403; x_wconf 74' lang='grc' dir='ltr'>ἕδρασμα,</span> <span class='ocrx_word' id='word_1_359' title='bbox 1446 379 1460 392; x_wconf 89' lang='grc'><strong>‹‹</strong></span> <span class='ocrx_word' id='word_1_360' title='bbox 1477 367 1706 403; x_wconf 77' lang='lat' dir='ltr'><strong>firmamentum,</strong></span> <span class='ocrx_word' id='word_1_361' title='bbox 1731 372 1782 397; x_wconf 86' lang='lat' dir='ltr'><strong>aut</strong></span> 
     </span>
    </p>
   </div>
   <div class='ocr_carea' id='block_1_54' title="bbox 955 411 1780 450">
    <p class='ocr_par' dir='ltr' id='par_1_54' title="bbox 955 411 1780 450">
     <span class='ocr_line' id='line_1_54' title="bbox 955 411 1780 450; baseline 0.004 -12"><span class='ocrx_word' id='word_1_362' title='bbox 955 412 1191 439; x_wconf 84' lang='lat' dir='ltr'><strong>fundamentum.</strong></span> <span class='ocrx_word' id='word_1_363' title='bbox 1211 422 1224 436; x_wconf 82' lang='lat'>»</span> <span class='ocrx_word' id='word_1_364' title='bbox 1240 411 1286 439; x_wconf 89' lang='lat' dir='ltr'><strong>Sic</strong></span> <span class='ocrx_word' id='word_1_365' title='bbox 1313 411 1342 438; x_wconf 90' lang='lat' dir='ltr'><strong>in</strong></span> <span class='ocrx_word' id='word_1_366' title='bbox 1367 412 1421 439; x_wconf 91' lang='lat' dir='ltr'><strong>hac</strong></span> <span class='ocrx_word' id='word_1_367' title='bbox 1440 411 1505 448; x_wconf 83' lang='lat' dir='ltr'><strong>ipsa</strong></span> <span class='ocrx_word' id='word_1_368' title='bbox 1522 412 1642 440; x_wconf 88' lang='lat' dir='ltr'><strong>homilia</strong></span> <span class='ocrx_word' id='word_1_369' title='bbox 1655 416 1684 441; x_wconf 90' lang='lat' dir='ltr'><strong>et</strong></span> <span class='ocrx_word' id='word_1_370' title='bbox 1699 414 1780 450; x_wconf 86' lang='lat' dir='ltr'><strong>pagi-</strong></span> 
     </span>
    </p>
   </div>
   <div class='ocr_carea' id='block_1_55' title="bbox 956 454 1658 494">
    <p class='ocr_par' dir='ltr' id='par_1_55' title="bbox 956 454 1658 494">
     <span class='ocr_line' id='line_1_55' title="bbox 956 454 1658 494; baseline 0.003 -12"><span class='ocrx_word' id='word_1_371' title='bbox 956 465 1004 490; x_wconf 83' lang='lat' dir='ltr'><strong>na,</strong></span> <span class='ocrx_word' id='word_1_372' title='bbox 1023 454 1147 492; x_wconf 74' lang='grc' dir='ltr'>θεμὲλιοί</span> <span class='ocrx_word' id='word_1_373' title='bbox 1162 465 1231 486; x_wconf 82' lang='grc' dir='ltr'>τινες</span> <span class='ocrx_word' id='word_1_374' title='bbox 1246 455 1290 482; x_wconf 79' lang='grc' dir='ltr'><strong>καὶ</strong></span> <span class='ocrx_word' id='word_1_375' title='bbox 1306 454 1438 493; x_wconf 78' lang='grc' dir='ltr'><strong>κρηπῖδες</strong></span> <span class='ocrx_word' id='word_1_376' title='bbox 1454 454 1658 494; x_wconf 77' lang='grc' dir='ltr'>προκατεϐλήθ.</span> 
     </span>
    </p>
   </div>
   <div class='ocr_carea' id='block_1_56' title="bbox 991 510 1779 539">
    <p class='ocr_par' dir='ltr' id='par_1_56' title="bbox 991 510 1779 539">
     <span class='ocr_line' id='line_1_56' title="bbox 991 510 1779 539; baseline 0.001 -1"><span class='ocrx_word' id='word_1_377' title='bbox 991 510 1050 538; x_wconf 90' lang='lat' dir='ltr'><strong>Col.</strong></span> <span class='ocrx_word' id='word_1_378' title='bbox 1068 510 1101 537; x_wconf 90' lang='grc'>18</span> <span class='ocrx_word' id='word_1_379' title='bbox 1116 510 1138 537; x_wconf 89' lang='grc' dir='ltr'><strong>Α</strong></span> <span class='ocrx_word' id='word_1_380' title='bbox 1153 510 1180 537; x_wconf 89' lang='grc'><strong>5.</strong></span> <span class='ocrx_word' id='word_1_381' title='bbox 1202 510 1232 537; x_wconf 84' lang='grc' dir='ltr'>1η</span> <span class='ocrx_word' id='word_1_382' title='bbox 1256 518 1372 537; x_wconf 77' lang='lat' dir='ltr'><strong>summa.</strong></span> <span class='ocrx_word' id='word_1_383' title='bbox 1394 510 1569 538; x_wconf 80' lang='lat' dir='ltr'><strong>Eustathius</strong></span> <span class='ocrx_word' id='word_1_384' title='bbox 1588 519 1595 538; x_wconf 87' lang='lat'>:</span> <span class='ocrx_word' id='word_1_385' title='bbox 1616 521 1628 538; x_wconf 75' lang='grc' dir='ltr'><strong>ο</strong></span> <span class='ocrx_word' id='word_1_386' title='bbox 1643 513 1779 539; x_wconf 87' lang='lat' dir='ltr'><strong>Summa-</strong></span> 
     </span>
    </p>
   </div>
   <div class='ocr_carea' id='block_1_57' title="bbox 954 554 1778 591">
    <p class='ocr_par' dir='ltr' id='par_1_57' title="bbox 954 554 1778 591">
     <span class='ocr_line' id='line_1_57' title="bbox 954 554 1778 591; baseline 0.001 -9"><span class='ocrx_word' id='word_1_387' title='bbox 954 555 1018 588; x_wconf 90' lang='lat' dir='ltr'><strong>tim,</strong></span> <span class='ocrx_word' id='word_1_388' title='bbox 1043 555 1073 582; x_wconf 90' lang='lat' dir='ltr'><strong>id</strong></span> <span class='ocrx_word' id='word_1_389' title='bbox 1097 557 1151 590; x_wconf 87' lang='lat' dir='ltr'><strong>est,</strong></span> <span class='ocrx_word' id='word_1_390' title='bbox 1175 554 1264 589; x_wconf 87' lang='lat' dir='ltr'><strong>brevi,</strong></span> <span class='ocrx_word' id='word_1_391' title='bbox 1291 554 1459 591; x_wconf 83' lang='lat' dir='ltr'><strong>subitoque.</strong></span> <span class='ocrx_word' id='word_1_392' title='bbox 1479 566 1489 580; x_wconf 73' lang='grc' dir='ltr'>ι»</span> <span class='ocrx_word' id='word_1_393' title='bbox 1507 556 1666 584; x_wconf 86' lang='lat' dir='ltr'><strong>Carnarius</strong></span> <span class='ocrx_word' id='word_1_394' title='bbox 1691 564 1730 584; x_wconf 71' lang='grc' dir='ltr'><strong>ια</strong></span> <span class='ocrx_word' id='word_1_395' title='bbox 1748 556 1778 583; x_wconf 88' lang='lat' dir='ltr'><strong>In</strong></span> 
     </span>
    </p>
   </div>
   <div class='ocr_carea' id='block_1_58' title="bbox 956 599 1779 633">
    <p class='ocr_par' dir='ltr' id='par_1_58' title="bbox 956 599 1779 633">
     <span class='ocr_line' id='line_1_58' title="bbox 956 599 1779 633; baseline -0.001 -6"><span class='ocrx_word' id='word_1_396' title='bbox 956 607 1074 627; x_wconf 88' lang='lat' dir='ltr'><strong>summa</strong></span> <span class='ocrx_word' id='word_1_397' title='bbox 1087 600 1153 627; x_wconf 81' lang='lat' dir='ltr'><strong>fecit</strong></span> <span class='ocrx_word' id='word_1_398' title='bbox 1168 599 1255 633; x_wconf 83' lang='lat' dir='ltr'><strong>Deus,</strong></span> <span class='ocrx_word' id='word_1_399' title='bbox 1274 599 1328 626; x_wconf 89' lang='lat' dir='ltr'><strong>hoc</strong></span> <span class='ocrx_word' id='word_1_400' title='bbox 1344 602 1398 633; x_wconf 85' lang='lat' dir='ltr'><strong>est,</strong></span> <span class='ocrx_word' id='word_1_401' title='bbox 1411 600 1604 628; x_wconf 88' lang='lat' dir='ltr'><strong>coacervatim</strong></span> <span class='ocrx_word' id='word_1_402' title='bbox 1621 602 1650 628; x_wconf 86' lang='lat' dir='ltr'><strong>et</strong></span> <span class='ocrx_word' id='word_1_403' title='bbox 1664 601 1779 628; x_wconf 85' lang='lat' dir='ltr'><strong>brevi.»</strong></span> 
     </span>
    </p>
   </div>
   <div class='ocr_carea' id='block_1_59' title="bbox 956 643 1778 682">
    <p class='ocr_par' dir='ltr' id='par_1_59' title="bbox 956 643 1778 682">
     <span class='ocr_line' id='line_1_59' title="bbox 956 643 1778 682; baseline 0.004 -12"><span class='ocrx_word' id='word_1_404' title='bbox 956 643 1107 682; x_wconf 78' lang='grc' dir='ltr'>Κεφάλαιον</span> <span class='ocrx_word' id='word_1_405' title='bbox 1125 644 1171 671; x_wconf 85' lang='lat' dir='ltr'><strong>hic</strong></span> <span class='ocrx_word' id='word_1_406' title='bbox 1183 652 1329 672; x_wconf 85' lang='lat' dir='ltr'><strong>summam</strong></span> <span class='ocrx_word' id='word_1_407' title='bbox 1342 644 1456 672; x_wconf 89' lang='lat' dir='ltr'><strong>numeri</strong></span> <span class='ocrx_word' id='word_1_408' title='bbox 1469 645 1512 672; x_wconf 88' lang='lat' dir='ltr'><strong>vel</strong></span> <span class='ocrx_word' id='word_1_409' title='bbox 1529 645 1671 681; x_wconf 84' lang='lat' dir='ltr'><strong>temporis</strong></span> <span class='ocrx_word' id='word_1_410' title='bbox 1682 648 1778 679; x_wconf 86' lang='lat' dir='ltr'><strong>sonat,</strong></span> 
     </span>
    </p>
   </div>
   <div class='ocr_carea' id='block_1_60' title="bbox 956 688 1781 725">
    <p class='ocr_par' dir='ltr' id='par_1_60' title="bbox 956 688 1781 725">
     <span class='ocr_line' id='line_1_60' title="bbox 956 688 1781 725; baseline 0.004 -9"><span class='ocrx_word' id='word_1_411' title='bbox 956 698 1013 725; x_wconf 90' lang='lat' dir='ltr'><strong>qua</strong></span> <span class='ocrx_word' id='word_1_412' title='bbox 1028 688 1146 716; x_wconf 84' lang='lat' dir='ltr'><strong>notione</strong></span> <span class='ocrx_word' id='word_1_413' title='bbox 1161 697 1236 724; x_wconf 73' lang='lat' dir='ltr'><strong>saepe</strong></span> <span class='ocrx_word' id='word_1_414' title='bbox 1266 697 1349 717; x_wconf 82' lang='lat' dir='ltr'><strong>voces</strong></span> <span class='ocrx_word' id='word_1_415' title='bbox 1374 689 1499 717; x_wconf 69' lang='lat' dir='ltr'><strong>Hebraeis</strong></span> <span class='ocrx_word' id='word_1_416' title='bbox 1529 695 1630 721; x_wconf 67' lang='lat' dir='ltr'><strong>rinam</strong></span> <span class='ocrx_word' id='word_1_417' title='bbox 1652 692 1681 718; x_wconf 88' lang='lat' dir='ltr'><strong>et</strong></span> <span class='ocrx_word' id='word_1_418' title='bbox 1716 696 1781 720; x_wconf 62' lang='lat' dir='ltr'><strong>iam</strong></span> 
     </span>
    </p>
   </div>
   <div class='ocr_carea' id='block_1_61' title="bbox 955 733 1783 771">
    <p class='ocr_par' dir='ltr' id='par_1_61' title="bbox 955 733 1783 771">
     <span class='ocr_line' id='line_1_61' title="bbox 955 733 1783 771; baseline 0.001 -11"><span class='ocrx_word' id='word_1_419' title='bbox 955 734 1139 770; x_wconf 86' lang='lat' dir='ltr'><strong>accipiuntur</strong></span> <span class='ocrx_word' id='word_1_420' title='bbox 1163 734 1192 760; x_wconf 92' lang='lat' dir='ltr'><strong>in</strong></span> <span class='ocrx_word' id='word_1_421' title='bbox 1217 733 1388 769; x_wconf 77' lang='lat' dir='ltr'><strong>Scriptura,</strong></span> <span class='ocrx_word' id='word_1_422' title='bbox 1411 736 1439 761; x_wconf 90' lang='lat' dir='ltr'><strong>et</strong></span> <span class='ocrx_word' id='word_1_423' title='bbox 1463 743 1479 761; x_wconf 87' lang='lat' dir='ltr'><strong>a</strong></span> <span class='ocrx_word' id='word_1_424' title='bbox 1501 734 1570 762; x_wconf 88' lang='lat' dir='ltr'><strong>LXX</strong></span> <span class='ocrx_word' id='word_1_425' title='bbox 1602 743 1680 762; x_wconf 88' lang='lat' dir='ltr'><strong>nunc</strong></span> <span class='ocrx_word' id='word_1_426' title='bbox 1703 734 1783 771; x_wconf 80' lang='grc' dir='ltr'>κεφά-</span> 
     </span>
    </p>
   </div>
   <div class='ocr_carea' id='block_1_62' title="bbox 956 776 1782 816">
    <p class='ocr_par' dir='ltr' id='par_1_62' title="bbox 956 776 1782 816">
     <span class='ocr_line' id='line_1_62' title="bbox 956 776 1782 816; baseline 0.001 -10"><span class='ocrx_word' id='word_1_427' title='bbox 956 777 1045 812; x_wconf 78' lang='grc' dir='ltr'>λαιον,</span> <span class='ocrx_word' id='word_1_428' title='bbox 1072 787 1150 806; x_wconf 88' lang='lat' dir='ltr'><strong>nunc</strong></span> <span class='ocrx_word' id='word_1_429' title='bbox 1179 777 1265 815; x_wconf 77' lang='grc' dir='ltr'>ἀρχή,</span> <span class='ocrx_word' id='word_1_430' title='bbox 1294 787 1372 806; x_wconf 90' lang='lat' dir='ltr'><strong>nunc</strong></span> <span class='ocrx_word' id='word_1_431' title='bbox 1402 776 1589 816; x_wconf 81' lang='grc' dir='ltr'>συλλογισμός</span> <span class='ocrx_word' id='word_1_432' title='bbox 1617 781 1782 815; x_wconf 86' lang='lat' dir='ltr'><strong>vertuntur,</strong></span> 
     </span>
    </p>
   </div>
   <div class='ocr_carea' id='block_1_63' title="bbox 955 823 1780 859">
    <p class='ocr_par' dir='ltr' id='par_1_63' title="bbox 955 823 1780 859">
     <span class='ocr_line' id='line_1_63' title="bbox 955 823 1780 859; baseline 0.001 -9"><span class='ocrx_word' id='word_1_433' title='bbox 955 823 1205 859; x_wconf 82' lang='lat' dir='ltr'><strong>quemadmodum</strong></span> <span class='ocrx_word' id='word_1_434' title='bbox 1222 825 1250 850; x_wconf 85' lang='lat' dir='ltr'><strong>et</strong></span> <span class='ocrx_word' id='word_1_435' title='bbox 1266 823 1302 851; x_wconf 84' lang='lat' dir='ltr'><strong>ab</strong></span> <span class='ocrx_word' id='word_1_436' title='bbox 1318 823 1434 859; x_wconf 88' lang='lat' dir='ltr'><strong>Aquila,</strong></span> <span class='ocrx_word' id='word_1_437' title='bbox 1446 823 1644 851; x_wconf 87' lang='lat' dir='ltr'><strong>Theodotione</strong></span> <span class='ocrx_word' id='word_1_438' title='bbox 1660 826 1688 851; x_wconf 92' lang='lat' dir='ltr'><strong>et</strong></span> <span class='ocrx_word' id='word_1_439' title='bbox 1697 824 1780 859; x_wconf 77' lang='lat' dir='ltr'><strong>Sym-</strong></span> 
     </span>
    </p>
   </div>
   <div class='ocr_carea' id='block_1_64' title="bbox 957 867 1782 903">
    <p class='ocr_par' dir='ltr' id='par_1_64' title="bbox 957 867 1782 903">
     <span class='ocr_line' id='line_1_64' title="bbox 957 867 1782 903; baseline 0 -8"><span class='ocrx_word' id='word_1_440' title='bbox 957 868 1071 902; x_wconf 85' lang='lat' dir='ltr'><strong>macho,</strong></span> <span class='ocrx_word' id='word_1_441' title='bbox 1089 876 1162 903; x_wconf 89' lang='lat' dir='ltr'><strong>quos</strong></span> <span class='ocrx_word' id='word_1_442' title='bbox 1184 867 1231 895; x_wconf 85' lang='lat' dir='ltr'><strong>hic</strong></span> <span class='ocrx_word' id='word_1_443' title='bbox 1256 867 1409 903; x_wconf 86' lang='lat' dir='ltr'><strong>designare</strong></span> <span class='ocrx_word' id='word_1_444' title='bbox 1433 867 1549 895; x_wconf 91' lang='lat' dir='ltr'><strong>videtur</strong></span> <span class='ocrx_word' id='word_1_445' title='bbox 1563 867 1701 902; x_wconf 86' lang='lat' dir='ltr'><strong>Basilius,</strong></span> <span class='ocrx_word' id='word_1_446' title='bbox 1718 868 1782 896; x_wconf 94' lang='lat' dir='ltr'><strong>Nu-</strong></span> 
     </span>
    </p>
   </div>
   <div class='ocr_carea' id='block_1_65' title="bbox 957 908 1779 950">
    <p class='ocr_par' dir='ltr' id='par_1_65' title="bbox 957 908 1779 950">
     <span class='ocr_line' id='line_1_65' title="bbox 957 908 1779 950; baseline -0.002 -10"><span class='ocrx_word' id='word_1_447' title='bbox 957 920 1026 940; x_wconf 89' lang='lat' dir='ltr'><strong>mer.</strong></span> <span class='ocrx_word' id='word_1_448' title='bbox 1059 914 1149 945; x_wconf 84' lang='lat' dir='ltr'><strong>lv,2:</strong></span> <span class='ocrx_word' id='word_1_449' title='bbox 1175 908 1247 938; x_wconf 76' lang='grc' dir='ltr'><strong>Λάϐε</strong></span> <span class='ocrx_word' id='word_1_450' title='bbox 1270 911 1301 938; x_wconf 87' lang='grc' dir='ltr'>τὸ</span> <span class='ocrx_word' id='word_1_451' title='bbox 1327 910 1473 950; x_wconf 76' lang='grc' dir='ltr'>κεφάλαιον</span> <span class='ocrx_word' id='word_1_452' title='bbox 1503 913 1556 939; x_wconf 79' lang='grc' dir='ltr'>τῶν</span> <span class='ocrx_word' id='word_1_453' title='bbox 1586 912 1651 939; x_wconf 76' lang='grc' dir='ltr'>υἱῶν</span> <span class='ocrx_word' id='word_1_454' title='bbox 1677 911 1753 939; x_wconf 75' lang='grc' dir='ltr'><strong>Καάο</strong></span> <span class='ocrx_word' id='word_1_455' title='bbox 1773 920 1779 927; x_wconf 91' lang='grc'><strong>·</strong></span> 
     </span>
    </p>
   </div>
   <div class='ocr_carea' id='block_1_66' title="bbox 956 956 1780 992">
    <p class='ocr_par' dir='ltr' id='par_1_66' title="bbox 956 956 1780 992">
     <span class='ocr_line' id='line_1_66' title="bbox 956 956 1780 992; baseline 0 -8"><span class='ocrx_word' id='word_1_456' title='bbox 956 957 1053 992; x_wconf 77' lang='lat' dir='ltr'><strong>Accipe</strong></span> <span class='ocrx_word' id='word_1_457' title='bbox 1082 965 1220 985; x_wconf 75' lang='lat' dir='ltr'><strong>summam</strong></span> <span class='ocrx_word' id='word_1_458' title='bbox 1247 956 1375 991; x_wconf 82' lang='lat' dir='ltr'><strong>ﬁliorum</strong></span> <span class='ocrx_word' id='word_1_459' title='bbox 1407 957 1492 985; x_wconf 75' lang='lat' dir='ltr'><strong>Crith</strong></span> <span class='ocrx_word' id='word_1_460' title='bbox 1520 976 1526 983; x_wconf 92' lang='lat'><strong>.</strong></span> <span class='ocrx_word' id='word_1_461' title='bbox 1553 956 1680 992; x_wconf 85' lang='lat' dir='ltr'><strong>Vulgata</strong></span> <span class='ocrx_word' id='word_1_462' title='bbox 1709 965 1780 992; x_wconf 80' lang='lat' dir='ltr'><strong>qua—</strong></span> 
     </span>
    </p>
   </div>
   <div class='ocr_carea' id='block_1_67' title="bbox 955 1001 1780 1037">
    <p class='ocr_par' dir='ltr' id='par_1_67' title="bbox 955 1001 1780 1037">
     <span class='ocr_line' id='line_1_67' title="bbox 955 1001 1780 1037; baseline 0 -9"><span class='ocrx_word' id='word_1_463' title='bbox 955 1010 1011 1037; x_wconf 88' lang='lat' dir='ltr'><strong>que</strong></span> <span class='ocrx_word' id='word_1_464' title='bbox 1028 1002 1131 1029; x_wconf 88' lang='lat' dir='ltr'><strong>Latina</strong></span> <span class='ocrx_word' id='word_1_465' title='bbox 1147 1013 1159 1026; x_wconf 79' lang='lat' dir='ltr'><strong>u</strong></span> <span class='ocrx_word' id='word_1_466' title='bbox 1177 1010 1323 1029; x_wconf 86' lang='lat' dir='ltr'><strong>summam</strong></span> <span class='ocrx_word' id='word_1_467' title='bbox 1341 1012 1354 1028; x_wconf 75' lang='grc' dir='ltr'><strong>ιι</strong></span> <span class='ocrx_word' id='word_1_468' title='bbox 1371 1002 1466 1035; x_wconf 85' lang='lat' dir='ltr'><strong>vertit,</strong></span> <span class='ocrx_word' id='word_1_469' title='bbox 1482 1006 1509 1029; x_wconf 89' lang='lat' dir='ltr'><strong>et</strong></span> <span class='ocrx_word' id='word_1_470' title='bbox 1524 1002 1667 1037; x_wconf 87' lang='lat' dir='ltr'><strong>interpres</strong></span> <span class='ocrx_word' id='word_1_471' title='bbox 1679 1001 1780 1037; x_wconf 80' lang='lat' dir='ltr'><strong>Orige-</strong></span> 
     </span>
    </p>
   </div>
   <div class='ocr_carea' id='block_1_68' title="bbox 955 1042 1779 1082">
    <p class='ocr_par' dir='ltr' id='par_1_68' title="bbox 955 1042 1779 1082">
     <span class='ocr_line' id='line_1_68' title="bbox 955 1042 1779 1082; baseline -0.002 -9"><span class='ocrx_word' id='word_1_472' title='bbox 955 1046 1013 1079; x_wconf 89' lang='lat' dir='ltr'><strong>nis,</strong></span> <span class='ocrx_word' id='word_1_473' title='bbox 1032 1057 1042 1070; x_wconf 83' lang='grc' dir='ltr'>ι</span> <span class='ocrx_word' id='word_1_474' title='bbox 1061 1054 1240 1080; x_wconf 88' lang='lat' dir='ltr'><strong>numerum;</strong></span> <span class='ocrx_word' id='word_1_475' title='bbox 1258 1057 1271 1071; x_wconf 71' lang='grc' dir='ltr'><strong>υ</strong></span> <span class='ocrx_word' id='word_1_476' title='bbox 1301 1046 1420 1074; x_wconf 88' lang='lat' dir='ltr'><strong>Numer.</strong></span> <span class='ocrx_word' id='word_1_477' title='bbox 1442 1058 1461 1081; x_wconf 80' lang='grc' dir='ltr'>ι,</span> <span class='ocrx_word' id='word_1_478' title='bbox 1485 1046 1503 1073; x_wconf 86' lang='grc'>2</span> <span class='ocrx_word' id='word_1_479' title='bbox 1526 1054 1532 1074; x_wconf 91' lang='lat'>:</span> <span class='ocrx_word' id='word_1_480' title='bbox 1559 1042 1662 1072; x_wconf 79' lang='grc' dir='ltr'>Λάϐετε</span> <span class='ocrx_word' id='word_1_481' title='bbox 1690 1045 1779 1082; x_wconf 73' lang='grc' dir='ltr'>ἀρχὴν</span> 
     </span>
    </p>
   </div>
   <div class='ocr_carea' id='block_1_69' title="bbox 953 1089 1783 1127">
    <p class='ocr_par' dir='ltr' id='par_1_69' title="bbox 953 1089 1783 1127">
     <span class='ocr_line' id='line_1_69' title="bbox 953 1089 1783 1127; baseline 0.002 -11"><span class='ocrx_word' id='word_1_482' title='bbox 953 1089 1041 1125; x_wconf 82' lang='grc' dir='ltr'>πάσης</span> <span class='ocrx_word' id='word_1_483' title='bbox 1083 1093 1241 1127; x_wconf 74' lang='grc' dir='ltr'><strong>συναγωγῆς</strong></span> <span class='ocrx_word' id='word_1_484' title='bbox 1271 1099 1278 1106; x_wconf 88' lang='grc'><strong>·</strong></span> <span class='ocrx_word' id='word_1_485' title='bbox 1325 1091 1445 1125; x_wconf 80' lang='lat' dir='ltr'><strong>Accipite</strong></span> <span class='ocrx_word' id='word_1_486' title='bbox 1498 1099 1638 1118; x_wconf 77' lang='lat' dir='ltr'><strong>summam</strong></span> <span class='ocrx_word' id='word_1_487' title='bbox 1693 1091 1783 1118; x_wconf 74' lang='lat' dir='ltr'><strong>omni:</strong></span> 
     </span>
    </p>
   </div>
   <div class='ocr_carea' id='block_1_70' title="bbox 953 1131 1781 1171">
    <p class='ocr_par' dir='ltr' id='par_1_70' title="bbox 953 1131 1781 1171">
     <span class='ocr_line' id='line_1_70' title="bbox 953 1131 1781 1171; baseline -0.002 -9"><span class='ocrx_word' id='word_1_488' title='bbox 953 1136 1192 1170; x_wconf 72' lang='lat' dir='ltr'><strong>congregationis;</strong></span> <span class='ocrx_word' id='word_1_489' title='bbox 1218 1135 1307 1163; x_wconf 87' lang='lat' dir='ltr'><strong>Exodi</strong></span> <span class='ocrx_word' id='word_1_490' title='bbox 1335 1144 1402 1169; x_wconf 85' lang='lat' dir='ltr'><strong>xxx,</strong></span> <span class='ocrx_word' id='word_1_491' title='bbox 1431 1135 1467 1163; x_wconf 80' lang='lat' dir='ltr'><strong>l2</strong></span> <span class='ocrx_word' id='word_1_492' title='bbox 1492 1143 1498 1162; x_wconf 89' lang='lat'><strong>:</strong></span> <span class='ocrx_word' id='word_1_493' title='bbox 1525 1133 1585 1161; x_wconf 72' lang='lat' dir='ltr'><strong>’Ea‘w</strong></span> <span class='ocrx_word' id='word_1_494' title='bbox 1615 1131 1703 1171; x_wconf 80' lang='grc' dir='ltr'>λάϐῃς</span> <span class='ocrx_word' id='word_1_495' title='bbox 1735 1134 1781 1162; x_wconf 85' lang='grc' dir='ltr'>τὸν</span> 
     </span>
    </p>
   </div>
   <div class='ocr_carea' id='block_1_71' title="bbox 954 1178 1782 1216">
    <p class='ocr_par' dir='ltr' id='par_1_71' title="bbox 954 1178 1782 1216">
     <span class='ocr_line' id='line_1_71' title="bbox 954 1178 1782 1216; baseline 0.002 -11"><span class='ocrx_word' id='word_1_496' title='bbox 954 1178 1138 1216; x_wconf 80' lang='grc' dir='ltr'>συλλογισμὸν</span> <span class='ocrx_word' id='word_1_497' title='bbox 1176 1181 1229 1206; x_wconf 81' lang='grc' dir='ltr'>τῶν</span> <span class='ocrx_word' id='word_1_498' title='bbox 1269 1179 1334 1206; x_wconf 69' lang='grc' dir='ltr'>υἱῶν</span> <span class='ocrx_word' id='word_1_499' title='bbox 1374 1178 1484 1216; x_wconf 81' lang='grc' dir='ltr'>Ἰσραήλ</span> <span class='ocrx_word' id='word_1_500' title='bbox 1506 1188 1513 1194; x_wconf 83' lang='grc'><strong>·</strong></span> <span class='ocrx_word' id='word_1_501' title='bbox 1555 1180 1622 1207; x_wconf 85' lang='lat' dir='ltr'><strong>Cum</strong></span> <span class='ocrx_word' id='word_1_502' title='bbox 1664 1180 1782 1215; x_wconf 73' lang='lat' dir='ltr'><strong>accipies</strong></span> 
     </span>
    </p>
   </div>
   <div class='ocr_carea' id='block_1_72' title="bbox 952 1223 1784 1260">
    <p class='ocr_par' dir='ltr' id='par_1_72' title="bbox 952 1223 1784 1260">
     <span class='ocr_line' id='line_1_72' title="bbox 952 1223 1784 1260; baseline 0 -9"><span class='ocrx_word' id='word_1_503' title='bbox 952 1225 1180 1260; x_wconf 77' lang='lat' dir='ltr'><strong>computationem</strong></span> <span class='ocrx_word' id='word_1_504' title='bbox 1207 1223 1334 1260; x_wconf 85' lang='lat' dir='ltr'><strong>ﬁliorum</strong></span> <span class='ocrx_word' id='word_1_505' title='bbox 1356 1224 1450 1252; x_wconf 79' lang='lat' dir='ltr'><strong>Israel.</strong></span> <span class='ocrx_word' id='word_1_506' title='bbox 1471 1224 1518 1252; x_wconf 83' lang='lat' dir='ltr'><strong>Sic</strong></span> <span class='ocrx_word' id='word_1_507' title='bbox 1546 1223 1672 1252; x_wconf 78' lang='lat' dir='ltr'><strong>inferius</strong></span> <span class='ocrx_word' id='word_1_508' title='bbox 1700 1224 1784 1252; x_wconf 87' lang='lat' dir='ltr'><strong>Basi-</strong></span> 
     </span>
    </p>
   </div>
   <div class='ocr_carea' id='block_1_73' title="bbox 953 1266 1782 1306">
    <p class='ocr_par' dir='ltr' id='par_1_73' title="bbox 953 1266 1782 1306">
     <span class='ocr_line' id='line_1_73' title="bbox 953 1266 1782 1306; baseline -0.001 -10"><span class='ocrx_word' id='word_1_509' title='bbox 953 1269 1011 1296; x_wconf 84' lang='lat' dir='ltr'><strong>lius</strong></span> <span class='ocrx_word' id='word_1_510' title='bbox 1032 1269 1105 1296; x_wconf 75' lang='lat' dir='ltr'><strong>dixit</strong></span> <span class='ocrx_word' id='word_1_511' title='bbox 1128 1278 1134 1296; x_wconf 93' lang='lat'>:</span> <span class='ocrx_word' id='word_1_512' title='bbox 1160 1267 1185 1295; x_wconf 75' lang='grc' dir='ltr'>ἰν</span> <span class='ocrx_word' id='word_1_513' title='bbox 1212 1267 1353 1305; x_wconf 81' lang='grc' dir='ltr'>κεφαλαίῳ</span> <span class='ocrx_word' id='word_1_514' title='bbox 1378 1266 1576 1306; x_wconf 78' lang='grc' dir='ltr'><strong>παραδεδόσθαι</strong></span> <span class='ocrx_word' id='word_1_515' title='bbox 1601 1268 1717 1305; x_wconf 71' lang='grc' dir='ltr'>οὐρανοῦ</span> <span class='ocrx_word' id='word_1_516' title='bbox 1737 1268 1782 1295; x_wconf 79' lang='grc' dir='ltr'><strong>καὶ</strong></span> 
     </span>
    </p>
   </div>
   <div class='ocr_carea' id='block_1_74' title="bbox 953 1312 1779 1350">
    <p class='ocr_par' dir='ltr' id='par_1_74' title="bbox 953 1312 1779 1350">
     <span class='ocr_line' id='line_1_74' title="bbox 953 1312 1779 1350; baseline 0.002 -12"><span class='ocrx_word' id='word_1_517' title='bbox 953 1315 1005 1350; x_wconf 86' lang='grc' dir='ltr'><strong>γῆς</strong></span> <span class='ocrx_word' id='word_1_518' title='bbox 1016 1313 1139 1347; x_wconf 85' lang='grc' dir='ltr'>ποίησιν.</span> <span class='ocrx_word' id='word_1_519' title='bbox 1155 1315 1192 1340; x_wconf 81' lang='lat' dir='ltr'><strong>At</strong></span> <span class='ocrx_word' id='word_1_520' title='bbox 1208 1313 1402 1341; x_wconf 82' lang='lat' dir='ltr'><strong>Ecclesiastici</strong></span> <span class='ocrx_word' id='word_1_521' title='bbox 1419 1322 1497 1348; x_wconf 82' lang='lat' dir='ltr'><strong>xvm,</strong></span> <span class='ocrx_word' id='word_1_522' title='bbox 1514 1313 1539 1348; x_wconf 82' lang='lat'><strong>1,</strong></span> <span class='ocrx_word' id='word_1_523' title='bbox 1556 1312 1698 1348; x_wconf 90' lang='lat' dir='ltr'><strong>scriptum</strong></span> <span class='ocrx_word' id='word_1_524' title='bbox 1714 1315 1758 1340; x_wconf 88' lang='lat' dir='ltr'><strong>est</strong></span> <span class='ocrx_word' id='word_1_525' title='bbox 1772 1322 1779 1341; x_wconf 87' lang='lat'><strong>:</strong></span> 
     </span>
    </p>
   </div>
   <div class='ocr_carea' id='block_1_75' title="bbox 953 1356 1779 1393">
    <p class='ocr_par' dir='ltr' id='par_1_75' title="bbox 953 1356 1779 1393">
     <span class='ocr_line' id='line_1_75' title="bbox 953 1356 1779 1393; baseline 0 -10"><span class='ocrx_word' id='word_1_526' title='bbox 953 1357 981 1383; x_wconf 90' lang='grc' dir='ltr'>Ὁ</span> <span class='ocrx_word' id='word_1_527' title='bbox 1012 1359 1064 1391; x_wconf 82' lang='grc' dir='ltr'><strong>ζῶν</strong></span> <span class='ocrx_word' id='word_1_528' title='bbox 1095 1356 1133 1388; x_wconf 72' lang='grc' dir='ltr'><strong>εἷς</strong></span> <span class='ocrx_word' id='word_1_529' title='bbox 1162 1357 1208 1384; x_wconf 88' lang='grc' dir='ltr'><strong>τὸν</strong></span> <span class='ocrx_word' id='word_1_530' title='bbox 1238 1356 1324 1384; x_wconf 83' lang='grc' dir='ltr'>αἰῶνα</span> <span class='ocrx_word' id='word_1_531' title='bbox 1341 1379 1348 1392; x_wconf 85' lang='lat'><strong>,</strong></span> <span class='ocrx_word' id='word_1_532' title='bbox 1377 1356 1465 1384; x_wconf 76' lang='grc' dir='ltr'>ἔκτισε</span> <span class='ocrx_word' id='word_1_533' title='bbox 1497 1357 1531 1384; x_wconf 71' lang='grc' dir='ltr'>τὰ</span> <span class='ocrx_word' id='word_1_534' title='bbox 1563 1357 1649 1384; x_wconf 82' lang='grc' dir='ltr'>πάντα</span> <span class='ocrx_word' id='word_1_535' title='bbox 1677 1358 1754 1393; x_wconf 82' lang='grc' dir='ltr'>κοινῇ</span> <span class='ocrx_word' id='word_1_536' title='bbox 1772 1365 1779 1372; x_wconf 92' lang='grc'><strong>·</strong></span> 
     </span>
    </p>
   </div>
   <div class='ocr_carea' id='block_1_76' title="bbox 955 1401 1779 1436">
    <p class='ocr_par' dir='ltr' id='par_1_76' title="bbox 955 1401 1779 1436">
     <span class='ocr_line' id='line_1_76' title="bbox 955 1401 1779 1436; baseline -0.001 -6"><span class='ocrx_word' id='word_1_537' title='bbox 955 1402 1007 1436; x_wconf 83' lang='lat' dir='ltr'><strong>Qui</strong></span> <span class='ocrx_word' id='word_1_538' title='bbox 1031 1403 1097 1430; x_wconf 80' lang='lat' dir='ltr'><strong>vivit</strong></span> <span class='ocrx_word' id='word_1_539' title='bbox 1121 1404 1154 1430; x_wconf 81' lang='lat' dir='ltr'><strong>in</strong></span> <span class='ocrx_word' id='word_1_540' title='bbox 1180 1404 1327 1436; x_wconf 60' lang='lat' dir='ltr'><strong>xtemum,</strong></span> <span class='ocrx_word' id='word_1_541' title='bbox 1353 1404 1459 1430; x_wconf 71' lang='lat' dir='ltr'><strong>creavit</strong></span> <span class='ocrx_word' id='word_1_542' title='bbox 1483 1403 1577 1430; x_wconf 85' lang='lat' dir='ltr'><strong>omnia</strong></span> <span class='ocrx_word' id='word_1_543' title='bbox 1600 1402 1694 1429; x_wconf 79' lang='lat' dir='ltr'><strong>simul.</strong></span> <span class='ocrx_word' id='word_1_544' title='bbox 1720 1401 1779 1429; x_wconf 90' lang='lat' dir='ltr'><strong>Hoc</strong></span> 
     </span>
    </p>
   </div>
   <div class='ocr_carea' id='block_1_77' title="bbox 954 1445 1780 1482">
    <p class='ocr_par' dir='ltr' id='par_1_77' title="bbox 954 1445 1780 1482">
     <span class='ocr_line' id='line_1_77' title="bbox 954 1445 1780 1482; baseline -0.002 -8"><span class='ocrx_word' id='word_1_545' title='bbox 954 1449 1008 1479; x_wconf 88' lang='lat' dir='ltr'><strong>est,</strong></span> <span class='ocrx_word' id='word_1_546' title='bbox 1024 1446 1132 1482; x_wconf 85' lang='lat' dir='ltr'><strong>pariter</strong></span> <span class='ocrx_word' id='word_1_547' title='bbox 1148 1446 1190 1474; x_wconf 87' lang='lat' dir='ltr'><strong>vel</strong></span> <span class='ocrx_word' id='word_1_548' title='bbox 1206 1447 1412 1481; x_wconf 85' lang='lat' dir='ltr'><strong>communiter,</strong></span> <span class='ocrx_word' id='word_1_549' title='bbox 1432 1446 1530 1482; x_wconf 87' lang='lat' dir='ltr'><strong>inquit</strong></span> <span class='ocrx_word' id='word_1_550' title='bbox 1544 1445 1703 1474; x_wconf 81' lang='lat' dir='ltr'><strong>Jansenius</strong></span> <span class='ocrx_word' id='word_1_551' title='bbox 1720 1453 1726 1472; x_wconf 87' lang='lat'><strong>:</strong></span> <span class='ocrx_word' id='word_1_552' title='bbox 1743 1453 1780 1473; x_wconf 89' lang='lat' dir='ltr'><strong>ne</strong></span> 
     </span>
    </p>
   </div>
   <div class='ocr_carea' id='block_1_78' title="bbox 953 1490 1781 1527">
    <p class='ocr_par' dir='ltr' id='par_1_78' title="bbox 953 1490 1781 1527">
     <span class='ocr_line' id='line_1_78' title="bbox 953 1490 1781 1527; baseline 0 -9"><span class='ocrx_word' id='word_1_553' title='bbox 953 1491 1019 1525; x_wconf 87' lang='lat' dir='ltr'><strong>quis</strong></span> <span class='ocrx_word' id='word_1_554' title='bbox 1034 1499 1069 1518; x_wconf 81' lang='lat' dir='ltr'><strong>ex</strong></span> <span class='ocrx_word' id='word_1_555' title='bbox 1090 1492 1143 1518; x_wconf 91' lang='lat' dir='ltr'><strong>hoc</strong></span> <span class='ocrx_word' id='word_1_556' title='bbox 1163 1491 1281 1527; x_wconf 82' lang='lat' dir='ltr'><strong>colligat</strong></span> <span class='ocrx_word' id='word_1_557' title='bbox 1303 1491 1403 1519; x_wconf 90' lang='lat' dir='ltr'><strong>omnia</strong></span> <span class='ocrx_word' id='word_1_558' title='bbox 1424 1490 1514 1519; x_wconf 87' lang='lat' dir='ltr'><strong>simul</strong></span> <span class='ocrx_word' id='word_1_559' title='bbox 1534 1491 1635 1518; x_wconf 89' lang='lat' dir='ltr'><strong>eodem</strong></span> <span class='ocrx_word' id='word_1_560' title='bbox 1648 1492 1781 1526; x_wconf 86' lang='lat' dir='ltr'><strong>tempore</strong></span> 
     </span>
    </p>
   </div>
   <div class='ocr_carea' id='block_1_79' title="bbox 953 1534 1779 1571">
    <p class='ocr_par' dir='ltr' id='par_1_79' title="bbox 953 1534 1779 1571">
     <span class='ocr_line' id='line_1_79' title="bbox 953 1534 1779 1571; baseline -0.001 -8"><span class='ocrx_word' id='word_1_561' title='bbox 953 1544 1017 1563; x_wconf 86' lang='lat' dir='ltr'><strong>esse</strong></span> <span class='ocrx_word' id='word_1_562' title='bbox 1032 1536 1159 1570; x_wconf 82' lang='lat' dir='ltr'><strong>condita,</strong></span> <span class='ocrx_word' id='word_1_563' title='bbox 1177 1536 1428 1571; x_wconf 87' lang='lat' dir='ltr'><strong>quemadmodum</strong></span> <span class='ocrx_word' id='word_1_564' title='bbox 1444 1544 1478 1563; x_wconf 81' lang='lat' dir='ltr'><strong>ex</strong></span> <span class='ocrx_word' id='word_1_565' title='bbox 1489 1535 1591 1563; x_wconf 89' lang='lat' dir='ltr'><strong>eodem</strong></span> <span class='ocrx_word' id='word_1_566' title='bbox 1614 1535 1677 1563; x_wconf 89' lang='lat' dir='ltr'><strong>loco</strong></span> <span class='ocrx_word' id='word_1_567' title='bbox 1690 1534 1779 1562; x_wconf 89' lang='lat' dir='ltr'><strong>intel-</strong></span> 
     </span>
    </p>
   </div>
   <div class='ocr_carea' id='block_1_80' title="bbox 954 1579 1781 1616">
    <p class='ocr_par' dir='ltr' id='par_1_80' title="bbox 954 1579 1781 1616">
     <span class='ocr_line' id='line_1_80' title="bbox 954 1579 1781 1616; baseline 0 -9"><span class='ocrx_word' id='word_1_568' title='bbox 954 1579 1025 1608; x_wconf 85' lang='lat' dir='ltr'><strong>lexit</strong></span> <span class='ocrx_word' id='word_1_569' title='bbox 1048 1582 1076 1608; x_wconf 89' lang='lat' dir='ltr'><strong>S.</strong></span> <span class='ocrx_word' id='word_1_570' title='bbox 1103 1580 1294 1616; x_wconf 78' lang='lat' dir='ltr'><strong>Augustinus,</strong></span> <span class='ocrx_word' id='word_1_571' title='bbox 1311 1580 1410 1608; x_wconf 81' lang='lat' dir='ltr'><strong>omnia</strong></span> <span class='ocrx_word' id='word_1_572' title='bbox 1425 1589 1513 1616; x_wconf 85' lang='lat' dir='ltr'><strong>opera</strong></span> <span class='ocrx_word' id='word_1_573' title='bbox 1533 1580 1700 1613; x_wconf 84' lang='lat' dir='ltr'><strong>creationis,</strong></span> <span class='ocrx_word' id='word_1_574' title='bbox 1717 1588 1781 1615; x_wconf 65' lang='lat' dir='ltr'><strong>quae</strong></span> 
     </span>
    </p>
   </div>
   <div class='ocr_carea' id='block_1_81' title="bbox 954 1624 1780 1660">
    <p class='ocr_par' dir='ltr' id='par_1_81' title="bbox 954 1624 1780 1660">
     <span class='ocr_line' id='line_1_81' title="bbox 954 1624 1780 1660; baseline 0 -8"><span class='ocrx_word' id='word_1_575' title='bbox 954 1633 1004 1652; x_wconf 86' lang='lat' dir='ltr'><strong>sex</strong></span> <span class='ocrx_word' id='word_1_576' title='bbox 1018 1625 1123 1653; x_wconf 86' lang='lat' dir='ltr'><strong>diebus</strong></span> <span class='ocrx_word' id='word_1_577' title='bbox 1147 1625 1222 1653; x_wconf 81' lang='lat' dir='ltr'><strong>facta</strong></span> <span class='ocrx_word' id='word_1_578' title='bbox 1248 1627 1528 1658; x_wconf 87' lang='lat' dir='ltr'><strong>commemorantur,</strong></span> <span class='ocrx_word' id='word_1_579' title='bbox 1550 1624 1639 1652; x_wconf 88' lang='lat' dir='ltr'><strong>simul</strong></span> <span class='ocrx_word' id='word_1_580' title='bbox 1662 1632 1780 1660; x_wconf 87' lang='lat' dir='ltr'><strong>unoque</strong></span> 
     </span>
    </p>
   </div>
   <div class='ocr_carea' id='block_1_82' title="bbox 954 1669 1780 1705">
    <p class='ocr_par' dir='ltr' id='par_1_82' title="bbox 954 1669 1780 1705">
     <span class='ocr_line' id='line_1_82' title="bbox 954 1669 1780 1705; baseline -0.002 -8"><span class='ocrx_word' id='word_1_581' title='bbox 954 1671 1083 1705; x_wconf 85' lang='lat' dir='ltr'><strong>tempore</strong></span> <span class='ocrx_word' id='word_1_582' title='bbox 1098 1670 1174 1697; x_wconf 80' lang='lat' dir='ltr'><strong>facta</strong></span> <span class='ocrx_word' id='word_1_583' title='bbox 1188 1678 1263 1702; x_wconf 89' lang='lat' dir='ltr'><strong>esse,</strong></span> <span class='ocrx_word' id='word_1_584' title='bbox 1279 1669 1329 1697; x_wconf 88' lang='lat' dir='ltr'><strong>lib.</strong></span> <span class='ocrx_word' id='word_1_585' title='bbox 1346 1678 1373 1697; x_wconf 81' lang='lat' dir='ltr'><strong>iv</strong></span> <span class='ocrx_word' id='word_1_586' title='bbox 1389 1672 1431 1698; x_wconf 82' lang='lat' dir='ltr'><strong>De</strong></span> <span class='ocrx_word' id='word_1_587' title='bbox 1445 1669 1540 1697; x_wconf 78' lang='lat' dir='ltr'><strong>Genesi</strong></span> <span class='ocrx_word' id='word_1_588' title='bbox 1555 1669 1590 1697; x_wconf 82' lang='lat' dir='ltr'><strong>ad</strong></span> <span class='ocrx_word' id='word_1_589' title='bbox 1607 1669 1650 1697; x_wconf 88' lang='lat' dir='ltr'><strong>lit.</strong></span> <span class='ocrx_word' id='word_1_590' title='bbox 1667 1669 1780 1704; x_wconf 83' lang='lat' dir='ltr'><strong>cap.33,</strong></span> 
     </span>
    </p>
   </div>
   <div class='ocr_carea' id='block_1_83' title="bbox 954 1713 1780 1750">
    <p class='ocr_par' dir='ltr' id='par_1_83' title="bbox 954 1713 1780 1750">
     <span class='ocr_line' id='line_1_83' title="bbox 954 1713 1780 1750; baseline 0 -9"><span class='ocrx_word' id='word_1_591' title='bbox 954 1713 1157 1748; x_wconf 82' lang='lat' dir='ltr'><strong>nequeusimul</strong></span> <span class='ocrx_word' id='word_1_592' title='bbox 1164 1725 1178 1738; x_wconf 73' lang='grc' dir='ltr'>ι»</span> <span class='ocrx_word' id='word_1_593' title='bbox 1187 1714 1328 1750; x_wconf 88' lang='lat' dir='ltr'><strong>temporis</strong></span> <span class='ocrx_word' id='word_1_594' title='bbox 1336 1714 1521 1742; x_wconf 81' lang='lat' dir='ltr'><strong>identitatem</strong></span> <span class='ocrx_word' id='word_1_595' title='bbox 1528 1713 1574 1741; x_wconf 87' lang='lat' dir='ltr'><strong>hic</strong></span> <span class='ocrx_word' id='word_1_596' title='bbox 1580 1713 1780 1750; x_wconf 80' lang='lat' dir='ltr'><strong>designat,sed</strong></span> 
     </span>
    </p>
   </div>
   <div class='ocr_carea' id='block_1_84' title="bbox 956 1758 1779 1794">
    <p class='ocr_par' dir='ltr' id='par_1_84' title="bbox 956 1758 1779 1794">
     <span class='ocr_line' id='line_1_84' title="bbox 956 1758 1779 1794; baseline -0.001 -9"><span class='ocrx_word' id='word_1_597' title='bbox 956 1758 1093 1786; x_wconf 88' lang='lat' dir='ltr'><strong>universa</strong></span> <span class='ocrx_word' id='word_1_598' title='bbox 1112 1758 1175 1786; x_wconf 89' lang='lat' dir='ltr'><strong>sine</strong></span> <span class='ocrx_word' id='word_1_599' title='bbox 1190 1759 1358 1794; x_wconf 82' lang='lat' dir='ltr'><strong>exceptione</strong></span> <span class='ocrx_word' id='word_1_600' title='bbox 1381 1758 1615 1794; x_wconf 87' lang='lat' dir='ltr'><strong>comprehendit.</strong></span> <span class='ocrx_word' id='word_1_601' title='bbox 1631 1758 1685 1786; x_wconf 86' lang='lat' dir='ltr'><strong>Sed</strong></span> <span class='ocrx_word' id='word_1_602' title='bbox 1701 1758 1779 1785; x_wconf 82' lang='lat' dir='ltr'><strong>fave-</strong></span> 
     </span>
    </p>
   </div>
   <div class='ocr_carea' id='block_1_85' title="bbox 956 1802 1778 1838">
    <p class='ocr_par' dir='ltr' id='par_1_85' title="bbox 956 1802 1778 1838">
     <span class='ocr_line' id='line_1_85' title="bbox 956 1802 1778 1838; baseline -0.001 -9"><span class='ocrx_word' id='word_1_603' title='bbox 956 1804 1000 1829; x_wconf 92' lang='lat' dir='ltr'><strong>ret</strong></span> <span class='ocrx_word' id='word_1_604' title='bbox 1024 1803 1178 1838; x_wconf 78' lang='lat' dir='ltr'><strong>Augustini</strong></span> <span class='ocrx_word' id='word_1_605' title='bbox 1204 1803 1353 1831; x_wconf 72' lang='lat' dir='ltr'><strong>sententia:</strong></span> <span class='ocrx_word' id='word_1_606' title='bbox 1379 1803 1440 1830; x_wconf 63' lang='lat' dir='ltr'><strong>haec</strong></span> <span class='ocrx_word' id='word_1_607' title='bbox 1455 1802 1572 1831; x_wconf 87' lang='lat' dir='ltr'><strong>illorum</strong></span> <span class='ocrx_word' id='word_1_608' title='bbox 1585 1803 1778 1838; x_wconf 87' lang='lat' dir='ltr'><strong>interpretum</strong></span> 
     </span>
    </p>
   </div>
   <div class='ocr_carea' id='block_1_86' title="bbox 955 1844 1778 1882">
    <p class='ocr_par' dir='ltr' id='par_1_86' title="bbox 955 1844 1778 1882">
     <span class='ocr_line' id='line_1_86' title="bbox 955 1844 1778 1882; baseline 0 -9"><span class='ocrx_word' id='word_1_609' title='bbox 955 1844 1071 1880; x_wconf 78' lang='grc' dir='ltr'>ἔκδοσις,</span> <span class='ocrx_word' id='word_1_610' title='bbox 1097 1847 1182 1882; x_wconf 87' lang='lat' dir='ltr'><strong>cujus</strong></span> <span class='ocrx_word' id='word_1_611' title='bbox 1205 1847 1320 1874; x_wconf 86' lang='lat' dir='ltr'><strong>videtur</strong></span> <span class='ocrx_word' id='word_1_612' title='bbox 1344 1847 1484 1875; x_wconf 86' lang='lat' dir='ltr'><strong>habuisse</strong></span> <span class='ocrx_word' id='word_1_613' title='bbox 1506 1847 1641 1874; x_wconf 82' lang='lat' dir='ltr'><strong>notitiam</strong></span> <span class='ocrx_word' id='word_1_614' title='bbox 1655 1845 1778 1874; x_wconf 84' lang='lat' dir='ltr'><strong>Aeacius</strong></span> 
     </span>
    </p>
   </div>
   <div class='ocr_carea' id='block_1_87' title="bbox 955 1890 1778 1926">
    <p class='ocr_par' dir='ltr' id='par_1_87' title="bbox 955 1890 1778 1926">
     <span class='ocr_line' id='line_1_87' title="bbox 955 1890 1778 1926; baseline -0.001 -8"><span class='ocrx_word' id='word_1_615' title='bbox 955 1891 985 1918; x_wconf 93' lang='lat' dir='ltr'><strong>in</strong></span> <span class='ocrx_word' id='word_1_616' title='bbox 1002 1892 1055 1919; x_wconf 89' lang='lat' dir='ltr'><strong>hoc</strong></span> <span class='ocrx_word' id='word_1_617' title='bbox 1071 1894 1182 1919; x_wconf 61' lang='lat' dir='ltr'><strong>Catenae</strong></span> <span class='ocrx_word' id='word_1_618' title='bbox 1198 1891 1360 1919; x_wconf 84' lang='lat' dir='ltr'><strong>Graecorum</strong></span> <span class='ocrx_word' id='word_1_619' title='bbox 1376 1892 1405 1919; x_wconf 81' lang='lat' dir='ltr'><strong>in</strong></span> <span class='ocrx_word' id='word_1_620' title='bbox 1421 1891 1542 1919; x_wconf 74' lang='lat' dir='ltr'><strong>Genesim</strong></span> <span class='ocrx_word' id='word_1_621' title='bbox 1557 1891 1630 1925; x_wconf 87' lang='lat' dir='ltr'><strong>loco,</strong></span> <span class='ocrx_word' id='word_1_622' title='bbox 1648 1890 1698 1926; x_wconf 89' lang='lat' dir='ltr'><strong>qui</strong></span> <span class='ocrx_word' id='word_1_623' title='bbox 1712 1898 1778 1926; x_wconf 89' lang='lat' dir='ltr'><strong>per-</strong></span> 
     </span>
    </p>
   </div>
   <div class='ocr_carea' id='block_1_88' title="bbox 957 1935 1780 1973">
    <p class='ocr_par' dir='ltr' id='par_1_88' title="bbox 957 1935 1780 1973">
     <span class='ocr_line' id='line_1_88' title="bbox 957 1935 1780 1973; baseline 0 -10"><span class='ocrx_word' id='word_1_624' title='bbox 957 1944 1056 1972; x_wconf 85' lang='lat' dir='ltr'><strong>peram</strong></span> <span class='ocrx_word' id='word_1_625' title='bbox 1081 1936 1159 1971; x_wconf 90' lang='lat' dir='ltr'><strong>apud</strong></span> <span class='ocrx_word' id='word_1_626' title='bbox 1185 1935 1373 1964; x_wconf 87' lang='lat' dir='ltr'><strong>Franciscum</strong></span> <span class='ocrx_word' id='word_1_627' title='bbox 1406 1936 1571 1973; x_wconf 86' lang='lat' dir='ltr'><strong>Zephyrum</strong></span> <span class='ocrx_word' id='word_1_628' title='bbox 1599 1936 1780 1964; x_wconf 86' lang='lat' dir='ltr'><strong>Theodoreto</strong></span> 
     </span>
    </p>
   </div>
   <div class='ocr_carea' id='block_1_89' title="bbox 957 1979 1782 2008">
    <p class='ocr_par' dir='ltr' id='par_1_89' title="bbox 957 1979 1782 2008">
     <span class='ocr_line' id='line_1_89' title="bbox 957 1979 1782 2008; baseline 0 0"><span class='ocrx_word' id='word_1_629' title='bbox 957 1980 1107 2008; x_wconf 87' lang='lat' dir='ltr'><strong>tribuitur.</strong></span> <span class='ocrx_word' id='word_1_630' title='bbox 1124 1980 1170 2008; x_wconf 87' lang='lat' dir='ltr'><strong>Sic</strong></span> <span class='ocrx_word' id='word_1_631' title='bbox 1186 1980 1264 2008; x_wconf 88' lang='lat' dir='ltr'><strong>enim</strong></span> <span class='ocrx_word' id='word_1_632' title='bbox 1280 1983 1377 2008; x_wconf 79' lang='lat' dir='ltr'><strong>textus</strong></span> <span class='ocrx_word' id='word_1_633' title='bbox 1401 1983 1518 2008; x_wconf 67' lang='lat' dir='ltr'><strong>Graecus</strong></span> <span class='ocrx_word' id='word_1_634' title='bbox 1534 1989 1565 2008; x_wconf 88' lang='lat' dir='ltr'><strong>se</strong></span> <span class='ocrx_word' id='word_1_635' title='bbox 1588 1980 1675 2008; x_wconf 85' lang='lat' dir='ltr'><strong>habet</strong></span> <span class='ocrx_word' id='word_1_636' title='bbox 1689 1979 1719 2007; x_wconf 89' lang='lat' dir='ltr'><strong>in</strong></span> <span class='ocrx_word' id='word_1_637' title='bbox 1736 1989 1782 2007; x_wconf 88' lang='lat' dir='ltr'><strong>co-</strong></span> 
     </span>
    </p>
   </div>
   <div class='ocr_carea' id='block_1_90' title="bbox 957 2024 1782 2061">
    <p class='ocr_par' dir='ltr' id='par_1_90' title="bbox 957 2024 1782 2061">
     <span class='ocr_line' id='line_1_90' title="bbox 957 2024 1782 2061; baseline -0.002 -8"><span class='ocrx_word' id='word_1_638' title='bbox 957 2025 1021 2053; x_wconf 84' lang='lat' dir='ltr'><strong>dice</strong></span> <span class='ocrx_word' id='word_1_639' title='bbox 1046 2025 1241 2053; x_wconf 86' lang='lat' dir='ltr'><strong>illustrissimi</strong></span> <span class='ocrx_word' id='word_1_640' title='bbox 1266 2025 1424 2053; x_wconf 86' lang='lat' dir='ltr'><strong>cardinalis</strong></span> <span class='ocrx_word' id='word_1_641' title='bbox 1448 2025 1573 2053; x_wconf 65' lang='lat' dir='ltr'><strong>Joeusaei</strong></span> <span class='ocrx_word' id='word_1_642' title='bbox 1590 2033 1596 2053; x_wconf 93' lang='lat'><strong>:</strong></span> <span class='ocrx_word' id='word_1_643' title='bbox 1614 2024 1782 2061; x_wconf 82' lang='grc' dir='ltr'>Ἑρωτητὲον</span> 
     </span>
    </p>
   </div>
   <div class='ocr_carea' id='block_1_91' title="bbox 957 2067 1782 2106">
    <p class='ocr_par' dir='ltr' id='par_1_91' title="bbox 957 2067 1782 2106">
     <span class='ocr_line' id='line_1_91' title="bbox 957 2067 1782 2106; baseline -0.001 -10"><span class='ocrx_word' id='word_1_644' title='bbox 957 2068 1040 2096; x_wconf 77' lang='grc' dir='ltr'>πάλιν</span> <span class='ocrx_word' id='word_1_645' title='bbox 1069 2068 1176 2104; x_wconf 75' lang='grc' dir='ltr'>αὐτοὺς,</span> <span class='ocrx_word' id='word_1_646' title='bbox 1204 2069 1320 2104; x_wconf 83' lang='grc' dir='ltr'>πότερον</span> <span class='ocrx_word' id='word_1_647' title='bbox 1343 2069 1399 2105; x_wconf 78' lang='grc' dir='ltr'><strong>ἁμα</strong></span> <span class='ocrx_word' id='word_1_648' title='bbox 1421 2069 1508 2096; x_wconf 83' lang='grc' dir='ltr'>πάντα</span> <span class='ocrx_word' id='word_1_649' title='bbox 1538 2067 1782 2106; x_wconf 77' lang='grc' dir='ltr'>διδὴμιούργηται,</span> 
     </span>
    </p>
   </div>
   <div class='ocr_carea' id='block_1_92' title="bbox 959 2112 1784 2150">
    <p class='ocr_par' dir='ltr' id='par_1_92' title="bbox 959 2112 1784 2150">
     <span class='ocr_line' id='line_1_92' title="bbox 963 2112 1767 2130; baseline -0.006 -5"><span class='ocrx_word' id='word_1_650' title='bbox 963 2114 976 2125; x_wconf 72' lang='lat'><strong>7‘</strong></span> <span class='ocrx_word' id='word_1_651' title='bbox 1014 2114 1018 2123; x_wconf 68' lang='grc' dir='ltr'><em>Ρ</em></span> <span class='ocrx_word' id='word_1_652' title='bbox 1118 2113 1124 2123; x_wconf 88' lang='grc'><strong>1</strong></span> <span class='ocrx_word' id='word_1_653' title='bbox 1154 2114 1160 2121; x_wconf 73' lang='grc' dir='ltr'><strong>σ</strong></span> <span class='ocrx_word' id='word_1_654' title='bbox 1188 2115 1199 2121; x_wconf 64' lang='grc' dir='ltr'><strong>δ’</strong></span> <span class='ocrx_word' id='word_1_655' title='bbox 1288 2114 1294 2122; x_wconf 53' lang='grc' dir='ltr'>ἱ</span> <span class='ocrx_word' id='word_1_656' title='bbox 1372 2114 1379 2123; x_wconf 79' lang='lat'><em>\</em></span> <span class='ocrx_word' id='word_1_657' title='bbox 1440 2114 1447 2122; x_wconf 81' lang='lat'><strong><em>\</em></strong></span> <span class='ocrx_word' id='word_1_658' title='bbox 1494 2115 1525 2130; x_wconf 51' lang='grc' dir='ltr'><strong>μα</strong></span> <span class='ocrx_word' id='word_1_659' title='bbox 1737 2112 1767 2121; x_wconf 65' lang='grc' dir='ltr'><strong>δ.-</strong></span> 
     </span>
     <span class='ocr_line' id='line_1_93' title="bbox 959 2112 1784 2150; baseline -0.002 -9"><span class='ocrx_word' id='word_1_660' title='bbox 959 2125 976 2149; x_wconf 80' lang='grc' dir='ltr'>η</span> <span class='ocrx_word' id='word_1_661' title='bbox 989 2114 1060 2149; x_wconf 76' lang='grc' dir='ltr'>ταξει</span> <span class='ocrx_word' id='word_1_662' title='bbox 1080 2124 1125 2141; x_wconf 75' lang='grc' dir='ltr'><strong>και</strong></span> <span class='ocrx_word' id='word_1_663' title='bbox 1150 2112 1215 2149; x_wconf 87' lang='grc' dir='ltr'>οδῳ.</span> <span class='ocrx_word' id='word_1_664' title='bbox 1242 2116 1295 2141; x_wconf 79' lang='grc' dir='ltr'>Και</span> <span class='ocrx_word' id='word_1_665' title='bbox 1312 2113 1334 2140; x_wconf 80' lang='grc' dir='ltr'><strong>εἰ</strong></span> <span class='ocrx_word' id='word_1_666' title='bbox 1352 2124 1398 2150; x_wconf 83' lang='grc' dir='ltr'>μεν</span> <span class='ocrx_word' id='word_1_667' title='bbox 1420 2124 1451 2141; x_wconf 85' lang='grc' dir='ltr'><strong>το</strong></span> <span class='ocrx_word' id='word_1_668' title='bbox 1471 2124 1579 2150; x_wconf 67' lang='grc' dir='ltr'>πρωτον</span> <span class='ocrx_word' id='word_1_669' title='bbox 1605 2112 1718 2146; x_wconf 73' lang='grc' dir='ltr'>εἱποιιν,</span> <span class='ocrx_word' id='word_1_670' title='bbox 1734 2121 1784 2147; x_wconf 84' lang='grc' dir='ltr'><strong>οη-</strong></span> 
     </span>
    </p>
   </div>
   <div class='ocr_carea' id='block_1_93' title="bbox 961 2155 1784 2196">
    <p class='ocr_par' dir='ltr' id='par_1_93' title="bbox 961 2155 1784 2196">
     <span class='ocr_line' id='line_1_94' title="bbox 961 2155 1784 2196; baseline -0.001 -11"><span class='ocrx_word' id='word_1_671' title='bbox 961 2158 1020 2194; x_wconf 85' lang='grc' dir='ltr'>λον,</span> <span class='ocrx_word' id='word_1_672' title='bbox 1038 2157 1078 2185; x_wconf 80' lang='grc' dir='ltr'><strong>ὅτι</strong></span> <span class='ocrx_word' id='word_1_673' title='bbox 1094 2159 1198 2185; x_wconf 83' lang='grc' dir='ltr'>ἅπαντα</span> <span class='ocrx_word' id='word_1_674' title='bbox 1213 2156 1421 2196; x_wconf 76' lang='grc' dir='ltr'>δημιουργήσας</span> <span class='ocrx_word' id='word_1_675' title='bbox 1442 2157 1591 2185; x_wconf 76' lang='grc' dir='ltr'>κατέπαυσε</span> <span class='ocrx_word' id='word_1_676' title='bbox 1605 2155 1690 2184; x_wconf 87' lang='grc' dir='ltr'>πάλαι</span> <span class='ocrx_word' id='word_1_677' title='bbox 1705 2157 1784 2191; x_wconf 74' lang='grc' dir='ltr'>ποτὲ,</span> 
     </span>
    </p>
   </div>
   <div class='ocr_carea' id='block_1_94' title="bbox 961 2200 1786 2240">
    <p class='ocr_par' dir='ltr' id='par_1_94' title="bbox 961 2200 1786 2240">
     <span class='ocr_line' id='line_1_95' title="bbox 961 2200 1786 2240; baseline -0.004 -10"><span class='ocrx_word' id='word_1_678' title='bbox 961 2203 1005 2230; x_wconf 84' lang='grc' dir='ltr'><strong>καὶ</strong></span> <span class='ocrx_word' id='word_1_679' title='bbox 1030 2202 1091 2230; x_wconf 73' lang='grc' dir='ltr'>ὅσον</span> <span class='ocrx_word' id='word_1_680' title='bbox 1118 2202 1144 2230; x_wconf 70' lang='grc' dir='ltr'>ἐν</span> <span class='ocrx_word' id='word_1_681' title='bbox 1169 2201 1261 2234; x_wconf 81' lang='grc' dir='ltr'>αὐτοῖς</span> <span class='ocrx_word' id='word_1_682' title='bbox 1284 2204 1329 2229; x_wconf 77' lang='grc' dir='ltr'>νῦν</span> <span class='ocrx_word' id='word_1_683' title='bbox 1355 2202 1435 2240; x_wconf 85' lang='grc' dir='ltr'>ἀργὸς</span> <span class='ocrx_word' id='word_1_684' title='bbox 1455 2202 1490 2229; x_wconf 80' lang='grc' dir='ltr'>ὢν</span> <span class='ocrx_word' id='word_1_685' title='bbox 1507 2202 1645 2240; x_wconf 78' lang='grc' dir='ltr'>τυγχάνει.</span> <span class='ocrx_word' id='word_1_686' title='bbox 1662 2201 1694 2230; x_wconf 84' lang='grc' dir='ltr'><strong>Εἰ</strong></span> <span class='ocrx_word' id='word_1_687' title='bbox 1711 2200 1740 2228; x_wconf 74' lang='grc' dir='ltr'>δὲ</span> <span class='ocrx_word' id='word_1_688' title='bbox 1753 2202 1786 2228; x_wconf 83' lang='grc' dir='ltr'>τὸ</span> 
     </span>
    </p>
   </div>
   <div class='ocr_carea' id='block_1_95' title="bbox 963 2246 1788 2285">
    <p class='ocr_par' dir='ltr' id='par_1_95' title="bbox 963 2246 1788 2285">
     <span class='ocr_line' id='line_1_96' title="bbox 963 2246 1788 2285; baseline -0.002 -11"><span class='ocrx_word' id='word_1_689' title='bbox 963 2246 1085 2285; x_wconf 71' lang='grc' dir='ltr'>δεύτερον</span> <span class='ocrx_word' id='word_1_690' title='bbox 1103 2247 1203 2285; x_wconf 73' lang='grc' dir='ltr'>ἐροῦσι,</span> <span class='ocrx_word' id='word_1_691' title='bbox 1227 2247 1258 2274; x_wconf 81' lang='grc' dir='ltr'><strong>τὸ</strong></span> <span class='ocrx_word' id='word_1_692' title='bbox 1282 2247 1354 2282; x_wconf 76' lang='grc' dir='ltr'>τάξει</span> <span class='ocrx_word' id='word_1_693' title='bbox 1379 2247 1423 2274; x_wconf 70' lang='grc' dir='ltr'>καὶ</span> <span class='ocrx_word' id='word_1_694' title='bbox 1444 2246 1500 2284; x_wconf 81' lang='grc' dir='ltr'><strong>ὁδῷ</strong></span> <span class='ocrx_word' id='word_1_695' title='bbox 1525 2246 1714 2284; x_wconf 69' lang='grc' dir='ltr'>δημιουργεῖν,</span> <span class='ocrx_word' id='word_1_696' title='bbox 1730 2257 1788 2274; x_wconf 83' lang='grc' dir='ltr'>και-</span> 
     </span>
    </p>
   </div>
   <div class='ocr_carea' id='block_1_96' title="bbox 83 2290 901 2330">
    <p class='ocr_par' dir='ltr' id='par_1_96' title="bbox 83 2291 901 2328">
     <span class='ocr_line' id='line_1_97' title="bbox 83 2291 901 2328; baseline 0 -9"><span class='ocrx_word' id='word_1_697' title='bbox 83 2293 115 2319; x_wconf 80' lang='lat' dir='ltr'><strong>lit</strong></span> <span class='ocrx_word' id='word_1_698' title='bbox 129 2301 136 2320; x_wconf 85' lang='lat'><strong>:</strong></span> <span class='ocrx_word' id='word_1_699' title='bbox 157 2304 168 2316; x_wconf 79' lang='grc' dir='ltr'><strong>ιι</strong></span> <span class='ocrx_word' id='word_1_700' title='bbox 187 2294 297 2319; x_wconf 82' lang='lat' dir='ltr'><strong>Motum</strong></span> <span class='ocrx_word' id='word_1_701' title='bbox 314 2291 447 2319; x_wconf 88' lang='lat' dir='ltr'><strong>omnium</strong></span> <span class='ocrx_word' id='word_1_702' title='bbox 463 2291 498 2318; x_wconf 93' lang='lat' dir='ltr'><strong>ad</strong></span> <span class='ocrx_word' id='word_1_703' title='bbox 512 2291 670 2326; x_wconf 69' lang='lat' dir='ltr'><strong>praeeuntia</strong></span> <span class='ocrx_word' id='word_1_704' title='bbox 685 2300 718 2319; x_wconf 89' lang='lat' dir='ltr'><strong>ac</strong></span> <span class='ocrx_word' id='word_1_705' title='bbox 734 2291 901 2328; x_wconf 89' lang='lat' dir='ltr'><strong>primordia-</strong></span> 
     </span>
    </p>
   </div>
   <div class='ocr_carea' id='block_1_97' title="bbox 958 2290 1787 2330">
    <p class='ocr_par' dir='ltr' id='par_1_97' title="bbox 962 2290 1787 2330">
     <span class='ocr_line' id='line_1_98' title="bbox 962 2290 1787 2330; baseline -0.001 -11"><span class='ocrx_word' id='word_1_706' title='bbox 962 2292 1007 2329; x_wconf 84' lang='grc' dir='ltr'>ρὸς</span> <span class='ocrx_word' id='word_1_707' title='bbox 1023 2291 1120 2323; x_wconf 81' lang='grc' dir='ltr'>αὐτοὺς</span> <span class='ocrx_word' id='word_1_708' title='bbox 1148 2292 1300 2328; x_wconf 79' lang='grc' dir='ltr'>μεμνῆσθαι</span> <span class='ocrx_word' id='word_1_709' title='bbox 1323 2293 1371 2318; x_wconf 80' lang='grc' dir='ltr'>τοῦ</span> <span class='ocrx_word' id='word_1_710' title='bbox 1395 2291 1419 2328; x_wconf 79' lang='grc' dir='ltr'><strong>ἐξ</strong></span> <span class='ocrx_word' id='word_1_711' title='bbox 1447 2291 1536 2329; x_wconf 76' lang='grc' dir='ltr'>ἀρχῆς</span> <span class='ocrx_word' id='word_1_712' title='bbox 1555 2290 1787 2330; x_wconf 75' lang='grc' dir='ltr'>ὡμολογημένου,</span> 
     </span>
    </p>
   </div>
   <div class='ocr_carea' id='block_1_98' title="bbox 83 2335 870 2371">
    <p class='ocr_par' dir='ltr' id='par_1_98' title="bbox 83 2335 870 2371">
     <span class='ocr_line' id='line_1_99' title="bbox 83 2335 870 2371; baseline 0 -9"><span class='ocrx_word' id='word_1_713' title='bbox 83 2335 138 2371; x_wconf 80' lang='lat' dir='ltr'><strong>lia;</strong></span> <span class='ocrx_word' id='word_1_714' title='bbox 157 2346 172 2361; x_wconf 83' lang='grc'><strong>››</strong></span> <span class='ocrx_word' id='word_1_715' title='bbox 189 2335 400 2368; x_wconf 85' lang='lat' dir='ltr'><strong>Montacutius,</strong></span> <span class='ocrx_word' id='word_1_716' title='bbox 419 2347 432 2360; x_wconf 77' lang='grc' dir='ltr'><strong>α</strong></span> <span class='ocrx_word' id='word_1_717' title='bbox 450 2337 562 2363; x_wconf 84' lang='lat' dir='ltr'><strong>motum</strong></span> <span class='ocrx_word' id='word_1_718' title='bbox 581 2335 611 2364; x_wconf 88' lang='lat' dir='ltr'><strong>in</strong></span> <span class='ocrx_word' id='word_1_719' title='bbox 627 2336 840 2364; x_wconf 86' lang='lat' dir='ltr'><strong>antecedentia.</strong></span> <span class='ocrx_word' id='word_1_720' title='bbox 856 2347 870 2362; x_wconf 84' lang='lat'>»</span> 
     </span>
    </p>
   </div>
   <div class='ocr_carea' id='block_1_99' title="bbox 115 2387 909 2426">
    <p class='ocr_par' dir='ltr' id='par_1_99' title="bbox 115 2387 909 2426">
     <span class='ocr_line' id='line_1_100' title="bbox 115 2387 909 2426; baseline 0 -9"><span class='ocrx_word' id='word_1_721' title='bbox 115 2389 177 2418; x_wconf 85' lang='lat' dir='ltr'><strong>Col.</strong></span> <span class='ocrx_word' id='word_1_722' title='bbox 197 2390 231 2416; x_wconf 89' lang='grc'>13</span> <span class='ocrx_word' id='word_1_723' title='bbox 246 2390 269 2417; x_wconf 91' lang='grc' dir='ltr'><strong>Α</strong></span> <span class='ocrx_word' id='word_1_724' title='bbox 289 2389 315 2416; x_wconf 88' lang='grc'><strong>6.</strong></span> <span class='ocrx_word' id='word_1_725' title='bbox 341 2387 535 2426; x_wconf 68' lang='grc' dir='ltr'>Ὑπέρχρονος.</span> <span class='ocrx_word' id='word_1_726' title='bbox 562 2391 606 2417; x_wconf 84' lang='lat' dir='ltr'><strong>Ita</strong></span> <span class='ocrx_word' id='word_1_727' title='bbox 627 2390 685 2418; x_wconf 88' lang='lat' dir='ltr'><strong>duo</strong></span> <span class='ocrx_word' id='word_1_728' title='bbox 709 2390 766 2417; x_wconf 78' lang='lat' dir='ltr'><strong>RR.</strong></span> <span class='ocrx_word' id='word_1_729' title='bbox 793 2398 850 2417; x_wconf 90' lang='lat' dir='ltr'><strong>non</strong></span> <span class='ocrx_word' id='word_1_730' title='bbox 877 2391 909 2417; x_wconf 89' lang='lat' dir='ltr'><strong>ut</strong></span> 
     </span>
    </p>
   </div>
   <div class='ocr_carea' id='block_1_100' title="bbox 84 2432 908 2470">
    <p class='ocr_par' dir='ltr' id='par_1_100' title="bbox 84 2432 908 2470">
     <span class='ocr_line' id='line_1_101' title="bbox 84 2432 908 2470; baseline -0.001 -8"><span class='ocrx_word' id='word_1_731' title='bbox 84 2434 251 2468; x_wconf 66' lang='lat' dir='ltr'><strong>Basiliens,</strong></span> <span class='ocrx_word' id='word_1_732' title='bbox 271 2432 463 2470; x_wconf 75' lang='grc' dir='ltr'>ὑπερχρόνιος.</span> <span class='ocrx_word' id='word_1_733' title='bbox 480 2433 654 2469; x_wconf 83' lang='lat' dir='ltr'><strong>Quanquam</strong></span> <span class='ocrx_word' id='word_1_734' title='bbox 675 2436 833 2469; x_wconf 90' lang='lat' dir='ltr'><strong>utrumque</strong></span> <span class='ocrx_word' id='word_1_735' title='bbox 848 2434 908 2461; x_wconf 90' lang='lat' dir='ltr'><strong>usi-</strong></span> 
     </span>
    </p>
   </div>
   <div class='ocr_carea' id='block_1_101' title="bbox 84 2476 910 2515">
    <p class='ocr_par' dir='ltr' id='par_1_101' title="bbox 84 2476 910 2515">
     <span class='ocr_line' id='line_1_102' title="bbox 84 2476 910 2515; baseline 0.002 -11"><span class='ocrx_word' id='word_1_736' title='bbox 84 2482 188 2512; x_wconf 66' lang='lat' dir='ltr'><strong>tatum,</strong></span> <span class='ocrx_word' id='word_1_737' title='bbox 206 2480 239 2506; x_wconf 85' lang='lat' dir='ltr'><strong>ut</strong></span> <span class='ocrx_word' id='word_1_738' title='bbox 254 2477 399 2515; x_wconf 82' lang='grc' dir='ltr'>ῑσόχρονος</span> <span class='ocrx_word' id='word_1_739' title='bbox 419 2480 448 2505; x_wconf 84' lang='lat' dir='ltr'><strong>et</strong></span> <span class='ocrx_word' id='word_1_740' title='bbox 468 2476 633 2515; x_wconf 70' lang='grc' dir='ltr'>ἷσογρόνιος.</span> <span class='ocrx_word' id='word_1_741' title='bbox 651 2478 792 2512; x_wconf 86' lang='lat' dir='ltr'><strong>Subinde,</strong></span> <span class='ocrx_word' id='word_1_742' title='bbox 806 2489 820 2504; x_wconf 77' lang='grc' dir='ltr'>ι(</span> <span class='ocrx_word' id='word_1_743' title='bbox 831 2478 910 2514; x_wconf 91' lang='lat' dir='ltr'><strong>quod</strong></span> 
     </span>
    </p>
   </div>
   <div class='ocr_carea' id='block_1_102' title="bbox 83 2522 910 2560">
    <p class='ocr_par' dir='ltr' id='par_1_102' title="bbox 83 2522 910 2560">
     <span class='ocr_line' id='line_1_103' title="bbox 83 2522 910 2560; baseline -0.002 -8"><span class='ocrx_word' id='word_1_744' title='bbox 83 2531 201 2560; x_wconf 86' lang='lat' dir='ltr'><strong>semper</strong></span> <span class='ocrx_word' id='word_1_745' title='bbox 221 2525 379 2558; x_wconf 80' lang='lat' dir='ltr'><strong>urgetur.»</strong></span> <span class='ocrx_word' id='word_1_746' title='bbox 398 2522 542 2558; x_wconf 85' lang='lat' dir='ltr'><strong>interpres</strong></span> <span class='ocrx_word' id='word_1_747' title='bbox 566 2525 690 2550; x_wconf 86' lang='lat' dir='ltr'><strong>verterat</strong></span> <span class='ocrx_word' id='word_1_748' title='bbox 706 2531 712 2550; x_wconf 86' lang='lat'><strong>:</strong></span> <span class='ocrx_word' id='word_1_749' title='bbox 732 2534 742 2548; x_wconf 70' lang='grc' dir='ltr'><strong>α</strong></span> <span class='ocrx_word' id='word_1_750' title='bbox 760 2524 910 2551; x_wconf 83' lang='lat' dir='ltr'><strong>Accedens</strong></span> 
     </span>
    </p>
   </div>
   <div class='ocr_carea' id='block_1_103' title="bbox 83 2567 909 2605">
    <p class='ocr_par' dir='ltr' id='par_1_103' title="bbox 83 2567 909 2605">
     <span class='ocr_line' id='line_1_104' title="bbox 83 2567 909 2605; baseline -0.004 -8"><span class='ocrx_word' id='word_1_751' title='bbox 83 2577 201 2605; x_wconf 86' lang='lat' dir='ltr'><strong>semper</strong></span> <span class='ocrx_word' id='word_1_752' title='bbox 216 2570 244 2596; x_wconf 85' lang='lat' dir='ltr'><strong>et</strong></span> <span class='ocrx_word' id='word_1_753' title='bbox 260 2575 338 2595; x_wconf 89' lang='lat' dir='ltr'><strong>more</strong></span> <span class='ocrx_word' id='word_1_754' title='bbox 361 2567 481 2594; x_wconf 83' lang='lat' dir='ltr'><strong>ﬂuentis</strong></span> <span class='ocrx_word' id='word_1_755' title='bbox 502 2575 584 2602; x_wconf 61' lang='lat' dir='ltr'><strong>aqua:</strong></span> <span class='ocrx_word' id='word_1_756' title='bbox 609 2567 757 2600; x_wconf 86' lang='lat' dir='ltr'><strong>recedens,</strong></span> <span class='ocrx_word' id='word_1_757' title='bbox 784 2575 836 2595; x_wconf 89' lang='lat' dir='ltr'><strong>nec</strong></span> <span class='ocrx_word' id='word_1_758' title='bbox 856 2576 909 2594; x_wconf 85' lang='lat' dir='ltr'><strong>un-</strong></span> 
     </span>
    </p>
   </div>
   <div class='ocr_carea' id='block_1_104' title="bbox 84 2611 908 2649">
    <p class='ocr_par' dir='ltr' id='par_1_104' title="bbox 84 2611 908 2649">
     <span class='ocr_line' id='line_1_105' title="bbox 84 2611 908 2649; baseline -0.002 -8"><span class='ocrx_word' id='word_1_759' title='bbox 84 2622 173 2649; x_wconf 84' lang='lat' dir='ltr'><strong>quam</strong></span> <span class='ocrx_word' id='word_1_760' title='bbox 189 2621 207 2640; x_wconf 88' lang='lat' dir='ltr'><strong>a</strong></span> <span class='ocrx_word' id='word_1_761' title='bbox 222 2614 314 2648; x_wconf 67' lang='lat' dir='ltr'><strong>coepto</strong></span> <span class='ocrx_word' id='word_1_762' title='bbox 332 2620 418 2639; x_wconf 87' lang='lat' dir='ltr'><strong>cursu</strong></span> <span class='ocrx_word' id='word_1_763' title='bbox 435 2611 574 2639; x_wconf 80' lang='lat' dir='ltr'><strong>restitans</strong></span> <span class='ocrx_word' id='word_1_764' title='bbox 590 2614 641 2639; x_wconf 82' lang='lat' dir='ltr'><strong>aut</strong></span> <span class='ocrx_word' id='word_1_765' title='bbox 655 2611 877 2647; x_wconf 85' lang='lat' dir='ltr'><strong>conquiescens.</strong></span> <span class='ocrx_word' id='word_1_766' title='bbox 896 2622 908 2637; x_wconf 87' lang='lat'>»</span> 
     </span>
    </p>
   </div>
   <div class='ocr_carea' id='block_1_105' title="bbox 84 2656 910 2692">
    <p class='ocr_par' dir='ltr' id='par_1_105' title="bbox 84 2656 910 2692">
     <span class='ocr_line' id='line_1_106' title="bbox 84 2656 910 2692; baseline -0.002 -7"><span class='ocrx_word' id='word_1_767' title='bbox 84 2657 244 2686; x_wconf 89' lang='lat' dir='ltr'><strong>Carnarius</strong></span> <span class='ocrx_word' id='word_1_768' title='bbox 269 2656 390 2692; x_wconf 86' lang='lat' dir='ltr'><strong>propius</strong></span> <span class='ocrx_word' id='word_1_769' title='bbox 416 2656 449 2683; x_wconf 88' lang='lat' dir='ltr'><strong>ad</strong></span> <span class='ocrx_word' id='word_1_770' title='bbox 466 2658 594 2684; x_wconf 88' lang='lat' dir='ltr'><strong>mentem</strong></span> <span class='ocrx_word' id='word_1_771' title='bbox 617 2657 747 2684; x_wconf 85' lang='lat' dir='ltr'><strong>auctoris</strong></span> <span class='ocrx_word' id='word_1_772' title='bbox 764 2664 770 2684; x_wconf 87' lang='lat'><strong>:</strong></span> <span class='ocrx_word' id='word_1_773' title='bbox 788 2668 801 2682; x_wconf 85' lang='lat'>«</span> <span class='ocrx_word' id='word_1_774' title='bbox 819 2656 910 2684; x_wconf 85' lang='lat' dir='ltr'><strong>Festi-</strong></span> 
     </span>
    </p>
   </div>
   <div class='ocr_carea' id='block_1_106' title="bbox 86 2700 910 2737">
    <p class='ocr_par' dir='ltr' id='par_1_106' title="bbox 86 2700 910 2737">
     <span class='ocr_line' id='line_1_107' title="bbox 86 2700 910 2737; baseline -0.002 -7"><span class='ocrx_word' id='word_1_775' title='bbox 86 2711 159 2730; x_wconf 83' lang='lat' dir='ltr'><strong>nans</strong></span> <span class='ocrx_word' id='word_1_776' title='bbox 176 2709 293 2737; x_wconf 87' lang='lat' dir='ltr'><strong>semper</strong></span> <span class='ocrx_word' id='word_1_777' title='bbox 308 2709 340 2728; x_wconf 88' lang='lat' dir='ltr'><strong>ac</strong></span> <span class='ocrx_word' id='word_1_778' title='bbox 356 2700 564 2736; x_wconf 71' lang='lat' dir='ltr'><strong>praeterﬂuens,</strong></span> <span class='ocrx_word' id='word_1_779' title='bbox 579 2709 612 2728; x_wconf 72' lang='lat' dir='ltr'><strong>EC</strong></span> <span class='ocrx_word' id='word_1_780' title='bbox 628 2709 774 2737; x_wconf 84' lang='lat' dir='ltr'><strong>nusquam</strong></span> <span class='ocrx_word' id='word_1_781' title='bbox 791 2710 808 2729; x_wconf 76' lang='lat' dir='ltr'><strong>ll</strong></span> <span class='ocrx_word' id='word_1_782' title='bbox 823 2709 910 2729; x_wconf 87' lang='lat' dir='ltr'><strong>cursu</strong></span> 
     </span>
    </p>
   </div>
   <div class='ocr_carea' id='block_1_107' title="bbox 85 2745 803 2782">
    <p class='ocr_par' dir='ltr' id='par_1_107' title="bbox 85 2745 803 2782">
     <span class='ocr_line' id='line_1_108' title="bbox 85 2745 803 2782; baseline -0.003 -7"><span class='ocrx_word' id='word_1_783' title='bbox 85 2747 253 2782; x_wconf 88' lang='lat' dir='ltr'><strong>quiescens.</strong></span> <span class='ocrx_word' id='word_1_784' title='bbox 271 2745 329 2774; x_wconf 87' lang='lat' dir='ltr'><strong>Nos</strong></span> <span class='ocrx_word' id='word_1_785' title='bbox 345 2745 531 2772; x_wconf 82' lang='lat' dir='ltr'><strong>Eustathium</strong></span> <span class='ocrx_word' id='word_1_786' title='bbox 548 2746 640 2773; x_wconf 86' lang='lat' dir='ltr'><strong>secuti</strong></span> <span class='ocrx_word' id='word_1_787' title='bbox 656 2755 771 2773; x_wconf 88' lang='lat' dir='ltr'><strong>sumus.</strong></span> <span class='ocrx_word' id='word_1_788' title='bbox 790 2755 803 2771; x_wconf 80' lang='grc'><strong>»</strong></span> 
     </span>
    </p>
   </div>
   <div class='ocr_carea' id='block_1_108' title="bbox 121 2790 910 2825">
    <p class='ocr_par' dir='ltr' id='par_1_108' title="bbox 121 2790 910 2825">
     <span class='ocr_line' id='line_1_109' title="bbox 121 2790 910 2825; baseline -0.001 -6"><span class='ocrx_word' id='word_1_789' title='bbox 121 2791 182 2819; x_wconf 89' lang='lat' dir='ltr'><strong>Col.</strong></span> <span class='ocrx_word' id='word_1_790' title='bbox 201 2792 236 2818; x_wconf 88' lang='grc'>15</span> <span class='ocrx_word' id='word_1_791' title='bbox 254 2792 275 2818; x_wconf 80' lang='grc' dir='ltr'><strong>Α</strong></span> <span class='ocrx_word' id='word_1_792' title='bbox 289 2791 317 2818; x_wconf 89' lang='grc'><strong>3.</strong></span> <span class='ocrx_word' id='word_1_793' title='bbox 334 2790 509 2825; x_wconf 81' lang='lat' dir='ltr'><strong>Principium</strong></span> <span class='ocrx_word' id='word_1_794' title='bbox 532 2791 594 2818; x_wconf 78' lang='lat' dir='ltr'><strong>viae.</strong></span> <span class='ocrx_word' id='word_1_795' title='bbox 613 2791 703 2819; x_wconf 88' lang='lat' dir='ltr'><strong>Locus</strong></span> <span class='ocrx_word' id='word_1_796' title='bbox 724 2793 768 2819; x_wconf 88' lang='lat' dir='ltr'><strong>est</strong></span> <span class='ocrx_word' id='word_1_797' title='bbox 791 2791 910 2819; x_wconf 88' lang='lat' dir='ltr'><strong>Prover-</strong></span> 
     </span>
    </p>
   </div>
   <div class='ocr_carea' id='block_1_109' title="bbox 87 2834 911 2873">
    <p class='ocr_par' dir='ltr' id='par_1_109' title="bbox 87 2834 911 2873">
     <span class='ocr_line' id='line_1_110' title="bbox 87 2834 911 2873; baseline -0.004 -8"><span class='ocrx_word' id='word_1_798' title='bbox 87 2837 160 2865; x_wconf 87' lang='lat' dir='ltr'><strong>bior.</strong></span> <span class='ocrx_word' id='word_1_799' title='bbox 175 2845 233 2870; x_wconf 78' lang='lat' dir='ltr'><strong>xw,</strong></span> <span class='ocrx_word' id='word_1_800' title='bbox 248 2836 275 2863; x_wconf 87' lang='grc'>5.</span> <span class='ocrx_word' id='word_1_801' title='bbox 294 2834 384 2863; x_wconf 84' lang='lat' dir='ltr'><strong>Paulo</strong></span> <span class='ocrx_word' id='word_1_802' title='bbox 410 2837 484 2871; x_wconf 84' lang='lat' dir='ltr'><strong>post,</strong></span> <span class='ocrx_word' id='word_1_803' title='bbox 501 2835 600 2872; x_wconf 73' lang='grc' dir='ltr'>κρηπὶς</span> <span class='ocrx_word' id='word_1_804' title='bbox 616 2835 660 2862; x_wconf 79' lang='grc' dir='ltr'><strong>καὶ</strong></span> <span class='ocrx_word' id='word_1_805' title='bbox 682 2835 792 2873; x_wconf 73' lang='grc' dir='ltr'>βάθρον,</span> <span class='ocrx_word' id='word_1_806' title='bbox 812 2847 825 2861; x_wconf 76' lang='grc' dir='ltr'><strong>ιι</strong></span> <span class='ocrx_word' id='word_1_807' title='bbox 846 2835 911 2863; x_wconf 88' lang='lat' dir='ltr'><strong>l‘un-</strong></span> 
     </span>
    </p>
   </div>
   <div class='ocr_carea' id='block_1_110' title="bbox 962 2334 1788 2374">
    <p class='ocr_par' dir='ltr' id='par_1_110' title="bbox 962 2334 1788 2374">
     <span class='ocr_line' id='line_1_111' title="bbox 962 2334 1788 2374; baseline 0.001 -11"><span class='ocrx_word' id='word_1_808' title='bbox 962 2337 999 2367; x_wconf 84' lang='grc' dir='ltr'>ὡς</span> <span class='ocrx_word' id='word_1_809' title='bbox 1015 2336 1065 2363; x_wconf 80' lang='grc' dir='ltr'>υῦκ</span> <span class='ocrx_word' id='word_1_810' title='bbox 1080 2338 1109 2363; x_wconf 68' lang='grc' dir='ltr'>ἂν</span> <span class='ocrx_word' id='word_1_811' title='bbox 1127 2336 1168 2371; x_wconf 75' lang='grc' dir='ltr'><strong>εἰη</strong></span> <span class='ocrx_word' id='word_1_812' title='bbox 1185 2335 1283 2373; x_wconf 78' lang='grc' dir='ltr'>ἄπειρα</span> <span class='ocrx_word' id='word_1_813' title='bbox 1303 2336 1337 2364; x_wconf 79' lang='grc' dir='ltr'>τὰ</span> <span class='ocrx_word' id='word_1_814' title='bbox 1359 2334 1626 2374; x_wconf 68' lang='grc' dir='ltr'>δεδημιουργημένα.</span> <span class='ocrx_word' id='word_1_815' title='bbox 1643 2349 1657 2362; x_wconf 81' lang='grc'><strong>‹(</strong></span> <span class='ocrx_word' id='word_1_816' title='bbox 1673 2337 1788 2365; x_wconf 80' lang='lat' dir='ltr'><strong>Rursus</strong></span> 
     </span>
    </p>
   </div>
   <div class='ocr_carea' id='block_1_111' title="bbox 963 2381 1787 2418">
    <p class='ocr_par' dir='ltr' id='par_1_111' title="bbox 963 2381 1787 2418">
     <span class='ocr_line' id='line_1_112' title="bbox 963 2381 1787 2418; baseline -0.001 -8"><span class='ocrx_word' id='word_1_817' title='bbox 963 2382 1163 2418; x_wconf 82' lang='lat' dir='ltr'><strong>interrogandi</strong></span> <span class='ocrx_word' id='word_1_818' title='bbox 1180 2385 1261 2415; x_wconf 88' lang='lat' dir='ltr'><strong>sunt,</strong></span> <span class='ocrx_word' id='word_1_819' title='bbox 1273 2389 1344 2409; x_wconf 88' lang='lat' dir='ltr'><strong>num</strong></span> <span class='ocrx_word' id='word_1_820' title='bbox 1360 2382 1459 2409; x_wconf 89' lang='lat' dir='ltr'><strong>omnia</strong></span> <span class='ocrx_word' id='word_1_821' title='bbox 1473 2382 1563 2410; x_wconf 90' lang='lat' dir='ltr'><strong>simul</strong></span> <span class='ocrx_word' id='word_1_822' title='bbox 1576 2383 1651 2410; x_wconf 82' lang='lat' dir='ltr'><strong>facta</strong></span> <span class='ocrx_word' id='word_1_823' title='bbox 1663 2381 1734 2415; x_wconf 87' lang='lat' dir='ltr'><strong>sint,</strong></span> <span class='ocrx_word' id='word_1_824' title='bbox 1751 2390 1787 2409; x_wconf 84' lang='lat' dir='ltr'><strong>an</strong></span> 
     </span>
    </p>
   </div>
   <div class='ocr_carea' id='block_1_112' title="bbox 964 2426 1789 2463">
    <p class='ocr_par' dir='ltr' id='par_1_112' title="bbox 964 2426 1789 2463">
     <span class='ocr_line' id='line_1_113' title="bbox 964 2426 1789 2463; baseline 0 -9"><span class='ocrx_word' id='word_1_825' title='bbox 964 2427 1102 2462; x_wconf 88' lang='lat' dir='ltr'><strong>deinceps</strong></span> <span class='ocrx_word' id='word_1_826' title='bbox 1117 2429 1145 2454; x_wconf 88' lang='lat' dir='ltr'><strong>et</strong></span> <span class='ocrx_word' id='word_1_827' title='bbox 1158 2430 1381 2462; x_wconf 84' lang='lat' dir='ltr'><strong>consequenter.</strong></span> <span class='ocrx_word' id='word_1_828' title='bbox 1393 2428 1430 2454; x_wconf 80' lang='lat' dir='ltr'><strong>Ac</strong></span> <span class='ocrx_word' id='word_1_829' title='bbox 1443 2426 1467 2454; x_wconf 88' lang='lat' dir='ltr'><strong>si</strong></span> <span class='ocrx_word' id='word_1_830' title='bbox 1479 2427 1561 2463; x_wconf 89' lang='lat' dir='ltr'><strong>prius</strong></span> <span class='ocrx_word' id='word_1_831' title='bbox 1578 2427 1697 2463; x_wconf 89' lang='lat' dir='ltr'><strong>quidem</strong></span> <span class='ocrx_word' id='word_1_832' title='bbox 1709 2426 1789 2454; x_wconf 78' lang='lat' dir='ltr'><strong>dixe-</strong></span> 
     </span>
    </p>
   </div>
   <div class='ocr_carea' id='block_1_113' title="bbox 964 2470 1790 2507">
    <p class='ocr_par' dir='ltr' id='par_1_113' title="bbox 964 2470 1790 2507">
     <span class='ocr_line' id='line_1_114' title="bbox 964 2470 1790 2507; baseline 0 -9"><span class='ocrx_word' id='word_1_833' title='bbox 964 2471 1034 2507; x_wconf 86' lang='lat' dir='ltr'><strong>rint,</strong></span> <span class='ocrx_word' id='word_1_834' title='bbox 1052 2470 1161 2498; x_wconf 88' lang='lat' dir='ltr'><strong>nemini</strong></span> <span class='ocrx_word' id='word_1_835' title='bbox 1177 2470 1301 2498; x_wconf 86' lang='lat' dir='ltr'><strong>dubium</strong></span> <span class='ocrx_word' id='word_1_836' title='bbox 1317 2472 1371 2504; x_wconf 87' lang='lat' dir='ltr'><strong>est,</strong></span> <span class='ocrx_word' id='word_1_837' title='bbox 1383 2470 1454 2506; x_wconf 89' lang='lat' dir='ltr'><strong>quin</strong></span> <span class='ocrx_word' id='word_1_838' title='bbox 1469 2473 1546 2499; x_wconf 87' lang='lat' dir='ltr'><strong>Deus</strong></span> <span class='ocrx_word' id='word_1_839' title='bbox 1562 2472 1700 2500; x_wconf 90' lang='lat' dir='ltr'><strong>omnibus</strong></span> <span class='ocrx_word' id='word_1_840' title='bbox 1711 2479 1790 2498; x_wconf 87' lang='lat' dir='ltr'><strong>orea-</strong></span> 
     </span>
    </p>
   </div>
   <div class='ocr_carea' id='block_1_114' title="bbox 964 2514 1789 2552">
    <p class='ocr_par' dir='ltr' id='par_1_114' title="bbox 964 2514 1789 2552">
     <span class='ocr_line' id='line_1_115' title="bbox 964 2514 1789 2552; baseline -0.002 -9"><span class='ocrx_word' id='word_1_841' title='bbox 964 2515 1187 2552; x_wconf 85' lang='lat' dir='ltr'><strong>tisjampridem</strong></span> <span class='ocrx_word' id='word_1_842' title='bbox 1208 2514 1360 2550; x_wconf 86' lang='lat' dir='ltr'><strong>quieverit,</strong></span> <span class='ocrx_word' id='word_1_843' title='bbox 1376 2515 1466 2543; x_wconf 88' lang='lat' dir='ltr'><strong>vitam</strong></span> <span class='ocrx_word' id='word_1_844' title='bbox 1487 2524 1577 2551; x_wconf 89' lang='lat' dir='ltr'><strong>nunc,</strong></span> <span class='ocrx_word' id='word_1_845' title='bbox 1593 2517 1735 2551; x_wconf 88' lang='lat' dir='ltr'><strong>quantum</strong></span> <span class='ocrx_word' id='word_1_846' title='bbox 1753 2514 1789 2542; x_wconf 87' lang='lat' dir='ltr'><strong>ad</strong></span> 
     </span>
    </p>
   </div>
   <div class='ocr_carea' id='block_1_115' title="bbox 965 2559 1787 2596">
    <p class='ocr_par' dir='ltr' id='par_1_115' title="bbox 965 2559 1787 2596">
     <span class='ocr_line' id='line_1_116' title="bbox 965 2559 1787 2596; baseline -0.004 -8"><span class='ocrx_word' id='word_1_847' title='bbox 965 2569 1014 2588; x_wconf 85' lang='lat' dir='ltr'><strong>eos</strong></span> <span class='ocrx_word' id='word_1_848' title='bbox 1030 2561 1144 2596; x_wconf 85' lang='lat' dir='ltr'><strong>attinet,</strong></span> <span class='ocrx_word' id='word_1_849' title='bbox 1162 2560 1286 2588; x_wconf 88' lang='lat' dir='ltr'><strong>otiosam</strong></span> <span class='ocrx_word' id='word_1_850' title='bbox 1303 2560 1473 2595; x_wconf 82' lang='lat' dir='ltr'><strong>degens.Sin</strong></span> <span class='ocrx_word' id='word_1_851' title='bbox 1489 2560 1636 2595; x_wconf 86' lang='lat' dir='ltr'><strong>posterius</strong></span> <span class='ocrx_word' id='word_1_852' title='bbox 1651 2559 1787 2592; x_wconf 79' lang='lat' dir='ltr'><strong>dixerint,</strong></span> 
     </span>
    </p>
   </div>
   <div class='ocr_carea' id='block_1_116' title="bbox 965 2603 1789 2640">
    <p class='ocr_par' dir='ltr' id='par_1_116' title="bbox 965 2603 1789 2640">
     <span class='ocr_line' id='line_1_117' title="bbox 965 2603 1789 2640; baseline -0.004 -8"><span class='ocrx_word' id='word_1_853' title='bbox 965 2609 992 2632; x_wconf 84' lang='lat' dir='ltr'><strong>et</strong></span> <span class='ocrx_word' id='word_1_854' title='bbox 1007 2605 1139 2632; x_wconf 86' lang='lat' dir='ltr'><strong>ordinem</strong></span> <span class='ocrx_word' id='word_1_855' title='bbox 1162 2613 1194 2632; x_wconf 84' lang='lat' dir='ltr'><strong>ac</strong></span> <span class='ocrx_word' id='word_1_856' title='bbox 1214 2612 1403 2640; x_wconf 83' lang='lat' dir='ltr'><strong>progressum</strong></span> <span class='ocrx_word' id='word_1_857' title='bbox 1425 2605 1582 2640; x_wconf 84' lang='lat' dir='ltr'><strong>quemdam</strong></span> <span class='ocrx_word' id='word_1_858' title='bbox 1598 2604 1627 2630; x_wconf 93' lang='lat' dir='ltr'><strong>in</strong></span> <span class='ocrx_word' id='word_1_859' title='bbox 1644 2603 1789 2630; x_wconf 82' lang='lat' dir='ltr'><strong>creatione</strong></span> 
     </span>
    </p>
   </div>
   <div class='ocr_carea' id='block_1_117' title="bbox 966 2647 1791 2685">
    <p class='ocr_par' dir='ltr' id='par_1_117' title="bbox 966 2647 1791 2685">
     <span class='ocr_line' id='line_1_118' title="bbox 966 2647 1791 2685; baseline -0.005 -8"><span class='ocrx_word' id='word_1_860' title='bbox 966 2657 1064 2677; x_wconf 90' lang='lat' dir='ltr'><strong>rerum</strong></span> <span class='ocrx_word' id='word_1_861' title='bbox 1078 2649 1318 2685; x_wconf 82' lang='lat' dir='ltr'><strong>ngnoscant,jam</strong></span> <span class='ocrx_word' id='word_1_862' title='bbox 1336 2649 1505 2676; x_wconf 87' lang='lat' dir='ltr'><strong>meminisse</strong></span> <span class='ocrx_word' id='word_1_863' title='bbox 1520 2648 1635 2682; x_wconf 89' lang='lat' dir='ltr'><strong>debent,</strong></span> <span class='ocrx_word' id='word_1_864' title='bbox 1647 2647 1723 2683; x_wconf 92' lang='lat' dir='ltr'><strong>quod</strong></span> <span class='ocrx_word' id='word_1_865' title='bbox 1737 2647 1791 2674; x_wconf 85' lang='lat' dir='ltr'><strong>ini-</strong></span> 
     </span>
    </p>
   </div>
   <div class='ocr_carea' id='block_1_118' title="bbox 965 2691 1790 2730">
    <p class='ocr_par' dir='ltr' id='par_1_118' title="bbox 965 2691 1790 2730">
     <span class='ocr_line' id='line_1_119' title="bbox 965 2691 1790 2730; baseline -0.005 -9"><span class='ocrx_word' id='word_1_866' title='bbox 965 2694 1005 2721; x_wconf 90' lang='lat' dir='ltr'><strong>tio</strong></span> <span class='ocrx_word' id='word_1_867' title='bbox 1022 2703 1072 2730; x_wconf 85' lang='lat' dir='ltr'><strong>pro</strong></span> <span class='ocrx_word' id='word_1_868' title='bbox 1089 2698 1236 2730; x_wconf 78' lang='lat' dir='ltr'><strong>comperto</strong></span> <span class='ocrx_word' id='word_1_869' title='bbox 1252 2694 1366 2728; x_wconf 85' lang='lat' dir='ltr'><strong>dedere,</strong></span> <span class='ocrx_word' id='word_1_870' title='bbox 1383 2698 1477 2721; x_wconf 80' lang='lat' dir='ltr'><strong>crcula</strong></span> <span class='ocrx_word' id='word_1_871' title='bbox 1493 2702 1548 2721; x_wconf 90' lang='lat' dir='ltr'><strong>non</strong></span> <span class='ocrx_word' id='word_1_872' title='bbox 1565 2701 1630 2721; x_wconf 89' lang='lat' dir='ltr'><strong>esse</strong></span> <span class='ocrx_word' id='word_1_873' title='bbox 1645 2691 1790 2720; x_wconf 77' lang='lat' dir='ltr'><strong>infinita.»</strong></span> 
     </span>
    </p>
   </div>
   <div class='ocr_carea' id='block_1_119' title="bbox 1002 2745 1791 2784">
    <p class='ocr_par' dir='ltr' id='par_1_119' title="bbox 1002 2745 1791 2784">
     <span class='ocr_line' id='line_1_120' title="bbox 1002 2745 1791 2784; baseline -0.003 -9"><span class='ocrx_word' id='word_1_874' title='bbox 1002 2748 1062 2775; x_wconf 89' lang='lat' dir='ltr'><strong>Col.</strong></span> <span class='ocrx_word' id='word_1_875' title='bbox 1089 2749 1122 2775; x_wconf 87' lang='grc'>18</span> <span class='ocrx_word' id='word_1_876' title='bbox 1144 2749 1164 2775; x_wconf 88' lang='grc' dir='ltr'>Β</span> <span class='ocrx_word' id='word_1_877' title='bbox 1192 2749 1236 2775; x_wconf 74' lang='lat' dir='ltr'><strong>lli.</strong></span> <span class='ocrx_word' id='word_1_878' title='bbox 1267 2748 1474 2784; x_wconf 82' lang='grc' dir='ltr'>Συνυπαρχεῖν.</span> <span class='ocrx_word' id='word_1_879' title='bbox 1506 2745 1727 2774; x_wconf 86' lang='lat' dir='ltr'><strong>Emendandum</strong></span> <span class='ocrx_word' id='word_1_880' title='bbox 1757 2754 1791 2773; x_wconf 83' lang='lat' dir='ltr'><strong>ex</strong></span> 
     </span>
    </p>
   </div>
   <div class='ocr_carea' id='block_1_120' title="bbox 966 2789 1792 2828">
    <p class='ocr_par' dir='ltr' id='par_1_120' title="bbox 966 2789 1792 2828">
     <span class='ocr_line' id='line_1_121' title="bbox 966 2789 1792 2828; baseline -0.005 -8"><span class='ocrx_word' id='word_1_881' title='bbox 966 2793 1080 2820; x_wconf 87' lang='lat' dir='ltr'><strong>duobus</strong></span> <span class='ocrx_word' id='word_1_882' title='bbox 1096 2793 1192 2828; x_wconf 78' lang='lat' dir='ltr'><strong>Regiis</strong></span> <span class='ocrx_word' id='word_1_883' title='bbox 1207 2800 1279 2819; x_wconf 86' lang='lat' dir='ltr'><strong>mss.</strong></span> <span class='ocrx_word' id='word_1_884' title='bbox 1295 2790 1487 2828; x_wconf 74' lang='grc' dir='ltr'>συνυπάρχειν,</span> <span class='ocrx_word' id='word_1_885' title='bbox 1503 2794 1533 2818; x_wconf 81' lang='lat' dir='ltr'><strong>et</strong></span> <span class='ocrx_word' id='word_1_886' title='bbox 1555 2792 1618 2828; x_wconf 74' lang='grc' dir='ltr'>παρ’</span> <span class='ocrx_word' id='word_1_887' title='bbox 1631 2789 1713 2817; x_wconf 77' lang='grc' dir='ltr'>αὐτοῦ</span> <span class='ocrx_word' id='word_1_888' title='bbox 1730 2800 1792 2817; x_wconf 79' lang='grc' dir='ltr'>συν-</span> 
     </span>
    </p>
   </div>
   <div class='ocr_carea' id='block_1_121' title="bbox 969 2834 1792 2874">
    <p class='ocr_par' dir='ltr' id='par_1_121' title="bbox 969 2834 1792 2874">
     <span class='ocr_line' id='line_1_122' title="bbox 969 2834 1792 2874; baseline -0.001 -11"><span class='ocrx_word' id='word_1_889' title='bbox 969 2837 1124 2874; x_wconf 78' lang='grc' dir='ltr'>εχώρησαν.</span> <span class='ocrx_word' id='word_1_890' title='bbox 1153 2838 1241 2865; x_wconf 84' lang='lat' dir='ltr'><strong>Porro</strong></span> <span class='ocrx_word' id='word_1_891' title='bbox 1273 2835 1357 2871; x_wconf 85' lang='lat' dir='ltr'><strong>illud,</strong></span> <span class='ocrx_word' id='word_1_892' title='bbox 1387 2834 1548 2871; x_wconf 68' lang='grc' dir='ltr'>αὐτομάτως</span> <span class='ocrx_word' id='word_1_893' title='bbox 1576 2836 1792 2872; x_wconf 79' lang='grc' dir='ltr'>παρυποστῆναι,</span> 
     </span>
    </p>
   </div>
  </div>
