2011 3142
183 156 243 187 9Ἱ5

185 222 271 251 vertit
286 219 453 253 Carnarius,
471 229 485 243 «
501 226 556 246 sua
570 217 675 253 sponte
692 215 892 244 substituisse.
912 226 923 240 ι
940 216 1011 244 Am-
1025 219 1052 253 Α

187 267 305 296 brosius
329 265 380 293 lib.
405 273 425 298 ι,
442 271 467 291 c.
482 263 501 290 5
517 271 523 290 :
542 273 556 288 ‹‹
571 261 704 289 Asseruit
725 260 805 289 enim
830 269 885 288 sua
910 263 1013 296 sponte

188 311 350 341 subsistere
362 320 369 344 ;
380 319 394 335 ιι
409 307 608 337 Montacutius
620 315 626 333 :
640 316 656 332 «ι
666 305 729 334 Una
740 313 805 333 cum
822 305 870 333 illo
886 307 915 333 et
926 304 1014 333 simul

187 356 348 387 exstitisse.
365 365 379 380 υ
396 354 509 382 Rursus
525 351 604 388 quod
620 350 755 386 sequitur
768 358 774 378 :
785 348 857 386 Οὐχὶ
873 348 938 375 αὐτὸ
954 350 1015 375 τοῦ-

188 411 231 436 το,
247 402 288 430 sic
304 398 475 428 Eustathius
492 405 526 425 :«
544 396 573 424 ld
590 397 645 430 est,
662 403 720 423 non
731 402 854 422 causam
866 393 1016 430 praestitit,

189 449 222 475 ut
237 448 314 474 esset
328 443 436 475 solum.
453 442 503 470 sed
519 440 597 474 fecit,
613 442 646 468 ut
660 440 767 473 bonus,
785 438 898 466 utilem.
915 449 929 463 ι»
946 439 1017 466 Am-

190 491 308 519 brosius
333 491 451 517 autem:
468 498 481 511 «
502 486 565 514 Non
590 484 675 520 dixit,
695 484 766 520 quia
791 483 912 511 subesse
937 483 1017 516 fecit,

193 544 250 564 non
267 534 349 567 dixit,
365 532 435 569 quia
449 539 569 560 causam
586 529 708 562 mundo,
726 530 757 556 ut
779 532 866 563 esset,
883 528 1018 564 praebuit,

193 580 242 609 sed
261 578 337 613 fecit,
353 577 438 613 quasi
454 576 559 608 bonus,
576 573 653 610 quod
671 573 743 601 foret
759 571 839 600 utile.
854 583 867 598 ››
882 571 1019 600 Justinus

193 633 228 653 ex
242 623 362 651 Platone
377 621 418 649 sic
433 619 600 655 distinguit,
625 617 671 644 τὸν
698 617 817 652 ποιητὴν
840 615 884 643 καὶ
900 616 946 644 τὸν
971 614 1019 651 δη-

197 666 340 705 μιουργόν,
368 677 378 690 ι
406 665 545 693 factorem
570 666 598 691 et
626 663 771 699 opiﬁcem,
798 673 812 687 »
837 661 1020 705 inquhorta-

195 704 268 742 tione
280 713 316 740 ad
340 712 444 740 Graecos
461 719 468 738 :
483 709 515 737 Ὁ
533 708 580 745 μὲν
601 708 653 744 γὰρ
679 707 808 740 ποιητὴς,
835 704 947 736 οὐδενὸς
964 705 1020 733 ἑτέ-

196 768 246 796 ρου
261 755 472 795 προσδεόμενος,
489 753 518 780 ἐκ
540 756 591 787 τῆς
608 752 702 779 ἑτι)τοῦ
727 750 867 787 δυνάμεως
882 750 926 777 καὶ
946 750 1021 785 ἐξου-

197 794 257 833 οιίας
270 794 345 828 τιοιεῖ
368 799 399 826 τὸ
418 799 593 834 ποιούμενον
611 797 624 824 ὁ
651 795 680 823 δὲ
705 794 873 833 δημιουργὸς
896 795 945 829 τήν
972 797 1022 829 τῆς

198 845 379 883 δημιουργίας
409 842 520 880 δύναμιν
549 841 580 869 ἐκ
606 844 656 876 τῆς
690 839 758 876 ὕλης
788 839 912 878 εἴληφὼς
940 849 1022 866 κατα-

199 891 322 925 σκευάζει
336 889 367 917 τὸ
377 887 528 926 γινόμενον·
542 899 556 912 α
571 888 675 914 Factar
684 885 815 922 quidem,
827 884 940 912 nullius
950 884 1020 912 alte-

200 937 262 965 rius
277 935 413 971 indigens
428 934 480 967 rei,
497 934 602 968 suapte
617 931 723 958 virtute
739 933 767 958 et
782 931 936 966 potestate,
947 929 1024 964 quod

200 982 279 1009 creat
303 979 393 1007 efﬁcit
410 986 416 1005 ε
434 977 528 1013 opifex
549 978 647 1003 autem
668 973 776 1010 opiﬁcii
802 973 849 1001 sui
870 972 975 1000 virtute
991 980 1025 1000 ex

203 1024 326 1053 materia
337 1024 456 1058 accepta
467 1029 543 1057 opus
558 1027 646 1047 suum
663 1018 818 1046 construit.
836 1029 850 1042 υ

237 1077 297 1106 Col.
312 1077 347 1104 2.0
363 1079 385 1103 A
400 1076 426 1103 8.
444 1075 492 1102 Ἐκ
513 1071 560 1100 δύο
581 1074 635 1099 τῶν
661 1069 760 1109 ἄκρων.
779 1072 821 1099 lta
845 1070 1025 1099 correximus

199 1131 236 1152 ex
250 1122 365 1150 duabus
381 1119 480 1156 Regiis
503 1118 665 1151 codicibus,
688 1125 722 1144 ex
737 1116 847 1152 quibus
868 1116 956 1144 etiam
972 1115 1024 1143 ad-

200 1167 314 1196 dendus
329 1167 374 1193 est
388 1163 531 1193 articulus
545 1163 594 1189 τοῦ
608 1159 718 1191 παντός’
740 1160 881 1188 mendose
895 1162 982 1188 antea
996 1158 1026 1186 ἐκ

199 1210 247 1238 δύο
262 1212 315 1237 τῶν
330 1209 435 1246 ἀρχῶν.
452 1206 626 1236 Eustathius
643 1214 650 1233 ι
668 1216 682 1230 ιι
698 1205 737 1232 Ex
752 1204 867 1232 duobus
892 1212 1024 1231 summa-

198 1256 279 1284 tibus
294 1254 447 1282 elementis
460 1252 593 1280 omnium
610 1250 807 1279 substantiam
826 1248 961 1285 designat
975 1257 1024 1276 ex-

198 1302 352 1328 structam.
369 1309 384 1324 »
400 1297 475 1325 Caelo
492 1295 633 1324 nimirum
650 1297 678 1322 et
691 1297 778 1328 terra,
796 1301 859 1329 quis
884 1293 941 1321 dua
957 1295 1026 1321 sunt

198 1347 327 1372 extrema
338 1343 395 1372 sibi
410 1341 556 1378 opposita.

234 1389 308 1417 Ibid.
324 1389 346 1416 Β
367 1387 410 1415 15.
429 1385 476 1419 Μή
494 1385 579 1420 ζήτει.
595 1383 627 1412 In
648 1382 828 1420 quibusdam
843 1381 975 1417 Anglicis
990 1380 1024 1408 li-

199 1433 259 1462 bris
274 1433 428 1469 legebatur
444 1430 482 1466 μὴ
510 1430 599 1464 ζητεῖν
623 1430 651 1456 et
662 1425 735 1454 ἀλλὰ
747 1428 830 1454 νοεῖν,
846 1427 882 1454 At
896 1426 953 1454 duo
970 1426 1024 1453 Re‘

198 1478 239 1515 gii
255 1475 404 1506 Francisci
414 1475 564 1511 vulgatam
579 1474 701 1501 tuentur
714 1471 914 1506 lectionem,et
924 1471 1025 1498 Eusta-

199 1523 280 1550 thius
299 1531 306 1550 :
320 1533 332 1548 α
348 1522 411 1550 Non
425 1528 493 1556 ergo
505 1527 617 1555 quaeras
630 1518 666 1546 de
677 1517 804 1554 singulis
816 1515 1024 1551 rationem,sed

199 1566 250 1595 illa
271 1573 398 1602 quoque,
423 1573 486 1601 quae
511 1563 629 1592 silentia
654 1562 805 1597 Scriptura
830 1559 968 1597 praeteriit
990 1568 1025 1587 ex

786 149 904 180 NOTE
925 149 971 180 FB
977 149 1146 182 ONTONIS
1168 152 1300 183 DUCAEI

1836 156 1900 187 9'16

1066 216 1080 243 ὁ
1100 215 1194 254 κρίκος
1219 216 1356 256 μετεωρον
1379 219 1454 258 φέρει
1483 221 1515 248 τὸ
1545 222 1635 258 σῶμα,
1660 221 1692 249 τὸ
1712 219 1742 248 δὶ
1763 221 1886 259 μιτὲωρο

1070 260 1101 288 οὗ
1120 259 1226 298 ἕστηκα,
1248 261 1293 290 διὰ
1311 262 1392 291 τοῦτό
1413 275 1491 303 φησι,
1511 266 1676 302 πεπήγασιν·
1702 278 1716 291 α
1739 266 1797 294 Alii
1822 275 1902 299 vero,

1070 306 1165 341 bases,
1182 307 1252 344 pali.
1277 308 1380 337 Fulcra
1401 310 1478 338 enim
1504 319 1537 338 ac
1562 310 1749 339 ﬁrmamenta
1769 311 1838 347 ipsa
1852 312 1906 339 cir-

1069 351 1150 380 culos
1167 353 1357 389 nuncupavit.
1374 354 1505 383 Primum
1528 355 1606 383 enim
1632 363 1666 383 ea
1681 364 1830 392 suspensa
1845 358 1899 392 est,

1070 395 1187 432 inquit;
1199 397 1322 433 quinam
1338 398 1418 427 illam
1434 399 1535 428 circuli
1551 400 1842 428 sustinent?terram
1858 400 1902 428 ni-

1074 440 1181 468 mirum
1192 449 1198 469 :
1209 450 1265 469 non
1282 443 1368 478 quasi
1380 443 1422 470 illi
1438 444 1498 472 sint
1510 444 1645 480 uspiam:
1660 444 1709 472 sed
1722 445 1802 481 quod
1815 453 1850 473 ea
1863 445 1903 473 ita

1074 485 1130 512 fixa
1145 489 1173 513 et
1188 486 1304 515 stabilis
1319 491 1446 521 maneat,
1464 491 1497 516 ut
1510 488 1535 516 si
1551 489 1709 516 desursum
1727 489 1794 517 ﬁxis
1807 491 1903 525 gesta-

1074 532 1154 557 retur
1169 530 1297 559 circulis.
1315 534 1386 560 Nam
1402 532 1472 568 quia
1487 532 1614 561 circulus
1631 533 1674 561 vel
1690 533 1822 561 annulus
1838 543 1903 562 sus-

1075 581 1199 609 pensum
1215 583 1321 611 corpus
1347 577 1486 612 sustinet,
1504 577 1582 613 quod
1607 580 1703 605 autem
1720 585 1903 614 suspensum

1075 621 1130 652 est,
1147 627 1204 646 non
1227 622 1296 654 stat,
1313 620 1421 649 idcirco
1444 621 1528 654 dixit,
1553 621 1603 649 ﬁxi
1629 624 1710 650 sunt.
1730 633 1744 647 »
1769 622 1907 650 Annulos

1076 663 1226 699 intelligit,
1250 664 1310 692 sive
1335 666 1421 693 orbes
1448 665 1569 701 ferreos,
1584 666 1692 702 quibus
1707 674 1848 703 conopes
1861 667 1906 695 vel

1076 709 1188 743 tapetes
1203 708 1397 737 tentoriorum
1421 718 1473 738 seu
1488 710 1620 738 velorum
1637 713 1854 739 sustentantur.
1870 714 1908 739 At

1076 751 1326 788 interpretationis
1349 754 1456 782 Latinas
1485 758 1586 783 auctor
1610 762 1644 783 ex
1667 755 1787 784 llebraao
1811 757 1907 792 vertit,

1078 808 1091 821 ιι
1105 805 1195 833 super
1209 806 1266 833 qua
1287 798 1372 826 bases
1387 798 1467 827 illius
1483 799 1614 828 solidatae
1629 802 1700 828 sunt
1716 808 1723 827 :
1742 811 1756 825 υ
1769 809 1839 828 cum
1849 809 1907 837 quo

1078 841 1265 877 conveniunt,
1282 851 1346 878 que
1362 851 1397 871 ex
1418 843 1534 880 Aquila,
1550 844 1727 880 Symmacho
1751 845 1796 873 vel
1812 845 1907 873 Theo-

1079 886 1197 915 dotione
1221 887 1458 924 Oliympiodorus
1476 888 1506 916 iu
1523 889 1653 917 medium
1670 888 1781 917 attulit.
1798 890 1907 918 Eusta-

1080 930 1159 959 thius
1174 931 1293 960 demum
1308 932 1441 961 ediderat
1456 941 1463 961 τ
1479 944 1494 959 ‹‹
1511 933 1604 969 Super
1627 933 1696 970 quid
1723 934 1826 962 circuli
1842 935 1907 970 ejus

1079 975 1159 1002 infixi
1176 978 1244 1003 sunt
1252 976 1265 1003 ?
1282 987 1293 1001 ι

1115 1020 1224 1047 001.26
1243 1023 1267 1047 Α
1291 1021 1318 1049 9.
1347 1021 1397 1049 Sin
1423 1022 1482 1049 hoc.
1513 1021 1627 1050 Clarius
1651 1022 1705 1050 hoc
1734 1022 1906 1057 Carnarius,

1080 1075 1094 1088 «ε
1110 1064 1160 1092 Sin
1176 1065 1275 1093 minus
1289 1065 1352 1094 hoc.
1370 1077 1384 1090 »
1400 1063 1455 1093 εἷ’δὶ
1469 1066 1519 1102 μή.
1530 1066 1716 1103 Eustathius,
1729 1079 1744 1092 «
1756 1070 1810 1095 aut
1825 1068 1849 1096 si
1860 1076 1907 1096 se-

1079 1116 1131 1136 cus
1148 1110 1286 1138 evenerit.
1304 1121 1318 1135 »

1115 1152 1175 1181 Col.
1191 1154 1226 1181 27
1241 1153 1261 1181 C
1275 1154 1302 1182 3.
1321 1155 1408 1183 Mane.
1431 1155 1578 1191 lnterpres
1603 1155 1745 1191 ediderat,
1765 1167 1779 1182 ιι
1795 1156 1832 1184 ab
1857 1165 1908 1184 us-

1080 1206 1137 1234 que
1152 1198 1293 1227 nimirum
1308 1199 1448 1228 diluculo.
1463 1210 1477 1225 »
1493 1200 1665 1228 Eustathius
1680 1203 1839 1229 contentus
1855 1201 1909 1228 fuit

1080 1243 1186 1278 dicere,
1201 1255 1214 1268 ι(
1227 1244 1351 1272 modicis
1366 1253 1452 1272 mane
1462 1244 1594 1273 decursis
1609 1245 1810 1273 sermonibus.
1827 1257 1841 1270 υ
1852 1245 1907 1274 Ve-

1080 1287 1203 1315 risimile
1219 1296 1346 1323 namque
1359 1290 1403 1316 est
1416 1296 1501 1316 mane
1513 1291 1644 1325 tempore
1659 1297 1749 1317 sacras
1760 1288 1906 1325 συνάξεως,

1079 1330 1108 1358 id
1124 1333 1179 1365 est,
1195 1331 1321 1359 collectas
1337 1331 1380 1360 vel
1405 1332 1512 1368 missae,
1529 1332 1661 1361 habitam
1677 1333 1770 1362 fuisse
1785 1334 1904 1362 concia-

1080 1383 1146 1402 nem
1170 1375 1207 1403 ab
1231 1376 1369 1412 episcopo
1393 1384 1482 1404 unam
1505 1379 1636 1413 tempore
1655 1377 1906 1414 Quadragesime,

1080 1422 1167 1455 atque
1182 1419 1303 1448 alteram
1319 1420 1374 1448 sub
1390 1420 1485 1457 ipsam
1500 1429 1651 1458 vesperam
1668 1430 1675 1450 ε
1692 1421 1762 1450 hinc
1773 1422 1848 1450 illud
1863 1426 1908 1451 est

1080 1463 1183 1492 homil.
1212 1465 1252 1492 3:
1277 1464 1330 1498 Τὴν
1361 1464 1407 1501 μὶν
1437 1465 1551 1499 ἑωθινὴν
1581 1465 1685 1504 τροφὴν
1709 1467 1764 1493 τῶν
1795 1467 1907 1504 ψυχῶν,

1078 1508 1128 1542 τὴν
1156 1506 1185 1535 δὲ
1213 1507 1356 1546 ἑσπερινὴν
1386 1508 1574 1547 εὐφροσύνην,
1603 1513 1632 1539 et
1661 1510 1764 1539 homll.
1789 1511 1808 1538 9
1837 1520 1844 1540 :
1874 1512 1906 1540 Ἡ

1079 1552 1178 1587 ἑωθινὴ
1202 1555 1257 1580 τῶν
1280 1551 1372 1590 λόγων
1388 1554 1520 1591 τράπεζα.
1535 1555 1678 1583 Cmterum
1702 1555 1787 1591 illud,
1809 1555 1909 1591 ὁμοτί-

198 1592 257 1646 ἰξῖξ,
274 1592 455 1647 Eii—Eafa
481 1610 559 1643 sunt,
584 1607 704 1635 debebis
720 1592 882 1633 advertere.
896 1615 916 1647 ί»
933 1605 1019 1643 Infra1

1082 1607 1153 1633 μως,
1168 1606 1192 1625 c.
1209 1598 1236 1632 6,
1253 1597 1412 1626 dilucidius
1427 1599 1514 1627 vertit
1538 1599 1726 1635 Eustathius,
1745 1612 1756 1624 ι
1775 1601 1841 1636 pari
1854 1601 1910 1628 ha-

198 1665 223 1684 c.
239 1656 266 1690 9,
283 1646 524 1691 ἁυμϐουλεύωμεν.
542 1651 712 1680 Basiliensis
728 1650 817 1678 editio
832 1646 1023 1685 συμϐουλεύο-

201 1710 259 1736 μεν,
273 1703 302 1728 et
316 1700 356 1727 ita
370 1698 460 1727 codex
474 1697 629 1725 Medicaeus
651 1694 769 1731 Regius.
794 1693 952 1721 Carnarius
979 1693 1023 1720 in-

197 1746 373 1781 terpretatur
390 1751 396 1771 :
411 1754 425 1768 «
442 1742 548 1770 Eadem
565 1740 626 1768 haec
640 1739 728 1767 etiam
743 1739 779 1766 de
799 1741 878 1766 terra
891 1737 1022 1766 consuli-

197 1796 275 1823 mus,
292 1791 325 1817 ut
340 1796 376 1816 ne
391 1787 458 1824 quis
474 1786 529 1814 sibi
545 1785 600 1821 ipsi
617 1784 767 1820 negotium
781 1783 903 1810 faciat.»
921 1783 1022 1810 Eusta-

197 1834 279 1862 thius
293 1832 398 1862 ἑαυτοῖς
414 1830 514 1859 retulit
529 1830 565 1858 ad
591 1837 645 1857 nos
662 1828 757 1862 ipsos:
774 1838 788 1852 ‹‹
805 1827 914 1854 Eadem
932 1825 1021 1854 etiam

197 1879 233 1907 de
249 1881 326 1906 terra
340 1876 442 1905 sentiri
454 1875 623 1907 suademus,
640 1872 763 1900 minime
778 1870 911 1898 videlicet
926 1870 1023 1898 discu-

197 1923 302 1951 tientes
330 1921 427 1957 qualis
450 1919 490 1947 sit
513 1919 576 1954 ejus
604 1916 781 1950 substantia,
807 1923 860 1943 nec
879 1915 1021 1943 conﬁcere

198 1975 251 1995 nos
266 1965 504 2002 cogitationibus.
520 1974 534 1988 »
550 1962 629 1990 Alter
643 1969 709 1989 vero
725 1960 814 1988 codex
824 1959 929 1995 Regius
944 1959 1020 1987 Hen-

198 2011 325 2039 ricianus
350 2009 453 2038 habuit
477 2004 720 2043 συμϐουλεύωμεν,
737 2013 798 2040 quas
821 2004 916 2040 patior
936 2003 1020 2031 lectio

197 2056 321 2084 videtur.
338 2066 353 2080 «
369 2054 435 2083 Haec
450 2053 552 2081 eadem
567 2054 596 2079 et
611 2051 645 2078 de
660 2052 739 2077 terra
753 2049 838 2077 nobis
860 2048 933 2084 ipsis
952 2056 1021 2075 con-

197 2101 341 2134 sulamus,
357 2102 390 2127 ut
405 2106 440 2126 ne
455 2098 519 2133 ejus
535 2096 630 2125 subst.
648 2103 676 2131 q.
691 2094 741 2122 illa
761 2093 880 2122 tandem
903 2093 952 2126 sit,
969 2100 1022 2119 cur

197 2148 425 2181 perscrutemur.
442 2153 456 2168 n

231 2189 292 2217 Col.
306 2190 340 2216 21
356 2189 377 2216 Β
399 2188 442 2215 12.
467 2186 583 2221 Ὑποθῇς
608 2183 691 2219 αὐτῷ.
717 2182 872 2211 Medicaaus
896 2183 924 2209 et
945 2181 1020 2208 Hen-

197 2234 249 2262 ric.
275 2233 376 2269 ὑποθῇς
401 2232 508 2266 ἑαυτῷ.
534 2231 594 2263 Quo
617 2231 701 2264 pacto
724 2228 839 2255 videtur
868 2228 1019 2254 exaratum

196 2278 353 2306 oil‘endisse
368 2275 576 2312 Argyropylus,
593 2281 660 2301 cum
675 2272 771 2306 vertit,
787 2283 801 2296 α
821 2271 961 2299 statueris
977 2273 1019 2297 te-
1038 2275 1058 2308 ι)

196 2331 274 2351 cum.
290 2332 303 2348 ι
322 2320 494 2349 Eustathius
511 2328 517 2347 :
535 2330 549 2343 α
562 2317 643 2350 Quod
659 2317 684 2345 si
696 2325 802 2352 aquam
814 2315 947 2352 posueris
960 2317 1017 2342 ter-

197 2376 272 2396 rena
287 2365 441 2394 stabilitati
457 2372 520 2392 esse
535 2363 695 2391 subditam.
709 2372 723 2386 ››
740 2360 914 2389 Ambrosius
930 2360 981 2394 lib,
997 2369 1016 2395 ι,

197 2421 261 2448 cap.
272 2412 309 2439 6:
328 2422 338 2436 ι
351 2413 409 2437 Aut
425 2408 571 2445 quomoda
582 2407 607 2435 si
623 2415 712 2443 super
727 2413 891 2442 aquas,non
907 2405 1017 2433 demer-

195 2459 282 2494 gatur
296 2456 326 2483 in
341 2461 448 2491 aquam
465 2452 562 2489 gravis
578 2451 663 2479 ruina
678 2453 835 2478 terrarum.
853 2460 867 2474 »

231 2509 292 2538 Col.
315 2509 350 2536 24
378 2510 402 2535 Α
431 2508 456 2534 4.
487 2505 547 2534 Ἐπὶ
575 2505 649 2535 τίνος
680 2504 705 2530 οἱ
732 2502 833 2540 κρίκοι.
858 2505 949 2531 Locus
973 2504 1017 2530 est

193 2555 258 2583 Job.
288 2561 405 2585 xxxvm,
433 2552 461 2585 6,
486 2551 516 2578 in
546 2557 634 2586 quem
659 2550 742 2576 notat
765 2547 1014 2583 Olympiodorus:

193 2599 223 2626 Οἱ
251 2597 279 2626 δὶ
309 2596 390 2625 ἄλλοι
422 2595 511 2633 βάσεις
541 2594 566 2621 οἱ
595 2593 771 2629 κατάπηγας.
803 2590 917 2628 Κρίκους
943 2589 1016 2628 λέγει

190 2643 254 2674 τοὺς
282 2639 538 2676 ὰναϐαστακτῆρας.
568 2639 680 2675 Πρῶτον
712 2636 758 2672 μὶν
791 2635 919 2672 ἓκκριμὲς
947 2634 1014 2670 ἐστι,

191 2688 266 2726 φησί·
291 2689 369 2714 ποῖοι
392 2684 481 2723 κρίκοι
504 2682 586 2716 αὐτὴν
609 2682 719 2720 φέρουσι
729 2689 743 2726 Δς
765 2680 814 2713 τὴν
835 2683 885 2716 γῆν
911 2678 1014 2726 δηλον-

192 2723 245 2766 du,
275 2731 328 2768 οὐχ
363 2731 400 2761 ὡς
442 2728 545 2756 τούτων
578 2725 671 2759 ὄντων,
711 2723 774 2752 ἀλλ’
808 2725 845 2755 ὡς
885 2723 1014 2763 ἀσφαλῶς

191 2776 262 2803 οὕτω
293 2773 438 2812 βεϐηκυίας
470 2773 566 2808 αὐτῆς,
598 2771 688 2808 ὥσπερ
717 2768 747 2797 ἂν
777 2769 799 2796 al
827 2769 918 2807 κρίκοι
947 2770 1013 2804 ἧςαν

192 2819 291 2852 ἄνωθεν
322 2818 497 2856 βαστάζοντες
535 2817 577 2844 καὶ
609 2814 762 2853 πεπηγότες
781 2836 788 2843 .
818 2812 930 2848 Ἐπειδή
959 2814 1009 2851 γᾶρ

1080 1650 1150 1670 nare
1164 1643 1351 1670 constructis.
1374 1653 1387 1669 ι
1409 1643 1577 1678 Carnarius,
1602 1655 1616 1669 «
1639 1644 1774 1680 utrisque
1801 1645 1912 1680 pariter

1079 1686 1172 1721 factis,
1186 1698 1200 1711 ››
1214 1687 1242 1715 id
1258 1689 1302 1715 est
1318 1687 1490 1723 parijussu,
1507 1690 1535 1716 et
1547 1688 1649 1716 eodem
1664 1691 1806 1724 tempore.

1113 1740 1173 1768 Col.
1196 1740 1228 1768 31
1253 1742 1276 1768 Α
1290 1742 1319 1768 5.
1340 1741 1418 1776 Quod
1440 1742 1465 1769 .ςὶ
1488 1742 1615 1776 ingenita
1635 1746 1685 1770 est.
1707 1742 1909 1779 Argyropylus

1077 1787 1212 1818 verterat,
1228 1787 1261 1812 ut
1284 1793 1318 1813 ex
1344 1785 1562 1822 antiquioribus
1587 1786 1699 1814 Latinis
1723 1787 1908 1815 editionibus

1077 1829 1215 1857 admonet
1230 1829 1428 1858 Montacutius
1439 1838 1445 1857 :
1456 1842 1470 1855 α
1482 1830 1511 1858 Si
1525 1830 1614 1866 igitur
1630 1831 1690 1858 haec
1705 1831 1840 1867 ingenita
1851 1835 1906 1867 est,

1077 1882 1178 1909 nempe
1201 1875 1334 1908 materia,
1360 1875 1396 1903 de
1421 1883 1479 1910 qua
1503 1876 1585 1911 prius
1609 1883 1705 1903 sermo
1721 1878 1794 1910 erat,
1812 1884 1902 1912 quam

1075 1918 1234 1954 ingenitam
1258 1919 1425 1955 philosophi
1450 1919 1689 1955 pronuntiabant.
1710 1930 1725 1945 n
1741 1919 1903 1948 Carnarius

1076 1962 1177 1990 itidem
1195 1971 1201 1990 :
1217 1974 1227 1988 ι
1244 1963 1274 1991 Si
1289 1963 1409 1998 quidem
1433 1962 1524 1999 igitur
1548 1963 1679 1999 ingenita
1694 1966 1738 1991 est
1752 1963 1828 1997 haec,
1847 1964 1905 2000 pri-

1066 2015 1156 2047 mum
1173 2007 1291 2043 quidem
1315 2007 1456 2043 aequalem
1470 2015 1537 2035 cum
1557 2007 1615 2035 Deo
1635 2007 1710 2035 senii
1726 2008 1903 2044 dignitatem

1075 2051 1204 2080 habebit.
1223 2063 1233 2078 ι
1253 2052 1423 2080 Eustathius
1438 2059 1444 2079 :
1462 2064 1472 2076 -
1488 2052 1581 2084 Quam
1601 2052 1626 2080 si
1641 2052 1804 2080 dixerimus
1822 2053 1903 2089 inge-

1075 2095 1178 2131 nitam,
1201 2096 1266 2124 sine
1286 2096 1376 2124 dubia
1400 2096 1541 2131 coasquari
1563 2096 1623 2124 Deo
1643 2096 1673 2124 in
1697 2098 1904 2133 promerendis

1075 2140 1238 2169 aestimatur
1253 2140 1425 2169 honoribus.
1445 2151 1455 2167 ι

1110 2193 1170 2222 Col.
1194 2195 1263 2222 310
1286 2196 1313 2221 7.
1340 2193 1444 2222 Melius
1472 2193 1618 2230 expressit
1640 2193 1701 2222 hinc
1729 2194 1903 2228 Carnarius,

1074 2246 1162 2274 quam
1178 2238 1390 2275 Argyrapylus:
1406 2248 1417 2262 ι
1430 2240 1469 2266 Ex
1484 2238 1537 2266 hoc
1552 2240 1650 2266 autem
1667 2239 1814 2275 contingit
1830 2240 1904 2276 ipsis

1075 2291 1181 2319 negare
1197 2291 1334 2319 magnum
1345 2283 1437 2310 Deum
1454 2282 1672 2311 constitutionis
1687 2292 1787 2311 rerum
1799 2285 1904 2320 praesi-

1074 2327 1140 2355 dem
1153 2335 1228 2355 esse.
1246 2339 1260 2352 »
1283 2327 1479 2363 Corrigendus
1504 2335 1590 2363 porro
1616 2327 1798 2361 Eustathius,
1824 2329 1903 2364 apud

1073 2380 1159 2408 quem
1176 2372 1332 2408 legendum
1346 2380 1352 2399 :
1369 2382 1380 2396 ι
1398 2372 1471 2399 Hinc
1487 2371 1546 2399 illis
1560 2372 1629 2399 data
1643 2372 1757 2400 occasio
1774 2373 1904 2409 negandi

1072 2416 1171 2445 causis
1185 2416 1277 2444 Deum
1294 2425 1419 2452 praeesse
1430 2416 1625 2451 mundanis,»
1642 2425 1693 2453 pro
1711 2428 1722 2441 ι
1741 2418 1901 2446 occasione

1071 2461 1177 2497 grandi
1192 2461 1300 2489 causis.
1318 2473 1329 2487 ι

1107 2505 1179 2532 Ibid.
1198 2507 1220 2532 Ι)
1240 2506 1267 2532 5.
1287 2505 1677 2533 Ventilabrum.Tilimannus
1699 2508 1859 2534 annotarat
1874 2507 1903 2535 in

1072 2549 1150 2576 hunc
1178 2549 1297 2584 locum,
1321 2549 1426 2586 legisse
1459 2550 1672 2586 Argyropylum
1702 2548 1819 2587 ἄροτρον
1851 2561 1904 2587 pro

1071 2592 1169 2627 πτύον,
1197 2597 1386 2630 aratrumque
1415 2595 1549 2627 vertisse,
1578 2602 1636 2622 non
1665 2595 1865 2624 ventilabrum
1895 2605 1902 2624 :

1072 2638 1236 2674 Hesychius
1252 2647 1259 2667 :
1276 2638 1375 2665 Ιιτύον·
1406 2637 1496 2673 ξύλον,
1523 2637 1550 2665 ἐν
1579 2638 1602 2673 ᾦ
1631 2636 1831 2676 διαχωρίζουσι
1856 2640 1902 2667 τὸν

1070 2685 1142 2710 σῖτον
1159 2683 1211 2710 ἀπὸ
1227 2684 1277 2709 τοῦ
1293 2682 1409 2719 (ix-5900‘
1423 2695 1436 2708 α
1453 2683 1626 2719 ;.ignum,in
1642 2691 1700 2719 qua
1716 2683 1902 2712 frumentum

1071 2737 1087 2755 a
1104 2727 1186 2764 palea
1203 2730 1350 2763 separant.
1365 2738 1377 2753 1
1391 2727 1445 2756 Alii
1456 2727 1557 2755 volunt
1568 2727 1663 2763 palam
1680 2728 1810 2763 ligneam
1827 2737 1904 2761 esse.

1071 2781 1130 2808 qua
1153 2773 1268 2801 semina
1283 2780 1316 2800 ex
1339 2781 1441 2800 accrva
1465 2774 1615 2801 sumentes
1630 2771 1766 2808 agricolae
1790 2774 1828 2801 ab
1845 2782 1904 2802 una

1071 2826 1143 2846 area:
1159 2817 1342 2845 extremitate
1357 2817 1388 2845 in
1399 2817 1522 2845 alteram
1534 2818 1635 2845 contra
1645 2818 1764 2844 ventum
1773 2817 1901 2852 jactant.
