2011 3142
119 183 178 213 977

658 182 710 213 AD
733 178 922 211 HOMlLIAS
945 177 988 208 1M
1010 178 1296 211 HEXAEMERON.

1770 186 1829 217 978

120 252 153 277 ut
169 249 227 277 ista
235 250 426 278 ventilatione
437 259 453 278 ει
464 250 583 286 pulvere
591 251 619 276 et
629 247 763 276 aceribus
775 247 947 282 purgentur.
964 245 992 278 Α
1007 244 1196 280 prehendit.»
1206 246 1240 273 Et
1251 246 1325 274 hanc
1341 246 1433 275 fuisse
1449 247 1604 276 lectionem
1623 250 1720 278 textus
1731 248 1830 280 Basilii

120 293 318 324 Eustathius:
343 306 357 320 «
382 294 427 322 Sic
453 293 680 330 agricultoribus
701 291 908 320 ventilabrum.
935 301 945 314 ι

120 338 212 366 Paulo
229 341 295 375 post
309 347 334 366 c.
352 339 376 373 1,
394 348 452 367 non
467 338 579 376 ἆῤῥήτῳ
596 341 628 366 ut
658 339 719 365 erat
738 336 767 363 in
794 335 880 363 Basil.
897 335 947 362 sed

119 381 251 420 ἀρῥήκτῳ
266 383 422 419 legendum
439 391 473 411 ex
491 383 606 411 duobus
631 381 730 418 Regiis
753 389 825 408 mss.
841 382 947 408 Eusta-

119 428 231 456 thiusm
239 427 459 456 Iuviolabilibus
466 427 618 463 cujusdam
626 424 946 454 concordizevinculis.»

155 476 217 505 Col.
233 478 269 505 35
288 477 308 506 C
326 478 354 505 5.
369 478 454 506 Juxta
476 476 678 511 intelligentiae.
690 473 897 511 Argyropylus,
914 474 947 499 ut

119 523 224 549 monet
239 521 451 557 Montacutius,
466 521 598 549 ediderat
612 530 627 545 «
644 528 700 556 prae
713 518 879 546 intellectus
900 516 944 544 sui

117 566 233 594 ratione
249 566 442 599 contendunt,
460 577 474 591 ››
491 565 541 593 sed
555 567 583 592 et
598 565 653 593 hoc
669 563 768 591 minus
783 564 944 595 recte,cum

115 610 164 638 hic
183 608 288 637 διάνοια
304 619 363 638 non
378 609 572 644 intellectum,
583 610 633 637 sed
650 616 769 636 sensum
788 609 817 635 et
828 608 945 634 senten-

113 655 188 682 tiam
215 655 333 683 iudicet.
359 655 533 683 Eustathius
558 654 641 687 dixit,
670 664 684 680 ι
708 651 872 681 obscuritas
900 652 945 678 est

114 699 281 727 secundum
306 699 447 727 rationem
461 707 588 732 sensus;
608 709 622 723 »
640 698 807 731 Carnarius,
832 697 944 731 «juxta

114 743 271 772 sententiae
286 744 540 780 consequentiam,
551 754 565 768 η
577 743 646 779 quia
660 742 800 769 nimirum
816 740 942 768 tenebrae

113 787 174 816 luci
189 791 400 824 opponuntur;
414 791 443 816 et
456 788 595 823 tenebrae,
611 794 737 823 quarum
753 786 890 822 princeps
898 786 943 812 est

113 833 261 867 diabolus,
278 833 337 862 Deo
352 833 515 861 contrariae.

150 882 225 910 Ibid.
246 882 266 911 C
291 883 336 910 4?.
352 883 423 919 Lupi
445 890 550 918 graves.
567 881 743 909 Addidimus
766 879 939 915 epithetum,

113 927 192 964 quod
209 930 255 955 est
269 927 403 956 additum
420 929 449 955 et
463 928 602 955 Actorum
622 935 668 960 xx,
684 926 719 953 29
737 933 743 952 :
765 922 940 952 Εἷσιλεύσον-
957 930 978 963 Β

110 982 155 998 ται
187 971 254 1008 μετὰ
281 972 332 1006 τήν
360 970 448 1008 ἄφιξίν
473 981 525 1007 μου
555 969 633 998 λύκοι
666 968 939 1007 βαρεῖς⁴1ηιναὺιιηί

109 1018 172 1053 post
195 1016 387 1044 discessionem
411 1024 503 1044 meam
527 1015 586 1051 lupi
605 1023 728 1051 rapaces.
745 1014 788 1041 lta
802 1012 936 1048 Vulgata,

110 1061 362 1098 quemadmodum
379 1062 408 1089 et
425 1060 594 1088 Eustathius
614 1059 669 1087 hoc
691 1059 765 1093 loco,
781 1069 796 1083 «
813 1058 862 1094 qui
879 1065 937 1085 non

109 1105 172 1142 lupi
190 1108 332 1142 raptores,
345 1105 521 1134 dilaniautes
532 1105 670 1141 gregem?
680 1115 693 1129 η
703 1105 782 1132 Idem
799 1102 934 1138 subjicit:

111 1163 125 1177 ει
141 1151 215 1179 Hinc
226 1150 381 1179 Marcionis
393 1153 421 1178 et
431 1150 590 1183 Valentini,
603 1151 631 1177 et
643 1148 830 1177 exsecrabilis
841 1147 936 1175 Mani-

109 1196 257 1224 chaeorum
270 1197 350 1224 secta
362 1195 522 1223 manavit.»
533 1195 616 1231 Apud
629 1193 843 1230 Argyropylum
859 1192 935 1227 lege-

109 1240 198 1268 batur
216 1251 226 1265 ε
245 1239 455 1272 Valentiniani,
467 1250 481 1265 »
499 1239 548 1267 sed
566 1240 667 1266 auctor
681 1237 802 1265 haeresis
811 1236 866 1264 fuit
880 1236 935 1264 Va-

108 1284 254 1318 lentinus,
266 1286 424 1312 sectatores
438 1284 503 1320 ejus
518 1282 726 1311 Valentiniani.

144 1334 205 1362 Col.
218 1334 254 1361 39
273 1334 295 1362 B
307 1334 334 1361 5.
349 1332 384 1360 T6
399 1332 491 1361 κακόν.
509 1333 588 1361 Istud
615 1332 702 1360 etiam
727 1340 762 1360 ex
784 1331 934 1360 codicibus

107 1378 230 1415 scriptis
245 1378 378 1406 additum
391 1377 496 1406 asserit
507 1377 714 1411 Montacutius,
726 1377 803 1412 quod
814 1377 872 1404 duo
884 1378 935 1404 Re-

107 1423 146 1460 gii
165 1423 260 1451 nostri
277 1431 332 1451 non
348 1424 524 1459 agnoscunt,
541 1422 590 1450 sed
608 1421 791 1454 Eustathius,
804 1432 818 1446 ‹‹
835 1420 935 1456 Neque

105 1468 184 1496 enim
202 1468 225 1496 si
244 1467 355 1496 malum
374 1475 406 1496 ex
423 1467 599 1495 necessitate
618 1466 817 1499 descenderet,
834 1467 934 1493 tantus

105 1512 297 1548 peccantibus
312 1511 411 1548 legum
428 1513 526 1539 metus
542 1510 758 1538 incumberet.»
769 1509 858 1537 Paulo
868 1511 935 1546 post

104 1557 299 1584 scribendum
326 1556 381 1584 hoc
412 1555 486 1589 loco,
506 1566 519 1582 ε
547 1555 724 1590 immineret,
752 1563 842 1591 pinna:
867 1562 933 1582 vero

100 1601 284 1638 judiciorum
297 1602 357 1629 tam
372 1600 557 1628 inevitabiles
572 1601 681 1628 essent.
701 1611 712 1624 ι

140 1650 215 1679 Ibid.
239 1650 259 1679 C
290 1650 332 1677 12.
359 1649 388 1678 Si
423 1649 492 1685 quid
518 1651 578 1677 erat
604 1650 677 1677 ante.
705 1648 864 1685 Exscripsit
897 1649 932 1677 ad

104 1695 226 1723 verbum
240 1695 318 1722 hunc
330 1694 426 1722 locum
438 1702 533 1730 usque
547 1694 581 1722 ad
599 1693 664 1721 illas
678 1692 831 1728 dictiones,
842 1693 934 1729 σώμα-

105 1749 152 1770 τος
168 1738 340 1777 πρυπέστη,
361 1738 573 1774 Tbeodoretus,
589 1737 750 1774 quaestione
764 1739 782 1766 6
801 1739 829 1766 in
845 1738 932 1767 Gene-

106 1786 172 1819 sim,
189 1786 218 1813 et
233 1783 367 1820 quamvis
382 1783 430 1811 hic
451 1784 491 1812 ita
509 1783 636 1812 Basilius
655 1782 735 1819 loqui
751 1783 884 1811 videatur
899 1784 933 1812 de

108 1828 282 1865 angelorum
308 1828 462 1857 existentia
485 1830 553 1856 ante
581 1827 684 1856 mundi
700 1828 885 1864 creationem,
902 1830 934 1856 ut

107 1874 235 1909 dubitet,
262 1872 305 1900 vel
332 1881 368 1901 ex
397 1872 599 1909 suppositione
624 1873 659 1900 de
674 1872 711 1900 iis
725 1874 792 1907 agat
812 1874 931 1900 :tamen

107 1918 231 1946 homilia
243 1918 254 1945 t
267 1917 385 1946 disertis
398 1917 494 1945 verbis
505 1919 534 1944 et
548 1917 612 1945 sine
624 1916 808 1944 dubitatione
818 1917 931 1952 asserit,

105 1961 136 1989 in
145 1961 260 1990 lumine
269 1963 382 1989 creatos
390 1961 480 1989 fuisse
489 1961 640 1989 beatarum
652 1959 793 1988 mentium
802 1961 931 1996 ordines,

106 2014 173 2042 pag.
204 2006 222 2033 5
249 2015 255 2033 :
282 2005 336 2036 Τὰς
366 2004 480 2043 λογικὰς
511 2004 556 2032 καὶ
590 2004 722 2042 ἀοράτοος
756 2004 859 2043 φύσιις,
886 2004 931 2032 καὶ

105 2053 191 2077 πᾶσαν
206 2050 257 2084 τὴν
272 2051 325 2077 τῶν
340 2051 446 2085 νοητῶν
463 2048 642 2086 διακόσμησιν
669 2050 729 2082 0υο
750 2050 856 2077 factum
876 2052 930 2084 est,

105 2097 137 2123 ut
153 2095 215 2122 haec
235 2095 264 2122 in
280 2103 365 2123 suam
386 2095 575 2130 quaestionem
592 2097 702 2122 sextam
719 2094 848 2122 inserere
872 2103 930 2122 non

105 2139 285 2167 dubitaverit
308 2139 517 2172 Tbeodoretus,
533 2140 690 2174 postquam
713 2138 826 2166 dixerat
849 2146 929 2174 quaa—

103 2184 200 2212 alioue
216 2183 302 2212 tertia
317 2191 324 2210 ε
341 2182 621 2221 Συνομολογουμένου
645 2180 674 2209 δὶ
692 2181 800 2218 τούτου,
815 2184 855 2218 τῷ
880 2185 930 2218 τῆς

104 2225 244 2259 εὐσεϐείας
272 2227 302 2255 οὐ
331 2227 491 2264 λυμαίνεται
521 2226 598 2265 λόγῳ
611 2227 643 2255 τὸ
658 2227 712 2265 πρὸ
740 2227 855 2266 οὖροινοῦ
883 2228 928 2256 καὶ

103 2274 154 2310 γῆς
184 2275 346 2310 γιγενῆσθαι
375 2271 464 2310 λεγειν
491 2273 545 2300 τῶν
572 2271 693 2311 ἀγγέλων
719 2272 782 2304 τοὺς
812 2271 926 2309 δήμους·

1004 297 1040 316 ex
1056 290 1207 318 Eustathio
1218 291 1321 326 conjici
1340 294 1445 327 potest,
1460 293 1510 328 qui
1527 293 1613 321 vertit
1628 302 1636 322 :
1654 305 1668 320 «
1683 295 1720 322 Ut
1736 297 1830 332 possit

1003 342 1047 368 ea,
1057 342 1122 370 quae
1132 334 1315 363 extrinsecus
1330 335 1476 364 habentur
1490 337 1526 364 ab
1541 337 1730 367 interioribus
1740 349 1826 377 sepa-

1003 388 1108 407 rare.»
1126 380 1257 416 Denique
1277 379 1500 419 ἐναπολειφθὲντα
1524 383 1601 411 idem
1625 384 1825 415 Tbeodoretus

1002 424 1091 452 habet
1105 433 1173 453 cum
1189 426 1304 454 duobus
1321 427 1428 463 Regiis,
1440 436 1497 455 non
1513 426 1742 467 ἑναποληφθὲντα.

1037 473 1096 502 Col.
1114 475 1147 501 43
1159 475 1181 502 Α
1200 475 1243 502 14.
1260 475 1316 503 Sed
1340 477 1398 504 viri
1420 477 1494 512 Syri.
1511 478 1672 506 Annotarat
1695 479 1725 507 in
1746 479 1824 509 hunc

1001 517 1098 545 locum
1113 518 1297 554 Tilmannus,
1309 519 1354 547 vel
1366 520 1442 548 alius
1453 521 1613 557 quispiam,
1629 522 1764 559 Ephriem
1776 525 1825 562 Sy-

1001 572 1067 592 rum
1079 564 1313 601 intelligendum,
1330 574 1416 602 quem
1437 566 1486 594 alii
1506 568 1619 596 addunt
1637 570 1780 606 aequalem
1796 573 1825 600 et

999 616 1141 644 perquam
1157 609 1331 638 familiarem
1346 610 1436 639 fuisse
1447 612 1555 640 Basilio
1566 614 1628 645 ;sed
1641 616 1670 642 et
1681 615 1824 644 Diodorus

999 653 1152 681 Tarsensis
1162 653 1240 682 idem
1256 655 1293 682 de
1306 655 1394 683 verbo
1407 656 1545 684 Hebraico
1559 663 1668 689 unum
1692 660 1777 688 docet
1791 661 1821 688 in

1000 697 1109 725 Catena
1126 698 1272 734 Zephyri:
1289 697 1418 726 Βούλεται
1443 700 1460 733 ἠ
1485 697 1613 737 Ἐϐραϊχὴ
1635 701 1706 737 λέξις
1729 704 1746 738 ἡ
1772 706 1821 731 τοῦ

998 739 1141 779 ἐπεφέρετο
1170 742 1324 778 σημαίνειν,
1342 743 1383 770 ὅτι
1407 743 1527 782 καθάπερ
1551 743 1625 782 ὅρνις
1653 746 1693 774 ὠὰ
1721 746 1819 776 θάλπέι

997 787 1056 830 ταῖς
1072 786 1196 823 πτέρυξιν
1210 786 1323 817 ἁπαλῶς
1340 786 1513 824 ἐφαπτομένη
1543 789 1581 821 εἷς
1608 791 1639 818 τὸ
1662 794 1816 830 ζωογονεῖν·

996 829 1067 857 οὕτω
1082 830 1127 857 καὶ
1155 830 1186 858 τὸ
1214 832 1324 867 Πνεῦμα
1353 831 1494 871 ἐπεφέρετο
1517 836 1576 866 τοῖς
1599 833 1676 862 ὕδασι
1693 829 1818 871 ζώοθαλ-

995 875 1073 900 ποῦν·
1091 887 1104 900 ‹‹
1122 875 1263 904 Hebraica
1275 876 1362 904 dictio
1378 885 1430 913 pro
1446 885 1504 913 qua
1519 886 1572 907 nos
1587 879 1731 909 habemus
1743 882 1817 910 fere-

995 920 1092 955 batur,
1103 919 1177 948 illud
1195 928 1247 956 per
1261 928 1292 948 se
1306 921 1423 948 videtur
1433 921 1608 958 signiﬁcare,
1621 925 1700 960 quod
1713 925 1790 954 sicut
1801 935 1817 955 a

993 964 1103 1000 gallina
1114 965 1248 993 foveatur
1262 973 1323 998 ova,
1341 966 1413 993 dum
1433 966 1488 994 alis
1499 967 1535 995 ab
1551 975 1585 995 ea
1599 967 1704 997 leniter
1727 972 1817 999 attre-

993 1010 1121 1043 ctantur,
1133 1012 1166 1037 ut
1177 1009 1308 1037 animata
1315 1010 1493 1038 reddantur:
1510 1011 1550 1039 ita
1561 1020 1678 1048 quoque
1690 1014 1816 1050 Spiritus

993 1061 1081 1089 super
1090 1062 1182 1089 aquas
1195 1054 1786 1092 ferebatur,utsuoillasteporeanimaret.
1802 1072 1813 1086 ι

993 1098 1186 1134 Hieronymus
1204 1098 1234 1125 in
1261 1099 1359 1132 Quaest.
1381 1099 1523 1128 Hebraicis
1540 1108 1574 1128 ιιι
1599 1102 1654 1129 Pro
1674 1110 1707 1131 eo
1736 1105 1814 1140 quod

992 1142 1021 1170 in
1037 1142 1146 1170 nostris
1163 1142 1314 1170 codicibus
1327 1143 1470 1179 scriptum
1481 1146 1537 1180 est,
1546 1145 1698 1181 ferebatur,
1715 1148 1744 1175 in
1759 1149 1813 1176 He-

990 1188 1067 1216 brst
1081 1188 1170 1216 habet
1183 1188 1372 1224 meraephelh,
1385 1189 1463 1224 quod
1480 1198 1533 1218 nos
1546 1191 1694 1227 appellare
1709 1202 1814 1229 possu-

990 1241 1073 1261 mus:
1085 1233 1255 1265 incubabat,
1266 1233 1328 1260 sive
1337 1233 1518 1268 confovebat,
1536 1234 1565 1262 iu
1586 1235 1812 1267 similitudinem

989 1276 1116 1305 volucris
1132 1284 1186 1304 ova
1201 1276 1295 1305 calore
1309 1277 1527 1306 animautis.Ex
1546 1287 1604 1314 quo
1616 1280 1811 1318 intelligimus

989 1330 1047 1349 non
1063 1322 1098 1350 de
1109 1321 1215 1357 spiritu
1231 1322 1335 1350 mundi
1345 1321 1412 1357 dici,
1426 1324 1458 1349 ut
1474 1323 1607 1351 nonnulli
1622 1325 1812 1361 arbitrentur,

989 1367 1040 1394 sed
1054 1366 1088 1394 de
1100 1366 1210 1402 Spiritu
1222 1366 1387 1402 sancto,qui
1401 1367 1500 1403 etipss
1508 1367 1670 1396 viviﬁcator
1677 1371 1808 1400 omnium

988 1420 1005 1439 a
1021 1411 1165 1447 principio
1176 1411 1293 1438 dicitur.
1307 1420 1319 1436 ιι
1332 1411 1490 1438 Deducitur
1504 1420 1520 1438 a
1536 1411 1633 1440 radice
1654 1418 1715 1446 Dm
1746 1423 1810 1451 quas

988 1457 1096 1485 moveri
1109 1456 1268 1493 signiﬁcat,
1278 1459 1329 1484 aut
1339 1464 1454 1484 movere
1465 1465 1495 1485 se
1502 1459 1679 1494 expansioue
1694 1463 1723 1488 et
1738 1461 1812 1490 dila-

988 1502 1098 1529 tatione
1113 1501 1238 1532 alarum.
1255 1503 1287 1528 ut
1302 1500 1397 1529 solent
1411 1509 1478 1529 aves
1489 1502 1578 1538 pullis
1588 1503 1813 1542 incubantes,ut

988 1549 1071 1574 Deut.
1085 1554 1174 1579 xxxii,
1193 1546 1221 1574 11
1239 1555 1245 1574 :
1262 1546 1296 1573 Et
1307 1554 1392 1582 super
1404 1547 1495 1582 pullos
1506 1555 1569 1576 suos
1580 1549 1709 1578 volitans.

1024 1595 1085 1623 Col.
1097 1595 1131 1622 46
1151 1596 1173 1622 Α
1190 1595 1233 1622 10.
1248 1595 1372 1623 Deducit.
1389 1596 1445 1624 Aer
1459 1596 1655 1631 nimirum,ut
1669 1601 1813 1635 expressit

989 1639 1166 1668 Eustathius
1181 1649 1187 1667 :
1202 1651 1215 1664 «
1229 1640 1309 1668 Sicut
1324 1639 1401 1668 enim
1419 1640 1539 1669 obtutus
1555 1643 1671 1670 nostros
1684 1642 1734 1672 illo
1754 1653 1815 1673 mo-

989 1686 1088 1713 mento
1099 1684 1239 1721 temporis
1250 1693 1299 1713 aer
1308 1693 1374 1713 mox
1383 1685 1419 1713 ad
1430 1694 1463 1713 ea
1471 1685 1589 1722 dirigit:
1601 1695 1661 1724 aer,
1676 1689 1809 1726 inquam,

989 1730 1025 1765 is,
1041 1730 1126 1765 cujus
1148 1731 1234 1757 antea
1253 1729 1328 1758 dixit
1344 1732 1477 1758 naturam
1493 1739 1557 1760 esse
1579 1733 1776 1769 perspicuam.
1794 1746 1808 1763 ν

989 1773 1061 1801 Ibid.
1069 1781 1093 1801 c.
1102 1772 1359 1810 1,ἒμφΘεγεάμενος.
1367 1774 1495 1802 Medicaei
1503 1775 1611 1803 codicis
1620 1784 1676 1804 non
1687 1779 1807 1807 omnino

988 1817 1202 1845 contemnenda
1220 1817 1302 1845 varia
1318 1816 1403 1845 lectio
1415 1816 1624 1855 ἐμφεγεάμενος,
1641 1831 1655 1844 ‹‹
1674 1820 1808 1855 illucens,

987 1861 1143 1898 effulgens,
1160 1873 1174 1886 »
1186 1863 1237 1889 aut
1251 1873 1265 1887 «
1281 1869 1344 1889 cum
1358 1861 1514 1891 illuxisset.
1523 1874 1537 1888 ››
1554 1863 1708 1901 Φὲγγουσαν
1724 1874 1810 1902 expo-

987 1907 1032 1934 nit
1045 1906 1208 1942 Hesychius
1229 1904 1448 1943 λαμπρύνουσαν.
1465 1907 1499 1935 Et
1522 1908 1609 1944 paulo
1631 1911 1698 1945 post
1725 1919 1809 1939 men-

986 1952 1056 1979 dose
1073 1950 1241 1978 Basiliensis
1256 1950 1360 1978 habuit
1371 1949 1533 1987 τυπόμενον,
1549 1960 1601 1988 pro
1616 1961 1673 1989 quo
1689 1954 1747 1983 duo
1758 1957 1810 1983 Re.

984 1995 1036 2032 gii,
1051 1993 1231 2031 τυποιίιμινον,
1246 2006 1256 2020 ι
1274 1995 1459 2024 elformatum
1475 1996 1591 2033 lingua;
1604 2009 1619 2023 »
1635 1998 1809 2029 Eustathius

985 2042 1084 2068 tamen
1101 2039 1225 2075 vulgatae
1249 2040 1428 2076 suffragatur
1453 2040 1581 2077 lectioni,
1598 2052 1612 2067 «
1635 2050 1688 2071 nec
1710 2051 1807 2072 aerem

984 2085 1086 2121 lingua
1099 2084 1285 2112 verberatum
1296 2092 1470 2113 sermonem.
1489 2097 1500 2112 1

1020 2133 1080 2162 Col.
1097 2134 1131 2161 49
1156 2136 1178 2160 Β
1205 2133 1232 2161 3.
1260 2132 1529 2170 Ευνυπακουομὲνης.
1550 2134 1612 2163 Vox
1642 2137 1705 2172 μιᾶς
1733 2136 1806 2165 dua.

983 2178 1040 2207 bus
1053 2178 1169 2206 inclusa
1178 2176 1301 2214 virgulis
1312 2177 1412 2206 aberat
1423 2187 1439 2206 a
1447 2178 1563 2207 duobus
1574 2179 1671 2215 Regiis
1688 2187 1760 2208 mss.
1777 2182 1806 2209 et

983 2224 1020 2251 ab
1030 2231 1088 2251 uno
1098 2222 1230 2259 Anglico.
1241 2222 1431 2251 Eustathius:
1443 2234 1456 2249 ‹‹
1468 2223 1719 2254 Subaudientibus
1728 2225 1805 2254 vide-

983 2267 1051 2296 licet
1075 2268 1170 2302 uobis,
1199 2267 1268 2303 quia
1288 2268 1507 2305 nuncupatione
1530 2269 1588 2297 diei
1607 2277 1664 2297 nox
1687 2277 1805 2306 quoque

105 2300 115 2342 ul
133 2300 196 2346 Hoc.
210 2300 308 2345 autem
325 2300 475 2352 concesso,
492 2317 515 2346 si
533 2300 601 2354 quis
612 2300 797 2354 laugelorum
825 2300 928 2347 turbas

992 2312 1069 2340 lehet
1078 2300 1217 2348 intelligi:
1230 2323 1245 2338 υ

101 2363 171 2390 ante
196 2361 304 2390 ccelum
330 2364 358 2389 et
382 2363 491 2390 terram
508 2362 641 2390 conditas
656 2370 721 2391 esse
736 2361 850 2398 dixerit,
868 2371 926 2391 non

101 2406 232 2435 oll‘endet
245 2407 366 2435 verbum
382 2406 500 2442 pietatis
516 2414 522 2435 :
542 2418 552 2432 ι
571 2409 600 2435 et
610 2407 671 2435 haec
685 2407 741 2436 fuit
761 2415 835 2444 pene
849 2416 926 2436 com-

101 2451 204 2480 munis
218 2450 386 2479 Graecorum
401 2451 521 2479 Patrum
539 2451 685 2479 sententia
700 2460 709 2479 :
725 2452 774 2480 sed
791 2452 923 2486 alteram,

100 2505 164 2533 quae
178 2496 276 2524 sancti
287 2496 507 2532 Augustiniest,
519 2497 577 2525 fere
587 2504 700 2532 omnes,
714 2497 764 2532 qui
784 2499 851 2533 post
865 2500 924 2525 Au-

98 2541 253 2578 gustinum
261 2541 362 2569 Latine
374 2540 832 2578 scripserunt,sequuntur.Apud
843 2549 924 2569 eum-

99 2587 166 2614 dem
178 2585 397 2614 Theodoretum
415 2585 522 2622 legitur
541 2587 594 2613 τῶν
611 2585 719 2624 ἀγαθῶν
735 2583 922 2623 ἐπαγγελίαις,

98 2640 156 2659 non
175 2631 231 2658 τῶν
261 2629 358 2667 ἁγίων·
375 2630 460 2667 eique
488 2631 604 2660 lectioni
630 2632 728 2659 favent
754 2631 812 2659 duo
841 2631 922 2667 Regii

96 2676 223 2710 codices,
241 2677 269 2702 et
283 2675 465 2712 Eustathius,
482 2687 497 2701 ‹‹
522 2676 552 2704 in
576 2676 721 2704 bonorum
750 2675 922 2712 promissio-

97 2719 184 2747 uibus
200 2718 365 2754 operitur.»
379 2721 494 2748 Rursus
509 2721 588 2756 quod
603 2720 746 2756 sequitur,
762 2719 854 2746 ἱκανὸν
867 2720 920 2746 τῶν

96 2761 156 2798 ἔξω,
174 2763 292 2791 inverso
312 2763 416 2792 ordine
443 2765 561 2793 exhibet
589 2765 800 2800 Tbeodoretus,
830 2763 921 2791 ἱκανὸν

94 2809 148 2835 τῶν
162 2804 239 2834 ἔνδον
257 2805 400 2842 διαστῆσαι
414 2808 449 2836 τὰ
462 2807 523 2844 ἔξω.
540 2820 556 2835 ‹‹
571 2809 652 2842 Quod
678 2809 772 2845 possit
795 2816 839 2845 ea,
855 2817 919 2845 quas

95 2852 166 2882 toris
180 2851 240 2881 sita
254 2854 336 2886 sunt,
351 2860 487 2890 separare
501 2853 538 2882 ab
551 2853 599 2890 iis,
611 2861 676 2890 qua
691 2853 769 2882 intra
788 2861 819 2882 se
840 2860 918 2882 com-

1017 2356 1076 2386 Col.
1088 2357 1123 2384 50
1138 2359 1159 2384 Β
1176 2357 1219 2384 14.
1235 2357 1275 2385 An
1289 2365 1321 2385 ea
1337 2357 1418 2386 ratio.
1434 2357 1500 2386 Haec
1521 2358 1562 2386 ita
1587 2366 1653 2387 cum
1675 2367 1803 2396 sequen-

979 2402 1221 2438 tibusjungeuda
1233 2403 1312 2437 sunt,
1325 2404 1356 2430 ut
1366 2403 1555 2440 interrogatio
1565 2412 1659 2441 usque
1667 2404 1702 2432 ad
1714 2404 1802 2434 finem

978 2446 1090 2483 periodi
1102 2446 1263 2482 ditl‘eratur,
1272 2457 1287 2472 «
1297 2447 1404 2483 septies
1415 2448 1596 2483 redeuutem,
1605 2460 1618 2474 »
1629 2450 1658 2477 et
1668 2448 1802 2478 deleatur

979 2500 1033 2520 vox
1048 2503 1062 2517 (ι
1079 2499 1149 2519 sane
1165 2502 1179 2516 »
1195 2491 1250 2519 hoc
1265 2491 1351 2520 modo
1368 2501 1375 2520 :
1394 2503 1408 2517 (ι
1423 2493 1540 2521 Litteris
1554 2494 1680 2522 traditur
1698 2502 1705 2521 :
1724 2496 1800 2522 Deus

978 2536 1120 2564 nimirum
1132 2536 1181 2572 qui
1193 2536 1369 2573 temporis,»
1377 2539 1431 2566 etc.
1440 2538 1628 2566 Eustathius:
1641 2537 1710 2566 «Vel
1721 2538 1800 2566 sicut

977 2582 1117 2610 secretior
1126 2581 1216 2609 tradit
1230 2582 1314 2617 ratio,
1331 2582 1408 2611 Deus
1424 2592 1489 2611 cum
1507 2586 1642 2611 naturam
1658 2583 1800 2619 temporis

977 2628 1156 2663 procrearet.
1171 2635 1185 2653 ι
1205 2628 1278 2655 Item
1293 2626 1378 2663 illud,
1393 2629 1473 2654 τοῦτο
1489 2626 1517 2654 δὲ
1531 2626 1672 2661 κυκΑιχόν,
1688 2627 1731 2655 sic
1739 2635 1802 2655 ver-

977 2672 1099 2700 tendum
1117 2674 1162 2700 est
1177 2681 1184 2701 ε
1202 2683 1216 2698 ‹‹
1234 2671 1300 2700 Haec
1315 2674 1414 2700 autem
1437 2674 1481 2701 est
1496 2671 1649 2700 circularis
1665 2672 1769 2708 ﬁgura,
1785 2680 1802 2700 a

977 2716 1074 2753 seipse
1089 2716 1209 2745 initium
1227 2725 1352 2745 sumere.
1366 2728 1380 2742 υ

1010 2764 1069 2793 Gol.
1084 2765 1120 2792 52
1140 2767 1164 2792 Α
1178 2765 1206 2793 5.
1221 2765 1280 2793 Ἵνα
1298 2764 1325 2792 τί
1342 2765 1416 2802 ὑμῖν.
1433 2765 1523 2793 Paulo
1548 2765 1632 2794 aliter
1655 2772 1687 2793 se
1713 2764 1801 2795 habet

973 2808 1058 2837 locus
1074 2809 1150 2845 apud
1178 2809 1372 2845 prophetam:
1389 2808 1454 2836 Οὐαὶ
1478 2809 1504 2836 οι
1525 2808 1722 2846 ἑπιθυμοῦντις
1749 2810 1798 2844 τὴν

973 2852 1080 2891 ἡμέραν
1110 2852 1219 2890 Κυρίου.
1249 2853 1307 2882 Ἵνα
1333 2852 1360 2881 τί
1390 2852 1457 2889 αὕτη
1490 2853 1554 2890 ὑμῖν
1583 2853 1602 2888 ἡ
1631 2852 1722 2892 ἠμίρα
1749 2854 1799 2881 τοῦ
