2011 3142
219 165 279 196 979

820 170 937 202 NOTAE
959 170 1140 200 FRONTON
1148 169 1180 200 IS
1202 168 1332 200 DUCIEI

1867 166 1930 196 980

220 227 337 263 Kuplou;
354 228 406 257 Καὶ
422 228 489 265 αὕτη
506 230 561 258 ἐστὶ
575 231 682 267 σκότος,
697 233 742 260 καὶ
761 233 792 260 οὐ
807 236 863 271 φῶς
877 243 882 249 ·
910 236 953 263 Vae
975 235 1035 262 dest

1101 233 1164 261 loco
1181 232 1275 265 Pauli,
1294 233 1318 259 Il
1333 231 1462 259 Corinth.
1478 239 1528 266 xu,
1543 232 1571 264 2,
1588 231 1637 258 ubi
1653 230 1928 266 scribitApostolus

218 272 382 301 iterantibus
396 274 468 302 dicm
483 277 607 305 Domini.
626 278 658 305 Ut
673 278 738 313 quid
761 278 820 307 hunc
835 279 908 306 vobis
922 279 979 307 dies
994 280 1048 307 Do-

218 318 311 345 mini?
321 319 354 346 Et
367 326 400 346 ea
415 322 454 347 est
469 321 598 354 tcnrbraz,
614 323 640 349 et
660 331 714 350 non
732 323 791 350 lux.
807 324 890 359 Apud
907 323 1046 360 Cyrillum

220 361 349 405 legitur:
377 363 434 391 Ἵνα
461 364 486 390 τί
515 364 603 392 τοίνυν
630 365 710 400 αὐτὴ,
733 367 825 405 φησὶν,
852 368 927 403 ὑμῖν,
951 367 1047 398 σκότος

220 404 298 440 οὖσα,
326 406 371 433 καὶ
400 407 431 434 οὐ
462 410 540 445 φῶς;
571 411 620 436 Διά
658 421 700 438 τοι
737 412 768 439 τὸ
802 411 943 443 πλείσταις
971 412 1045 443 ὅσαις

219 449 426 485 ἀναπεπλῆσθαι
444 457 607 491 συμφοραῖς·
627 467 636 479 α
656 458 692 484 Ut
721 457 788 492 quid
813 457 913 493 igitur,
938 457 1044 493 inquit,

218 494 285 530 ipsa
298 496 392 532 vobis,
409 505 473 533 quae
487 499 613 526 tenebras
629 502 683 534 est,
701 509 756 528 non
773 500 841 529 lux?
856 502 929 534 Quia
957 502 1044 529 nimi-

218 548 283 567 rum
299 540 385 577 longe
401 542 540 577 plurimis
565 544 785 574 calamitatibus
810 546 1012 583 opplebimini.
1030 558 1044 572 η

218 583 344 620 Vulgata
358 585 470 622 Latina,
484 587 524 615 Ad
539 589 605 624 quid
629 597 694 617 eam
713 591 810 619 vobis?
824 591 975 626 nimirum,
991 601 1043 628 op-

214 630 284 657 tatis
301 631 436 659 advenire
448 632 461 659 ?
477 635 578 669 Itaque
594 634 629 662 ad
652 643 785 670 sensum,
799 645 856 664 non
873 637 907 665 ad
922 637 1042 665 verbum

217 674 319 702 citavit
333 675 412 703 hunc
428 675 524 705 locum
540 678 677 713 Basilius,
691 689 756 708 cum
774 681 845 709 dixit
861 690 868 709 :
885 693 899 707 «
917 681 952 709 Ut
972 682 1042 718 quid

215 719 300 746 vobis
316 728 445 755 quaerere
461 722 538 750 diem
554 723 693 752 Domini?
708 736 721 749 ››
738 726 785 754 Sic
805 726 882 754 enim
898 726 1042 764 interpre-

217 765 297 791 tatus
313 767 358 792 est
373 765 474 795 Latine
491 767 666 797 Ambrosius
682 769 734 798 lib.
750 779 770 804 ι,
787 779 812 799 c.
825 772 867 799 10.

251 817 323 862 Ibid.
353 818 384 846 B.
414 820 442 847 6.
474 819 589 848 Ἐκεῖνοι
621 820 711 860 λόγοι.
738 824 798 852 Duo
827 825 905 860 Regii
939 825 1041 862 legunt

213 859 327 896 ἐκείνης,
349 864 378 890 et
402 863 574 894 Eusnthius
601 867 792 904 suﬁ'ragatur,
809 879 823 894 «
838 859 887 897 sed
913 859 1039 906 vespera:

211 905 294 935 illius
308 908 447 936 narratio.
465 920 480 934 ››

213 995 218 1001 Ι
248 951 308 1001 Col.
426 956 454 982 2.
471 955 536 992 Περὶ
557 958 610 984 τῶν
634 957 762 995 πρώτων.
778 961 969 988 Emendanda
992 963 1036 989 est

211 997 375 1042 inscriptio,
392 998 459 1027 licet
475 1008 539 1028 eam
567 1003 721 1038 praeferant
747 1005 938 1042 manuscripti
969 1006 1036 1042 qui-

211 1041 290 1077 dam,
308 1050 342 1070 ex
357 1043 513 1073 oscitantis
528 1045 728 1084 librariorum,
744 1058 795 1085 pro
810 1050 872 1086 περὶ
890 1041 943 1078 τῶν
973 1041 1036 1087 τρό-

210 1095 268 1112 πων
281 1089 332 1120 τῆς
351 1087 490 1124 γενέσεως.

212 1173 218 1179 ι
247 1130 306 1179 I101.
322 1131 361 1179 54,
374 1134 403 1160 Β.
421 1133 450 1179 4(
466 1134 554 1168 Quam
577 1137 789 1166 commodarint.
812 1139 1037 1168 Immulavimus

211 1176 379 1210 interpretis
394 1178 492 1213 verba,
504 1190 517 1206 (ι
532 1188 620 1215 quam
637 1181 730 1210 fenori
746 1183 922 1212 tradiderint
937 1187 994 1213 Deo
1005 1193 1010 1212 :
1023 1196 1036 1209 ››

211 1219 321 1265 quibus
337 1220 432 1249 simile
448 1222 520 1251 illud
535 1225 676 1261 Cornarii,
691 1237 703 1253 ιι
720 1228 797 1262 quod
813 1229 953 1265 temporis
970 1238 1037 1265 pars

211 1264 248 1291 ad
263 1272 383 1292 usuram
399 1267 509 1295 tradita
525 1277 583 1296 non
614 1271 770 1305 evanescit,
788 1283 802 1296 ››
823 1275 851 1300 et
879 1264 1037 1308 Eustathii,

213 1319 227 1333 «
244 1316 312 1354 pars
328 1310 436 1338 modici
453 1313 594 1348 temporis
610 1314 739 1343 fenerata
749 1316 807 1344 Deo
819 1326 876 1345 non
892 1318 1036 1354 deperit.»

210 1353 359 1389 Ambigua
373 1357 418 1383 est
432 1364 485 1384 vox
502 1357 662 1394 fenerandi,
680 1362 707 1388 et
720 1369 796 1397 saepe
811 1362 846 1389 de
861 1353 986 1398 pecunia
1001 1363 1037 1391 ad

211 1405 333 1443 usuram
351 1401 455 1428 mutuo
471 1401 539 1429 data
559 1406 721 1439 usurpatur
737 1414 744 1433 :
761 1407 791 1433 at
812 1405 843 1432 τὸ
860 1404 1036 1443 δανείζεσθαι,

211 1442 419 1478 Aristophanis
434 1445 611 1475 Scholiastes
634 1447 666 1475 τὸ
691 1446 795 1476 δάνειον
815 1451 970 1487 distinguit
983 1451 1036 1478 ἀπὸ

211 1488 260 1513 τοῦ
268 1487 386 1522 τόχου,‹‹
395 1495 531 1519 mutuum
542 1493 719 1528 quodvis,ab
730 1503 763 1523 eo
777 1497 854 1531 quod
866 1497 902 1524 ad
915 1506 1035 1525 usuram

213 1531 313 1578 datur,
328 1544 342 1578 ν
361 1535 439 1562 unde
454 1535 570 1565 libellus
586 1537 733 1567 Plutarchi
753 1549 759 1568 :
777 1541 840 1578 Περὶ
856 1543 905 1568 τοῦ
927 1541 964 1578 μή
981 1540 1034 1569 δεῖν

212 1573 372 1625 ducit-seem
387 1587 393 1593 ·
410 1579 448 1607 De
471 1581 584 1610 vitando
611 1591 669 1611 αντε
696 1585 798 1620 alieno,
815 1573 905 1614 Irecte
927 1573 1035 1614 'Latine

211 1621 393 1670 inscribitur,
411 1632 466 1652 non
484 1628 515 1653 ut
530 1626 659 1656 Gallicus
685 1628 829 1665 interpres
853 1631 954 1666 edidit,
967 1642 981 1657 ι(
998 1634 1035 1659 De

211 1669 335 1700 pecunia
346 1670 447 1695 mutua
463 1669 498 1696 ad
514 1678 636 1699 usuram
649 1681 705 1700 non
715 1674 917 1710 accipienda,»
925 1675 967 1703 vel
976 1688 988 1700 ί(
997 1676 1036 1703 De

212 1717 270 1736 non
295 1710 462 1741 fenerando.
480 1723 493 1739 ιι
518 1715 564 1743 Sic
588 1715 808 1753 intelligendum
827 1719 900 1747 illud
930 1721 1037 1756 psalmi

212 1761 307 1790 xxxvx,
322 1756 377 1784 22:
395 1756 545 1791 Δανείζεται
560 1759 573 1786 ὁ
589 1760 764 1797 ἁμαρτωλὸς,
777 1762 822 1789 καὶ
838 1763 889 1790 ὅύκ
903 1764 1034 1791 ἀποτίσει·

209 1801 366 1834 Mutuatur,
383 1802 428 1829 vel
442 1805 685 1842 mutuum-accipit
701 1812 837 1842 peccator,
853 1811 879 1837 et
901 1818 958 1837 non
979 1811 1035 1838 sal-

207 1844 269 1875 vet;
292 1847 321 1871 et
349 1847 485 1875 Proverb.
509 1857 568 1882 xIx,
591 1849 625 1877 17
648 1859 654 1878 :
676 1851 793 1885 Δανείζει
822 1854 880 1888 Θιῷ
909 1853 922 1879 ὁ
951 1853 1034 1881 ἐλεῶν

208 1887 338 1933 τττωχόιν
354 1890 479 1919 Mutuum
505 1895 563 1921 Dea
586 1895 644 1930 dat,
661 1897 709 1931 qui
732 1887 1033 1933 pauperisrmiscretur.

207 1931 335 1961 Verbum
350 1934 428 1963 enim
443 1936 618 1966 Hebraicum
640 1933 690 1970 δή
719 1931 903 1971 commodata
914 1943 957 1971 vel
973 1952 1036 1972 mu-

207 1978 258 2004 tuo
273 1978 404 2014 accipere
419 1984 513 2015 sonat,
531 1985 560 2010 et
572 1983 659 2011 ﬁdem
676 1987 827 2014 mutuanti
843 1987 1032 2023 obstringere.

244 2030 318 2059 Ibid.
335 2033 354 2059 C
379 2033 422 2061 12.
440 2034 583 2068 Quomodo
607 2037 688 2065 Deus.
715 2040 912 2076 Argyropylus
935 2041 1034 2069 edide-

209 2078 264 2111 rat,
283 2087 297 2101 ‹‹
311 2078 371 2104 Hoc
387 2081 450 2107 est:
469 2088 538 2108 num
556 2081 634 2109 Deus
656 2088 755 2111 noslro
780 2084 918 2120 loquatur
943 2094 1033 2114 more.

206 2120 241 2147 Et
255 2121 376 2156 quidem
392 2123 474 2158 prius
486 2133 502 2152 a
512 2125 600 2153 rebus
614 2127 688 2162 ipsis
698 2130 785 2164 typus
801 2130 861 2157 sive
876 2130 1033 2158 adumbra-

204 2164 245 2192 tio
272 2165 420 2194 abstracta
440 2176 471 2195 se
496 2169 612 2204 inserit,
627 2174 656 2199 et
671 2172 854 2208 imprimitur
873 2174 1033 2203 inlellectui

206 2209 267 2236 sive
283 2210 452 2245 cogitationi
469 2211 608 2242 hominis.
628 2227 642 2240 »
658 2217 830 2252 Simplicius
849 2219 1032 2256 Eustathius,

208 2261 297 2289 quem
313 2256 405 2283 secuti
420 2264 525 2285 sumus
542 2267 548 2286 :
565 2270 578 2284 «
601 2261 752 2293 Quomodo
768 2263 845 2291 Deus
862 2264 1031 2300 alloquitur,

207 2301 357 2344 nostrone,
368 2300 397 2327 id
415 2303 469 2336 est,
483 2301 648 2338 hominum,
659 2314 751 2341 more,
765 2308 814 2343 qui
831 2308 913 2344 prius
927 2310 1032 2337 futura:

207 2342 248 2370 rei
265 2343 388 2372 formam
408 2346 591 2382 concipimus
607 2348 767 2378 intellectu.
786 2362 800 2376 »ι

209 2431 215 2436 ι
241 2386 300 2436 tio].
317 2388 351 2414 53
372 2389 396 2416 A
415 2390 442 2417 8.
468 2391 558 2426 Ecqua
584 2394 703 2421 tandem.
724 2395 888 2432 Scripserat
910 2398 1033 2427 fortasse

207 2433 354 2467 interpres
372 2440 378 2459 :
397 2443 411 2458 «
426 2436 467 2461 En
481 2443 545 2470 qua:
567 2438 704 2474 tandem;
723 2451 736 2464 ››
752 2441 860 2469 clarius
874 2443 1032 2472 Carnarius

205 2475 316 2504 edidit:
330 2487 345 2502 «
359 2477 422 2523 Haec
438 2479 556 2514 quidem
569 2481 659 2517 igitur
671 2483 700 2510 hi
716 2485 766 2520 qui
783 2486 936 2514 materiam
953 2488 1032 2523 inge-

206 2522 338 2548 neratam
354 2522 451 2558 Opiﬁci
468 2525 712 2560 superinducunt.
730 2538 742 2554 ιι

242 2565 316 2594 Ibid.
333 2566 354 2594 B
370 2567 413 2595 11.
429 2569 481 2596 Nos
501 2573 606 2598 contra.
623 2573 814 2601 Consentiunt
833 2583 900 2602 cum
923 2577 1030 2605 Basilio

206 2609 406 2640 Theodoretus
430 2614 592 2648 quastione
609 2615 651 2649 11,
665 2620 694 2644 et
718 2621 821 2646 auctor
844 2619 1029 2653 Quaslionum

206 2655 284 2690 apud
295 2655 456 2691 Justinum,
469 2659 630 2693 quaestione
644 2661 688 2694 57,
701 2669 767 2690 cum
784 2671 817 2690 ex
831 2664 925 2692 verbis
940 2667 1029 2695 Musis

205 2698 348 2745 colligunt
363 2701 437 2729 duos
451 2710 516 2730 esse
539 2703 626 2732 ccelos
644 2713 650 2732 :
667 2707 743 2741 quod
757 2707 897 2736 nimirum
913 2709 1027 2745 dixerit,

205 2743 300 2791 primo
314 2745 402 2774 Deum
411 2754 526 2776 creasse
541 2748 647 2776 coelum
663 2753 691 2778 et
707 2752 827 2787 terram,
844 2753 949 2782 deinde
959 2743 1028 2790 jus;

206 2794 292 2836 sisse,
308 2793 337 2815 ut
355 2791 434 2818 ﬁeret
448 2791 669 2822 ﬁrmamentum
698 2795 728 2823 in
753 2797 848 2825 medio
871 2806 1026 2834 aquarum.

207 2830 286 2859 Licet
301 2835 397 2861 autem
414 2835 513 2870 plures
530 2837 645 2867 duobus
661 2839 748 2869 ccelos
763 2850 827 2871 esse
841 2830 978 2880 colligere
993 2853 1027 2873 ex

1053 923 1076 955 B

1048 2286 1071 2318 D

1103 280 1218 313 raptum
1236 284 1268 304 se
1284 284 1378 312 usque
1393 277 1428 304 ad
1444 276 1562 304 tertium
1577 275 1693 309 coelum,
1709 277 1737 302 et
1757 283 1792 302 ex
1813 274 1929 310 psalmo

1102 330 1216 356 cxnvm,
1231 322 1246 348 4
1263 329 1270 349 :
1287 324 1386 349 tamen
1410 321 1440 348 in
1459 329 1492 348 eo
1516 329 1582 348 cum
1608 319 1658 347 illo
1673 312 1863 347 consentiunt
1879 319 1927 346 alii

1102 367 1159 394 duo
1173 367 1282 400 Patres,
1300 366 1377 401 quod
1393 374 1458 393 esse
1474 365 1547 392 duos
1577 373 1611 392 ex
1635 364 1738 392 iisdem
1763 364 1926 399 Scriptores

1100 419 1190 438 sacrm
1206 411 1278 438 locis
1293 410 1446 446 colligunt,
1463 412 1490 437 et
1506 409 1584 445 quod
1605 417 1671 437 cum
1696 408 1755 437 illis
1785 408 1929 444 agnoscit,

1100 463 1132 482 ex
1146 455 1195 483 illo
1211 463 1317 491 genere
1327 454 1493 488 locutionis,
1504 455 1581 490 quod
1593 462 1716 481 numero
1726 453 1931 480 multitudinis

1100 502 1285 532 utatur,cum
1299 499 1334 527 de
1347 499 1427 527 caelis
1438 499 1509 535 agit,
1519 498 1653 526 concludi
1665 507 1721 526 non
1731 506 1819 533 posse
1830 497 1930 533 plures

1099 543 1187 572 cmlos
1203 552 1267 572 esse
1281 552 1287 571 :
1305 544 1493 580 quamobrem
1509 543 1656 571 immerito
1667 542 1931 579 reprehendendus

1099 589 1277 625 quibusdam
1289 590 1405 617 videtur
1415 589 1458 616 vir
1475 588 1666 616 doctissimus
1682 587 1860 615 Benedictus
1876 589 1928 614 Pe-

1099 635 1203 669 rerius,
1221 635 1298 670 quod
1327 634 1436 663 similia
1454 634 1559 662 dixerit
1579 633 1736 661 tradidisse
1760 632 1928 660 Theodore-

1097 681 1160 706 tum
1176 681 1204 707 et
1218 679 1381 714 Justinum,
1397 687 1464 707 cum
1479 678 1650 706 Theodoreti
1665 677 1727 705 haec
1742 677 1835 705 verba
1850 677 1925 704 sint:

1096 723 1245 761 Τοιγαροῦν
1270 723 1315 750 καὶ
1339 723 1354 750 ὅ
1373 725 1412 759 τῷ
1439 721 1555 758 δευτέρῳ
1576 721 1722 749 διαπιστῶν
1739 720 1860 758 οὐρανῷ,
1877 719 1927 755 ἔξω

1098 767 1183 805 βαίνει
1212 771 1261 803 τῆς
1292 767 1394 800 ιύοείας
1423 766 1498 803 ὁδοῦ,
1519 767 1564 794 καὶ
1589 767 1603 794 ὁ
1632 765 1722 794 πλείω
1751 766 1928 802 πειρώμενος

1095 812 1230 849 ἀριθμεῖν,
1256 813 1352 849 μύθοις
1380 811 1484 848 ἕπεται,
1509 815 1559 846 τῆς
1583 813 1632 838 τοῦ
1660 810 1735 838 θείου
1766 810 1926 847 live-Suam:

1095 856 1269 888 διδασκαλίας
1292 859 1486 895 καταφρονῶν·
1521 869 1531 884 ι·
1550 857 1603 890 Qui
1633 856 1725 893 igitur
1749 865 1807 884 non
1830 856 1926 883 credit

1094 904 1257 931 secundum
1273 911 1338 931 esse
1353 903 1470 936 coelum,
1479 902 1612 930 semitam
1623 903 1732 929 rectam
1742 899 1924 936 transgredi-

1092 950 1141 975 tur
1157 956 1163 975 :
1178 948 1229 983 qui
1254 956 1322 975 vero
1338 947 1438 983 plures
1457 954 1613 974 numerare
1632 949 1766 980 conatur,
1783 944 1919 980 neglecta

1091 992 1181 1019 divini
1198 991 1326 1028 Spiritus
1349 991 1492 1026 doctrina,
1514 991 1621 1019 fabulis
1644 990 1784 1018 adhaeret.
1799 1000 1813 1013 »ι
1830 989 1918 1025 Apud

1089 1037 1241 1064 Justinum
1259 1039 1355 1064 autem
1374 1045 1380 1064 :
1396 1036 1444 1064 Ἐκ
1455 1039 1504 1070 τῆς
1525 1034 1686 1066 ἀκολουθίας
1708 1033 1753 1060 οὖν
1775 1035 1831 1060 τῶν
1857 1043 1914 1060 κει-

1093 1081 1180 1117 μένων
1197 1083 1293 1118 φωνῶν
1309 1083 1421 1117 νοοῦμεν
1444 1079 1573 1116 οὐρανοὺς
1588 1080 1646 1106 κατ’
1661 1078 1754 1106 οὐσίαν
1780 1078 1828 1114 μὲν
1857 1077 1918 1112 δύο,

1091 1126 1159 1153 κατὰ
1175 1124 1344 1163 διαστήματα
1360 1124 1388 1152 δὶ
1403 1124 1541 1155 πλείονας
1559 1136 1573 1151 ‹‹
1588 1125 1629 1152 Ex
1642 1123 1723 1152 hisce
1737 1123 1826 1151 dictis
1838 1131 1917 1159 ergo,

1092 1179 1155 1206 quae
1178 1172 1271 1208 posita
1294 1173 1372 1207 sunt,
1390 1178 1572 1206 consequens
1594 1171 1649 1203 est,
1666 1171 1699 1196 ut
1714 1168 1919 1205 intelligamus

1092 1216 1180 1244 ccelos
1196 1215 1363 1244 substantia
1384 1215 1502 1251 quidem
1523 1215 1609 1249 duos,
1624 1213 1792 1241 interstitiis
1820 1216 1917 1240 autem

1093 1261 1200 1297 plures.
1226 1271 1238 1286 η
1263 1263 1352 1289 Porro
1380 1260 1488 1288 ibidem
1516 1259 1630 1296 legetur
1658 1258 1755 1294 aptius
1784 1255 1865 1294 ἄρτος
1892 1256 1918 1291 ἐξ

1093 1305 1217 1342 οὐρανοῦ,
1234 1317 1247 1330 ι(
1275 1305 1358 1341 panis
1387 1305 1423 1332 de
1451 1303 1532 1338 coelo,
1551 1315 1561 1328 ι
1578 1304 1661 1332 Joan.
1688 1311 1726 1336 vx,
1757 1302 1786 1329 41
1805 1311 1812 1336 ;
1830 1310 1918 1338 quam

1092 1350 1167 1380 ἀετὸς
1184 1349 1208 1386 ἐξ
1225 1349 1348 1387 οὐρανοῦ,
1366 1361 1379 1375 ‹‹
1395 1349 1488 1385 aquila
1505 1349 1541 1376 de
1565 1348 1636 1376 ccelo
1652 1356 1658 1376 :
1677 1359 1691 1373 »
1716 1355 1812 1383 neque
1839 1347 1918 1374 enim

1091 1395 1150 1423 tale
1165 1395 1326 1430 quidquam
1343 1394 1372 1421 in
1392 1395 1542 1430 Scriptura
1562 1393 1701 1426 occurrit,
1722 1392 1772 1420 sed
1798 1393 1916 1419 tantum

1092 1440 1234 1468 Threnor.
1252 1448 1291 1473 Iv,
1307 1439 1340 1466 19
1355 1448 1364 1468 :
1381 1437 1528 1468 Διώχοντις
1552 1438 1625 1473 ἡμᾶς
1655 1436 1721 1474 ὑπὲρ
1750 1435 1844 1465 ἀετοὺς
1871 1434 1917 1462 οὐ·

1092 1486 1184 1522 ρανοῦ·
1201 1485 1396 1521 Persequeules
1410 1492 1459 1511 nos
1469 1491 1552 1519 super
1564 1483 1673 1518 aquilas
1689 1481 1760 1509 cali.

1127 1529 1186 1557 Col.
1203 1530 1235 1556 61
1268 1530 1290 1556 Α
1318 1529 1345 1558 8,
1371 1526 1596 1558 Ἀποτελοῦντος.
1621 1527 1693 1554 Cum
1723 1528 1810 1554 antea
1839 1525 1917 1561 lege-

1092 1576 1172 1601 retur
1200 1573 1408 1608 ἰιποτελοῡντας,
1434 1572 1600 1601 emendavit
1623 1579 1658 1599 ex
1680 1569 1813 1606 Anglicis
1842 1578 1916 1598 mss.

1092 1619 1286 1647 Montacutius
1319 1617 1527 1650 ἀποτελοῦντος,
1552 1625 1656 1652 nempe
1687 1614 1861 1651 πνεύματος·
1889 1618 1920 1642 at

1091 1664 1149 1692 duo
1170 1664 1251 1700 Regii
1266 1664 1382 1692 codices
1397 1662 1589 1699 praeferebant
1613 1659 1849 1696 ἀποτελουμένους
1866 1659 1917 1696 ψό-

1091 1718 1167 1745 φους.
1184 1708 1339 1736 Cornarius
1356 1717 1363 1735 :
1381 1719 1394 1732 «
1412 1708 1450 1735 Eo
1480 1707 1556 1743 quod
1585 1705 1728 1733 violenter
1757 1707 1919 1740 erumpant

1091 1753 1232 1789 strepitus
1246 1753 1376 1781 tonitrua
1392 1752 1561 1780 efﬁcientes.
1578 1762 1592 1776 n
1612 1749 1802 1778 Eustathius:
1820 1761 1830 1774 ε
1855 1750 1918 1782 Qun

1092 1798 1212 1834 spiritus
1237 1800 1393 1833 conceptus
1416 1797 1445 1825 in
1468 1796 1597 1824 nubibus
1618 1794 1819 1830 violenterque
1848 1803 1917 1830 pro-

1091 1845 1195 1879 ruptus
1211 1843 1299 1871 efﬁcit
1313 1850 1418 1870 sonum
1431 1840 1628 1870 tonitrualem.
1646 1851 1660 1864 »
1677 1840 1819 1867 Caeterum
1836 1839 1916 1866 idem

1090 1889 1166 1924 quod
1184 1888 1219 1915 de
1238 1886 1366 1923 crystalli
1382 1886 1494 1922 origine
1507 1885 1597 1913 tradit
1623 1883 1752 1912 Basilius
1772 1892 1808 1911 ex
1833 1892 1916 1919 aqua:

1090 1932 1290 1969 congelatione
1305 1931 1464 1966 nascentis,
1478 1930 1567 1958 tradit
1582 1931 1611 1958 et
1627 1929 1739 1957 Statius
1755 1928 1785 1956 in
1802 1929 1915 1964 Epitha-

1090 1978 1173 2005 lamio
1188 1977 1290 2012 Stellae,

1159 2031 1286 2066 Raraque
1300 2030 1434 2066 longaevis
1448 2029 1560 2057 nivibus
1573 2028 1706 2064 crystalla
1728 2026 1824 2062 gelari
1833 2037 1846 2060 ;

1089 2088 1118 2113 et
1135 2084 1246 2113 Plinius
1257 2085 1308 2112 lib.
1323 2092 1431 2116 xxxv“,
1441 2083 1528 2118 cap.2
1538 2091 1545 2110 :
1556 2094 1569 2107 «
1581 2081 1730 2110 Contraria
1744 2089 1837 2108 causa
1852 2089 1916 2117 cry-

1090 2129 1209 2158 stallum
1224 2129 1293 2157 facit
1307 2129 1373 2165 gelu
1390 2127 1606 2156 vehementiore
1621 2126 1837 2154 concreto.Nec
1847 2125 1915 2154 alibi

1088 2178 1165 2203 certo
1179 2174 1334 2210 reperitur,
1351 2181 1440 2209 quam
1461 2173 1511 2200 ubi
1536 2171 1663 2199 maxime
1687 2170 1818 2198 hibernae
1835 2171 1916 2198 nives

1088 2220 1183 2255 rigent
1197 2218 1379 2255 glaciemque
1395 2225 1460 2245 esse
1476 2219 1586 2244 certum
1602 2218 1656 2250 est,
1674 2215 1752 2243 unde
1767 2217 1796 2242 et
1809 2223 1914 2243 nomen

1088 2264 1179 2291 Graeci
1194 2264 1306 2291 dedere.
1326 2273 1340 2287 ››
1357 2264 1389 2289 In
1405 2269 1493 2297 quem
1509 2260 1606 2289 locum
1624 2262 1747 2288 annotat
1762 2259 1915 2287 Dalecam-

1088 2307 1164 2344 pius,
1181 2316 1216 2336 ex
1231 2306 1374 2343 Agricola,
1391 2305 1441 2334 lib.
1458 2314 1485 2333 v1
1505 2306 1542 2333 De
1564 2305 1718 2341 fossilibus,
1735 2316 1749 2329 α
1766 2303 1830 2331 falli
1858 2304 1914 2331 Pli-

1087 2353 1180 2386 nium,
1206 2352 1283 2388 quod
1309 2350 1464 2387 crystallus
1490 2358 1556 2378 vere
1578 2350 1629 2378 ﬁat
1657 2357 1691 2376 ex
1711 2348 1913 2384 lapidescenle

1086 2397 1241 2433 perspicuo
1256 2404 1449 2432 succo,quem
1465 2395 1520 2423 sub
1535 2394 1633 2428 terris,
1646 2396 1695 2421 aut
1705 2393 1785 2421 inter
1799 2393 1913 2429 gelidas

1086 2441 1205 2477 rupium
1212 2449 1301 2469 venas
1312 2440 1457 2476 frigiditas
1465 2439 1623 2467 vehemens
1631 2437 1740 2474 glaciat
1752 2441 1782 2464 et
1790 2439 1890 2465 durat.
1899 2449 1912 2462 ιι

1085 2487 1229 2514 Diodorus
1245 2494 1361 2522 quoque
1374 2485 1490 2513 Siculus
1501 2484 1589 2512 aliam
1600 2491 1718 2511 causam
1735 2483 1850 2519 profert
1861 2483 1911 2510 lib.

1085 2540 1105 2559 ιι
1119 2531 1297 2560 Bibliotheca?
1311 2539 1320 2558 :
1334 2529 1403 2560 Τοὺς
1428 2527 1617 2567 κρυστάλλους
1647 2527 1740 2560 Λίθους
1770 2526 1848 2564 ἔχειν
1862 2527 1911 2560 τήν

1086 2575 1209 2603 σύστασιν
1238 2575 1264 2610 ἐξ
1293 2573 1390 2605 ὕδατος
1417 2575 1535 2610 καθαροῦ
1559 2571 1701 2610 παγέντος,
1718 2571 1773 2609 οὐχ
1796 2571 1850 2599 ὑπὸ
1865 2571 1911 2608 ψύ-

1084 2630 1161 2658 χους,
1179 2619 1241 2648 ἀλλ’
1258 2620 1308 2647 ὑπὸ
1333 2619 1406 2646 Θείου
1425 2618 1510 2656 πυρὸς
1535 2616 1685 2654 δυνάμεως·
1701 2628 1713 2643 σ
1729 2616 1908 2653 Crystallum

1083 2675 1118 2694 ex
1133 2674 1210 2701 aqua
1224 2665 1384 2701 purissima
1399 2665 1428 2692 in
1446 2663 1569 2700 glaciem
1586 2663 1723 2690 indurata
1745 2661 1909 2690 coalescere

1084 2711 1176 2743 aiunt,
1203 2718 1260 2737 non
1291 2708 1411 2745 quidem
1441 2717 1458 2736 a
1486 2707 1602 2744 frigore,
1632 2706 1682 2735 sed
1709 2705 1802 2734 divini
1831 2705 1907 2742 ignis

1082 2755 1222 2791 potentia.
1236 2765 1250 2779 »

1117 2801 1176 2828 Col.
1201 2800 1237 2826 62
1264 2799 1284 2826 Β
1312 2799 1339 2827 5.
1366 2798 1533 2834 Specularis.
1554 2797 1599 2825 Sic
1628 2796 1829 2832 reposuimus,
1854 2802 1904 2831 pro

1082 2856 1097 2872 «
1112 2844 1279 2881 specularii.
1298 2855 1313 2870 »
1329 2844 1361 2872 In
1390 2842 1567 2879 quibusdam
1593 2840 1722 2877 Anglicis
1750 2842 1816 2869 erat
1842 2837 1903 2866 σπι-
