2011 3142
135 166 193 196 981

683 174 736 204 AD
760 173 950 204 HOMlLlAS
973 173 1011 203 ΙΝ
1035 173 1319 205 HEXAEMERON.

1791 177 1851 207 983

133 231 215 265 κλου,
239 235 271 261 ut
285 237 314 261 et
326 234 356 262 in
372 235 471 272 Regiis
482 237 617 272 duobus;
636 239 966 267 mendose.Pliuiuslib.
982 240 1007 273 Α
1024 240 1090 267 dem
1120 242 1209 276 caput
1237 241 1327 269 situm
1354 249 1418 270 esse
1447 241 1508 269 vult
1531 241 1586 269 sub
1599 242 1634 269 30
1649 241 1848 278 longitudinis

133 285 230 312 xxxvx,
248 285 313 314 cap.
329 279 363 306 22
377 288 383 307 :
406 290 420 305 ιι
435 281 607 317 Specularis
618 291 694 317 vero,
712 284 852 320 quoniam
877 286 905 312 et
921 283 967 311 hic

129 320 207 357 lapis
225 331 332 351 nomen
344 324 469 358 obtinet,
486 326 618 355 faciliore
634 328 726 356 multo
739 331 856 364 natura,
885 328 966 356 findi-

133 367 182 393 tur
198 366 229 394 in
246 368 408 402 quamlibet
424 372 528 398 tenues
546 374 678 406 crustas;
704 384 717 398 ››
749 375 776 400 et
800 373 849 401 lib.
871 381 915 406 ιιι,
937 381 964 400 c.

129 409 160 438 3i
177 418 184 436 :
203 422 217 436 ‹‹
233 412 359 440 Metellis
374 413 517 449 Hispania
529 417 590 444 tota
605 419 698 444 scatet
712 417 841 451 citerior,
859 419 886 445 et
901 426 964 453 spc-

89 492 93 500 l
130 454 285 500 cularibus
301 456 462 493 lapidibus.
479 470 492 484 ιι
510 461 676 496 Specularis
700 462 817 497 dicitur,
843 470 877 489 ex
906 470 963 498 quo

130 499 243 527 ﬂebant
258 502 433 537 specularia.
460 504 570 533 Seneca
600 506 687 542 epist.
717 507 774 535 60:
794 518 806 533 (ι
823 507 961 540 Quedam

128 547 233 572 nostra
243 545 365 575 demum
382 548 528 583 prodiisse
544 551 689 579 memoria
705 552 827 587 scimus,
848 554 881 580 ut
895 560 960 588 spe-

127 589 309 618 culariorum
322 599 409 620 usum
423 594 590 629 perlucente
600 597 676 623 testu
687 595 799 624 clarum
810 596 960 624 transmit-

126 633 255 662 tentium
281 634 392 665 lumen.
416 648 430 662 ››
456 638 487 665 In
504 647 592 674 quem
616 639 710 668 locum
739 640 854 676 Lipsius
884 643 960 669 recte

125 680 238 711 monet,
262 680 428 715 specularia
452 683 582 718 quadrae
597 684 659 712 sive
673 685 757 712 orbes
773 685 864 713 fuisse
881 686 957 713 fene-

124 723 195 751 stris
211 723 338 753 insertos
353 725 388 753 ad
406 725 499 755 lucem
520 728 854 763 immittendam,ventos
864 730 958 758 exclu-

125 767 251 800 dendos,
268 769 361 797 vicem
378 773 406 798 et
422 779 508 800 usum
536 772 624 801 hodie
648 774 816 810 vitreorum,
833 774 911 803 dicta
940 783 956 802 a

125 811 225 848 lapide
240 814 540 852 speculari,idemque
555 817 708 847 Cataneus
722 818 752 847 in
762 819 888 848 Plinium
904 828 955 847 an-

124 858 252 885 notarat.
271 858 412 887 Martialis
428 859 478 888 lib.
496 870 556 895 vni,
575 862 650 899 epig.
668 863 720 891 M2

194 935 324 978 liioernis
335 937 440 978 obieeta
455 940 528 967 notis
542 939 703 976 specularia
715 950 801 978 puros

196 970 353 1000 Admittunt
366 973 480 1002 soles...

156 1055 212 1082 Sed
230 1063 264 1083 ea
280 1057 449 1092 exemptilia
465 1058 554 1087 fuisse
570 1060 699 1095 tradunt,
715 1064 748 1090 ut
762 1071 830 1090 cum
845 1063 948 1092 liberet

120 1098 321 1128 auferrentur.
339 1101 510 1131 Eustathius
526 1103 581 1132 hoc
594 1105 656 1134 loco
668 1106 711 1134 sic
725 1108 945 1137 emendandus:

120 1154 133 1167 ι(
150 1145 188 1171 Et
204 1144 254 1180 qui
272 1146 434 1174 secundum
455 1156 540 1176 suam
557 1151 693 1178 naturam
710 1151 799 1180 fuerit
813 1153 947 1182 sincerus

119 1187 268 1224 inventus,
286 1197 338 1218 nec
350 1190 477 1226 alicujus
493 1193 658 1229 putredinis
673 1195 849 1225 admistione
860 1197 948 1226 foeda-

119 1234 179 1265 tur,
194 1241 246 1260 nec
263 1233 373 1262 fundus
390 1235 476 1264 rimis
496 1237 643 1273 aliquibus
656 1239 743 1268 ﬂssus
760 1243 814 1274 est,
831 1241 890 1270 aeri
906 1242 945 1270 si-

119 1276 201 1322 milis
218 1277 369 1306 habetur.»
383 1280 560 1310 Addidimus
570 1283 647 1318 apud
659 1285 869 1322 Argyropylum
882 1298 896 1312 «
908 1287 944 1315 ad

117 1320 257 1357 fundum,
276 1333 290 1347 «
306 1325 334 1351 et
349 1335 362 1348 ι(
379 1327 430 1352 aut
441 1325 556 1354 ﬂssuris
570 1328 745 1364 pertoratus,
756 1320 818 1358 aut
829 1332 945 1360 Graecus

118 1367 218 1393 textus
234 1367 377 1403 exigebat.
394 1369 552 1399 Carnarius
568 1372 663 1406 vertit,
680 1381 776 1409 neque
791 1375 945 1410 putredine

117 1410 220 1446 aliqua
246 1420 361 1447 exesus,
379 1421 474 1450 neque
488 1419 653 1452 segmenta,
671 1420 721 1446 aut
745 1419 834 1448 strias
850 1420 879 1448 in
901 1420 944 1448 al-

117 1457 183 1482 tum
201 1456 358 1491 productas
374 1457 496 1487 habens.
514 1471 528 1485 ι›

153 1499 213 1528 CoL
225 1500 299 1546 647A
313 1502 340 1529 6.
357 1504 383 1528 Ὀ
407 1503 446 1538 μή
471 1502 583 1542 ἐνορῶν,
610 1506 723 1543 Anglici
739 1507 805 1535 libri
822 1509 942 1546 rectius,

115 1551 207 1579 quam
225 1545 342 1581 vulgata
357 1546 443 1575 lectio
458 1548 501 1576 vel
517 1549 598 1585 Regii
618 1559 689 1579 mss.
707 1551 786 1579 ¹Δλλ’
801 1553 815 1580 ὁ
833 1553 871 1589 μὴ
901 1553 942 1581 ἐν-

115 1589 201 1624 ορῶν,
218 1589 296 1618 sicut
311 1591 397 1626 paulo
417 1595 484 1621 ante
499 1592 562 1621 ἀλλ’
577 1594 595 1628 ἢ
611 1594 625 1622 ὁ
643 1595 681 1631 μή
698 1595 815 1626 ἁκούων.
835 1601 939 1628 Eusta-

115 1632 198 1679 thius
213 1633 297 1669 dixit,
311 1646 325 1660 (ι
341 1636 412 1669 Quis
428 1640 525 1666 autem
541 1640 601 1667 tam
631 1641 740 1669 surdus
768 1644 823 1676 est,
849 1651 937 1679 quam

112 1677 164 1712 qui
194 1686 260 1724 non,
281 1680 363 1708 audit
393 1681 435 1709 ita
450 1682 547 1718 palam
570 1684 781 1714 vociferantem
814 1677 941 1724 Scriptu-

112 1730 187 1766 ram,
216 1723 261 1751 vel
291 1723 358 1760 quis
386 1727 447 1753 tam
473 1735 576 1761 cecus,
603 1729 661 1756 nisi
690 1729 739 1766 qui
754 1723 940 1761 evidentibus

111 1765 300 1795 documentis
329 1768 503 1798 instructus.
525 1782 539 1796 υ
560 1771 670 1800 Alludit
698 1765 796 1803 autem
827 1777 862 1804 ad
888 1777 939 1805 illa

110 1811 259 1857 propheta:
276 1812 356 1841 lsaize
372 1822 440 1849 xui,
458 1815 510 1843 19:
543 1815 591 1843 Καὶ
614 1816 655 1849 τίς
669 1817 782 1857 τυφλὸς,
798 1819 861 1847 ἀλλ’
877 1821 894 1856 ἢ
912 1822 937 1848 ot

109 1853 206 1901 ualidi:
252 1866 316 1893 μου,
357 1857 401 1885 καὶ
435 1859 542 1898 κωφοὶ,
579 1860 641 1889 ἆΛλ’
669 1853 738 1897 ἢ.οἳ
768 1853 938 1901 ιιυριιύοντες

111 1898 200 1946 αὐτῳν
213 1909 220 1934 ;
237 1901 270 1928 Ει
285 1903 348 1937 quis
360 1910 459 1939 oecus,
475 1905 532 1932 nisi
544 1907 628 1941 pueri
651 1908 715 1943 mei,
731 1910 757 1936 ei
770 1898 859 1946 surdi,
882 1911 938 1940 nisi

109 1945 158 1980 qui
167 1944 348 1974 dominantur
358 1947 417 1974 illis
426 1949 439 1974 .9

145 1988 258 2017 Co|.66
289 1991 309 2018 D
340 1991 366 2020 3.
398 1994 439 2020 Es:
463 1993 606 2030 Pyrenaeo.
638 1995 764 2025 Fidelius
792 2000 936 2034 expressit

111 2036 240 2062 mentem
257 2036 387 2065 auctoris
401 2036 594 2068 Eustathius:
611 2051 625 2065 «
642 2041 684 2068 Ab
697 2042 857 2071 occidentis
868 2052 934 2073 vero

108 2077 278 2106 climatibus
294 2080 402 2109 estivis
414 2082 469 2110 sub
480 2085 615 2118 Pyrenen
627 2086 732 2113 vertice
742 2086 896 2116 Tartessus
907 2097 932 2117 ευ

108 2122 417 2168 tametsiAristoteles,
435 2134 469 2154 ex
479 2135 537 2162 quo
553 2127 609 2156 ista
621 2129 786 2166 desumpsit
797 2133 932 2168 Basilius,

107 2166 200 2200 dixit,
224 2165 254 2194 ἐκ
278 2171 328 2202 τῆς
354 2170 493 2207 Πυρήνης,
521 2182 535 2196 κ
560 2180 595 2200 ex
617 2165 767 2210 Pyrenaeo.
797 2188 811 2202 ››
841 2165 931 2210 Quem

110 2211 191 2256 enim
223 2211 394 2242 Ptolemaeus
425 2217 453 2243 et
481 2216 530 2244 alii
552 2217 648 2246 Betim
675 2219 833 2256 appellant,
854 2223 933 2251 Stra-

107 2254 176 2283 boni
190 2258 218 2284 et
233 2258 384 2286 Pausanie
401 2260 556 2289 Tartessus
573 2264 627 2290 est.
656 2254 747 2299 Atque
762 2266 792 2293 in
808 2254 931 2295 Atlanti-

105 2307 174 2328 cum
190 2300 311 2336 quidem
327 2311 408 2332 mare
419 2313 518 2333 verum
534 2307 579 2334 est
593 2307 763 2337 Tartessum
779 2313 929 2340 exonerari
946 2293 970 2325 Β

106 2348 201 2373 ortum
218 2353 253 2374 ex
266 2346 467 2384 Pyreueo,sed
477 2352 586 2379 Istrum
598 2360 649 2380 seu
660 2354 825 2383 Danubium
836 2365 870 2384 ex
880 2356 929 2385 illo

106 2391 196 2417 ﬂuere
208 2390 314 2420 falsum
325 2394 380 2428 est,
402 2395 435 2421 ut
445 2395 523 2430 quod
535 2395 575 2423 ait
595 2396 714 2434 Seneca,
735 2398 786 2427 lib.
815 2409 843 2428 v1
871 2402 928 2429 Na-

105 2434 245 2462 turalium
259 2438 541 2472 quaestionumjllum
557 2440 701 2478 Europam
712 2445 741 2471 et
755 2445 854 2473 Asiam
870 2446 929 2474 dis-

104 2479 283 2516 terminare,
311 2482 389 2517 quod
415 2483 506 2511 Tanai
537 2485 634 2520 potius
663 2487 750 2516 ﬂuvio
775 2489 927 2525 convenit;

103 2523 155 2551 sed
180 2523 237 2552 ista
260 2527 457 2563 geographica
482 2536 539 2556 non
568 2528 609 2558 ita
636 2533 735 2559 exacte
758 2523 929 2563 Aristoteles

104 2567 214 2604 aliique
229 2569 400 2607 philosophi
416 2573 627 2609 expenderuut,
642 2584 715 2612 quos
739 2577 809 2605 dum
827 2575 927 2605 ἀϐασά-

103 2611 203 2657 νίστως
217 2615 353 2650 sequitur
363 2617 571 2647 sanctissimus
582 2619 667 2648 Pater
681 2621 818 2657 Basilius,
836 2623 929 2652 multa

103 2655 151 2684 hic
170 2657 338 2695 descripsit,
355 2669 420 2697 quis
435 2663 471 2690 ad
488 2663 634 2691 Ptolemei
650 2665 749 2701 potius
763 2668 792 2694 et
812 2655 929 2696 Strabo-

103 2701 150 2729 nis
165 2701 351 2740 aliorumque
363 2705 570 2736 historicorum
581 2709 725 2738 amussim
734 2711 930 2741 examinanda

104 2748 185 2774 sunt.
201 2747 328 2777 Danubii
345 2758 413 2787 ergo
430 2751 524 2780 fontes
539 2752 663 2782 collocat
678 2756 780 2784 Strabo
791 2756 820 2784 in
832 2757 928 2786 medio

105 2790 184 2819 silve
200 2791 360 2837 idercynie,
374 2797 626 2831 quemadmodum
642 2800 671 2826 et
689 2799 793 2836 Rheni,
809 2801 862 2830 lib.
878 2810 927 2837 vn,

106 2842 169 2872 que
185 2836 260 2866 silva
274 2837 304 2866 in
316 2838 474 2869 Germania
484 2843 545 2870 est:
558 2841 731 2873 Ptolemaeus
742 2847 838 2875 autem
849 2836 928 2883 ejus-

1022 284 1127 319 gradu,
1144 284 1310 314 latitudinis
1321 294 1388 314 vero
1403 286 1448 319 46,
1463 286 1499 313 20
1515 286 1638 313 minuto.

1058 338 1117 366 Col.
1135 340 1169 366 67
1184 341 1207 367 A
1221 341 1247 367 2.
1265 342 1390 376 Quorum
1412 342 1450 368 est
1473 340 1609 368 Eridanus
1631 340 1708 376 apud
1741 340 1847 368 Eusta-

1022 383 1115 411 thium
1124 384 1279 420 legimus,«
1293 393 1416 421 quorum
1425 387 1470 413 est
1483 384 1671 418 Rhodanus,»
1679 385 1729 412 sed
1737 387 1849 412 utrum-

1019 435 1076 463 que
1092 428 1200 456 t'alsum
1216 432 1270 464 est,
1287 429 1348 457 sive
1364 430 1538 458 Rhodanum
1551 430 1611 458 sive
1620 429 1780 456 Eridanum
1793 429 1846 457 Pa-

1019 473 1125 501 dumve
1138 473 1230 508 dicas,
1246 482 1279 502 ex
1297 474 1446 502 montibus
1462 474 1591 510 Ripheis
1610 474 1690 508 oriri,
1707 476 1736 502 et
1752 474 1780 501 in
1797 482 1845 502 oc-

1017 516 1191 546 cidentalem
1208 518 1356 547 Oceanum
1373 519 1508 547 infundi:
1536 527 1604 547 nam
1628 518 1789 547 Rhodanus
1814 518 1844 546 in

1017 570 1098 590 mare
1114 563 1360 591 Mediterraneum
1377 572 1435 591 non
1452 563 1537 600 longe
1553 572 1569 591 ιι
1581 563 1725 598 Massilia,
1740 562 1843 591 Erida-

1015 615 1071 634 nus
1083 607 1111 635 in
1124 608 1304 636 Adriaticum
1317 608 1414 636 sinum
1423 608 1586 636 devolvitur
1595 616 1685 644 prope
1693 607 1842 636 Venetiae.

1014 650 1101 678 Porro
1117 660 1151 679 ex
1166 651 1291 688 Alpibus
1307 653 1396 680 ﬂuere
1407 652 1626 686 Rhodanum,et
1641 660 1693 688 per
1707 651 1840 680 Allobro-

1012 703 1083 732 gum
1099 704 1219 732 campos
1235 696 1351 733 lapsum
1368 697 1445 733 apud
1463 697 1639 733 Lugdunum
1663 705 1730 724 cum
1758 696 1840 724 Arari

1013 749 1195 775 concurrere,
1212 741 1294 769 docet
1314 742 1418 770 Strabo
1444 741 1494 769 lib.
1515 750 1553 777 IV,
1579 742 1739 777 eodemque
1764 740 1839 768 libro

1011 785 1106 813 fontes
1122 785 1238 814 Eridani
1254 787 1356 814 statuit
1371 787 1400 814 in
1418 786 1526 814 finibus
1536 786 1674 822 Ligurum
1686 788 1715 814 et
1723 785 1836 814 Medul-

1011 829 1118 864 lorum,
1135 831 1385 866 quemadmodum
1409 832 1439 858 et
1455 830 1575 858 Plinius.
1593 830 1766 858 Ptolemeus
1783 837 1834 858 ca.-

1010 876 1063 910 put
1079 875 1143 910 ejus
1155 875 1241 910 juxta
1267 875 1382 903 Larium
1398 875 1494 903 locum
1510 875 1634 903 collocat
1656 875 1713 903 sub
1737 875 1831 910 gradu

965 927 990 960 B
1007 919 1153 955 longitud.
1169 920 1213 954 29,
1232 927 1272 947 ω.
1287 920 1332 953 20,
1348 919 1513 948 latitudinis
1536 919 1581 954 44,
1596 927 1635 947 m.
1652 919 1694 946 45.
1711 920 1828 947 Postre-

1007 965 1147 1001 mo,quod
1163 960 1211 993 hic
1226 965 1366 993 dicuntur
1380 973 1431 1001 per
1447 964 1621 1001 lEthiopiam
1632 965 1757 993 ﬂuentes
1768 973 1829 993 am-

1003 1018 1054 1037 nes
1083 1010 1202 1046 quidam
1227 1008 1271 1036 ἐπὶ
1293 1009 1344 1044 τήν
1359 1008 1410 1045 ἕξώ
1425 1012 1483 1040 τοῖς
1498 1009 1660 1045 πλεομένοις
1675 1010 1823 1037 nomen-

1002 1054 1071 1088 σθαι,
1088 1055 1196 1082 rectius
1210 1062 1244 1082 ex
1262 1053 1395 1082 Mediceo
1410 1054 1536 1090 legimus
1553 1052 1605 1089 ἕξω
1628 1057 1678 1088 τῆς
1703 1053 1823 1090 πλεομὲ-

1001 1108 1050 1133 νης
1067 1098 1271 1132 ἁποχενοῦνται,
1289 1099 1366 1135 quod
1383 1099 1460 1135 apud
1485 1099 1673 1127 Eustathium
1689 1099 1822 1133 vertitur,

1005 1155 1014 1168 ι
1031 1143 1079 1171 alii
1101 1143 1129 1171 in
1146 1143 1311 1172 citeriorem
1329 1144 1524 1172 devolvuntur
1544 1144 1704 1177 Oceanum,
1729 1155 1744 1169 ››
1773 1143 1839 1173 ubi.

1001 1187 1206 1223 corrigendum
1224 1188 1345 1216 fortasse
1367 1199 1381 1213 ‹‹
1397 1188 1427 1216 in
1444 1187 1625 1222 exteriorem,
1642 1199 1657 1213 »
1678 1188 1728 1224 qui
1744 1188 1824 1216 scili-

1001 1234 1046 1260 cet
1057 1234 1101 1260 est
1116 1234 1198 1260 extra
1208 1232 1366 1261 Columnas
1381 1232 1524 1265 Herculis,
1536 1235 1565 1261 et
1574 1235 1654 1260 extra
1670 1241 1749 1261 mare
1765 1233 1824 1260 Me—

1001 1276 1212 1310 diterraneum,
1230 1277 1307 1313 quod
1332 1277 1463 1313 navigari
1482 1277 1565 1311 solet,
1581 1279 1614 1305 ut
1628 1277 1700 1305 dixit
1711 1278 1824 1305 Aristo—

999 1320 1073 1349 teles
1090 1321 1153 1349 loco
1170 1321 1228 1356 iam
1245 1322 1354 1349 citato:
1375 1321 1410 1349 ’Ὀ
1423 1331 1453 1348 τε
1475 1321 1614 1359 Χρεμέτης
1634 1320 1674 1351 εἴς
1694 1321 1745 1355 τήν
1773 1318 1823 1356 ἔξω

1000 1365 1042 1403 ῥεῖ
1056 1364 1202 1397 θάλασσαν·
1222 1377 1236 1391 ‹‹
1249 1365 1415 1394 Chremetes
1426 1366 1455 1394 in
1467 1369 1618 1394 externum
1629 1374 1708 1394 mare
1719 1374 1823 1394 exone-

999 1413 1090 1438 ratur.
1110 1423 1119 1437 1
1140 1412 1182 1438 Ita
1197 1410 1270 1438 dixit
1285 1412 1314 1438 et
1330 1410 1474 1438 Lucianus
1501 1411 1531 1438 in
1560 1410 1737 1438 Prometheo:
1768 1409 1822 1436 Καὶ

997 1455 1047 1488 τὴν
1077 1453 1210 1486 θάλατταν
1239 1453 1407 1490 πλεομένην,
1434 1454 1477 1481 καὶ
1494 1454 1542 1484 τὰς
1563 1454 1663 1489 νήσους
1678 1464 1820 1481 κατοικου-

1000 1498 1092 1535 μὲναιςι
1109 1510 1123 1524 ‹‹
1140 1499 1218 1527 Mare
1233 1499 1410 1535 navigatum,
1427 1501 1456 1527 et
1471 1498 1585 1527 insulas
1614 1499 1774 1527 habitatas.
1806 1510 1820 1524 ι)

998 1543 1155 1572 Externum
1171 1546 1269 1571 autem
1286 1552 1377 1580 mare,
1394 1546 1426 1571 ut
1441 1544 1527 1579 infra,
1543 1542 1576 1570 οὐ
1591 1543 1640 1581 γὰρ
1666 1543 1699 1578 ἦν
1721 1544 1739 1578 ἡ
1769 1541 1819 1579 ἔξω

998 1586 1133 1625 Γαδείρων
1150 1587 1281 1619 θάλασσα.
1547 1612 1556 1619 .

1033 1637 1104 1665 lbid.
1121 1637 1142 1665 B
1166 1638 1196 1666 3.
1227 1638 1280 1672 Qui
1301 1638 1373 1665 dicis
1387 1638 1494 1674 abysso.
1521 1638 1563 1666 Ita
1584 1646 1701 1674 quoque
1717 1637 1820 1666 Latine

994 1682 1098 1710 extulit
1112 1682 1285 1710 Eustathius
1299 1691 1304 1710 :
1320 1684 1373 1718 Qui
1395 1683 1464 1711 dicis
1488 1683 1584 1719 abysso
1595 1692 1604 1710 :
1631 1683 1818 1716 Dissipaberis

993 1730 1022 1755 et
1037 1727 1205 1762 Cornarius,
1221 1728 1270 1763 qui
1288 1736 1345 1756 non
1375 1728 1615 1756 animadvertunt
1644 1728 1818 1764 prophetam

992 1771 1138 1800 introduci
1152 1773 1186 1800 ad
1204 1775 1294 1800 Deum
1311 1773 1398 1800 verba
1408 1773 1560 1801 facientem
1573 1781 1579 1800 :
1596 1773 1694 1808 itaque
1708 1772 1818 1800 rectius

992 1819 1086 1844 verles
1102 1817 1137 1844 ad
1158 1825 1279 1845 sensum
1310 1817 1410 1845 Basilii
1427 1825 1434 1844 :
1465 1818 1524 1853 Qui
1537 1817 1608 1844 dicis
1627 1817 1737 1852 abysso.
1765 1817 1815 1844 Sin

992 1863 1089 1889 autem
1105 1863 1218 1897 spectes
1235 1861 1382 1897 propheta:
1398 1861 1492 1897 ipsius
1507 1864 1615 1889 textum
1637 1861 1714 1897 apud
1730 1861 1814 1896 LXX,

991 1905 1054 1932 sine
1069 1905 1157 1932 dubio
1172 1905 1272 1940 lapsus
1288 1905 1426 1933 memoria
1441 1905 1556 1932 videtur
1571 1904 1708 1939 Basilius,
1719 1912 1814 1939 neque

986 1950 1048 1985 jam
1060 1949 1201 1986 propheta
1214 1948 1281 1985 πρὸς
1291 1948 1335 1976 τὸν
1348 1949 1412 1976 Θεὸν
1425 1947 1586 1986 διαλέγεται,
1603 1951 1653 1977 aut
1668 1951 1701 1977 ut
1710 1949 1813 1977 volunt

990 1994 1121 2030 quidam,
1137 1994 1281 2032 προφήτης
1310 1993 1372 2030 περὶ
1393 1995 1442 2020 τοῦ
1457 1995 1534 2028 Θεοῦ,
1545 1994 1595 2022 sed
1613 1993 1720 2030 potius,
1744 1993 1812 2031 πρὸς

987 2039 1033 2066 τὸν
1063 2037 1129 2066 λαὸν
1160 2038 1237 2073 Θεὸς,
1265 2039 1397 2075 populum
1419 2039 1488 2066 Deus
1510 2038 1679 2074 alloquitur.
1711 2039 1813 2074 itaque

989 2086 1067 2112 recte
1083 2083 1203 2120 Vulgata
1218 2083 1329 2118 Latina,
1347 2084 1400 2118 Qui
1411 2083 1470 2111 dico
1492 2083 1640 2120 profundo,
1667 2083 1810 2117 Desolare,

988 2129 1070 2158 Unde
1099 2131 1128 2156 et
1157 2128 1293 2165 sequitur
1317 2128 1428 2156 Grece:
1455 2127 1500 2154 καὶ
1524 2127 1587 2158 τοὺς
1603 2127 1744 2163 ποταμούς
1760 2138 1810 2154 σου

988 2172 1106 2208 £1.9sz),
1121 2175 1146 2201 et
1161 2173 1282 2210 ﬂumina
1297 2177 1345 2201 tua
1369 2173 1530 2209 are/asiam.
1555 2172 1706 2200 Precessit
1719 2172 1809 2207 enim,

988 2219 1055 2246 nec
1076 2217 1143 2245 dicit
1171 2218 1303 2246 Dominus
1327 2217 1480 2253 redemptor
1500 2222 1571 2251 tuus,
1601 2219 1649 2245 et:
1678 2217 1809 2245 Memento

987 2261 1096 2297 horum,
1108 2263 1199 2290 Jucob.
1216 2262 1279 2290 Duo
1296 2262 1375 2298 Regii
1392 2262 1507 2290 codices
1522 2264 1692 2290 constanter
1706 2261 1809 2298 legunt

985 2305 1052 2343 πρὸς
1068 2306 1114 2333 τὸν
1130 2306 1206 2334 Θεόν.
1222 2307 1447 2335 Immutavimus
1458 2306 1559 2340 illud,“
1575 2306 1725 2343 vulgarem
1741 2306 1807 2342 qui-

984 2351 1048 2379 dem
1064 2359 1207 2386 sermone,
1224 2361 1238 2376 »
1254 2353 1283 2379 et
1310 2351 1522 2380 substituimus
1554 2351 1681 2387 Vulgata;
1700 2351 1805 2378 Latine

983 2395 1167 2423 versionem:
1196 2397 1349 2423 mutuatur
1376 2396 1454 2423 enim
1482 2395 1537 2424 hoc
1562 2396 1598 2424 ab
1615 2395 1762 2431 Apostolo,
1780 2395 1805 2422 ΙΙ

983 2441 1047 2468 Cor.
1077 2449 1116 2475 x1,
1146 2440 1182 2468 ὃς
1215 2439 1247 2466 Et
1278 2437 1307 2466 δὲ
1330 2439 1375 2467 καὶ
1400 2438 1514 2475 ἶδιώτης
1536 2441 1576 2475 τῷ
1592 2437 1678 2476 λόγῳ,
1695 2438 1757 2466 ἀλλ’
1772 2437 1803 2466 οὗ

982 2485 1017 2520 τῇ
1045 2483 1156 2521 γνώσει.
1185 2484 1254 2512 Nam
1282 2485 1334 2512 etsi
1362 2484 1505 2520 imperitus
1527 2492 1664 2520 sermone,
1690 2484 1736 2512 sed
1747 2492 1803 2511 non

982 2529 1282 2557 scientiaEustathius
1293 2529 1382 2556 dixit:
1401 2529 1517 2557 «Nullis
1531 2529 1650 2564 quidem
1662 2527 1804 2556 facundie

983 2573 1112 2609 phaleris
1128 2576 1312 2608 exornatum,
1334 2574 1462 2601 scientiae
1479 2581 1544 2601 vero
1560 2573 1672 2601 ratione
1687 2572 1804 2608 potissi-

984 2626 1076 2646 mum.
1095 2629 1109 2643 η

1018 2667 1078 2696 Col.
1094 2668 1129 2695 69
1147 2669 1166 2696 C
1191 2668 1237 2696 10.
1265 2669 1440 2699 Μεταθεῖσαν.
1467 2667 1627 2704 Legebatur
1648 2668 1733 2694 antea
1759 2675 1805 2702 μς-

981 2712 1142 2748 τατιθὲντος,
1167 2713 1218 2741 sed
1242 2721 1277 2741 ex
1296 2711 1426 2748 Anglicis
1454 2712 1604 2740 codicibus
1626 2711 1655 2739 in
1672 2711 1805 2747 margine

982 2757 1144 2794 ascriptum
1168 2760 1229 2785 erat
1259 2758 1428 2793 μειαθιῖσαν,
1454 2757 1532 2792 quod
1557 2764 1650 2792 opere
1666 2758 1802 2793 typogra-

982 2801 1075 2838 phice
1090 2802 1119 2829 in
1134 2803 1247 2830 textum
1263 2801 1456 2835 admiserunt,
1487 2803 1517 2829 at
1535 2801 1690 2837 sequentia
1712 2800 1804 2837 parti-

983 2845 1060 2882 cipia
1086 2853 1144 2874 non
1172 2845 1242 2874 item
1264 2845 1484 2873 immutarunt:
1514 2845 1544 2874 in
1569 2845 1685 2874 duobus
1705 2845 1802 2882 Regiis
