2011 3142
210 140 268 171 983

803 149 920 182 NOT/E
940 150 1163 183 FRONTONIS
1185 153 1314 185 DUCIEI

1853 158 1914 189 984

211 207 353 244 scriptum
374 209 550 239 offendimus
571 213 767 249 μετατιθιῖσαν,
783 217 811 242 et
835 215 864 243 in
887 217 1034 252 sequenti-
1048 218 1076 252 Α
1090 218 1149 246 Hoc
1163 220 1434 256 est,disputandum
1450 222 1591 250 adversus
1606 231 1657 250 eos
1669 223 1719 259 qui
1734 232 1769 251 ex
1786 223 1914 252 Ecclesia

211 251 268 279 bus
295 252 400 289 τροπὰς
424 253 562 292 ἀπάγοντα
588 260 689 293 σημεῖα
713 259 893 295 μετατιθέντα,
918 251 947 288 et
970 271 1032 298 τρι)-

210 294 262 324 πᾶς
291 294 469 334 ἃπανάγοντα·
501 308 565 336 quze
591 309 658 329 cum
690 303 820 332 nonnihil
851 305 910 332 sint
937 305 1032 332 ἀνακό-

210 337 304 374 λουθα,
321 341 447 370 libenter
466 347 611 380 receptam
639 349 724 375 antea
749 347 903 376 lectionem
929 350 1033 378 retine-

209 392 282 412 rem.
297 385 470 416 Eustathius
487 391 634 424 quomodo
651 391 762 427 legerit,
780 401 813 420 ex
829 393 922 429 ipsius
937 395 1033 422 verbis

209 429 330 464 conjice.
348 441 363 456 «
379 431 412 459 Et
425 435 502 461 certe
516 434 650 463 videmus
668 437 889 466 moderatricem
915 439 1033 475 sapien-

207 472 280 501 tiam
297 474 358 510 Dei,
375 476 466 504 solem
482 477 511 505 in
528 478 599 507 alias
630 482 727 516 partes
751 490 785 509 ex
808 482 873 510 aliis
901 472 1032 519 transpo-

209 520 336 547 nentcm.
353 520 409 548 Sed
426 530 504 550 nunc
519 531 584 551 eum
603 525 637 552 ad
653 526 812 554 australem
835 535 938 555 zonam
954 537 1033 556 nunc

210 563 246 590 ad
262 563 347 599 signa
362 565 528 595 solstitialis
543 576 595 604 pro
613 571 779 606 temporum
797 572 959 601 mutatione
974 575 1033 601 tra-

211 607 302 635 ducit.
320 619 334 634 ››

247 661 305 689 Col.
321 663 354 690 71
370 663 390 690 Β
404 663 430 691 3.
450 665 482 693 Ut
497 665 556 694 haec
569 666 632 695 aeli
655 669 815 704 appellatio.
840 670 903 698 Non
924 671 959 699 de
984 680 1033 708 ap-

211 705 367 741 pellatione
380 709 443 736 cccli
459 710 566 746 agitur,
584 712 634 740 sed
651 713 686 741 de
701 714 827 742 dictione
838 705 1030 745 ﬁrmamenti:

211 758 303 786 neque
318 755 395 780 recte
410 754 495 781 vertit
509 755 564 783 hoc
581 756 767 786 Eustathius:
787 769 801 786 σ
824 760 943 796 Proprie
968 761 1032 796 qui-

210 793 276 821 dem
292 794 371 823 aliud
387 796 428 824 illi
454 799 630 828 conveniens
657 801 750 830 fuerat
771 811 893 831 nomen:
921 804 1031 833 scimus

211 839 307 866 tamen
324 841 486 876 saepissime
502 843 607 872 ccslum
625 845 680 873 dici
694 846 791 875 locum
816 848 946 884 spissum
958 849 1030 877 den-

209 884 368 920 satumque
384 886 469 914 aeris.
488 898 502 911 ››
518 889 695 918 Carnarius:
712 902 726 916 ι(
748 892 897 928 Tanquam
914 894 1031 930 proprie
1049 905 1072 938 Β

212 927 326 938 -.-μω
363 929 382 938 ..
421 930 427 937 .
520 931 538 938 ..
563 933 580 938 ..

210 927 329 972 quidem
345 929 429 957 alteri
444 931 638 968 appellatione
654 927 842 972 congruente,
852 927 936 972 juxta
951 927 1034 966 simi-

210 970 366 1001 litudinem
382 983 450 1003 vero
465 977 551 1005 etiam
576 978 628 1006 hoc
649 970 874 1015 appellationem
897 984 1034 1011 transsu-

212 1018 337 1062 meutea
354 1018 412 1047 Hoc
421 1020 483 1048 vult
493 1021 795 1058 scilicet,firmamenti
808 1026 1032 1062 appellationem

212 1060 296 1089 alteri
312 1064 529 1098 convenire,sed
545 1067 649 1096 coelum
661 1070 759 1097 tamen
771 1060 1033 1108 per—participatio-

212 1112 279 1133 nem
291 1106 493 1138 similitudinis
505 1111 655 1147 appellari.
672 1113 812 1142 Ceterum
827 1106 910 1144 locus
924 1106 1034 1150 illan-rs-

212 1151 314 1185 τόμενα
335 1152 403 1179 κατὰ
423 1153 454 1181 τὸ
480 1155 620 1193 στερέωμα
643 1159 691 1184 τοῦ
715 1159 832 1196 οὐρανοῦ
846 1181 853 1194 ,
879 1161 1034 1198 decerptus

213 1196 259 1222 est
274 1203 308 1223 ex
323 1196 425 1225 Genesi
443 1206 504 1234 cap.
522 1208 541 1234 ι,
557 1208 631 1229 vers.
656 1203 701 1236 20,
725 1211 811 1238 quem
833 1204 873 1232 ita
891 1196 1034 1241 expressit

210 1238 239 1282 β.
255 1239 427 1269 Ambrosius
442 1242 599 1280 lib.n,cap.
617 1246 651 1274 4:
668 1256 682 1270 ιι
696 1246 833 1276 Volatilia
848 1238 968 1282 casm-et
982 1259 1032 1278 vo-

209 1281 303 1311 lautia
317 1293 406 1321 super
419 1288 527 1315 terram
543 1297 629 1317 secus
649 1290 866 1320 firmamentum
890 1294 972 1329 omli;
999 1303 1031 1323 eo

209 1328 288 1362 quod
311 1329 439 1358 volatilia
467 1332 544 1360 circa
572 1334 749 1370 superiorem
771 1338 918 1366 versantia
933 1338 1030 1367 locum

207 1373 316 1401 terram
341 1377 484 1410 spectent.
510 1388 524 1402 ››
552 1378 607 1406 Sed
631 1379 857 1416 distinguendus
872 1385 917 1410 est
930 1385 1029 1412 tamen

206 1416 288 1452 prior
298 1418 380 1447 locus
392 1428 425 1447 ex
436 1421 550 1456 psalmo
561 1431 622 1457 vm,
639 1424 666 1458 9,
682 1425 804 1453 volucres
818 1427 888 1461 caeli,
905 1436 922 1455 a
937 1430 1029 1464 poste-

206 1461 276 1488 riori
291 1469 325 1490 ex
340 1471 349 1491 1
365 1464 626 1497 Genesis.0uartus
637 1468 757 1496 demum
766 1478 800 1497 ex
813 1471 1028 1500 Deuteronomii

206 1513 306 1542 xxxm,
320 1507 363 1541 13,
383 1509 432 1544 qui
443 1510 485 1537 sic
504 1511 680 1540 efferebatur
693 1513 722 1540 in
738 1513 890 1543 Basiliensi
901 1516 1028 1544 editione

207 1548 260 1576 ἀπὸ
274 1549 345 1586 ’ὀρων
363 1551 477 1588 οὐρανοῦ
500 1554 544 1581 καὶ
568 1553 675 1592 δρόσου,
693 1566 750 1594 quo
766 1562 849 1594 pacto
864 1562 892 1588 et
908 1561 1027 1589 Ambro-

206 1593 269 1622 sius
283 1587 400 1625 videtur
409 1597 512 1635 legisse
522 1587 595 1629 libro
611 1602 647 1629 De
662 1587 893 1632 tieriediclionibus
1042 1587 1064 1621 C

205 1640 330 1682 charum,
347 1649 409 1677 cap.
427 1643 478 1671 lt:
496 1644 678 1681 Eustathius,
695 1655 712 1675 α
726 1647 826 1682 ﬁnibus
839 1640 923 1677 cwli:
950 1653 980 1678 at
995 1651 1024 1678 in

205 1681 379 1713 Henriciano
394 1687 493 1715 codice
516 1687 569 1715 ἀπὸ
580 1691 633 1716 τῶν
647 1689 729 1728 ὀρῶν,
745 1701 761 1719 α
776 1693 926 1730 montibus,
948 1695 1023 1729 quod

203 1728 231 1754 et
246 1727 275 1754 in
292 1729 443 1758 nonnullis
467 1731 686 1762 Deuteronomii
705 1736 855 1765 codicibus
880 1727 1024 1774 scriptum

201 1772 322 1808 reperiri
332 1773 493 1803 Flaminius
504 1777 638 1806 Nobilius
647 1780 791 1809 testatur:
807 1790 874 1809 vera
884 1785 929 1810 est
940 1772 1024 1812 lectio

200 1815 327 1845 Medicaei
343 1817 421 1855 libri,
437 1829 525 1856 quam
543 1824 753 1858 expressimus,
766 1827 795 1853 et
811 1825 947 1855 Romana:
963 1828 1024 1855 edi-

197 1860 287 1890 tionis
303 1863 390 1897 LXX,
408 1864 460 1891 άπὸ
475 1867 530 1892 τῶν
556 1866 645 1904 ὡρῶν,
670 1877 689 1896 a
711 1870 872 1905 fructibus;
898 1871 1024 1908 Vulgata

198 1904 310 1938 Latina,
326 1907 359 1934 de
371 1910 462 1943 pomi:
476 1910 538 1938 ειειί
551 1915 577 1938 et
591 1919 662 1940 rore.
677 1912 737 1941 Vox
757 1914 877 1943 Hebraea
901 1904 1023 1944 delicias

198 1950 226 1976 et
241 1949 381 1980 delicatos
406 1953 518 1982 fructus
543 1955 698 1992 signiﬁcat,
724 1960 801 1986 unde
817 1960 965 1995 Pagninus
985 1961 1019 1988 ad

197 1994 331 2030 verbum,
357 2006 372 2021 «
399 1997 435 2025 de
459 1998 591 2027 delicatis
618 2001 769 2029 caelorum.
796 2014 810 2028 »
835 1994 906 2032 male
931 2005 1023 2041 igitur

197 2037 354 2067 Kircherus
382 2042 572 2078 Augustanus
601 2045 630 2072 in
659 2046 756 2074 Indice
784 2037 1021 2077 Bibliorum‘lle-

196 2082 398 2113 braico-Graeco
412 2094 511 2115 vocem
538 2088 626 2117 istam
656 2090 756 2118 docuit
771 2102 785 2116 (ι
802 2095 931 2121 montem
949 2105 963 2118 n
980 2095 1019 2121 si-

1088 265 1167 297 sunt,
1185 271 1241 291 non
1253 264 1316 299 jam
1333 265 1440 293 ethnici
1451 269 1502 294 aut
1517 267 1623 302 pagani
1641 269 1673 294 ut
1685 267 1728 295 illi
1744 267 1911 304 philosophi

1088 305 1123 332 de
1139 306 1247 341 quibus
1263 309 1350 336 antea
1369 307 1553 345 loquebatur.
1568 310 1721 346 Origenem
1747 311 1826 338 enim
1844 319 1910 346 sup-

1087 358 1188 385 presso
1203 350 1267 386 ejus
1284 353 1401 380 nomine
1416 355 1505 387 taxat,
1522 356 1550 381 et
1569 354 1653 390 quasi
1677 355 1826 382 somnium
1851 355 1911 382 ani~

1087 393 1203 430 lemque
1219 396 1347 424 fabulam
1364 398 1573 433 expositionem
1588 399 1652 434 ejus
1672 399 1776 434 rejicit,
1791 400 1837 434 |ut
1861 400 1908 427 ad-

1088 441 1187 466 monet
1202 441 1334 468 Pererius
1348 442 1567 470 eruditissimus
1584 443 1693 470 ordinis
1712 444 1806 471 nostri
1829 444 1910 472 theo-

1087 481 1172 519 logus
1187 483 1217 511 in
1233 484 1447 514 Commentario
1462 486 1491 514 in
1509 487 1585 515 hunc
1601 487 1744 516 Geneseos
1759 487 1870 516 locum.
1884 489 1909 516 ls

1087 527 1429 563 enim,quemadmodum
1446 531 1534 559 refert
1547 532 1727 568 Epiphanius
1743 532 1773 560 in
1788 533 1911 568 Ερίει.αά

1085 573 1535 611 Jaan.Ilierosolymitanum,quae
1551 576 1628 613 apud
1645 576 1858 613 Hieronymum
1870 580 1912 605 est

1086 616 1131 651 60,
1144 617 1295 646 veritatem
1309 618 1437 647 historiae
1452 620 1596 656 allegoriae
1607 621 1758 650 mendacio
1770 622 1911 658 deprava-

1086 661 1178 695 bat,et
1188 670 1281 698 aquas
1293 671 1355 699 qua:
1368 673 1457 700 super
1468 665 1686 694 firmamentum
1695 671 1838 700 sunt,non
1851 675 1912 694 esse

1087 714 1188 742 aquas,
1205 708 1254 734 sed
1272 707 1457 737 fortitudines
1473 710 1618 746 quasdam
1631 710 1767 747 angelicae
1783 712 1912 746 potesta-

1085 751 1124 779 tis
1139 754 1168 778 et
1184 759 1287 780 rursus
1298 761 1390 789 aquas
1404 763 1466 789 qua:
1481 763 1570 791 super
1585 757 1693 782 terram
1709 757 1790 790 sunt,
1803 755 1860 782 hoc
1870 758 1913 783 est

1085 796 1141 823 sub
1158 795 1354 832 firmamento,
1367 806 1430 826 esse
1442 798 1567 826 virtutes
1581 799 1785 833 contrarias,id
1798 801 1846 827 est
1857 799 1911 827 die—

1086 848 1188 868 mones
1201 849 1207 868 :
1222 842 1250 868 et
1266 840 1469 878 Hieronymus,
1483 843 1568 879 epist.
1584 844 1629 878 6t,
1645 846 1760 872 sextum
1777 844 1910 880 ejusdem

1087 892 1214 912 errorem
1232 889 1377 921 numerat,
1394 888 1471 923 quod
1488 887 1529 915 sic
1545 888 1714 923 paradisum
1731 888 1910 923 allegorizet,

1090 939 1103 953 ‹‹
1121 930 1153 956 ut
1168 929 1295 957 historia;
1311 931 1424 958 auferat
1438 931 1601 966 veritatem,
1617 940 1669 968 pro
1684 933 1842 961 arboribus
1858 941 1911 960 an—

1088 972 1177 1008 gelos,
1193 981 1244 1009 pro
1260 974 1432 1004 fluminibus
1447 976 1571 1004 virtutes
1586 976 1717 1005 caelestes
1732 977 1909 1013 intelligens.

1088 1017 1264 1053 Septimum,
1285 1020 1362 1055 quod
1378 1028 1481 1056 aquas,
1505 1029 1567 1056 qua:
1583 1029 1672 1057 super
1686 1021 1775 1050 caelos
1791 1022 1820 1049 in
1837 1022 1911 1049 Scri-

1089 1063 1183 1098 pturis
1199 1070 1264 1090 esse
1279 1063 1548 1099 dicuntur,sanctas
1563 1074 1766 1102 supernasque
1777 1067 1910 1100 virtutes;

1089 1115 1152 1143 qua:
1168 1110 1388 1144 super‘terram,
1406 1112 1434 1137 et
1459 1110 1535 1138 intra
1554 1113 1674 1146 terram,
1697 1111 1861 1139 contrarias
1885 1113 1912 1139 et

1088 1152 1282 1181 daemoniacas
1297 1161 1361 1180 esse
1386 1155 1552 1183 arbitretur.
1579 1165 1592 1181 ν
1616 1158 1653 1183 At
1673 1156 1822 1184 contraria
1847 1164 1912 1183 sen-

1087 1196 1177 1224 tentia
1192 1197 1250 1225 t‘ere
1265 1197 1396 1225 omnium
1413 1201 1543 1227 veterum
1560 1202 1677 1228 Patrum
1704 1203 1750 1228 est
1763 1202 1824 1228 tam
1838 1200 1911 1228 Grie-

1087 1248 1187 1268 corum
1202 1250 1290 1277 quam
1310 1242 1490 1277 Latinorum,
1502 1245 1762 1280 quosjenumerant
1777 1253 1847 1272 cum
1863 1247 1911 1272 Pe-

1087 1285 1180 1313 rerius
1195 1287 1285 1322 idem,
1303 1289 1366 1314 tum
1385 1287 1531 1317 Martinus
1556 1289 1671 1317 Delrius
1684 1289 1753 1317 item
1771 1293 1871 1317 noster
1882 1289 1910 1316 in

1086 1330 1264 1364 iGeneseos,
1292 1339 1375 1360 veras
1399 1335 1428 1360 et
1451 1333 1601 1361 naturales
1626 1342 1690 1362 esse
1705 1342 1796 1370 aquas
1821 1342 1910 1370 supra

1085 1374 1189 1402 ccelum
1208 1375 1349 1412 siderum,
1366 1378 1399 1404 ut
1410 1377 1610 1406 Theodoretus
1626 1380 1729 1414 quaest.
1745 1378 1908 1412 ti,Justini

1085 1419 1274 1453 Quaestionum
1300 1425 1411 1457 auctor,
1440 1425 1543 1458 quiest.
1571 1423 1616 1457 93,
1639 1425 1668 1451 et
1682 1423 1855 1451 Gennadius
1879 1423 1908 1450 in

1083 1463 1202 1497 Catena,
1219 1465 1304 1499 cujus
1324 1466 1503 1501 expressisse
1527 1467 1614 1495 verba
1636 1467 1713 1495 Beda
1738 1467 1855 1495 videtur
1878 1467 1907 1495 in

1084 1508 1158 1535 libro
1176 1509 1210 1536 De
1221 1513 1321 1537 natura
1336 1518 1442 1544 rerum,
1459 1519 1508 1539 eas
1528 1520 1617 1548 aquas
1628 1512 1728 1540 dicens
1739 1512 1775 1539 ad
1788 1512 1907 1548 refrige-

1082 1552 1225 1580 rationem
1242 1555 1271 1581 et
1285 1555 1524 1590 temperationem
1545 1557 1657 1584 ardoris
1668 1557 1799 1585 siderum
1813 1557 1908 1585 luisse

1083 1600 1280 1634 comparatas.
1301 1599 1443 1627 Gennadii
1460 1601 1547 1628 verba
1571 1604 1640 1629 sunt
1654 1610 1687 1629 ex
1712 1609 1769 1629 ms.
1795 1601 1907 1629 codicis

1083 1641 1233 1670 illustriss.
1258 1643 1416 1672 cardinalis
1439 1645 1562 1673 Joeuaani
1584 1646 1748 1682 exscripta:
1777 1646 1836 1673 Ἵνα
1861 1645 1908 1673 οὖν

1085 1686 1122 1721 μὴ
1153 1685 1233 1713 τοῦτο
1262 1686 1376 1725 πάσχων
1410 1688 1520 1716 ἀπείποι
1549 1690 1617 1727 πρὸς
1641 1690 1691 1724 τήν
1721 1691 1815 1717 στάσιν
1841 1690 1908 1718 ποτὶ

1083 1728 1145 1756 ἀλλ’
1161 1731 1299 1767 ἁράματον
1323 1732 1427 1768 ὁμοίως
1449 1733 1493 1760 καὶ
1518 1735 1612 1772 ἀγήρω
1627 1736 1741 1762 πάντοτε
1769 1733 1908 1771 διαμένοι,

1081 1776 1173 1812 σοφῶς
1188 1775 1202 1801 ὁ
1218 1775 1415 1814 ἀριστοτέχνης
1433 1778 1497 1809 Θεὸς
1517 1779 1568 1813 τήν
1594 1778 1730 1817 ἀφαίρεσιν
1755 1778 1798 1807 ἐπ’
1826 1779 1909 1808 αὐτοῦ

1080 1820 1133 1845 τῶν
1152 1817 1256 1846 ὑδάτων
1279 1820 1488 1858 ἐμηχανήσατο,
1517 1826 1567 1858 τῆς
1587 1822 1617 1850 ἐκ
1641 1823 1745 1851 τούτων
1762 1823 1907 1862 ἐγγινομέ-

1079 1874 1126 1898 νης
1141 1863 1215 1900 αὐτῷ
1243 1866 1417 1902 καταψύξεως
1446 1868 1514 1906 πρὸς
1543 1869 1593 1903 τὴν
1616 1867 1646 1896 ἐκ
1660 1871 1713 1896 τῶν
1726 1870 1833 1906 ἄστρων
1864 1870 1906 1896 ἆν-

1078 1909 1309 1946 τιναθισταμὲνης
1331 1911 1496 1948 θερμότητα·
1525 1924 1536 1938 ε
1552 1914 1593 1943 ΝΘ
1616 1923 1675 1950 qua
1693 1915 1785 1951 igitur
1799 1915 1906 1943 caloris

1078 1953 1226 1982 vicinitate
1241 1955 1412 1990 solveretur,
1424 1958 1475 1985 sed
1487 1958 1516 1986 in
1533 1967 1587 1986 suo
1602 1961 1680 1987 statu
1694 1967 1812 1996 semper
1823 1960 1905 1988 inde-

1078 1997 1188 2026 fessum
1205 2003 1403 2036 aeternumque
1417 2001 1537 2030 duraret
1551 2003 1905 2040 firmamentum,sapiens

1077 2042 1255 2072 architectus
1269 2045 1331 2080 ipse
1342 2045 1417 2074 Deus
1432 2048 1647 2082 separationem
1664 2049 1740 2076 hanc
1755 2057 1903 2085 aquarum

1076 2088 1237 2122 prudenter
1251 2090 1435 2126 excogitavit,
1450 2094 1483 2118 ut
1497 2100 1597 2120 earum
1614 2093 1838 2129 refrigeratione
1853 2103 1904 2121 {ES-

194 2127 343 2163 gniﬁcare,
360 2129 438 2158 hunc
455 2133 550 2160 locum
567 2133 672 2170 citans,
684 2143 750 2163 cum
767 2135 844 2172 ὡρῶν
861 2137 1018 2173 legendum
1073 2132 1122 2158 tus
1138 2131 1266 2160 siderum
1281 2133 1323 2161 ita
1337 2136 1525 2171 temperaret,
1543 2139 1575 2164 ut
1590 2139 1726 2165 neutram
1741 2137 1772 2165 in
1789 2141 1903 2174 partem

194 2171 243 2207 sit,
259 2180 316 2200 non
333 2172 414 2211 ὀρῶν⁸
428 2177 545 2204 tametsi
563 2178 656 2206 Biblia
680 2171 852 2208 Germanica
876 2171 1018 2211 Basilien-

194 2216 238 2243 sia
251 2215 405 2246 lectionem
430 2219 511 2247 illam
534 2223 692 2251 tueantur:
723 2226 973 2260 quemadmodum
989 2229 1018 2255 et

190 2267 344 2295 perperam
361 2265 511 2292 contendit
540 2265 648 2294 ibidem
677 2277 775 2297 vocem
808 2271 941 2299 eamdem
962 2272 1017 2300 He-
1034 2273 1056 2304 D
1072 2290 1104 2310 ra

192 2303 299 2333 braam
317 2311 376 2337 1m
390 2308 495 2344 τροπὴν
518 2313 723 2340 conversionem
747 2321 861 2349 sonare,
886 2318 1017 2352 propter

192 2355 227 2376 ea
239 2350 314 2397 quod
330 2350 360 2378 in
376 2353 478 2381 eodem
495 2353 558 2382 loco
574 2355 692 2392 dicitur,
715 2357 775 2389 καθ’
795 2357 865 2394 ὥραν
881 2350 1016 2397 γεννὴμά-

192 2402 245 2419 των
262 2392 345 2428 ἡλίου
359 2395 481 2432 τροπῶν,
506 2410 521 2424 ‹‹
544 2401 706 2429 secundum
735 2402 839 2431 horam
865 2392 1014 2433 fructuum

193 2436 264 2465 solis
280 2440 519 2470 conversionum:
534 2455 544 2468 ιι
563 2447 737 2474 cumtamen
754 2447 814 2475 illic
829 2456 882 2476 vox
894 2449 1015 2478 Hebraea

194 2486 295 2514 nmzn
310 2494 323 2510 ι
340 2489 501 2521 proventus
517 2499 532 2513 »
542 2492 593 2517 aut
605 2501 619 2514 «
636 2490 746 2526 frucus,
759 2502 774 2516 »
798 2493 952 2529 γεννήματα
966 2503 1014 2522 so-

192 2529 259 2562 net;
277 2533 326 2557 aut
339 2531 452 2567 τροπάς,
470 2543 485 2557 α
501 2535 715 2570 conversiones,
736 2547 750 2561 »
764 2545 821 2564 non
837 2539 935 2566 autem
952 2544 1012 2570 ’πεινῇ

192 2580 279 2607 quam
295 2585 310 2599 «
327 2575 447 2604 delicias
463 2587 477 2601 υ
489 2577 628 2615 diximus,
645 2582 696 2607 aut
711 2591 725 2605 «
741 2581 880 2610 delicatos
897 2582 1010 2611 fructus

190 2618 354 2654 Pagninum
370 2622 398 2648 et
414 2620 487 2649 alios
509 2622 654 2651 Hebraicaa
677 2623 783 2659 linguae
796 2626 904 2661 peritos
919 2626 1009 2655 inter-

187 2663 308 2697 pretari.

1073 2174 1231 2204 laboraret.
1251 2188 1262 2201 ι

1106 2238 1164 2266 Col.
1181 2239 1217 2266 75
1233 2239 1264 2267 Β.
1280 2240 1307 2267 2.
1333 2241 1393 2269 Etsi
1417 2241 1491 2270 dicat
1515 2243 1584 2279 quis.
1607 2245 1757 2280 Interpres
1771 2245 1901 2281 scripse-

1106 2284 1117 2310 t
1134 2294 1148 2308 ι(
1161 2284 1327 2318 annuntiat,
1344 2287 1377 2313 ut
1390 2289 1505 2316 astruat
1519 2287 1628 2324 aliquis
1645 2291 1674 2316 et
1689 2289 1902 2326 interpretetur

1073 2326 1160 2356 hosce
1175 2327 1264 2357 caelos
1279 2329 1402 2359 virtutes
1418 2339 1482 2360 esse
1496 2333 1642 2369 quasdam
1656 2334 1900 2371 contemplationi

1071 2375 1252 2407 concreatas,
1267 2374 1487 2405 firmamentum
1502 2386 1568 2406 vero
1584 2378 1818 2415 facultatemque
1834 2388 1901 2416 ope-

1071 2424 1136 2444 rose
1149 2417 1307 2447 admodum
1315 2422 1343 2448 et
1349 2421 1507 2450 efﬁcaciter
1514 2423 1673 2459 fungantur
1681 2424 1898 2461 otficio,nempe

1070 2462 1268 2497 operatrices.
1302 2476 1312 2491 1
1336 2466 1560 2495 Emendandum
1589 2469 1667 2504 apud
1694 2469 1898 2503 Eustathium,

1071 2517 1081 2531 ι
1090 2507 1265 2543 contempla‘
1272 2508 1346 2537 rices
1357 2511 1782 2546 essevirtutes,firmamentum
1794 2517 1896 2542 autem

1067 2550 1215 2580 factricem
1227 2553 1275 2581 Dei
1288 2555 1476 2592 potentiam,»
1493 2564 1544 2592 pro
1559 2568 1574 2582 «
1591 2558 1830 2593 contemptibiles
1841 2559 1897 2588 vir-

1066 2596 1143 2624 tutes
1155 2605 1161 2630 ;
1173 2608 1188 2622 »
1201 2600 1229 2625 et
1241 2598 1328 2634 paulo
1334 2601 1411 2635 post,
1425 2611 1436 2625 ι
1449 2609 1512 2636 qua:
1522 2600 1588 2629 istis
1597 2601 1776 2630 dictionibus
1787 2604 1892 2638 inest,-

1065 2647 1122 2667 non
1135 2641 1377 2678 dictionibus,sed
1387 2645 1476 2674 rebus
1483 2645 1560 2674 inest
1568 2646 1642 2674 ratio
1649 2648 1677 2674 et
1685 2647 1892 2684 consideratio,

1063 2685 1142 2712 unde
1157 2685 1330 2715 Eustathius
1345 2689 1450 2718 vertit:
1468 2701 1483 2716 «
1503 2689 1559 2719 Sed
1576 2691 1771 2720 consideratio
1786 2701 1888 2721 eorum

222 2715 284 2744 Col.
299 2717 334 2745 74
348 2718 368 2746 C
384 2719 427 2746 10.
450 2719 587 2748 Advcrms
611 2722 815 2774 ecclesiasticos.
843 2723 1006 2754 Dilucidius
1061 2729 1221 2764 prudenter
1231 2739 1247 2759 a
1262 2715 1389 2761 sensum,
1399 2715 1889 2774 maestitia-2383:};Hilam;

1061 2759 1071 2764 -
1307 2759 1383 2761 777‘
1399 2759 1574 2764 ——--v—---—-
1595 2759 1802 2772 νν--ν-Ίν--““··ν
1828 2759 1874 2774 διν

186 2759 362 2790 Cornarius:
381 2774 395 2788 «
411 2763 500 2793 Nobis
525 2768 623 2793 autem
640 2766 676 2794 ad
692 2766 906 2797 ecclesiasticos
919 2770 1004 2799 etiam
1060 2773 1252 2803 riﬁcationem
1267 2778 1380 2812 perﬁcit
1394 2779 1551 2809 Creatoris.
1563 2791 1578 2806 »
1599 2781 1760 2809 Coruarius
1774 2783 1886 2819 optime

186 2806 326 2819 anna-1-...
353 2816 412 2819 _,_,,
516 2811 521 2817 -
533 2812 541 2819 ι
649 2814 655 2819 .
683 2813 690 2819 1
734 2813 753 2819 ..
825 2814 841 2819 ..
937 2816 943 2819 .
1089 2818 1113 2819 7,

185 2806 328 2841 quosdam
353 2816 448 2838 sermo
473 2811 590 2847 quidem
615 2814 659 2841 est
675 2813 709 2841 de
726 2813 860 2843 discretis
876 2816 972 2852 aquis.
989 2826 1002 2843 ν

1061 2828 1073 2843 α
1089 2818 1196 2847 Verum
1213 2827 1310 2850 sermo
1325 2822 1356 2851 in
1371 2823 1417 2853 his
1432 2825 1611 2861 speculative
1625 2828 1774 2862 acceptus.
1789 2818 1804 2852 ›;
