2011 3142
113 176 172 207 985

649 176 702 206 AD
724 175 915 206 HOMILIAS
938 175 977 205 IN
1000 174 1290 206 HEXAEMERON.

1765 171 1824 203 986

147 241 209 270 Col.
230 242 267 269 76
290 242 321 270 C.
348 241 391 269 10.
419 241 463 269 ’Ev
487 241 561 279 ἀρχῇ
585 240 631 268 τὸν
657 241 768 269 σκοπόν.
799 241 938 270 Basilien-

997 241 1056 277 pti:
1074 245 1254 277 quapropter
1270 242 1368 270 fodere
1383 241 1481 276 desiit,
1497 243 1528 268 ut
1545 249 1580 268 ne
1597 240 1731 268 immisso
1748 247 1812 267 mar

113 287 155 315 sis
171 285 263 314 editio
277 286 382 314 habuit
396 285 500 323 ἐναρχῇ
516 286 709 321 conjunctim,
731 288 761 314 at
777 286 858 322 Regii
884 286 943 314 duo

114 331 276 359 emendant
287 329 431 368 ἐναργῆ,εῐ
447 331 619 367 comprobat
634 331 868 359 emendationem
885 331 942 358 Eu-

115 375 258 409 stathius,
276 376 346 403 dum
362 375 464 403 vertit:
486 387 500 401 «
517 375 618 403 Merito
634 383 702 411 ergo
717 375 836 411 quidem
858 375 885 402 in
898 384 942 402 ra-

114 420 227 448 tionem
244 419 430 456 gignentium
451 420 637 448 manifestam
654 428 718 448 esse
742 420 910 456 proposuit:
929 431 943 444 υ

115 473 180 500 quae
197 464 266 492 licet
282 465 423 492 mendosa
438 463 568 491 indicant
579 464 626 492 hic
642 464 841 497 scribendum,
858 475 872 489 ‹‹
890 465 943 497 Qui

115 510 210 546 igitur
236 509 427 537 manifestum
455 516 557 536 eorum
578 517 641 544 qua
666 509 749 543 ﬁunt,
774 509 861 536 finem
887 508 943 536 sibi

114 562 201 590 prop.
219 565 234 578 n
251 553 359 582 Eodem
373 553 457 582 modo
472 553 558 587 intra,
574 553 726 589 legebatur
742 553 772 580 in
792 553 942 581 Basiliensi

114 596 354 634 θὰἱι.,ὁρωμὲνοις
371 597 397 624 ἐν
415 597 532 635 ἀρχῇ,θῐ
543 606 576 625 ex
586 598 690 626 iisdem
704 599 942 626 mss.correctum

114 645 160 671 est
185 642 295 679 ἐναργῆ,
321 642 459 678 quocirca
482 643 654 670 vertendum
679 645 733 677 est,
758 653 772 668 «
788 642 944 670 manifesta

114 688 216 716 statim
235 687 378 723 exempla,
394 698 408 713 »
426 689 459 715 ut
473 687 546 715 dixit
561 687 764 722 Eustathius,«
781 687 945 716 benefacto-

114 732 154 760 ris
172 733 366 760 monumenta
382 732 548 759 certissima
563 731 697 768 capiatis.
716 743 730 757 »

149 785 211 814 Col.
227 786 263 812 79
287 789 308 814 A
332 785 375 812 13.
399 786 465 813 lam
489 793 561 813 vero.
591 785 686 813 Verba
704 785 849 813 Eustatbii
874 785 943 813 eub-

115 830 272 857 stituimus
288 830 317 857 in
335 829 431 857 locum
448 829 771 866 istoruminterpretis:
789 841 803 856 «
820 830 880 858 Non
897 830 945 858 de-

115 874 251 910 sunt,qui
268 874 311 902 vel
325 882 418 910 usque
434 875 469 902 ad
482 874 628 902 insaniam
641 882 672 902 se
682 876 759 902 totos
770 874 945 902 addixerunt

116 919 201 955 equis
212 919 249 947 ad
260 919 397 947 obeunda
407 919 568 947 certamina
584 919 762 952 exercendis,
781 919 852 947 adeo
869 921 901 947 ut
914 919 942 947 in
959 929 983 961 B

116 972 260 1000 equorum
277 963 402 1000 gratiam
417 963 472 991 sibi
489 963 645 991 videantur
659 972 711 1000 per
721 971 858 992 somnum
875 972 943 992 con-

115 1008 226 1044 ﬂigere.
243 1019 258 1033 »
276 1007 362 1043 Atqui
378 1016 435 1036 non
451 1007 512 1044 πιρί
528 1007 718 1046 ἱπποτρόφων,
735 1020 749 1033 α
774 1009 809 1036 de
831 1008 868 1036 iis
893 1008 943 1044 qui

114 1061 207 1089 equos
220 1052 359 1080 aluntvel
376 1054 522 1088 exercent,
539 1064 548 1078 1
568 1053 619 1081 sed
636 1053 672 1080 de
688 1053 724 1080 iis
740 1053 902 1089 agitur,qui
914 1053 943 1080 in

114 1097 258 1125 factiones
272 1096 357 1125 divisi
369 1099 505 1133 spectant
518 1097 691 1131 certamina,
709 1097 752 1125 vel
764 1098 793 1124 in
805 1097 944 1125 circensi-

112 1142 169 1170 bus
187 1142 262 1178 ipsis
286 1141 454 1169 decertant:
478 1141 593 1178 proprie
608 1150 737 1178 namque
753 1142 787 1170 de
803 1142 880 1170 circo
905 1142 946 1170 ita

111 1186 279 1222 loquuntur
295 1188 404 1220 Patres,
422 1188 454 1213 ut
469 1186 601 1214 insanire
617 1195 650 1214 ac
667 1186 761 1214 furere
771 1186 871 1214 dicant
881 1195 942 1221 eos,

110 1231 160 1267 qui
176 1231 255 1258 inter
269 1231 462 1267 spectandum
482 1231 673 1259 contendunt.
691 1230 892 1260 Tertullianus
905 1232 942 1259 De

113 1275 278 1311 spectaculis
290 1283 355 1311 cap.
372 1275 424 1302 t6:
443 1286 457 1300 «
482 1274 553 1303 Cum
579 1283 645 1311 ergo
664 1275 744 1303 furor
759 1275 944 1303 interdicitur

114 1320 212 1355 nobis,
235 1319 270 1348 ab
281 1319 361 1347 omni
377 1319 544 1356 spectaculo
557 1320 730 1356 auferimur,
742 1320 829 1348 etiam
841 1329 858 1348 a
867 1320 944 1348 circo

115 1365 165 1392 ubi
182 1364 301 1401 proprie
317 1364 398 1392 furor
420 1364 564 1400 presidet.
590 1376 604 1389 »
628 1364 786 1401 Gregorius
808 1365 943 1392 Nazianz.

117 1411 195 1437 orat.
219 1409 273 1436 27:
300 1407 366 1446 Περὶ
389 1407 454 1439 τοὺς
476 1407 607 1440 ἱππικοὺς
621 1408 666 1435 καὶ
680 1408 715 1436 τὰ
729 1408 837 1446 θέατρα,
852 1409 896 1436 ναὶ
912 1408 945 1436 τὰ

119 1451 226 1486 στάδια,
251 1452 296 1480 καὶ
319 1453 353 1480 τὰ
379 1452 525 1490 κυνηγέσια
547 1455 676 1481 τοσοῦτον
693 1454 851 1490 μεμηνᾶναι,
877 1453 945 1481 ὥστε

119 1499 204 1525 ταῦτα
218 1500 354 1530 ποιεῖτθαι
368 1497 438 1536 βίον*
456 1510 470 1524 ‹‹
486 1499 568 1527 Circa
581 1499 667 1527 ludos
680 1499 825 1527 circenses
840 1500 868 1527 et
883 1507 946 1535 spe-

118 1542 245 1578 ctacula,
260 1545 289 1571 et
304 1551 420 1579 cursus,
437 1545 466 1571 et
487 1543 657 1572 venationes
672 1544 744 1571 adeo
759 1543 897 1578 insaniat,
913 1545 946 1570 ut

117 1587 179 1616 haec
193 1596 245 1624 pro
264 1588 323 1616 vita
344 1590 372 1616 et
395 1588 472 1616 serio
500 1589 628 1624 quodam
644 1588 778 1616 instituto
793 1587 910 1615 habeat.
929 1599 940 1612 ν

117 1632 314 1669 Hieronymus
329 1633 359 1660 in
378 1634 437 1661 Vita
450 1633 654 1662 S.Hilarz'onis:
675 1644 688 1658 υ
704 1633 767 1661 Non
779 1632 848 1660 circi
864 1632 940 1660 furo-

114 1677 208 1712 ribus,
226 1686 283 1705 non
295 1685 389 1705 arenas
402 1678 556 1714 sanguine,
567 1686 626 1705 non
642 1677 748 1705 theatri
764 1677 879 1705 luxuria
892 1677 941 1704 deo

114 1721 289 1750 laetabatur.
307 1733 321 1747 »

148 1765 208 1794 Col.
234 1766 269 1793 80
292 1767 312 1794 C.
341 1766 381 1794 13.
405 1766 569 1804 Συναγωγᾶς
594 1765 692 1794 αὐτῶν.
714 1767 757 1794 Ita
784 1765 892 1802 legitur
909 1765 939 1793 iu

113 1810 267 1838 codicibus
283 1810 381 1847 Regiis
389 1819 461 1839 mss.
471 1813 500 1839 et
509 1809 619 1838 ἐκάλεσε
635 1809 780 1845 Θαλάσσας,
797 1819 855 1839 non
867 1812 899 1838 ut
909 1810 939 1838 in

111 1854 243 1891 Anglicis
255 1853 505 1891 “laeuumque
520 1857 696 1884 mutandum
709 1857 753 1883 est
763 1855 938 1892 quidquam,

111 1901 144 1926 ut
159 1898 272 1932 volunt,
288 1899 338 1936 qui
363 1900 529 1928 rescribunt
550 1899 705 1937 συναγωγὰς
729 1899 822 1926 αὐτοῦ.
848 1901 939 1927 Cons-

111 1945 210 1971 tanter
225 1943 304 1972 enim
322 1952 424 1972 omnes
439 1943 507 1972 libri
522 1944 621 1972 excusi
636 1946 665 1972 ct
688 1944 801 1972 calamo
827 1943 939 1972 exarati

110 1987 222 2016 habent
237 1987 336 2016 αὐτῶν.

144 2036 208 2065 Col.
228 2037 263 2064 82
287 2039 306 2063 Β
330 2038 358 2066 5.
380 2037 521 2073 Sequitur.
543 2037 631 2074 Atqui
659 2045 717 2065 non
746 2034 839 2063 ἕπεται
865 2036 938 2065 dixit

109 2081 303 2115 Basilius,sed
316 2080 427 2117 ἐπωθεῖ,
443 2083 520 2110 unde
532 2082 717 2116 Eustathius,
730 2093 744 2106 «
756 2082 882 2117 Urgente
893 2089 938 2109 ve-

107 2125 219 2153 nientis
243 2126 394 2162 impulsu;
410 2137 424 2152 »
450 2128 479 2155 et
493 2127 651 2155 Gornarius
665 2135 672 2155 :
689 2125 824 2154 Protudit
838 2127 936 2154 autem

107 2175 330 2204 superveniens.
348 2181 362 2195 υ

140 2217 201 2245 Col.
227 2218 263 2245 84
287 2219 310 2246 Α
338 2219 380 2247 14.
410 2216 638 2253 Ἐκκλησιαποῦ.
667 2217 791 2251 Quidam
820 2217 935 2254 Anglici

106 2261 218 2289 habent
232 2261 488 2297 Ἐκκλησιαπικοῦ,
506 2265 536 2290 at
550 2261 654 2290 Gallici
665 2270 732 2290 cum
745 2262 861 2290 excusis
873 2262 933 2289 Ἐκ-

105 2304 286 2341 κλησιαστοῦ,
303 2296 399 2342 recte;
415 2309 461 2336 est
479 2307 559 2335 enim
574 2307 657 2335 locus
671 2306 856 2336 Ecclesiaste:
871 2315 891 2342 ι,
907 2307 935 2335 7:
951 2296 975 2329 D

107 2349 208 2381 Πάντες
249 2350 407 2389 χείμαῤῥοι·
453 2351 552 2380 Omnes
590 2355 725 2380 torrente:
766 2351 867 2380 vadunt
905 2352 934 2379 in

107 2403 186 2423 mare
189 2415 195 2422 .

143 2439 218 2468 Ibid.
235 2439 256 2467 Ο
273 2440 297 2468 1.
313 2439 489 2468 Χαλινοῦται.
505 2440 692 2477 Anglicilibri
708 2441 821 2469 addunt
835 2449 934 2470 vocem

107 2482 252 2518 θάλασσα,
279 2492 368 2520 quam
398 2493 452 2513 nec
476 2494 618 2520 excusus,
644 2493 740 2521 neque
766 2486 849 2522 Regii
877 2486 934 2514 duo

107 2531 283 2564 agnoscunt,
293 2530 344 2557 sed
356 2529 545 2558 Eustathius:
565 2541 579 2555 ιι
594 2530 685 2558 Jussu
702 2529 751 2557 Dei
765 2529 934 2558 violentiam

107 2572 197 2601 maris
214 2573 320 2602 frenat.
337 2585 352 2598 ››
370 2576 455 2602 Porro
472 2575 549 2610 quod
563 2575 618 2602 sub
634 2574 722 2601 finem
737 2574 851 2610 paginas
866 2583 934 2610 pro-

106 2616 162 2645 fert
176 2618 213 2645 de
231 2620 362 2654 Egypto,
379 2626 443 2654 quas
460 2619 534 2647 mari
549 2619 648 2646 Rubro
663 2618 702 2646 sit
716 2618 935 2654 depressior,ex

104 2661 262 2690 Aristotele
277 2663 448 2699 decerptum
465 2665 530 2691 esti
553 2664 706 2699 Matrona,
722 2671 748 2691 c.
774 2663 824 2691 14;
854 2661 936 2690 Ἀλλ’

107 2704 181 2743 ιῦριν
200 2705 372 2743 ὑψηλοτᾶραν
385 2707 466 2734 οὖσαν
490 2708 540 2742 τήν
566 2706 698 2735 θάλατταν
727 2708 778 2741 τῆς
800 2709 862 2744 γῆς,
892 2705 935 2734 διὸ

107 2748 244 2778 ἐπαύσατο
258 2749 420 2788 διορύττων,
450 2750 526 2782 ὅπως
555 2751 593 2788 μή
623 2750 759 2790 διαφθαρῇ
788 2751 819 2779 τὸ
850 2751 935 2789 ῥεῦμα

103 2796 153 2822 τοῦ
165 2796 297 2831 ποταμοῦ
313 2794 497 2832 συμμιγιίσης
512 2797 562 2829 τῆς
588 2794 735 2831 θαλάττης·
765 2806 780 2822 ‹‹
806 2796 862 2824 Sed
887 2804 934 2824 ex-

105 2840 217 2870 celsius
233 2848 314 2870 mare
325 2840 458 2869 Rubrum
469 2842 715 2878 oomperit,quam
730 2843 839 2870 terram
850 2841 935 2877 [Egy-

998 288 1236 321 corrumperetur
1251 294 1328 322 aqua
1343 285 1433 313 ﬂuvii.
1446 296 1461 310 »
1475 285 1577 312 strabo
1592 287 1690 312 tamen
1707 284 1824 312 natione

998 331 1150 367 {Egyptius
1165 330 1238 358 falso
1254 330 1283 358 id
1301 330 1503 358 renuntiatum
1519 329 1605 357 Dario
1627 329 1710 356 Medo
1735 328 1826 355 tradit

999 374 1050 402 lib.
1067 382 1145 402 xvn:
1177 374 1224 401 Καὶ
1256 375 1333 405 οὗτος
1365 373 1394 401 δὲ
1420 372 1514 410 ψευδεῖ
1537 372 1656 404 πεισθεὶς
1675 373 1761 411 ἀφῆκε
1792 371 1824 399 τὸ

998 415 1076 456 ἔργον
1116 418 1178 455 περί
1222 418 1375 446 συντέλειαν
1416 417 1470 452 ἤδη
1508 415 1664 454 γενὸμενον.
1693 415 1822 451 Ἐπείσθη

997 462 1048 500 γὰρ
1078 463 1278 501 μετεωροτέραν
1305 463 1370 490 εἶναι
1399 463 1449 497 τὴν
1467 463 1598 500 Ἐρυθρὰν
1626 460 1759 488 θάλασσαν
1774 464 1825 495 τῆς

998 506 1148 544 Αἰγύπτου,
1173 507 1218 535 καὶ
1248 507 1270 534 εἰ
1299 507 1442 542 διακοπείη
1470 507 1523 537 πᾶς
1553 506 1567 533 ὁ
1595 505 1693 542 μεταξὺ
1716 505 1824 542 ἰσθμὸς,

998 550 1245 587 ἐπικλυσθήσισθαι
1272 553 1307 588 τῇ
1338 551 1457 589 θαλάττῃ
1487 551 1537 585 τὴν
1566 550 1715 588 Αἴγυπτον·
1741 562 1755 575 ‹‹
1772 549 1823 578 Hic

999 604 1116 633 quoque
1133 605 1206 632 pene
1221 597 1389 625 absolutum
1402 605 1475 632 opus
1491 596 1630 624 deseruit.
1645 595 1730 623 Falso
1744 594 1823 622 enim

999 649 1158 676 persuasus
1167 644 1211 668 est
1219 642 1340 669 rubrum
1353 648 1434 669 mare
1445 641 1565 677 [Egypto
1577 648 1642 668 esse
1652 639 1823 674 sublimius,

999 685 1123 721 ideoque
1139 686 1163 714 si
1181 686 1296 714 medius
1312 685 1442 714 isthmus
1457 685 1646 718 incideretur,
1666 684 1821 720 {Egyptum

999 738 1016 758 a
1029 729 1102 757 mari
1115 730 1253 758 obrutum
1274 730 1320 758 iri.
1338 742 1349 756 ι
1377 730 1520 757 Diodorus
1541 729 1657 758 Siculus
1672 728 1722 756 lib.
1739 737 1749 756 Ῑ
1773 736 1823 756 vc-

999 776 1046 802 cat
1062 772 1183 810 διώρυγα
1197 773 1393 812 χειροποίητον
1411 773 1450 804 εἴς
1470 773 1515 801 τὸν
1541 770 1685 811 Ἀραϐικὸν
1708 771 1822 805 κόλπον,

1000 830 1014 844 ‹‹
1032 819 1140 847 fossam
1156 819 1309 847 hominum
1325 819 1461 847 manibus
1472 819 1501 846 in
1517 819 1614 846 sinum
1627 817 1783 846 Arabicum
1796 820 1826 845 et

999 863 1180 899 Erythrasum
1198 870 1278 891 mare
1294 863 1463 891 deductam.
1482 874 1495 887 n
1512 862 1623 890 Plinius
1639 864 1739 890 autem
1755 870 1825 897 quo-

1000 908 1086 935 modo
1098 908 1164 943 conj
1170 915 1281 944 ungere
1288 907 1434 935 voluerint
1445 907 1473 935 bi
1486 915 1568 943 reges
1576 909 1734 942 utrumque
1741 914 1822 934 mare

999 952 1109 980 clarius
1124 952 1250 988 explicat
1265 952 1317 980 lib.
1333 961 1372 985 vr,
1398 960 1461 987 cap.
1477 952 1531 980 29:
1547 962 1562 976 α
1577 952 1694 979 Daneon
1711 954 1824 987 portus,

998 1004 1033 1024 ex
1060 1004 1117 1032 quo
1140 996 1334 1032 navigabilem
1361 996 1474 1024 alveum
1500 997 1661 1032 perducere
1680 996 1710 1023 in
1725 995 1823 1023 Nilum

998 1040 1114 1076 primus
1133 1041 1265 1068 omnium
1283 1041 1425 1069 Sesostris
1439 1040 1550 1077 Egypti
1566 1048 1615 1068 rex
1639 1039 1823 1076 excogitavit,

999 1093 1066 1112 mox
1081 1085 1187 1113 Darius
1202 1087 1355 1113 Persarum
1372 1085 1478 1112 deinde
1500 1084 1670 1112 Ptolemaeus
1686 1092 1824 1120 sequens,

999 1129 1048 1165 qui
1064 1131 1092 1157 et
1104 1129 1187 1157 duxit
1201 1129 1310 1157 fossam
1327 1129 1482 1157 latitudine
1498 1129 1604 1165 pedum
1622 1128 1823 1163 centum,alti-

999 1173 1102 1201 tudine
1125 1174 1258 1210 triginta,
1283 1174 1312 1201 in
1337 1173 1550 1210 longitudinem
1572 1174 1695 1209 triginta
1711 1175 1822 1209 septem

999 1218 1125 1245 millium
1147 1227 1210 1246 cccc
1232 1226 1375 1254 passuum
1400 1226 1494 1254 usque
1518 1218 1554 1246 ad
1578 1218 1673 1246 fontes
1697 1225 1824 1246 amaros.

998 1262 1082 1291 Ultra
1089 1262 1445 1290 deterruitinundationis
1457 1265 1582 1293 metus.»
1594 1262 1656 1290 Non
1673 1262 1744 1290 dicit
1756 1269 1825 1298 erga

998 1307 1125 1335 Basilius
1137 1315 1233 1343 regem
1247 1307 1340 1335 ullum
1353 1307 1514 1343 perfodisse
1528 1306 1740 1342 istbmum,qui
1759 1314 1824 1342 per-

998 1352 1087 1388 tingit
1101 1361 1118 1379 a
1133 1352 1205 1380 mari
1219 1351 1317 1380 Rubro
1333 1352 1368 1379 ad
1382 1351 1695 1386 Mediterraneum,sed
1706 1353 1823 1378 tantum

999 1397 1057 1425 duo
1072 1396 1123 1424 illa
1148 1396 1241 1424 maria
1263 1397 1440 1432 conjungere
1459 1396 1604 1423 voluisse:
1628 1403 1685 1422 non
1702 1395 1820 1430 quidem

999 1442 1087 1469 ducta
1103 1441 1138 1468 ab
1156 1440 1275 1469 Arabico
1291 1441 1325 1468 ad
1343 1440 1586 1468 Mediterraneum
1605 1440 1692 1473 fossa,
1713 1439 1762 1467 sed
1788 1447 1822 1468 ea

999 1486 1087 1513 ducta
1101 1493 1118 1513 a
1132 1486 1206 1513 mari
1222 1485 1320 1512 Rubro
1331 1485 1366 1512 ad
1384 1492 1476 1512 unum
1487 1492 1522 1511 ex
1537 1483 1632 1517 ostiis,
1648 1484 1755 1519 quibus
1771 1484 1822 1511 Ni-

999 1531 1046 1558 lus
1061 1530 1091 1557 in
1107 1529 1350 1558 Mediterraneum
1375 1529 1546 1561 devolvitur,
1573 1528 1651 1563 quod
1666 1530 1765 1555 tamen
1780 1528 1821 1556 is-

999 1575 1115 1603 thmum
1136 1574 1285 1609 perfodere
1301 1573 1450 1609 appellant
1468 1572 1610 1607 historici,
1631 1572 1699 1600 licet
1713 1581 1730 1600 a
1746 1572 1820 1600 mari

958 1615 978 1648 C
998 1628 1056 1647 uno
1072 1619 1108 1646 ad
1123 1618 1249 1646 alterum
1274 1618 1353 1645 fossa
1372 1626 1429 1645 non
1447 1618 1588 1651 ducatur;
1605 1620 1693 1652 atque
1707 1617 1759 1644 hoc
1775 1617 1821 1644 id-

996 1665 1073 1693 circo
1088 1664 1237 1692 monuisse
1263 1663 1381 1699 placuit,
1407 1663 1520 1699 nequis
1541 1662 1684 1690 memoria
1702 1661 1819 1698 lapsum
1871 1672 1874 1673 ν

996 1709 1141 1737 Basilium
1156 1708 1314 1742 existimet,
1331 1709 1381 1735 aut
1396 1715 1500 1743 parum
1517 1715 1584 1735 cum
1600 1715 1701 1735 eorum
1719 1715 1820 1734 narra-

996 1754 1074 1781 tione
1089 1753 1265 1787 consentire,
1281 1761 1345 1788 quas
1361 1752 1409 1779 hic
1419 1752 1552 1779 tradidit.

1030 1797 1142 1825 (101.88
1159 1798 1176 1824 A
1194 1797 1237 1824 12.
1259 1797 1331 1824 Mare
1355 1797 1487 1824 Rubrum.
1514 1797 1654 1831 Argyrop.
1676 1795 1819 1829 ediderat,

994 1853 1009 1867 «
1026 1842 1060 1869 ad
1077 1842 1104 1869 id
1123 1842 1198 1876 quod
1215 1845 1295 1869 trans
1310 1841 1404 1868 Gades
1429 1847 1509 1868 mare
1524 1839 1671 1868 Oceanum
1688 1840 1818 1873 tendere,

994 1886 1079 1922 eique
1094 1887 1284 1921 conjunctum
1303 1893 1368 1913 esse
1384 1885 1491 1912 ferunt.
1521 1895 1535 1908 ι)
1555 1884 1695 1912 Connecti
1720 1886 1818 1912 autem

993 1939 1060 1959 cum
1076 1930 1189 1958 Oceano
1213 1929 1258 1957 vel
1283 1929 1358 1957 mari
1376 1928 1523 1957 Atlantico
1547 1936 1613 1956 cum
1630 1928 1671 1956 ait
1694 1928 1819 1956 Basilius

993 1983 1072 2003 mare
1088 1974 1232 2007 Rubrum,
1251 1976 1383 2002 auctores
1403 1973 1537 2009 sequitur
1555 1982 1612 2001 non
1632 1981 1751 2009 paucos,
1767 1967 1817 2009 qui

993 2019 1083 2048 Rubri
1097 2018 1187 2046 maris
1204 2018 1323 2046 nomine
1334 2027 1392 2046 non
1407 2027 1474 2045 eum
1490 2020 1618 2051 tantum,
1635 2026 1722 2053 quem
1736 2019 1819 2045 vocat

992 2065 1164 2092 Ptolemaeus
1173 2059 1300 2100 ’Δράϐιον
1315 2061 1533 2095 χόλπον,εἱιιιιω
1540 2062 1696 2090 Arabicum
1707 2062 1817 2089 intelli-

991 2108 1033 2145 git
1040 2107 1089 2144 qui
1096 2108 1184 2136 etiam
1192 2107 1370 2143 Erythreum
1380 2106 1637 2140 maredicitur,sed
1643 2108 1736 2134 totum
1745 2106 1816 2134 illud

991 2152 1182 2181 meridionale
1192 2152 1359 2187 marefquod
1371 2152 1406 2179 ad
1417 2152 1529 2179 Indiam
1538 2150 1669 2186 usquein
1677 2150 1817 2178 orientem

989 2199 1018 2225 et
1029 2197 1065 2225 ad
1081 2199 1227 2225 extremas
1241 2196 1343 2224 Africae
1366 2204 1433 2224 oras
1448 2195 1631 2223 occidentem
1646 2203 1751 2223 versus
1769 2203 1817 2222 ex-

989 2241 1132 2276 tenditur,
1146 2241 1232 2277 quale
1247 2242 1292 2269 est
1306 2241 1382 2276 quod
1399 2241 1439 2268 ait
1453 2241 1563 2268 Seneca
1581 2240 1685 2268 Troad.
1702 2241 1770 2268 actu
1787 2241 1816 2268 I:

1062 2301 1093 2328 Et
1105 2299 1154 2336 qui
1167 2301 1294 2336 renatum
1307 2307 1419 2335 prorsus
1434 2299 1577 2334 excipiens
1592 2298 1670 2326 diem

1063 2335 1194 2372 Tepidum
1209 2335 1319 2363 rubenti
1333 2335 1428 2370 Tigrin
1443 2336 1578 2363 immiscet
1592 2335 1673 2370 freto.

990 2393 1126 2422 Flavium
1138 2393 1216 2422 enim
1229 2393 1330 2430 Tigrin
1341 2393 1491 2422 exonerari
1498 2392 1538 2420 ait
1552 2392 1582 2420 in
1594 2393 1724 2421 Rubrum
1737 2401 1816 2421 mare

989 2447 1056 2467 cum
1066 2447 1123 2467 non
1133 2438 1162 2466 in
1171 2437 1327 2466 Arabicum
1335 2438 1499 2474 sinum,sed
1511 2439 1540 2466 in
1549 2437 1697 2466 Persicum
1704 2438 1814 2472 efﬂuat,

991 2484 1061 2520 quia
1076 2483 1209 2512 Rubrum
1235 2491 1315 2511 mare
1337 2483 1466 2519 appellat
1480 2482 1639 2511 australem
1655 2482 1814 2516 Oceanum,

989 2528 1238 2565 quemadmodum
1253 2530 1281 2556 et
1297 2528 1459 2556 Herodotus
1473 2528 1502 2555 in
1519 2527 1588 2563 Clio,
1605 2527 1746 2555 Diodorus
1761 2526 1812 2554 lib.

989 2582 1010 2602 ιι
1025 2573 1214 2602 ΒίῡιίοιΙιεςίεε
1231 2572 1358 2606 Quintus
1388 2572 1506 2601 Curtius
1529 2571 1581 2600 lib.
1607 2580 1645 2605 vx,
1666 2570 1813 2606 Josephus

990 2618 1041 2646 lib.
1067 2627 1087 2652 ι,
1110 2626 1172 2654 cap.
1202 2619 1220 2645 2
1241 2618 1468 2654 Antiquitatum:
1485 2615 1601 2645 tametsi
1624 2615 1718 2644 Africa
1738 2615 1814 2643 anti-

989 2663 1057 2699 quis
1081 2665 1212 2699 tempore
1236 2662 1382 2691 Ptolemaai
1399 2661 1478 2690 ultra
1502 2662 1617 2689 montes
1633 2660 1721 2687 Lunae
1736 2661 1815 2687 esset

989 2707 1149 2744 incognita,
1167 2716 1262 2744 neque
1273 2708 1344 2736 dum
1355 2706 1488 2735 Lusitani
1502 2707 1664 2734 extremum
1675 2704 1740 2740 ejus
1751 2712 1816 2740 pro-

989 2752 1181 2787 montorium,
1198 2752 1276 2788 quod
1292 2753 1381 2787 caput
1397 2753 1479 2779 Bona:
1488 2749 1553 2786 Spei
1570 2747 1812 2786 appellant,navi-

989 2797 1084 2833 gaude
1100 2798 1301 2833 superassent.

1024 2840 1086 2869 Col.
1100 2841 1136 2869 88
1157 2842 1177 2869 C
1202 2841 1246 2868 lli.
1267 2840 1300 2868 1η
1323 2839 1430 2868 multis.
1459 2839 1521 2868 Etsi
1542 2847 1601 2868 non
1625 2839 1813 2876 reperiuntur
