  <div class='ocr_page' id='page_1' title='image "/cluster/home/n/w/nwhite01/storage/ocr_20150623/30/njp.32101013202591/507.png"; bbox 0 0 2011 3142; ppageno 0'>
   <div class='ocr_carea' id='block_1_1' title="bbox 196 159 254 189">
    <p class='ocr_par' dir='ltr' id='par_1_1' title="bbox 196 159 254 189">
     <span class='ocr_line' id='line_1_1' title="bbox 196 159 254 189; baseline -0.017 0"><span class='ocrx_word' id='word_1_1' title='bbox 196 159 254 189; x_wconf 81' lang='lat'><strong>987</strong></span> 
     </span>
    </p>
   </div>
   <div class='ocr_carea' id='block_1_2' title="bbox 793 160 1305 193">
    <p class='ocr_par' dir='ltr' id='par_1_2' title="bbox 793 160 1305 193">
     <span class='ocr_line' id='line_1_2' title="bbox 793 160 1305 193; baseline -0.006 0"><span class='ocrx_word' id='word_1_2' title='bbox 793 163 910 193; x_wconf 65' lang='lat' dir='ltr'><strong>NOTIE</strong></span> <span class='ocrx_word' id='word_1_3' title='bbox 930 161 1152 193; x_wconf 82' lang='lat' dir='ltr'>FRONTONIS</span> <span class='ocrx_word' id='word_1_4' title='bbox 1174 160 1305 191; x_wconf 71' lang='lat' dir='ltr'>DUC/El</span> 
     </span>
    </p>
   </div>
   <div class='ocr_carea' id='block_1_3' title="bbox 1839 154 1905 186">
    <p class='ocr_par' dir='ltr' id='par_1_3' title="bbox 1839 154 1905 186">
     <span class='ocr_line' id='line_1_3' title="bbox 1839 154 1905 186; baseline -0.015 0"><span class='ocrx_word' id='word_1_5' title='bbox 1839 154 1905 186; x_wconf 84' lang='lat'>988</span> 
     </span>
    </p>
   </div>
   <div class='ocr_carea' id='block_1_4' title="bbox 198 221 1015 265">
    <p class='ocr_par' dir='ltr' id='par_1_4' title="bbox 198 225 1015 265">
     <span class='ocr_line' id='line_1_4' title="bbox 198 225 1015 265; baseline 0.005 -13"><span class='ocrx_word' id='word_1_6' title='bbox 198 225 259 252; x_wconf 71' lang='lat' dir='ltr'>hmo</span> <span class='ocrx_word' id='word_1_7' title='bbox 274 225 303 252; x_wconf 93' lang='lat' dir='ltr'>in</span> <span class='ocrx_word' id='word_1_8' title='bbox 319 225 438 254; x_wconf 69' lang='lat' dir='ltr'>Hebraeo</span> <span class='ocrx_word' id='word_1_9' title='bbox 453 229 545 262; x_wconf 85' lang='lat' dir='ltr'>textu,</span> <span class='ocrx_word' id='word_1_10' title='bbox 563 236 656 263; x_wconf 89' lang='lat' dir='ltr'>neque</span> <span class='ocrx_word' id='word_1_11' title='bbox 678 229 707 255; x_wconf 92' lang='lat' dir='ltr'>in</span> <span class='ocrx_word' id='word_1_12' title='bbox 723 228 849 265; x_wconf 89' lang='lat' dir='ltr'>Vulgata</span> <span class='ocrx_word' id='word_1_13' title='bbox 866 229 966 256; x_wconf 86' lang='lat' dir='ltr'>Latina</span> <span class='ocrx_word' id='word_1_14' title='bbox 990 229 1015 256; x_wconf 59' lang='lat' dir='ltr'>S,</span> 
     </span>
    </p>
   </div>
   <div class='ocr_carea' id='block_1_5' title="bbox 1072 221 1906 265">
    <p class='ocr_par' dir='ltr' id='par_1_5' title="bbox 1079 221 1906 265">
     <span class='ocr_line' id='line_1_5' title="bbox 1079 221 1906 265; baseline -0.006 -12"><span class='ocrx_word' id='word_1_15' title='bbox 1079 227 1153 255; x_wconf 83' lang='lat' dir='ltr'>mulo</span> <span class='ocrx_word' id='word_1_16' title='bbox 1170 223 1343 264; x_wconf 80' lang='grc' dir='ltr'>ραϐδούχους</span> <span class='ocrx_word' id='word_1_17' title='bbox 1360 226 1429 253; x_wconf 85' lang='lat' dir='ltr'>item</span> <span class='ocrx_word' id='word_1_18' title='bbox 1445 224 1574 261; x_wconf 87' lang='lat' dir='ltr'>appellat</span> <span class='ocrx_word' id='word_1_19' title='bbox 1600 223 1696 251; x_wconf 68' lang='lat' dir='ltr'>Greece</span> <span class='ocrx_word' id='word_1_20' title='bbox 1708 222 1829 250; x_wconf 83' lang='lat' dir='ltr'>lictores</span> <span class='ocrx_word' id='word_1_21' title='bbox 1844 221 1906 265; x_wconf 59' lang='lat' dir='ltr'>tto-</span> 
     </span>
    </p>
   </div>
   <div class='ocr_carea' id='block_1_6' title="bbox 201 269 1023 309">
    <p class='ocr_par' dir='ltr' id='par_1_6' title="bbox 201 269 1023 309">
     <span class='ocr_line' id='line_1_6' title="bbox 201 269 1023 309; baseline 0.005 -13"><span class='ocrx_word' id='word_1_22' title='bbox 201 269 381 306; x_wconf 84' lang='lat' dir='ltr'>Ilieronymi,</span> <span class='ocrx_word' id='word_1_23' title='bbox 414 271 536 300; x_wconf 85' lang='lat' dir='ltr'>minime</span> <span class='ocrx_word' id='word_1_24' title='bbox 566 275 662 300; x_wconf 84' lang='lat' dir='ltr'>tamen</span> <span class='ocrx_word' id='word_1_25' title='bbox 690 273 839 308; x_wconf 84' lang='lat' dir='ltr'>superﬂua</span> <span class='ocrx_word' id='word_1_26' title='bbox 853 281 886 300; x_wconf 87' lang='lat' dir='ltr'>ea</span> <span class='ocrx_word' id='word_1_27' title='bbox 908 274 1023 309; x_wconf 89' lang='lat' dir='ltr'>judicat</span> 
     </span>
    </p>
   </div>
   <div class='ocr_carea' id='block_1_7' title="bbox 198 314 1022 354">
    <p class='ocr_par' dir='ltr' id='par_1_7' title="bbox 198 314 1022 354">
     <span class='ocr_line' id='line_1_7' title="bbox 198 314 1022 354; baseline 0.006 -13"><span class='ocrx_word' id='word_1_28' title='bbox 198 314 228 341; x_wconf 93' lang='lat' dir='ltr'>S.</span> <span class='ocrx_word' id='word_1_29' title='bbox 245 315 420 343; x_wconf 83' lang='lat' dir='ltr'>Ambrosius</span> <span class='ocrx_word' id='word_1_30' title='bbox 434 315 485 343; x_wconf 91' lang='lat' dir='ltr'>llb.</span> <span class='ocrx_word' id='word_1_31' title='bbox 504 325 546 350; x_wconf 79' lang='lat' dir='ltr'>1n,</span> <span class='ocrx_word' id='word_1_32' title='bbox 563 325 627 353; x_wconf 85' lang='lat' dir='ltr'>cap.</span> <span class='ocrx_word' id='word_1_33' title='bbox 643 318 679 346; x_wconf 87' lang='lat'>5:</span> <span class='ocrx_word' id='word_1_34' title='bbox 707 330 720 344; x_wconf 67' lang='grc' dir='ltr'>ι</span> <span class='ocrx_word' id='word_1_35' title='bbox 732 318 802 345; x_wconf 91' lang='lat' dir='ltr'>Cum</span> <span class='ocrx_word' id='word_1_36' title='bbox 820 319 935 351; x_wconf 80' lang='lat' dir='ltr'>dixerit,</span> <span class='ocrx_word' id='word_1_37' title='bbox 953 318 1022 354; x_wconf 91' lang='lat' dir='ltr'>quia</span> 
     </span>
    </p>
   </div>
   <div class='ocr_carea' id='block_1_8' title="bbox 198 358 1021 399">
    <p class='ocr_par' dir='ltr' id='par_1_8' title="bbox 198 358 1021 399">
     <span class='ocr_line' id='line_1_8' title="bbox 198 358 1021 399; baseline 0.006 -14"><span class='ocrx_word' id='word_1_38' title='bbox 198 358 306 386; x_wconf 81' lang='lat' dir='ltr'>factum</span> <span class='ocrx_word' id='word_1_39' title='bbox 324 363 368 387; x_wconf 89' lang='lat' dir='ltr'>est</span> <span class='ocrx_word' id='word_1_40' title='bbox 383 361 436 394; x_wconf 87' lang='lat' dir='ltr'>sic,</span> <span class='ocrx_word' id='word_1_41' title='bbox 454 361 526 389; x_wconf 84' lang='lat' dir='ltr'>satis</span> <span class='ocrx_word' id='word_1_42' title='bbox 541 370 606 390; x_wconf 87' lang='lat' dir='ltr'>esse</span> <span class='ocrx_word' id='word_1_43' title='bbox 622 365 724 398; x_wconf 89' lang='lat' dir='ltr'>putant</span> <span class='ocrx_word' id='word_1_44' title='bbox 743 371 841 390; x_wconf 86' lang='lat' dir='ltr'>vocem</span> <span class='ocrx_word' id='word_1_45' title='bbox 859 363 1021 399; x_wconf 86' lang='lat' dir='ltr'>operatoris</span> 
     </span>
    </p>
   </div>
   <div class='ocr_carea' id='block_1_9' title="bbox 197 404 1020 444">
    <p class='ocr_par' dir='ltr' id='par_1_9' title="bbox 197 404 1020 444">
     <span class='ocr_line' id='line_1_9' title="bbox 197 404 1020 444; baseline 0.006 -14"><span class='ocrx_word' id='word_1_46' title='bbox 197 404 233 431; x_wconf 89' lang='lat' dir='ltr'>ad</span> <span class='ocrx_word' id='word_1_47' title='bbox 253 404 418 432; x_wconf 66' lang='lat' dir='ltr'>accelerate:</span> <span class='ocrx_word' id='word_1_48' title='bbox 443 407 621 441; x_wconf 76' lang='lat' dir='ltr'>operationis</span> <span class='ocrx_word' id='word_1_49' title='bbox 647 407 799 435; x_wconf 88' lang='lat' dir='ltr'>indicium.</span> <span class='ocrx_word' id='word_1_50' title='bbox 825 408 880 435; x_wconf 89' lang='lat' dir='ltr'>Sed</span> <span class='ocrx_word' id='word_1_51' title='bbox 906 409 976 444; x_wconf 92' lang='lat' dir='ltr'>quia</span> <span class='ocrx_word' id='word_1_52' title='bbox 990 408 1020 435; x_wconf 91' lang='lat' dir='ltr'>in</span> 
     </span>
    </p>
   </div>
   <div class='ocr_carea' id='block_1_10' title="bbox 200 448 1020 488">
    <p class='ocr_par' dir='ltr' id='par_1_10' title="bbox 200 448 1020 488">
     <span class='ocr_line' id='line_1_10' title="bbox 200 448 1020 488; baseline 0.006 -13"><span class='ocrx_word' id='word_1_53' title='bbox 200 448 264 476; x_wconf 88' lang='lat' dir='ltr'>aliis</span> <span class='ocrx_word' id='word_1_54' title='bbox 280 457 391 484; x_wconf 87' lang='lat' dir='ltr'>quoque</span> <span class='ocrx_word' id='word_1_55' title='bbox 411 450 552 477; x_wconf 82' lang='lat' dir='ltr'>creaturis</span> <span class='ocrx_word' id='word_1_56' title='bbox 575 451 659 479; x_wconf 88' lang='lat' dir='ltr'>habet</span> <span class='ocrx_word' id='word_1_57' title='bbox 680 455 708 480; x_wconf 88' lang='lat' dir='ltr'>et</span> <span class='ocrx_word' id='word_1_58' title='bbox 723 452 922 480; x_wconf 91' lang='lat' dir='ltr'>deﬁnitionem</span> <span class='ocrx_word' id='word_1_59' title='bbox 948 461 1020 488; x_wconf 73' lang='lat' dir='ltr'>prae-</span> 
     </span>
    </p>
   </div>
   <div class='ocr_carea' id='block_1_11' title="bbox 197 493 1020 531">
    <p class='ocr_par' dir='ltr' id='par_1_11' title="bbox 197 493 1020 531">
     <span class='ocr_line' id='line_1_11' title="bbox 197 493 1020 531; baseline 0.004 -11"><span class='ocrx_word' id='word_1_60' title='bbox 197 493 339 528; x_wconf 87' lang='lat' dir='ltr'>ceptionis</span> <span class='ocrx_word' id='word_1_61' title='bbox 354 497 382 520; x_wconf 87' lang='lat' dir='ltr'>ct</span> <span class='ocrx_word' id='word_1_62' title='bbox 396 494 551 529; x_wconf 85' lang='lat' dir='ltr'>repetitum</span> <span class='ocrx_word' id='word_1_63' title='bbox 569 495 747 531; x_wconf 81' lang='lat' dir='ltr'>operationis</span> <span class='ocrx_word' id='word_1_64' title='bbox 761 496 806 524; x_wconf 91' lang='lat' dir='ltr'>vel</span> <span class='ocrx_word' id='word_1_65' title='bbox 822 497 963 525; x_wconf 89' lang='lat' dir='ltr'>indicium</span> <span class='ocrx_word' id='word_1_66' title='bbox 976 496 1020 524; x_wconf 88' lang='lat' dir='ltr'>vel</span> 
     </span>
    </p>
   </div>
   <div class='ocr_carea' id='block_1_12' title="bbox 197 537 1019 576">
    <p class='ocr_par' dir='ltr' id='par_1_12' title="bbox 197 537 1019 576">
     <span class='ocr_line' id='line_1_12' title="bbox 197 537 1019 576; baseline 0.007 -13"><span class='ocrx_word' id='word_1_67' title='bbox 197 537 345 572; x_wconf 78' lang='lat' dir='ltr'>etl‘ectum,</span> <span class='ocrx_word' id='word_1_68' title='bbox 359 537 421 565; x_wconf 90' lang='lat' dir='ltr'>ideo</span> <span class='ocrx_word' id='word_1_69' title='bbox 432 547 484 566; x_wconf 90' lang='lat' dir='ltr'>nos</span> <span class='ocrx_word' id='word_1_70' title='bbox 497 547 553 567; x_wconf 91' lang='lat' dir='ltr'>non</span> <span class='ocrx_word' id='word_1_71' title='bbox 571 542 710 576; x_wconf 79' lang='lat' dir='ltr'>putamus</span> <span class='ocrx_word' id='word_1_72' title='bbox 726 541 888 569; x_wconf 87' lang='lat' dir='ltr'>absurdum</span> <span class='ocrx_word' id='word_1_73' title='bbox 900 541 927 569; x_wconf 89' lang='lat' dir='ltr'>id</span> <span class='ocrx_word' id='word_1_74' title='bbox 941 541 1019 576; x_wconf 87' lang='lat' dir='ltr'>quod</span> 
     </span>
    </p>
   </div>
   <div class='ocr_carea' id='block_1_13' title="bbox 197 581 1020 622">
    <p class='ocr_par' dir='ltr' id='par_1_13' title="bbox 197 581 1020 622">
     <span class='ocr_line' id='line_1_13' title="bbox 197 581 1020 622; baseline 0.007 -14"><span class='ocrx_word' id='word_1_75' title='bbox 197 581 365 618; x_wconf 82' lang='lat' dir='ltr'>perhibetur</span> <span class='ocrx_word' id='word_1_76' title='bbox 380 583 523 619; x_wconf 87' lang='lat' dir='ltr'>additum,</span> <span class='ocrx_word' id='word_1_77' title='bbox 541 585 657 613; x_wconf 85' lang='lat' dir='ltr'>etiamsi</span> <span class='ocrx_word' id='word_1_78' title='bbox 685 586 797 614; x_wconf 79' lang='lat' dir='ltr'>caeteris</span> <span class='ocrx_word' id='word_1_79' title='bbox 811 586 1020 622; x_wconf 66' lang='lat' dir='ltr'>interpretibus</span> 
     </span>
    </p>
   </div>
   <div class='ocr_carea' id='block_1_14' title="bbox 196 625 1021 665">
    <p class='ocr_par' dir='ltr' id='par_1_14' title="bbox 196 625 1021 665">
     <span class='ocr_line' id='line_1_14' title="bbox 196 625 1021 665; baseline 0.007 -13"><span class='ocrx_word' id='word_1_80' title='bbox 196 625 240 653; x_wconf 86' lang='lat' dir='ltr'>vel</span> <span class='ocrx_word' id='word_1_81' title='bbox 255 627 361 654; x_wconf 89' lang='lat' dir='ltr'>veritas</span> <span class='ocrx_word' id='word_1_82' title='bbox 378 627 516 655; x_wconf 82' lang='lat' dir='ltr'>doceatur</span> <span class='ocrx_word' id='word_1_83' title='bbox 531 632 686 665; x_wconf 77' lang='lat' dir='ltr'>suppetere</span> <span class='ocrx_word' id='word_1_84' title='bbox 697 630 740 658; x_wconf 91' lang='lat' dir='ltr'>vel</span> <span class='ocrx_word' id='word_1_85' title='bbox 757 630 1021 659; x_wconf 87' lang='lat' dir='ltr'>auctoritas.Multa</span> 
     </span>
    </p>
   </div>
   <div class='ocr_carea' id='block_1_15' title="bbox 197 671 1020 708">
    <p class='ocr_par' dir='ltr' id='par_1_15' title="bbox 197 671 1020 708">
     <span class='ocr_line' id='line_1_15' title="bbox 197 671 1020 708; baseline 0.006 -11"><span class='ocrx_word' id='word_1_86' title='bbox 197 671 275 698; x_wconf 87' lang='lat' dir='ltr'>euim</span> <span class='ocrx_word' id='word_1_87' title='bbox 292 680 307 698; x_wconf 86' lang='lat' dir='ltr'>a</span> <span class='ocrx_word' id='word_1_88' title='bbox 322 672 511 708; x_wconf 84' lang='lat' dir='ltr'>Septuaginta</span> <span class='ocrx_word' id='word_1_89' title='bbox 526 674 596 701; x_wconf 90' lang='lat' dir='ltr'>viris</span> <span class='ocrx_word' id='word_1_90' title='bbox 612 674 757 703; x_wconf 72' lang='lat' dir='ltr'>Hobraicae</span> <span class='ocrx_word' id='word_1_91' title='bbox 774 675 890 703; x_wconf 88' lang='lat' dir='ltr'>lectioni</span> <span class='ocrx_word' id='word_1_92' title='bbox 920 675 1020 702; x_wconf 87' lang='lat' dir='ltr'>addita</span> 
     </span>
    </p>
   </div>
   <div class='ocr_carea' id='block_1_16' title="bbox 197 715 1017 755">
    <p class='ocr_par' dir='ltr' id='par_1_16' title="bbox 197 715 1017 755">
     <span class='ocr_line' id='line_1_16' title="bbox 197 715 1017 755; baseline 0.007 -14"><span class='ocrx_word' id='word_1_93' title='bbox 197 717 225 742; x_wconf 87' lang='lat' dir='ltr'>et</span> <span class='ocrx_word' id='word_1_94' title='bbox 241 715 380 750; x_wconf 81' lang='lat' dir='ltr'>adjuncta</span> <span class='ocrx_word' id='word_1_95' title='bbox 395 717 604 753; x_wconf 84' lang='lat' dir='ltr'>comperimus.</span> <span class='ocrx_word' id='word_1_96' title='bbox 623 730 637 743; x_wconf 77' lang='grc' dir='ltr'>ι)</span> <span class='ocrx_word' id='word_1_97' title='bbox 652 720 837 755; x_wconf 89' lang='lat' dir='ltr'>Augustinus</span> <span class='ocrx_word' id='word_1_98' title='bbox 853 720 942 747; x_wconf 88' lang='lat' dir='ltr'>etiam</span> <span class='ocrx_word' id='word_1_99' title='bbox 959 721 1017 747; x_wconf 81' lang='lat' dir='ltr'>Lib.</span> 
     </span>
    </p>
   </div>
   <div class='ocr_carea' id='block_1_17' title="bbox 198 759 1017 800">
    <p class='ocr_par' dir='ltr' id='par_1_17' title="bbox 198 759 1017 800">
     <span class='ocr_line' id='line_1_17' title="bbox 198 759 1017 800; baseline 0.007 -14"><span class='ocrx_word' id='word_1_100' title='bbox 198 759 230 787; x_wconf 71' lang='lat' dir='ltr'>de</span> <span class='ocrx_word' id='word_1_101' title='bbox 245 759 341 787; x_wconf 79' lang='lat' dir='ltr'>Genesi</span> <span class='ocrx_word' id='word_1_102' title='bbox 355 761 395 788; x_wconf 87' lang='lat' dir='ltr'>ad</span> <span class='ocrx_word' id='word_1_103' title='bbox 409 761 530 789; x_wconf 71' lang='lat' dir='ltr'>litteram</span> <span class='ocrx_word' id='word_1_104' title='bbox 544 764 725 799; x_wconf 78' lang='lat' dir='ltr'>imperfecto:</span> <span class='ocrx_word' id='word_1_105' title='bbox 743 775 755 790; x_wconf 79' lang='grc' dir='ltr'>α</span> <span class='ocrx_word' id='word_1_106' title='bbox 773 764 809 792; x_wconf 91' lang='lat' dir='ltr'>Ut</span> <span class='ocrx_word' id='word_1_107' title='bbox 824 767 925 800; x_wconf 87' lang='lat' dir='ltr'>postea</span> <span class='ocrx_word' id='word_1_108' title='bbox 941 765 1017 800; x_wconf 88' lang='lat' dir='ltr'>quod</span> 
     </span>
    </p>
   </div>
   <div class='ocr_carea' id='block_1_18' title="bbox 196 803 1019 844">
    <p class='ocr_par' dir='ltr' id='par_1_18' title="bbox 196 803 1019 844">
     <span class='ocr_line' id='line_1_18' title="bbox 196 803 1019 844; baseline 0.007 -13"><span class='ocrx_word' id='word_1_109' title='bbox 196 803 303 832; x_wconf 87' lang='lat' dir='ltr'>dicitur</span> <span class='ocrx_word' id='word_1_110' title='bbox 314 813 370 832; x_wconf 91' lang='lat' dir='ltr'>non</span> <span class='ocrx_word' id='word_1_111' title='bbox 383 806 531 841; x_wconf 83' lang='lat' dir='ltr'>superfluo</span> <span class='ocrx_word' id='word_1_112' title='bbox 542 807 673 835; x_wconf 89' lang='lat' dir='ltr'>additum</span> <span class='ocrx_word' id='word_1_113' title='bbox 685 808 818 836; x_wconf 85' lang='lat' dir='ltr'>videatur</span> <span class='ocrx_word' id='word_1_114' title='bbox 830 817 836 836; x_wconf 90' lang='lat'><strong>:</strong></span> <span class='ocrx_word' id='word_1_115' title='bbox 849 809 899 836; x_wconf 88' lang='lat' dir='ltr'>sed</span> <span class='ocrx_word' id='word_1_116' title='bbox 911 812 943 836; x_wconf 89' lang='lat' dir='ltr'>ut</span> <span class='ocrx_word' id='word_1_117' title='bbox 954 811 1019 844; x_wconf 89' lang='lat' dir='ltr'>post</span> 
     </span>
    </p>
   </div>
   <div class='ocr_carea' id='block_1_19' title="bbox 197 847 1019 889">
    <p class='ocr_par' dir='ltr' id='par_1_19' title="bbox 197 847 1019 889">
     <span class='ocr_line' id='line_1_19' title="bbox 197 847 1019 889; baseline 0.007 -14"><span class='ocrx_word' id='word_1_118' title='bbox 197 847 412 877; x_wconf 81' lang='lat' dir='ltr'>rationalem‘et</span> <span class='ocrx_word' id='word_1_119' title='bbox 427 850 627 886; x_wconf 74' lang='lat' dir='ltr'>incorporeum</span> <span class='ocrx_word' id='word_1_120' title='bbox 651 853 849 888; x_wconf 75' lang='lat' dir='ltr'>operationem</span> <span class='ocrx_word' id='word_1_121' title='bbox 872 853 1019 889; x_wconf 86' lang='lat' dir='ltr'>intellige-</span> 
     </span>
    </p>
   </div>
   <div class='ocr_carea' id='block_1_20' title="bbox 195 894 1017 934">
    <p class='ocr_par' dir='ltr' id='par_1_20' title="bbox 195 894 1017 934">
     <span class='ocr_line' id='line_1_20' title="bbox 195 894 1017 934; baseline 0.006 -14"><span class='ocrx_word' id='word_1_122' title='bbox 195 901 295 920; x_wconf 87' lang='lat' dir='ltr'>remus</span> <span class='ocrx_word' id='word_1_123' title='bbox 310 894 396 921; x_wconf 87' lang='lat' dir='ltr'>etiam</span> <span class='ocrx_word' id='word_1_124' title='bbox 409 896 590 931; x_wconf 83' lang='lat' dir='ltr'>corporalem</span> <span class='ocrx_word' id='word_1_125' title='bbox 606 900 764 925; x_wconf 67' lang='lat' dir='ltr'>secutam.»</span> <span class='ocrx_word' id='word_1_126' title='bbox 780 898 887 926; x_wconf 83' lang='lat' dir='ltr'>Eadem</span> <span class='ocrx_word' id='word_1_127' title='bbox 901 906 1017 934; x_wconf 84' lang='lat' dir='ltr'>quoque</span> 
     </span>
    </p>
   </div>
   <div class='ocr_carea' id='block_1_21' title="bbox 195 937 1015 977">
    <p class='ocr_par' dir='ltr' id='par_1_21' title="bbox 195 937 1015 977">
     <span class='ocr_line' id='line_1_21' title="bbox 195 937 1015 977; baseline 0.007 -12"><span class='ocrx_word' id='word_1_128' title='bbox 195 937 391 966; x_wconf 85' lang='lat' dir='ltr'>Theodorctus</span> <span class='ocrx_word' id='word_1_129' title='bbox 406 941 550 975; x_wconf 82' lang='lat' dir='ltr'>agnoscit,</span> <span class='ocrx_word' id='word_1_130' title='bbox 565 944 668 977; x_wconf 66' lang='lat' dir='ltr'>quaest.</span> <span class='ocrx_word' id='word_1_131' title='bbox 687 943 720 969; x_wconf 83' lang='grc'>12</span> <span class='ocrx_word' id='word_1_132' title='bbox 738 943 768 970; x_wconf 75' lang='lat' dir='ltr'>in</span> <span class='ocrx_word' id='word_1_133' title='bbox 791 942 896 975; x_wconf 55' lang='grc' dir='ltr'>θωπί,</span> <span class='ocrx_word' id='word_1_134' title='bbox 918 945 947 970; x_wconf 90' lang='lat' dir='ltr'>et</span> <span class='ocrx_word' id='word_1_135' title='bbox 961 943 1015 971; x_wconf 86' lang='lat' dir='ltr'>sibi</span> 
     </span>
    </p>
   </div>
   <div class='ocr_carea' id='block_1_22' title="bbox 197 982 1016 1023">
    <p class='ocr_par' dir='ltr' id='par_1_22' title="bbox 197 982 1016 1023">
     <span class='ocr_line' id='line_1_22' title="bbox 197 982 1016 1023; baseline 0.007 -14"><span class='ocrx_word' id='word_1_136' title='bbox 197 982 308 1017; x_wconf 89' lang='lat' dir='ltr'>objicit,</span> <span class='ocrx_word' id='word_1_137' title='bbox 339 991 392 1010; x_wconf 90' lang='lat' dir='ltr'>cur</span> <span class='ocrx_word' id='word_1_138' title='bbox 424 992 512 1012; x_wconf 88' lang='lat' dir='ltr'>unam</span> <span class='ocrx_word' id='word_1_139' title='bbox 537 993 604 1013; x_wconf 91' lang='lat' dir='ltr'>cum</span> <span class='ocrx_word' id='word_1_140' title='bbox 634 986 740 1014; x_wconf 83' lang='lat' dir='ltr'>dixerit</span> <span class='ocrx_word' id='word_1_141' title='bbox 762 988 1016 1023; x_wconf 81' lang='lat' dir='ltr'>congregationem</span> 
     </span>
    </p>
   </div>
   <div class='ocr_carea' id='block_1_23' title="bbox 193 1026 1016 1068">
    <p class='ocr_par' dir='ltr' id='par_1_23' title="bbox 193 1026 1016 1068">
     <span class='ocr_line' id='line_1_23' title="bbox 193 1026 1016 1068; baseline 0.01 -16"><span class='ocrx_word' id='word_1_142' title='bbox 193 1026 341 1062; x_wconf 84' lang='lat' dir='ltr'>Scriptura</span> <span class='ocrx_word' id='word_1_143' title='bbox 356 1028 465 1056; x_wconf 88' lang='lat' dir='ltr'>multas</span> <span class='ocrx_word' id='word_1_144' title='bbox 477 1031 663 1064; x_wconf 83' lang='lat' dir='ltr'>postmodum</span> <span class='ocrx_word' id='word_1_145' title='bbox 676 1032 915 1067; x_wconf 81' lang='lat' dir='ltr'>congregationes</span> <span class='ocrx_word' id='word_1_146' title='bbox 927 1040 1016 1068; x_wconf 85' lang='lat' dir='ltr'>aqua-</span> 
     </span>
    </p>
   </div>
   <div class='ocr_carea' id='block_1_24' title="bbox 195 1075 1016 1112">
    <p class='ocr_par' dir='ltr' id='par_1_24' title="bbox 195 1075 1016 1112">
     <span class='ocr_line' id='line_1_24' title="bbox 195 1075 1016 1112; baseline 0.009 -14"><span class='ocrx_word' id='word_1_147' title='bbox 195 1079 261 1098; x_wconf 93' lang='lat' dir='ltr'>rum</span> <span class='ocrx_word' id='word_1_148' title='bbox 277 1076 496 1107; x_wconf 87' lang='lat' dir='ltr'>commemoret,</span> <span class='ocrx_word' id='word_1_149' title='bbox 509 1075 575 1110; x_wconf 88' lang='lat' dir='ltr'>quia</span> <span class='ocrx_word' id='word_1_150' title='bbox 590 1076 728 1104; x_wconf 90' lang='lat' dir='ltr'>nimirum</span> <span class='ocrx_word' id='word_1_151' title='bbox 745 1085 803 1104; x_wconf 89' lang='lat' dir='ltr'>una</span> <span class='ocrx_word' id='word_1_152' title='bbox 817 1079 862 1105; x_wconf 87' lang='lat' dir='ltr'>est</span> <span class='ocrx_word' id='word_1_153' title='bbox 873 1085 1016 1112; x_wconf 86' lang='lat' dir='ltr'>aquarum</span> 
     </span>
    </p>
   </div>
   <div class='ocr_carea' id='block_1_25' title="bbox 195 1117 1016 1156">
    <p class='ocr_par' dir='ltr' id='par_1_25' title="bbox 195 1117 1016 1156">
     <span class='ocr_line' id='line_1_25' title="bbox 195 1117 1016 1156; baseline 0.009 -14"><span class='ocrx_word' id='word_1_154' title='bbox 195 1117 391 1151; x_wconf 81' lang='lat' dir='ltr'>congregatio,</span> <span class='ocrx_word' id='word_1_155' title='bbox 416 1119 555 1153; x_wconf 88' lang='lat' dir='ltr'>quoniam</span> <span class='ocrx_word' id='word_1_156' title='bbox 576 1120 650 1148; x_wconf 86' lang='lat' dir='ltr'>inter</span> <span class='ocrx_word' id='word_1_157' title='bbox 665 1129 696 1148; x_wconf 89' lang='lat' dir='ltr'>se</span> <span class='ocrx_word' id='word_1_158' title='bbox 711 1121 804 1149; x_wconf 88' lang='lat' dir='ltr'>maria</span> <span class='ocrx_word' id='word_1_159' title='bbox 827 1121 1016 1156; x_wconf 87' lang='lat' dir='ltr'>conveniunt,</span> 
     </span>
    </p>
   </div>
   <div class='ocr_carea' id='block_1_26' title="bbox 195 1160 1017 1198">
    <p class='ocr_par' dir='ltr' id='par_1_26' title="bbox 195 1160 1017 1198">
     <span class='ocr_line' id='line_1_26' title="bbox 195 1160 1017 1198; baseline 0.007 -11"><span class='ocrx_word' id='word_1_160' title='bbox 195 1160 328 1195; x_wconf 68' lang='lat' dir='ltr'>quaedam</span> <span class='ocrx_word' id='word_1_161' title='bbox 345 1161 479 1190; x_wconf 84' lang='lat' dir='ltr'>deersum</span> <span class='ocrx_word' id='word_1_162' title='bbox 497 1171 547 1198; x_wconf 86' lang='lat' dir='ltr'>per</span> <span class='ocrx_word' id='word_1_163' title='bbox 561 1165 767 1193; x_wconf 83' lang='lat' dir='ltr'>subterraneos</span> <span class='ocrx_word' id='word_1_164' title='bbox 783 1168 897 1194; x_wconf 85' lang='lat' dir='ltr'>meatus</span> <span class='ocrx_word' id='word_1_165' title='bbox 912 1166 1017 1194; x_wconf 80' lang='lat' dir='ltr'>decur-</span> 
     </span>
    </p>
   </div>
   <div class='ocr_carea' id='block_1_27' title="bbox 195 1204 1016 1246">
    <p class='ocr_par' dir='ltr' id='par_1_27' title="bbox 195 1204 1016 1246">
     <span class='ocr_line' id='line_1_27' title="bbox 195 1204 1016 1246; baseline 0.01 -15"><span class='ocrx_word' id='word_1_166' title='bbox 195 1204 299 1238; x_wconf 82' lang='lat' dir='ltr'>rentia,</span> <span class='ocrx_word' id='word_1_167' title='bbox 317 1205 375 1233; x_wconf 85' lang='lat' dir='ltr'>alia</span> <span class='ocrx_word' id='word_1_168' title='bbox 389 1207 552 1235; x_wconf 87' lang='lat' dir='ltr'>secundum</span> <span class='ocrx_word' id='word_1_169' title='bbox 567 1210 752 1244; x_wconf 86' lang='lat' dir='ltr'>superﬁciem</span> <span class='ocrx_word' id='word_1_170' title='bbox 765 1212 850 1238; x_wconf 74' lang='lat' dir='ltr'>terrea</span> <span class='ocrx_word' id='word_1_171' title='bbox 863 1219 869 1238; x_wconf 94' lang='lat'>:</span> <span class='ocrx_word' id='word_1_172' title='bbox 883 1211 933 1238; x_wconf 89' lang='lat' dir='ltr'>sed</span> <span class='ocrx_word' id='word_1_173' title='bbox 951 1210 1016 1246; x_wconf 88' lang='lat' dir='ltr'>plu-</span> 
     </span>
    </p>
   </div>
   <div class='ocr_carea' id='block_1_28' title="bbox 195 1248 1015 1289">
    <p class='ocr_par' dir='ltr' id='par_1_28' title="bbox 195 1248 1015 1289">
     <span class='ocr_line' id='line_1_28' title="bbox 195 1248 1015 1289; baseline 0.01 -14"><span class='ocrx_word' id='word_1_174' title='bbox 195 1248 249 1276; x_wconf 90' lang='lat' dir='ltr'>rali</span> <span class='ocrx_word' id='word_1_175' title='bbox 266 1257 387 1278; x_wconf 90' lang='lat' dir='ltr'>numero</span> <span class='ocrx_word' id='word_1_176' title='bbox 403 1251 628 1287; x_wconf 79' lang='lat' dir='ltr'>dixit,quoniam</span> <span class='ocrx_word' id='word_1_177' title='bbox 640 1254 720 1282; x_wconf 86' lang='lat' dir='ltr'>aliud</span> <span class='ocrx_word' id='word_1_178' title='bbox 732 1257 776 1283; x_wconf 87' lang='lat' dir='ltr'>est</span> <span class='ocrx_word' id='word_1_179' title='bbox 788 1255 1015 1289; x_wconf 84' lang='lat' dir='ltr'>marelndicom,</span> 
     </span>
    </p>
   </div>
   <div class='ocr_carea' id='block_1_29' title="bbox 196 1293 1018 1335">
    <p class='ocr_par' dir='ltr' id='par_1_29' title="bbox 196 1293 1018 1335">
     <span class='ocr_line' id='line_1_29' title="bbox 196 1293 1018 1335; baseline 0.009 -15"><span class='ocrx_word' id='word_1_180' title='bbox 196 1293 275 1321; x_wconf 82' lang='lat' dir='ltr'>aliud</span> <span class='ocrx_word' id='word_1_181' title='bbox 301 1295 463 1330; x_wconf 84' lang='lat' dir='ltr'>Ponticum,</span> <span class='ocrx_word' id='word_1_182' title='bbox 487 1300 516 1324; x_wconf 85' lang='lat' dir='ltr'>et</span> <span class='ocrx_word' id='word_1_183' title='bbox 537 1298 615 1325; x_wconf 89' lang='lat' dir='ltr'>aliud</span> <span class='ocrx_word' id='word_1_184' title='bbox 641 1299 836 1335; x_wconf 85' lang='lat' dir='ltr'>Tyrrhenum,</span> <span class='ocrx_word' id='word_1_185' title='bbox 857 1300 936 1327; x_wconf 90' lang='lat' dir='ltr'>aliud</span> <span class='ocrx_word' id='word_1_186' title='bbox 954 1302 1018 1327; x_wconf 90' lang='lat' dir='ltr'>Pro-</span> 
     </span>
    </p>
   </div>
   <div class='ocr_carea' id='block_1_30' title="bbox 196 1338 1016 1382">
    <p class='ocr_par' dir='ltr' id='par_1_30' title="bbox 196 1338 1016 1382">
     <span class='ocr_line' id='line_1_30' title="bbox 196 1338 1016 1382; baseline 0.007 -17"><span class='ocrx_word' id='word_1_187' title='bbox 196 1338 314 1382; x_wconf 73' lang='lat' dir='ltr'>pontis:</span> <span class='ocrx_word' id='word_1_188' title='bbox 331 1339 446 1374; x_wconf 79' lang='grc' dir='ltr'>’Ἑξωθεν</span> <span class='ocrx_word' id='word_1_189' title='bbox 465 1339 493 1367; x_wconf 77' lang='grc' dir='ltr'>δὲ</span> <span class='ocrx_word' id='word_1_190' title='bbox 515 1340 598 1369; x_wconf 72' lang='grc' dir='ltr'>πὲλιν</span> <span class='ocrx_word' id='word_1_191' title='bbox 617 1341 749 1370; x_wconf 82' lang='grc' dir='ltr'>ἐπίκιιται</span> <span class='ocrx_word' id='word_1_192' title='bbox 769 1343 800 1370; x_wconf 84' lang='grc' dir='ltr'>τὸ</span> <span class='ocrx_word' id='word_1_193' title='bbox 817 1344 943 1382; x_wconf 68' lang='grc' dir='ltr'>μέγιστον</span> <span class='ocrx_word' id='word_1_194' title='bbox 969 1344 1016 1371; x_wconf 80' lang='grc' dir='ltr'>πέ-</span> 
     </span>
    </p>
   </div>
   <div class='ocr_carea' id='block_1_31' title="bbox 196 1381 1016 1424">
    <p class='ocr_par' dir='ltr' id='par_1_31' title="bbox 196 1381 1016 1424">
     <span class='ocr_line' id='line_1_31' title="bbox 196 1381 1016 1424; baseline 0.01 -16"><span class='ocrx_word' id='word_1_195' title='bbox 196 1381 289 1420; x_wconf 78' lang='grc' dir='ltr'>λαγος,</span> <span class='ocrx_word' id='word_1_196' title='bbox 315 1382 380 1421; x_wconf 78' lang='grc' dir='ltr'>ὅπερ</span> <span class='ocrx_word' id='word_1_197' title='bbox 394 1384 465 1416; x_wconf 74' lang='grc' dir='ltr'>τινὲς</span> <span class='ocrx_word' id='word_1_198' title='bbox 482 1385 529 1422; x_wconf 77' lang='grc' dir='ltr'>μὶν</span> <span class='ocrx_word' id='word_1_199' title='bbox 559 1386 743 1424; x_wconf 78' lang='grc' dir='ltr'>Ἀτλαντικὸν,</span> <span class='ocrx_word' id='word_1_200' title='bbox 765 1388 834 1420; x_wconf 75' lang='grc' dir='ltr'>τινὲς</span> <span class='ocrx_word' id='word_1_201' title='bbox 849 1387 877 1415; x_wconf 73' lang='grc' dir='ltr'>δὲ</span> <span class='ocrx_word' id='word_1_202' title='bbox 892 1389 1016 1416; x_wconf 81' lang='grc' dir='ltr'>Ὠκεανὸν</span> 
     </span>
    </p>
   </div>
   <div class='ocr_carea' id='block_1_32' title="bbox 197 1425 1017 1470">
    <p class='ocr_par' dir='ltr' id='par_1_32' title="bbox 197 1425 1017 1470">
     <span class='ocr_line' id='line_1_32' title="bbox 197 1425 1017 1470; baseline 0.012 -17"><span class='ocrx_word' id='word_1_203' title='bbox 197 1425 388 1464; x_wconf 75' lang='grc' dir='ltr'>ὀνομάζουσιν·</span> <span class='ocrx_word' id='word_1_204' title='bbox 406 1442 419 1455; x_wconf 82' lang='grc'><em>‹‹</em></span> <span class='ocrx_word' id='word_1_205' title='bbox 439 1431 525 1460; x_wconf 75' lang='lat' dir='ltr'>Extra</span> <span class='ocrx_word' id='word_1_206' title='bbox 542 1435 639 1460; x_wconf 88' lang='lat' dir='ltr'>autem</span> <span class='ocrx_word' id='word_1_207' title='bbox 666 1442 770 1462; x_wconf 86' lang='lat' dir='ltr'>rursus</span> <span class='ocrx_word' id='word_1_208' title='bbox 799 1434 912 1470; x_wconf 83' lang='lat' dir='ltr'>adjacet</span> <span class='ocrx_word' id='word_1_209' title='bbox 938 1443 1017 1462; x_wconf 85' lang='lat' dir='ltr'>mare</span> 
     </span>
    </p>
   </div>
   <div class='ocr_carea' id='block_1_33' title="bbox 197 1473 1019 1511">
    <p class='ocr_par' dir='ltr' id='par_1_33' title="bbox 197 1473 1019 1511">
     <span class='ocr_line' id='line_1_33' title="bbox 197 1473 1019 1511; baseline 0.01 -12"><span class='ocrx_word' id='word_1_210' title='bbox 197 1473 369 1509; x_wconf 84' lang='lat' dir='ltr'>maximum,</span> <span class='ocrx_word' id='word_1_211' title='bbox 399 1477 476 1511; x_wconf 88' lang='lat' dir='ltr'>quod</span> <span class='ocrx_word' id='word_1_212' title='bbox 493 1477 626 1505; x_wconf 85' lang='lat' dir='ltr'>nonnulli</span> <span class='ocrx_word' id='word_1_213' title='bbox 647 1487 727 1506; x_wconf 89' lang='lat' dir='ltr'>mare</span> <span class='ocrx_word' id='word_1_214' title='bbox 741 1478 931 1511; x_wconf 88' lang='lat' dir='ltr'>Atlanticum,</span> <span class='ocrx_word' id='word_1_215' title='bbox 948 1487 1019 1506; x_wconf 90' lang='lat' dir='ltr'>non-</span> 
     </span>
    </p>
   </div>
   <div class='ocr_carea' id='block_1_34' title="bbox 196 1517 1019 1557">
    <p class='ocr_par' dir='ltr' id='par_1_34' title="bbox 196 1517 1019 1557">
     <span class='ocr_line' id='line_1_34' title="bbox 196 1517 1019 1557; baseline 0.011 -14"><span class='ocrx_word' id='word_1_216' title='bbox 196 1517 270 1544; x_wconf 90' lang='lat' dir='ltr'>nulli</span> <span class='ocrx_word' id='word_1_217' title='bbox 286 1518 436 1547; x_wconf 88' lang='lat' dir='ltr'>Oceunum</span> <span class='ocrx_word' id='word_1_218' title='bbox 459 1521 616 1557; x_wconf 88' lang='lat' dir='ltr'>appellant.</span> <span class='ocrx_word' id='word_1_219' title='bbox 635 1534 648 1547; x_wconf 86' lang='lat'>»</span> <span class='ocrx_word' id='word_1_220' title='bbox 664 1523 750 1551; x_wconf 87' lang='lat' dir='ltr'>Extra</span> <span class='ocrx_word' id='word_1_221' title='bbox 766 1524 838 1551; x_wconf 85' lang='lat' dir='ltr'>dixit</span> <span class='ocrx_word' id='word_1_222' title='bbox 854 1532 918 1551; x_wconf 90' lang='lat' dir='ltr'>esse</span> <span class='ocrx_word' id='word_1_223' title='bbox 933 1524 1019 1552; x_wconf 89' lang='lat' dir='ltr'>Ocea-</span> 
     </span>
    </p>
   </div>
   <div class='ocr_carea' id='block_1_35' title="bbox 196 1562 1017 1604">
    <p class='ocr_par' dir='ltr' id='par_1_35' title="bbox 196 1562 1017 1604">
     <span class='ocr_line' id='line_1_35' title="bbox 196 1562 1017 1604; baseline 0.011 -17"><span class='ocrx_word' id='word_1_224' title='bbox 196 1569 279 1595; x_wconf 83' lang='lat' dir='ltr'>num,</span> <span class='ocrx_word' id='word_1_225' title='bbox 295 1562 348 1589; x_wconf 85' lang='lat' dir='ltr'>hoc</span> <span class='ocrx_word' id='word_1_226' title='bbox 364 1566 418 1596; x_wconf 87' lang='lat' dir='ltr'>est,</span> <span class='ocrx_word' id='word_1_227' title='bbox 436 1568 517 1593; x_wconf 86' lang='lat' dir='ltr'>extra</span> <span class='ocrx_word' id='word_1_228' title='bbox 532 1566 635 1601; x_wconf 83' lang='lat' dir='ltr'>Gades;</span> <span class='ocrx_word' id='word_1_229' title='bbox 648 1576 705 1595; x_wconf 91' lang='lat' dir='ltr'>non</span> <span class='ocrx_word' id='word_1_230' title='bbox 722 1568 906 1604; x_wconf 87' lang='lat' dir='ltr'>utinterpres</span> <span class='ocrx_word' id='word_1_231' title='bbox 921 1568 1017 1596; x_wconf 86' lang='lat' dir='ltr'>Theo-</span> 
     </span>
    </p>
   </div>
   <div class='ocr_carea' id='block_1_36' title="bbox 195 1601 1052 1643">
    <p class='ocr_par' dir='ltr' id='par_1_36' title="bbox 195 1601 1052 1643">
     <span class='ocr_line' id='line_1_36' title="bbox 195 1601 1052 1643; baseline 0.011 -11"><span class='ocrx_word' id='word_1_232' title='bbox 195 1605 287 1633; x_wconf 89' lang='lat' dir='ltr'>doreti</span> <span class='ocrx_word' id='word_1_233' title='bbox 307 1608 444 1643; x_wconf 90' lang='lat' dir='ltr'>scripsit:</span> <span class='ocrx_word' id='word_1_234' title='bbox 463 1620 476 1635; x_wconf 80' lang='grc' dir='ltr'>ι</span> <span class='ocrx_word' id='word_1_235' title='bbox 497 1612 600 1639; x_wconf 63' lang='lat' dir='ltr'>Praeter</span> <span class='ocrx_word' id='word_1_236' title='bbox 615 1611 674 1639; x_wconf 75' lang='lat' dir='ltr'>haao</span> <span class='ocrx_word' id='word_1_237' title='bbox 688 1615 785 1640; x_wconf 89' lang='lat' dir='ltr'>autem</span> <span class='ocrx_word' id='word_1_238' title='bbox 813 1601 921 1641; x_wconf 80' lang='lat' dir='ltr'>omnia.</span> <span class='ocrx_word' id='word_1_239' title='bbox 936 1623 951 1638; x_wconf 86' lang='grc'><strong>››</strong></span> <span class='ocrx_word' id='word_1_240' title='bbox 967 1613 1015 1640; x_wconf 85' lang='lat' dir='ltr'>Sic</span> <span class='ocrx_word' id='word_1_241' title='bbox 1031 1601 1052 1635; x_wconf 68' lang='grc' dir='ltr'><strong>θ</strong></span> 
     </span>
    </p>
   </div>
   <div class='ocr_carea' id='block_1_37' title="bbox 194 1649 1017 1694">
    <p class='ocr_par' dir='ltr' id='par_1_37' title="bbox 194 1649 1017 1694">
     <span class='ocr_line' id='line_1_37' title="bbox 194 1649 1017 1694; baseline 0.01 -18"><span class='ocrx_word' id='word_1_242' title='bbox 194 1649 310 1694; x_wconf 76' lang='lat' dir='ltr'>locutus</span> <span class='ocrx_word' id='word_1_243' title='bbox 332 1654 377 1680; x_wconf 87' lang='lat' dir='ltr'>est</span> <span class='ocrx_word' id='word_1_244' title='bbox 401 1653 449 1681; x_wconf 89' lang='lat' dir='ltr'>hic</span> <span class='ocrx_word' id='word_1_245' title='bbox 473 1657 571 1682; x_wconf 86' lang='lat' dir='ltr'>noster</span> <span class='ocrx_word' id='word_1_246' title='bbox 594 1658 690 1690; x_wconf 81' lang='lat' dir='ltr'>antea,</span> <span class='ocrx_word' id='word_1_247' title='bbox 711 1657 728 1691; x_wconf 79' lang='grc' dir='ltr'><strong>ἠ</strong></span> <span class='ocrx_word' id='word_1_248' title='bbox 753 1654 802 1692; x_wconf 78' lang='grc' dir='ltr'>ἔξω</span> <span class='ocrx_word' id='word_1_249' title='bbox 821 1655 955 1694; x_wconf 81' lang='grc' dir='ltr'>Γαδείρων</span> <span class='ocrx_word' id='word_1_250' title='bbox 971 1656 1017 1688; x_wconf 83' lang='grc' dir='ltr'>θά-</span> 
     </span>
    </p>
   </div>
   <div class='ocr_carea' id='block_1_38' title="bbox 196 1692 1018 1736">
    <p class='ocr_par' dir='ltr' id='par_1_38' title="bbox 196 1692 1018 1736">
     <span class='ocr_line' id='line_1_38' title="bbox 196 1692 1018 1736; baseline 0.01 -14"><span class='ocrx_word' id='word_1_251' title='bbox 196 1692 291 1728; x_wconf 66' lang='grc' dir='ltr'>λασσα,</span> <span class='ocrx_word' id='word_1_252' title='bbox 308 1707 322 1720; x_wconf 93' lang='grc'>‹‹</span> <span class='ocrx_word' id='word_1_253' title='bbox 348 1697 426 1731; x_wconf 88' lang='lat' dir='ltr'>quod</span> <span class='ocrx_word' id='word_1_254' title='bbox 445 1700 490 1726; x_wconf 87' lang='lat' dir='ltr'>est</span> <span class='ocrx_word' id='word_1_255' title='bbox 512 1701 593 1727; x_wconf 80' lang='lat' dir='ltr'>extra</span> <span class='ocrx_word' id='word_1_256' title='bbox 622 1700 717 1729; x_wconf 83' lang='lat' dir='ltr'>Gades</span> <span class='ocrx_word' id='word_1_257' title='bbox 739 1709 829 1736; x_wconf 83' lang='lat' dir='ltr'>mare,</span> <span class='ocrx_word' id='word_1_258' title='bbox 858 1692 917 1730; x_wconf 85' lang='lat' dir='ltr'>sive</span> <span class='ocrx_word' id='word_1_259' title='bbox 942 1702 1018 1730; x_wconf 86' lang='lat' dir='ltr'>ultra</span> 
     </span>
    </p>
   </div>
   <div class='ocr_carea' id='block_1_39' title="bbox 195 1738 1015 1781">
    <p class='ocr_par' dir='ltr' id='par_1_39' title="bbox 195 1738 1015 1781">
     <span class='ocr_line' id='line_1_39' title="bbox 195 1738 1015 1781; baseline 0.011 -15"><span class='ocrx_word' id='word_1_260' title='bbox 195 1738 289 1781; x_wconf 79' lang='lat' dir='ltr'>Gades</span> <span class='ocrx_word' id='word_1_261' title='bbox 304 1742 465 1770; x_wconf 82' lang='lat' dir='ltr'>externum.</span> <span class='ocrx_word' id='word_1_262' title='bbox 483 1753 497 1768; x_wconf 85' lang='lat'>»</span> <span class='ocrx_word' id='word_1_263' title='bbox 515 1745 663 1772; x_wconf 85' lang='lat' dir='ltr'>Postremo</span> <span class='ocrx_word' id='word_1_264' title='bbox 678 1745 729 1773; x_wconf 86' lang='lat' dir='ltr'>illa</span> <span class='ocrx_word' id='word_1_265' title='bbox 743 1746 840 1781; x_wconf 84' lang='lat' dir='ltr'>verba,</span> <span class='ocrx_word' id='word_1_266' title='bbox 865 1745 897 1772; x_wconf 78' lang='grc' dir='ltr'>τὰ</span> <span class='ocrx_word' id='word_1_267' title='bbox 925 1746 1015 1773; x_wconf 83' lang='grc' dir='ltr'>τοίνυν</span> 
     </span>
    </p>
   </div>
   <div class='ocr_carea' id='block_1_40' title="bbox 195 1780 1015 1826">
    <p class='ocr_par' dir='ltr' id='par_1_40' title="bbox 195 1780 1015 1826">
     <span class='ocr_line' id='line_1_40' title="bbox 195 1780 1015 1826; baseline 0.012 -17"><span class='ocrx_word' id='word_1_268' title='bbox 195 1780 402 1821; x_wconf 73' lang='grc' dir='ltr'>ἁχριϐῆ,υεῳιε</span> <span class='ocrx_word' id='word_1_269' title='bbox 418 1787 454 1814; x_wconf 88' lang='lat' dir='ltr'>ad</span> <span class='ocrx_word' id='word_1_270' title='bbox 467 1787 554 1816; x_wconf 87' lang='lat' dir='ltr'>ﬁnem</span> <span class='ocrx_word' id='word_1_271' title='bbox 569 1789 678 1824; x_wconf 88' lang='lat' dir='ltr'>periodi</span> <span class='ocrx_word' id='word_1_272' title='bbox 691 1798 748 1817; x_wconf 91' lang='lat' dir='ltr'>non</span> <span class='ocrx_word' id='word_1_273' title='bbox 765 1791 897 1826; x_wconf 81' lang='lat' dir='ltr'>agnoscit</span> <span class='ocrx_word' id='word_1_274' title='bbox 912 1791 1015 1819; x_wconf 86' lang='lat' dir='ltr'>Eusta-</span> 
     </span>
    </p>
   </div>
   <div class='ocr_carea' id='block_1_41' title="bbox 194 1827 1017 1868">
    <p class='ocr_par' dir='ltr' id='par_1_41' title="bbox 194 1827 1017 1868">
     <span class='ocr_line' id='line_1_41' title="bbox 194 1827 1017 1868; baseline 0.011 -13"><span class='ocrx_word' id='word_1_275' title='bbox 194 1827 274 1856; x_wconf 87' lang='lat' dir='ltr'>thius</span> <span class='ocrx_word' id='word_1_276' title='bbox 289 1832 375 1858; x_wconf 86' lang='lat' dir='ltr'>vetus</span> <span class='ocrx_word' id='word_1_277' title='bbox 390 1830 543 1868; x_wconf 84' lang='lat' dir='ltr'>interpres,</span> <span class='ocrx_word' id='word_1_278' title='bbox 561 1842 613 1861; x_wconf 88' lang='lat' dir='ltr'>nec</span> <span class='ocrx_word' id='word_1_279' title='bbox 630 1842 646 1861; x_wconf 93' lang='lat' dir='ltr'>a</span> <span class='ocrx_word' id='word_1_280' title='bbox 662 1834 768 1863; x_wconf 89' lang='lat' dir='ltr'>Basilio</span> <span class='ocrx_word' id='word_1_281' title='bbox 789 1835 925 1863; x_wconf 89' lang='lat' dir='ltr'>videntur</span> <span class='ocrx_word' id='word_1_282' title='bbox 940 1836 1017 1863; x_wconf 88' lang='lat' dir='ltr'>inter</span> 
     </span>
    </p>
   </div>
   <div class='ocr_carea' id='block_1_42' title="bbox 194 1873 1015 1916">
    <p class='ocr_par' dir='ltr' id='par_1_42' title="bbox 194 1873 1015 1916">
     <span class='ocr_line' id='line_1_42' title="bbox 194 1873 1015 1916; baseline 0.011 -17"><span class='ocrx_word' id='word_1_283' title='bbox 194 1873 429 1904; x_wconf 88' lang='lat' dir='ltr'>ooncionar.dum</span> <span class='ocrx_word' id='word_1_284' title='bbox 445 1877 569 1913; x_wconf 85' lang='lat' dir='ltr'>prolata,</span> <span class='ocrx_word' id='word_1_285' title='bbox 587 1879 749 1914; x_wconf 73' lang='lat' dir='ltr'>praesertim</span> <span class='ocrx_word' id='word_1_286' title='bbox 766 1888 832 1907; x_wconf 89' lang='lat' dir='ltr'>cum</span> <span class='ocrx_word' id='word_1_287' title='bbox 857 1880 935 1908; x_wconf 85' lang='lat' dir='ltr'>dicat</span> <span class='ocrx_word' id='word_1_288' title='bbox 946 1880 1015 1916; x_wconf 86' lang='lat' dir='ltr'>Epi-</span> 
     </span>
    </p>
   </div>
   <div class='ocr_carea' id='block_1_43' title="bbox 194 1917 1014 1960">
    <p class='ocr_par' dir='ltr' id='par_1_43' title="bbox 194 1917 1014 1960">
     <span class='ocr_line' id='line_1_43' title="bbox 194 1917 1014 1960; baseline 0.011 -16"><span class='ocrx_word' id='word_1_289' title='bbox 194 1917 323 1952; x_wconf 88' lang='lat' dir='ltr'>phanius</span> <span class='ocrx_word' id='word_1_290' title='bbox 338 1919 412 1948; x_wconf 89' lang='lat' dir='ltr'>libro</span> <span class='ocrx_word' id='word_1_291' title='bbox 430 1922 465 1949; x_wconf 76' lang='lat' dir='ltr'>De</span> <span class='ocrx_word' id='word_1_292' title='bbox 478 1923 647 1957; x_wconf 73' lang='lat' dir='ltr'>ponderibus</span> <span class='ocrx_word' id='word_1_293' title='bbox 659 1929 686 1952; x_wconf 74' lang='lat' dir='ltr'>et</span> <span class='ocrx_word' id='word_1_294' title='bbox 700 1925 1014 1960; x_wconf 75' lang='lat' dir='ltr'>mensuris,appositum</span> 
     </span>
    </p>
   </div>
   <div class='ocr_carea' id='block_1_44' title="bbox 194 1963 1014 2005">
    <p class='ocr_par' dir='ltr' id='par_1_44' title="bbox 194 1963 1014 2005">
     <span class='ocr_line' id='line_1_44' title="bbox 194 1963 1014 2005; baseline 0.012 -17"><span class='ocrx_word' id='word_1_295' title='bbox 194 1969 259 1989; x_wconf 84' lang='lat' dir='ltr'>esse</span> <span class='ocrx_word' id='word_1_296' title='bbox 277 1963 394 1992; x_wconf 89' lang='lat' dir='ltr'>obelum</span> <span class='ocrx_word' id='word_1_297' title='bbox 411 1965 566 2001; x_wconf 67' lang='lat' dir='ltr'>Scriptura:</span> <span class='ocrx_word' id='word_1_298' title='bbox 586 1968 765 1996; x_wconf 87' lang='lat' dir='ltr'>dictionibus</span> <span class='ocrx_word' id='word_1_299' title='bbox 789 1970 867 2005; x_wconf 88' lang='lat' dir='ltr'>apud</span> <span class='ocrx_word' id='word_1_300' title='bbox 883 1970 952 1998; x_wconf 82' lang='lat' dir='ltr'><strong>LXX</strong></span> <span class='ocrx_word' id='word_1_301' title='bbox 967 1970 1014 1998; x_wconf 91' lang='lat' dir='ltr'>In-</span> 
     </span>
    </p>
   </div>
   <div class='ocr_carea' id='block_1_45' title="bbox 194 2007 1014 2049">
    <p class='ocr_par' dir='ltr' id='par_1_45' title="bbox 194 2007 1014 2049">
     <span class='ocr_line' id='line_1_45' title="bbox 194 2007 1014 2049; baseline 0.011 -16"><span class='ocrx_word' id='word_1_302' title='bbox 194 2007 524 2046; x_wconf 67' lang='lat' dir='ltr'>terpretespositis,qute</span> <span class='ocrx_word' id='word_1_303' title='bbox 531 2012 609 2048; x_wconf 87' lang='lat' dir='ltr'>apud</span> <span class='ocrx_word' id='word_1_304' title='bbox 618 2012 754 2048; x_wconf 86' lang='lat' dir='ltr'>Aquilam</span> <span class='ocrx_word' id='word_1_305' title='bbox 765 2015 794 2041; x_wconf 91' lang='lat' dir='ltr'>et</span> <span class='ocrx_word' id='word_1_306' title='bbox 804 2013 1014 2049; x_wconf 82' lang='lat' dir='ltr'>Symmachum</span> 
     </span>
    </p>
   </div>
   <div class='ocr_carea' id='block_1_46' title="bbox 194 2051 1015 2095">
    <p class='ocr_par' dir='ltr' id='par_1_46' title="bbox 194 2051 1015 2095">
     <span class='ocr_line' id='line_1_46' title="bbox 194 2051 1015 2095; baseline 0.012 -18"><span class='ocrx_word' id='word_1_307' title='bbox 194 2058 252 2078; x_wconf 92' lang='lat' dir='ltr'>non</span> <span class='ocrx_word' id='word_1_308' title='bbox 268 2051 424 2088; x_wconf 86' lang='lat' dir='ltr'>habentur,</span> <span class='ocrx_word' id='word_1_309' title='bbox 442 2055 519 2090; x_wconf 90' lang='lat' dir='ltr'>quod</span> <span class='ocrx_word' id='word_1_310' title='bbox 535 2064 584 2083; x_wconf 85' lang='lat' dir='ltr'>eas</span> <span class='ocrx_word' id='word_1_311' title='bbox 599 2057 791 2093; x_wconf 84' lang='lat' dir='ltr'>Septuaginta</span> <span class='ocrx_word' id='word_1_312' title='bbox 801 2066 834 2086; x_wconf 87' lang='lat' dir='ltr'>ex</span> <span class='ocrx_word' id='word_1_313' title='bbox 846 2058 953 2094; x_wconf 85' lang='lat' dir='ltr'>seipsis</span> <span class='ocrx_word' id='word_1_314' title='bbox 964 2067 1015 2095; x_wconf 90' lang='lat' dir='ltr'>ap-</span> 
     </span>
    </p>
   </div>
   <div class='ocr_carea' id='block_1_47' title="bbox 193 2097 1016 2138">
    <p class='ocr_par' dir='ltr' id='par_1_47' title="bbox 193 2097 1016 2138">
     <span class='ocr_line' id='line_1_47' title="bbox 193 2097 1016 2138; baseline 0.01 -15"><span class='ocrx_word' id='word_1_315' title='bbox 193 2097 355 2133; x_wconf 85' lang='lat' dir='ltr'>posuerint,</span> <span class='ocrx_word' id='word_1_316' title='bbox 370 2107 427 2126; x_wconf 92' lang='lat' dir='ltr'>non</span> <span class='ocrx_word' id='word_1_317' title='bbox 445 2099 563 2134; x_wconf 86' lang='lat' dir='ltr'>frustra,</span> <span class='ocrx_word' id='word_1_318' title='bbox 579 2102 628 2129; x_wconf 89' lang='lat' dir='ltr'>sed</span> <span class='ocrx_word' id='word_1_319' title='bbox 645 2102 743 2138; x_wconf 87' lang='lat' dir='ltr'>potius</span> <span class='ocrx_word' id='word_1_320' title='bbox 758 2102 787 2130; x_wconf 90' lang='lat' dir='ltr'>in</span> <span class='ocrx_word' id='word_1_321' title='bbox 801 2103 974 2131; x_wconf 88' lang='lat' dir='ltr'>utilitatem:</span> <span class='ocrx_word' id='word_1_322' title='bbox 987 2106 1016 2132; x_wconf 88' lang='lat' dir='ltr'>et</span> 
     </span>
    </p>
   </div>
   <div class='ocr_carea' id='block_1_48' title="bbox 193 2140 1014 2184">
    <p class='ocr_par' dir='ltr' id='par_1_48' title="bbox 193 2140 1014 2184">
     <span class='ocr_line' id='line_1_48' title="bbox 193 2140 1014 2184; baseline 0.011 -17"><span class='ocrx_word' id='word_1_323' title='bbox 193 2140 384 2178; x_wconf 83' lang='lat' dir='ltr'>Hieronymus</span> <span class='ocrx_word' id='word_1_324' title='bbox 395 2144 482 2180; x_wconf 85' lang='lat' dir='ltr'>epist.</span> <span class='ocrx_word' id='word_1_325' title='bbox 493 2146 539 2178; x_wconf 85' lang='lat'>89,</span> <span class='ocrx_word' id='word_1_326' title='bbox 555 2146 590 2173; x_wconf 87' lang='lat' dir='ltr'>ad</span> <span class='ocrx_word' id='word_1_327' title='bbox 606 2147 831 2183; x_wconf 79' lang='lat' dir='ltr'>Augustinum,«</span> <span class='ocrx_word' id='word_1_328' title='bbox 847 2148 1014 2184; x_wconf 88' lang='lat' dir='ltr'>ubicunque</span> 
     </span>
    </p>
   </div>
   <div class='ocr_carea' id='block_1_49' title="bbox 194 2185 1015 2229">
    <p class='ocr_par' dir='ltr' id='par_1_49' title="bbox 194 2185 1015 2229">
     <span class='ocr_line' id='line_1_49' title="bbox 194 2185 1015 2229; baseline 0.011 -17"><span class='ocrx_word' id='word_1_329' title='bbox 194 2185 324 2222; x_wconf 71' lang='lat' dir='ltr'>virgulae,</span> <span class='ocrx_word' id='word_1_330' title='bbox 340 2187 369 2215; x_wconf 88' lang='lat' dir='ltr'>id</span> <span class='ocrx_word' id='word_1_331' title='bbox 381 2191 426 2217; x_wconf 90' lang='lat' dir='ltr'>est</span> <span class='ocrx_word' id='word_1_332' title='bbox 441 2190 528 2224; x_wconf 89' lang='lat' dir='ltr'>obeli,</span> <span class='ocrx_word' id='word_1_333' title='bbox 552 2194 623 2219; x_wconf 88' lang='lat' dir='ltr'>sunt</span> <span class='ocrx_word' id='word_1_334' title='bbox 637 2192 830 2228; x_wconf 85' lang='lat' dir='ltr'>signiﬁcatur,</span> <span class='ocrx_word' id='word_1_335' title='bbox 850 2193 924 2228; x_wconf 90' lang='lat' dir='ltr'>quod</span> <span class='ocrx_word' id='word_1_336' title='bbox 947 2193 1015 2229; x_wconf 86' lang='lat' dir='ltr'>Sep-</span> 
     </span>
    </p>
   </div>
   <div class='ocr_carea' id='block_1_50' title="bbox 192 2231 1011 2272">
    <p class='ocr_par' dir='ltr' id='par_1_50' title="bbox 192 2231 1011 2272">
     <span class='ocr_line' id='line_1_50' title="bbox 192 2231 1011 2272; baseline 0.012 -16"><span class='ocrx_word' id='word_1_337' title='bbox 192 2231 326 2266; x_wconf 86' lang='lat' dir='ltr'>tuaginta</span> <span class='ocrx_word' id='word_1_338' title='bbox 342 2233 408 2268; x_wconf 87' lang='lat' dir='ltr'>plus</span> <span class='ocrx_word' id='word_1_339' title='bbox 424 2234 652 2272; x_wconf 86' lang='lat' dir='ltr'>dixerint,quam</span> <span class='ocrx_word' id='word_1_340' title='bbox 668 2237 792 2265; x_wconf 89' lang='lat' dir='ltr'>habetur</span> <span class='ocrx_word' id='word_1_341' title='bbox 808 2237 836 2265; x_wconf 90' lang='lat' dir='ltr'>in</span> <span class='ocrx_word' id='word_1_342' title='bbox 852 2238 982 2266; x_wconf 77' lang='lat' dir='ltr'>Hebraeo.</span> <span class='ocrx_word' id='word_1_343' title='bbox 1000 2250 1011 2263; x_wconf 75' lang='grc' dir='ltr'>ιι</span> 
     </span>
    </p>
   </div>
   <div class='ocr_carea' id='block_1_51' title="bbox 193 2276 1051 2321">
    <p class='ocr_par' dir='ltr' id='par_1_51' title="bbox 193 2276 1051 2321">
     <span class='ocr_line' id='line_1_51' title="bbox 193 2276 1051 2321; baseline 0.013 -20"><span class='ocrx_word' id='word_1_344' title='bbox 193 2276 232 2321; x_wconf 69' lang='lat' dir='ltr'>At</span> <span class='ocrx_word' id='word_1_345' title='bbox 247 2283 304 2321; x_wconf 82' lang='lat' dir='ltr'>non</span> <span class='ocrx_word' id='word_1_346' title='bbox 321 2277 463 2313; x_wconf 87' lang='lat' dir='ltr'>quidquid</span> <span class='ocrx_word' id='word_1_347' title='bbox 481 2279 509 2306; x_wconf 93' lang='lat' dir='ltr'>in</span> <span class='ocrx_word' id='word_1_348' title='bbox 521 2280 638 2308; x_wconf 71' lang='lat' dir='ltr'>Hebreo</span> <span class='ocrx_word' id='word_1_349' title='bbox 654 2290 710 2309; x_wconf 95' lang='lat' dir='ltr'>non</span> <span class='ocrx_word' id='word_1_350' title='bbox 725 2281 860 2317; x_wconf 83' lang='lat' dir='ltr'>habetur,</span> <span class='ocrx_word' id='word_1_351' title='bbox 877 2285 926 2311; x_wconf 80' lang='lat' dir='ltr'>aut</span> <span class='ocrx_word' id='word_1_352' title='bbox 935 2283 1011 2319; x_wconf 89' lang='lat' dir='ltr'>apud</span> <span class='ocrx_word' id='word_1_353' title='bbox 1028 2289 1051 2321; x_wconf 78' lang='grc' dir='ltr'>Ι)</span> 
     </span>
    </p>
   </div>
   <div class='ocr_carea' id='block_1_52' title="bbox 191 2319 878 2361">
    <p class='ocr_par' dir='ltr' id='par_1_52' title="bbox 191 2319 878 2361">
     <span class='ocr_line' id='line_1_52' title="bbox 191 2319 878 2361; baseline 0.015 -16"><span class='ocrx_word' id='word_1_354' title='bbox 191 2319 328 2355; x_wconf 85' lang='lat' dir='ltr'>Aquilam</span> <span class='ocrx_word' id='word_1_355' title='bbox 344 2324 373 2348; x_wconf 86' lang='lat' dir='ltr'>et</span> <span class='ocrx_word' id='word_1_356' title='bbox 387 2322 608 2358; x_wconf 87' lang='lat' dir='ltr'>Symmachum,</span> <span class='ocrx_word' id='word_1_357' title='bbox 625 2327 812 2361; x_wconf 89' lang='lat' dir='ltr'>reprobatum</span> <span class='ocrx_word' id='word_1_358' title='bbox 824 2329 878 2355; x_wconf 90' lang='lat' dir='ltr'>est.</span> 
     </span>
    </p>
   </div>
   <div class='ocr_carea' id='block_1_53' title="bbox 227 2371 1012 2416">
    <p class='ocr_par' dir='ltr' id='par_1_53' title="bbox 227 2371 1012 2416">
     <span class='ocr_line' id='line_1_53' title="bbox 227 2371 1012 2416; baseline 0.011 -17"><span class='ocrx_word' id='word_1_359' title='bbox 227 2371 287 2401; x_wconf 86' lang='lat' dir='ltr'>Col.</span> <span class='ocrx_word' id='word_1_360' title='bbox 316 2373 351 2401; x_wconf 83' lang='lat'>96</span> <span class='ocrx_word' id='word_1_361' title='bbox 378 2375 402 2402; x_wconf 81' lang='grc' dir='ltr'><strong>Α</strong></span> <span class='ocrx_word' id='word_1_362' title='bbox 427 2376 454 2403; x_wconf 73' lang='grc' dir='ltr'>ἀ.</span> <span class='ocrx_word' id='word_1_363' title='bbox 485 2377 542 2404; x_wconf 75' lang='grc' dir='ltr'>Τοῦ</span> <span class='ocrx_word' id='word_1_364' title='bbox 570 2379 664 2415; x_wconf 73' lang='grc' dir='ltr'>γεννᾷν</span> <span class='ocrx_word' id='word_1_365' title='bbox 686 2377 768 2416; x_wconf 81' lang='grc' dir='ltr'>αὐτῇ.</span> <span class='ocrx_word' id='word_1_366' title='bbox 800 2379 846 2407; x_wconf 83' lang='lat' dir='ltr'>Sic</span> <span class='ocrx_word' id='word_1_367' title='bbox 870 2380 1012 2408; x_wconf 82' lang='lat' dir='ltr'>Basilicus</span> 
     </span>
    </p>
   </div>
   <div class='ocr_carea' id='block_1_54' title="bbox 190 2416 1011 2457">
    <p class='ocr_par' dir='ltr' id='par_1_54' title="bbox 190 2416 1011 2457">
     <span class='ocr_line' id='line_1_54' title="bbox 190 2416 1011 2457; baseline 0.011 -13"><span class='ocrx_word' id='word_1_368' title='bbox 190 2416 259 2444; x_wconf 87' lang='lat' dir='ltr'>edit.</span> <span class='ocrx_word' id='word_1_369' title='bbox 286 2419 324 2446; x_wconf 81' lang='lat' dir='ltr'>At</span> <span class='ocrx_word' id='word_1_370' title='bbox 357 2419 468 2456; x_wconf 78' lang='lat' dir='ltr'>Anglici</span> <span class='ocrx_word' id='word_1_371' title='bbox 498 2430 570 2450; x_wconf 87' lang='lat' dir='ltr'>mss.</span> <span class='ocrx_word' id='word_1_372' title='bbox 586 2421 680 2457; x_wconf 76' lang='grc' dir='ltr'>αὐτῆς.</span> <span class='ocrx_word' id='word_1_373' title='bbox 704 2426 834 2452; x_wconf 83' lang='lat' dir='ltr'>Tueatur</span> <span class='ocrx_word' id='word_1_374' title='bbox 856 2424 1011 2452; x_wconf 88' lang='lat' dir='ltr'>lectionem</span> 
     </span>
    </p>
   </div>
   <div class='ocr_carea' id='block_1_55' title="bbox 189 2461 1013 2505">
    <p class='ocr_par' dir='ltr' id='par_1_55' title="bbox 189 2461 1013 2505">
     <span class='ocr_line' id='line_1_55' title="bbox 189 2461 1013 2505; baseline 0.01 -16"><span class='ocrx_word' id='word_1_375' title='bbox 189 2461 300 2491; x_wconf 86' lang='lat' dir='ltr'>editam</span> <span class='ocrx_word' id='word_1_376' title='bbox 316 2463 374 2492; x_wconf 90' lang='lat' dir='ltr'>duo</span> <span class='ocrx_word' id='word_1_377' title='bbox 398 2465 490 2501; x_wconf 83' lang='lat' dir='ltr'>Regii,</span> <span class='ocrx_word' id='word_1_378' title='bbox 506 2469 534 2494; x_wconf 86' lang='lat' dir='ltr'>et</span> <span class='ocrx_word' id='word_1_379' title='bbox 549 2467 731 2504; x_wconf 86' lang='lat' dir='ltr'>Eustathius,</span> <span class='ocrx_word' id='word_1_380' title='bbox 747 2480 762 2494; x_wconf 83' lang='grc'>‹‹</span> <span class='ocrx_word' id='word_1_381' title='bbox 778 2469 835 2497; x_wconf 90' lang='lat' dir='ltr'>sibi</span> <span class='ocrx_word' id='word_1_382' title='bbox 855 2469 1013 2505; x_wconf 86' lang='lat' dir='ltr'>perhibens</span> 
     </span>
    </p>
   </div>
   <div class='ocr_carea' id='block_1_56' title="bbox 189 2506 402 2538">
    <p class='ocr_par' dir='ltr' id='par_1_56' title="bbox 189 2506 402 2538">
     <span class='ocr_line' id='line_1_56' title="bbox 189 2506 402 2538; baseline 0 -4"><span class='ocrx_word' id='word_1_383' title='bbox 189 2506 371 2538; x_wconf 83' lang='lat' dir='ltr'>facultatem.</span> <span class='ocrx_word' id='word_1_384' title='bbox 387 2520 402 2535; x_wconf 73' lang='grc' dir='ltr'>ι)</span> 
     </span>
    </p>
   </div>
   <div class='ocr_carea' id='block_1_57' title="bbox 225 2560 1011 2595">
    <p class='ocr_par' dir='ltr' id='par_1_57' title="bbox 225 2560 1011 2595">
     <span class='ocr_line' id='line_1_57' title="bbox 225 2560 1011 2595; baseline 0.01 -8"><span class='ocrx_word' id='word_1_385' title='bbox 225 2560 284 2589; x_wconf 92' lang='lat' dir='ltr'>Col.</span> <span class='ocrx_word' id='word_1_386' title='bbox 300 2561 335 2588; x_wconf 87' lang='lat'>99</span> <span class='ocrx_word' id='word_1_387' title='bbox 360 2563 380 2589; x_wconf 87' lang='lat' dir='ltr'>A</span> <span class='ocrx_word' id='word_1_388' title='bbox 400 2563 425 2590; x_wconf 88' lang='lat'>8.</span> <span class='ocrx_word' id='word_1_389' title='bbox 452 2564 579 2593; x_wconf 80' lang='lat' dir='ltr'>Lictores.</span> <span class='ocrx_word' id='word_1_390' title='bbox 607 2566 832 2594; x_wconf 87' lang='lat' dir='ltr'>Immutavimus</span> <span class='ocrx_word' id='word_1_391' title='bbox 848 2566 899 2594; x_wconf 89' lang='lat' dir='ltr'>illa</span> <span class='ocrx_word' id='word_1_392' title='bbox 922 2567 1011 2595; x_wconf 85' lang='lat' dir='ltr'>inter-</span> 
     </span>
    </p>
   </div>
   <div class='ocr_carea' id='block_1_58' title="bbox 188 2606 1012 2645">
    <p class='ocr_par' dir='ltr' id='par_1_58' title="bbox 188 2606 1012 2645">
     <span class='ocr_line' id='line_1_58' title="bbox 188 2606 1012 2645; baseline 0.008 -13"><span class='ocrx_word' id='word_1_393' title='bbox 188 2606 308 2640; x_wconf 83' lang='lat' dir='ltr'>pretis,«</span> <span class='ocrx_word' id='word_1_394' title='bbox 325 2606 555 2645; x_wconf 86' lang='lat' dir='ltr'>feruligcrosque</span> <span class='ocrx_word' id='word_1_395' title='bbox 570 2610 713 2645; x_wconf 70' lang='lat' dir='ltr'>lictores,n</span> <span class='ocrx_word' id='word_1_396' title='bbox 732 2613 760 2639; x_wconf 90' lang='lat' dir='ltr'>et</span> <span class='ocrx_word' id='word_1_397' title='bbox 775 2619 842 2639; x_wconf 91' lang='lat' dir='ltr'>cum</span> <span class='ocrx_word' id='word_1_398' title='bbox 859 2610 1012 2639; x_wconf 87' lang='lat' dir='ltr'>Eustathio</span> 
     </span>
    </p>
   </div>
   <div class='ocr_carea' id='block_1_59' title="bbox 189 2650 1011 2690">
    <p class='ocr_par' dir='ltr' id='par_1_59' title="bbox 189 2650 1011 2690">
     <span class='ocr_line' id='line_1_59' title="bbox 189 2650 1011 2690; baseline 0.009 -13"><span class='ocrx_word' id='word_1_399' title='bbox 189 2650 238 2686; x_wconf 88' lang='lat' dir='ltr'>qui</span> <span class='ocrx_word' id='word_1_400' title='bbox 253 2651 354 2686; x_wconf 85' lang='lat' dir='ltr'>vertit,</span> <span class='ocrx_word' id='word_1_401' title='bbox 373 2663 383 2677; x_wconf 74' lang='grc' dir='ltr'>ι</span> <span class='ocrx_word' id='word_1_402' title='bbox 401 2653 569 2690; x_wconf 88' lang='lat' dir='ltr'>faciumque</span> <span class='ocrx_word' id='word_1_403' title='bbox 583 2657 723 2690; x_wconf 85' lang='lat' dir='ltr'>vectores,</span> <span class='ocrx_word' id='word_1_404' title='bbox 740 2666 754 2680; x_wconf 88' lang='lat'>»</span> <span class='ocrx_word' id='word_1_405' title='bbox 778 2655 938 2684; x_wconf 88' lang='lat' dir='ltr'>maluimus</span> <span class='ocrx_word' id='word_1_406' title='bbox 956 2658 1011 2684; x_wconf 87' lang='lat' dir='ltr'>Ro-</span> 
     </span>
    </p>
   </div>
   <div class='ocr_carea' id='block_1_60' title="bbox 190 2700 1010 2736">
    <p class='ocr_par' dir='ltr' id='par_1_60' title="bbox 190 2700 1010 2736">
     <span class='ocr_line' id='line_1_60' title="bbox 190 2700 1010 2736; baseline 0.009 -14"><span class='ocrx_word' id='word_1_407' title='bbox 190 2702 345 2724; x_wconf 89' lang='lat' dir='ltr'>manorum</span> <span class='ocrx_word' id='word_1_408' title='bbox 360 2705 446 2726; x_wconf 89' lang='lat' dir='ltr'>voces</span> <span class='ocrx_word' id='word_1_409' title='bbox 461 2707 614 2735; x_wconf 82' lang='lat' dir='ltr'>usurpare,</span> <span class='ocrx_word' id='word_1_410' title='bbox 631 2700 681 2735; x_wconf 89' lang='lat' dir='ltr'>qui</span> <span class='ocrx_word' id='word_1_411' title='bbox 694 2700 799 2735; x_wconf 87' lang='lat' dir='ltr'>fasces,</span> <span class='ocrx_word' id='word_1_412' title='bbox 813 2701 941 2736; x_wconf 69' lang='lat' dir='ltr'>praeferri</span> <span class='ocrx_word' id='word_1_413' title='bbox 952 2701 1010 2729; x_wconf 88' lang='lat' dir='ltr'>aie-</span> 
     </span>
    </p>
   </div>
   <div class='ocr_carea' id='block_1_61' title="bbox 188 2738 1009 2782">
    <p class='ocr_par' dir='ltr' id='par_1_61' title="bbox 188 2738 1009 2782">
     <span class='ocr_line' id='line_1_61' title="bbox 188 2738 1009 2782; baseline 0.01 -16"><span class='ocrx_word' id='word_1_414' title='bbox 188 2738 259 2767; x_wconf 88' lang='lat' dir='ltr'>bant</span> <span class='ocrx_word' id='word_1_415' title='bbox 274 2749 290 2768; x_wconf 91' lang='lat' dir='ltr'>a</span> <span class='ocrx_word' id='word_1_416' title='bbox 305 2740 470 2771; x_wconf 87' lang='lat' dir='ltr'>lictoribus.</span> <span class='ocrx_word' id='word_1_417' title='bbox 490 2744 597 2772; x_wconf 86' lang='lat' dir='ltr'>Auctor</span> <span class='ocrx_word' id='word_1_418' title='bbox 608 2744 697 2773; x_wconf 83' lang='lat' dir='ltr'>etiam</span> <span class='ocrx_word' id='word_1_419' title='bbox 709 2745 840 2782; x_wconf 55' lang='lat' dir='ltr'>Vulgata;</span> <span class='ocrx_word' id='word_1_420' title='bbox 851 2747 938 2774; x_wconf 86' lang='lat' dir='ltr'>Actor</span> <span class='ocrx_word' id='word_1_421' title='bbox 952 2754 1009 2781; x_wconf 79' lang='lat' dir='ltr'>xw,</span> 
     </span>
    </p>
   </div>
   <div class='ocr_carea' id='block_1_62' title="bbox 188 2782 1009 2828">
    <p class='ocr_par' dir='ltr' id='par_1_62' title="bbox 188 2782 1009 2828">
     <span class='ocr_line' id='line_1_62' title="bbox 188 2782 1009 2828; baseline 0.01 -18"><span class='ocrx_word' id='word_1_422' title='bbox 188 2782 242 2811; x_wconf 86' lang='lat'>35:</span> <span class='ocrx_word' id='word_1_423' title='bbox 285 2784 459 2814; x_wconf 81' lang='grc' dir='ltr'>Ἀπὲστιιλαν</span> <span class='ocrx_word' id='word_1_424' title='bbox 500 2788 525 2814; x_wconf 86' lang='lat' dir='ltr'>ol.</span> <span class='ocrx_word' id='word_1_425' title='bbox 549 2789 696 2827; x_wconf 80' lang='grc' dir='ltr'>στρατηγοὶ</span> <span class='ocrx_word' id='word_1_426' title='bbox 733 2790 797 2820; x_wconf 78' lang='grc' dir='ltr'>τοὺς</span> <span class='ocrx_word' id='word_1_427' title='bbox 826 2787 1009 2828; x_wconf 56' lang='grc' dir='ltr'>ῥαϐδούχους</span> 
     </span>
    </p>
   </div>
   <div class='ocr_carea' id='block_1_63' title="bbox 186 2828 1011 2866">
    <p class='ocr_par' dir='ltr' id='par_1_63' title="bbox 186 2828 1011 2866">
     <span class='ocr_line' id='line_1_63' title="bbox 186 2828 1011 2866; baseline 0.013 -12"><span class='ocrx_word' id='word_1_428' title='bbox 186 2828 324 2857; x_wconf 69' lang='lat' dir='ltr'>Miserum</span> <span class='ocrx_word' id='word_1_429' title='bbox 352 2832 530 2866; x_wconf 73' lang='lat' dir='ltr'>magistratus</span> <span class='ocrx_word' id='word_1_430' title='bbox 556 2834 673 2864; x_wconf 74' lang='lat' dir='ltr'>lictores.</span> <span class='ocrx_word' id='word_1_431' title='bbox 703 2834 876 2864; x_wconf 84' lang='lat' dir='ltr'>Plutarchus</span> <span class='ocrx_word' id='word_1_432' title='bbox 901 2835 932 2864; x_wconf 88' lang='lat' dir='ltr'>in</span> <span class='ocrx_word' id='word_1_433' title='bbox 957 2836 1011 2865; x_wconf 82' lang='lat' dir='ltr'>Ro-</span> 
     </span>
    </p>
   </div>
   <div class='ocr_carea' id='block_1_64' title="bbox 1077 262 1906 307">
    <p class='ocr_par' dir='ltr' id='par_1_64' title="bbox 1077 262 1906 307">
     <span class='ocr_line' id='line_1_64' title="bbox 1077 262 1906 307; baseline -0.01 -8"><span class='ocrx_word' id='word_1_434' title='bbox 1077 262 1242 305; x_wconf 75' lang='lat' dir='ltr'>manorum,</span> <span class='ocrx_word' id='word_1_435' title='bbox 1268 262 1327 296; x_wconf 67' lang='grc' dir='ltr'>ὅθεν</span> <span class='ocrx_word' id='word_1_436' title='bbox 1344 269 1370 296; x_wconf 78' lang='grc' dir='ltr'>οἱ</span> <span class='ocrx_word' id='word_1_437' title='bbox 1384 266 1533 307; x_wconf 69' lang='grc' dir='ltr'>ῥαϐδοῦχοι</span> <span class='ocrx_word' id='word_1_438' title='bbox 1550 266 1704 303; x_wconf 79' lang='grc' dir='ltr'>λικτώρεις,</span> <span class='ocrx_word' id='word_1_439' title='bbox 1719 264 1747 293; x_wconf 67' lang='grc' dir='ltr'>αἳ</span> <span class='ocrx_word' id='word_1_440' title='bbox 1761 275 1791 292; x_wconf 83' lang='grc' dir='ltr'>τε</span> <span class='ocrx_word' id='word_1_441' title='bbox 1807 262 1906 303; x_wconf 78' lang='grc' dir='ltr'>ῥάϐδοι</span> 
     </span>
    </p>
   </div>
   <div class='ocr_carea' id='block_1_65' title="bbox 1079 312 1907 350">
    <p class='ocr_par' dir='ltr' id='par_1_65' title="bbox 1079 312 1907 350">
     <span class='ocr_line' id='line_1_65' title="bbox 1079 312 1907 350; baseline -0.005 -8"><span class='ocrx_word' id='word_1_442' title='bbox 1079 315 1185 350; x_wconf 52' lang='lat' dir='ltr'>sane):</span> <span class='ocrx_word' id='word_1_443' title='bbox 1211 314 1370 342; x_wconf 77' lang='grc' dir='ltr'>καλοῦνται.</span> <span class='ocrx_word' id='word_1_444' title='bbox 1401 314 1554 343; x_wconf 87' lang='lat' dir='ltr'>Cruserius</span> <span class='ocrx_word' id='word_1_445' title='bbox 1582 314 1802 349; x_wconf 86' lang='lat' dir='ltr'>interpretatur,</span> <span class='ocrx_word' id='word_1_446' title='bbox 1832 322 1846 336; x_wconf 80' lang='grc' dir='ltr'>ι(</span> <span class='ocrx_word' id='word_1_447' title='bbox 1877 312 1907 338; x_wconf 83' lang='lat' dir='ltr'>et</span> 
     </span>
    </p>
   </div>
   <div class='ocr_carea' id='block_1_66' title="bbox 1076 357 1905 397">
    <p class='ocr_par' dir='ltr' id='par_1_66' title="bbox 1076 357 1905 397">
     <span class='ocr_line' id='line_1_66' title="bbox 1076 357 1905 397; baseline -0.008 -8"><span class='ocrx_word' id='word_1_448' title='bbox 1076 361 1174 397; x_wconf 61' lang='lat' dir='ltr'>virga),</span> <span class='ocrx_word' id='word_1_449' title='bbox 1191 369 1264 396; x_wconf 87' lang='lat' dir='ltr'>quas</span> <span class='ocrx_word' id='word_1_450' title='bbox 1280 361 1442 395; x_wconf 83' lang='lat' dir='ltr'>gestabant,</span> <span class='ocrx_word' id='word_1_451' title='bbox 1459 359 1565 387; x_wconf 82' lang='lat' dir='ltr'>fasces.</span> <span class='ocrx_word' id='word_1_452' title='bbox 1587 369 1601 382; x_wconf 86' lang='lat'>»</span> <span class='ocrx_word' id='word_1_453' title='bbox 1617 358 1659 385; x_wconf 78' lang='lat' dir='ltr'>Ad</span> <span class='ocrx_word' id='word_1_454' title='bbox 1676 357 1800 384; x_wconf 89' lang='lat' dir='ltr'>verbum</span> <span class='ocrx_word' id='word_1_455' title='bbox 1812 357 1905 387; x_wconf 83' lang='lat' dir='ltr'>esset,</span> 
     </span>
    </p>
   </div>
   <div class='ocr_carea' id='block_1_67' title="bbox 1076 404 1547 441">
    <p class='ocr_par' dir='ltr' id='par_1_67' title="bbox 1076 404 1547 441">
     <span class='ocr_line' id='line_1_67' title="bbox 1076 404 1547 441; baseline -0.006 -8"><span class='ocrx_word' id='word_1_456' title='bbox 1076 417 1090 431; x_wconf 76' lang='grc' dir='ltr'>α</span> <span class='ocrx_word' id='word_1_457' title='bbox 1107 408 1136 433; x_wconf 88' lang='lat' dir='ltr'>et</span> <span class='ocrx_word' id='word_1_458' title='bbox 1149 405 1238 441; x_wconf 66' lang='lat' dir='ltr'>virgae</span> <span class='ocrx_word' id='word_1_459' title='bbox 1253 404 1349 433; x_wconf 82' lang='lat' dir='ltr'>baculi</span> <span class='ocrx_word' id='word_1_460' title='bbox 1364 406 1514 432; x_wconf 88' lang='lat' dir='ltr'>vocantur.</span> <span class='ocrx_word' id='word_1_461' title='bbox 1533 414 1547 427; x_wconf 80' lang='grc' dir='ltr'>ι»</span> 
     </span>
    </p>
   </div>
   <div class='ocr_carea' id='block_1_68' title="bbox 1111 454 1907 495">
    <p class='ocr_par' dir='ltr' id='par_1_68' title="bbox 1111 454 1907 495">
     <span class='ocr_line' id='line_1_68' title="bbox 1111 454 1907 495; baseline -0.006 -9"><span class='ocrx_word' id='word_1_462' title='bbox 1111 458 1171 486; x_wconf 88' lang='lat' dir='ltr'>Col.</span> <span class='ocrx_word' id='word_1_463' title='bbox 1194 459 1246 486; x_wconf 83' lang='lat' dir='ltr'>l05</span> <span class='ocrx_word' id='word_1_464' title='bbox 1269 459 1288 486; x_wconf 87' lang='lat' dir='ltr'>A</span> <span class='ocrx_word' id='word_1_465' title='bbox 1314 459 1340 486; x_wconf 91' lang='lat'>8.</span> <span class='ocrx_word' id='word_1_466' title='bbox 1369 454 1579 495; x_wconf 79' lang='grc' dir='ltr'>Προϐληθεῖσιν.</span> <span class='ocrx_word' id='word_1_467' title='bbox 1605 457 1635 484; x_wconf 86' lang='lat' dir='ltr'>In</span> <span class='ocrx_word' id='word_1_468' title='bbox 1662 454 1816 483; x_wconf 87' lang='lat' dir='ltr'>Basiliensi</span> <span class='ocrx_word' id='word_1_469' title='bbox 1841 457 1907 482; x_wconf 86' lang='lat' dir='ltr'>erat</span> 
     </span>
    </p>
   </div>
   <div class='ocr_carea' id='block_1_69' title="bbox 1078 496 1906 540">
    <p class='ocr_par' dir='ltr' id='par_1_69' title="bbox 1078 496 1906 540">
     <span class='ocr_line' id='line_1_69' title="bbox 1078 496 1906 540; baseline -0.006 -10"><span class='ocrx_word' id='word_1_470' title='bbox 1078 502 1229 540; x_wconf 83' lang='grc' dir='ltr'>βληθεῖσιν,</span> <span class='ocrx_word' id='word_1_471' title='bbox 1246 503 1328 539; x_wconf 83' lang='lat' dir='ltr'>Regii</span> <span class='ocrx_word' id='word_1_472' title='bbox 1345 503 1402 531; x_wconf 91' lang='lat' dir='ltr'>duo</span> <span class='ocrx_word' id='word_1_473' title='bbox 1418 501 1609 538; x_wconf 62' lang='lat' dir='ltr'>praeferebant</span> <span class='ocrx_word' id='word_1_474' title='bbox 1623 496 1906 536; x_wconf 72' lang='grc' dir='ltr'>προϐληθεῖσι,υηᾶθ</span> 
     </span>
    </p>
   </div>
   <div class='ocr_carea' id='block_1_70' title="bbox 1075 543 1904 584">
    <p class='ocr_par' dir='ltr' id='par_1_70' title="bbox 1075 543 1904 584">
     <span class='ocr_line' id='line_1_70' title="bbox 1075 543 1904 584; baseline -0.008 -8"><span class='ocrx_word' id='word_1_475' title='bbox 1075 550 1119 576; x_wconf 87' lang='lat' dir='ltr'>est</span> <span class='ocrx_word' id='word_1_476' title='bbox 1136 545 1259 583; x_wconf 77' lang='grc' dir='ltr'>προϐολή</span> <span class='ocrx_word' id='word_1_477' title='bbox 1277 556 1378 584; x_wconf 85' lang='lat' dir='ltr'>supra,</span> <span class='ocrx_word' id='word_1_478' title='bbox 1393 548 1426 583; x_wconf 86' lang='grc' dir='ltr'>τῇ</span> <span class='ocrx_word' id='word_1_479' title='bbox 1441 543 1570 584; x_wconf 81' lang='grc' dir='ltr'>προϐολῇ</span> <span class='ocrx_word' id='word_1_480' title='bbox 1587 547 1640 572; x_wconf 80' lang='grc' dir='ltr'>τῶν</span> <span class='ocrx_word' id='word_1_481' title='bbox 1656 543 1817 581; x_wconf 77' lang='grc' dir='ltr'>ἀνθερίκων.</span> <span class='ocrx_word' id='word_1_482' title='bbox 1835 545 1904 570; x_wconf 86' lang='lat' dir='ltr'>Am-</span> 
     </span>
    </p>
   </div>
   <div class='ocr_carea' id='block_1_71' title="bbox 1075 588 1905 628">
    <p class='ocr_par' dir='ltr' id='par_1_71' title="bbox 1075 588 1905 628">
     <span class='ocr_line' id='line_1_71' title="bbox 1075 588 1905 628; baseline -0.008 -7"><span class='ocrx_word' id='word_1_483' title='bbox 1075 593 1192 620; x_wconf 89' lang='lat' dir='ltr'>brosius</span> <span class='ocrx_word' id='word_1_484' title='bbox 1210 592 1269 620; x_wconf 66' lang='lat' dir='ltr'>hac</span> <span class='ocrx_word' id='word_1_485' title='bbox 1285 592 1427 628; x_wconf 85' lang='lat' dir='ltr'>expressit</span> <span class='ocrx_word' id='word_1_486' title='bbox 1442 592 1493 619; x_wconf 88' lang='lat' dir='ltr'>lib.</span> <span class='ocrx_word' id='word_1_487' title='bbox 1508 599 1551 626; x_wconf 77' lang='lat' dir='ltr'>in,</span> <span class='ocrx_word' id='word_1_488' title='bbox 1567 598 1630 626; x_wconf 89' lang='lat' dir='ltr'>cap.</span> <span class='ocrx_word' id='word_1_489' title='bbox 1648 590 1681 616; x_wconf 89' lang='grc'>10</span> <span class='ocrx_word' id='word_1_490' title='bbox 1696 598 1702 616; x_wconf 89' lang='grc'>;</span> <span class='ocrx_word' id='word_1_491' title='bbox 1722 600 1732 613; x_wconf 78' lang='grc' dir='ltr'>ι</span> <span class='ocrx_word' id='word_1_492' title='bbox 1751 588 1835 616; x_wconf 89' lang='lat' dir='ltr'>Haud</span> <span class='ocrx_word' id='word_1_493' title='bbox 1849 588 1905 615; x_wconf 88' lang='lat' dir='ltr'>du-</span> 
     </span>
    </p>
   </div>
   <div class='ocr_carea' id='block_1_72' title="bbox 1075 632 1905 674">
    <p class='ocr_par' dir='ltr' id='par_1_72' title="bbox 1075 632 1905 674">
     <span class='ocr_line' id='line_1_72' title="bbox 1075 632 1905 674; baseline -0.007 -9"><span class='ocrx_word' id='word_1_494' title='bbox 1075 638 1156 665; x_wconf 91' lang='lat' dir='ltr'>bium</span> <span class='ocrx_word' id='word_1_495' title='bbox 1173 638 1243 674; x_wconf 88' lang='lat' dir='ltr'>quin</span> <span class='ocrx_word' id='word_1_496' title='bbox 1255 638 1365 673; x_wconf 85' lang='lat' dir='ltr'>majore</span> <span class='ocrx_word' id='word_1_497' title='bbox 1376 638 1517 672; x_wconf 87' lang='lat' dir='ltr'>proventu</span> <span class='ocrx_word' id='word_1_498' title='bbox 1531 645 1537 664; x_wconf 86' lang='lat'><strong>:</strong></span> <span class='ocrx_word' id='word_1_499' title='bbox 1555 635 1701 671; x_wconf 86' lang='lat' dir='ltr'>siquidem</span> <span class='ocrx_word' id='word_1_500' title='bbox 1713 641 1767 661; x_wconf 86' lang='lat' dir='ltr'>nec</span> <span class='ocrx_word' id='word_1_501' title='bbox 1778 632 1905 661; x_wconf 87' lang='lat' dir='ltr'>cultoris</span> 
     </span>
    </p>
   </div>
   <div class='ocr_carea' id='block_1_73' title="bbox 1074 678 1903 715">
    <p class='ocr_par' dir='ltr' id='par_1_73' title="bbox 1074 678 1903 715">
     <span class='ocr_line' id='line_1_73' title="bbox 1074 678 1903 715; baseline -0.008 -5"><span class='ocrx_word' id='word_1_502' title='bbox 1074 682 1187 710; x_wconf 88' lang='lat' dir='ltr'>desidia</span> <span class='ocrx_word' id='word_1_503' title='bbox 1202 685 1347 710; x_wconf 87' lang='lat' dir='ltr'>terrarum</span> <span class='ocrx_word' id='word_1_504' title='bbox 1372 681 1530 709; x_wconf 85' lang='lat' dir='ltr'>destituere</span> <span class='ocrx_word' id='word_1_505' title='bbox 1556 681 1666 715; x_wconf 82' lang='lat' dir='ltr'>poterat</span> <span class='ocrx_word' id='word_1_506' title='bbox 1691 678 1867 706; x_wconf 83' lang='lat' dir='ltr'>ubertatem.</span> <span class='ocrx_word' id='word_1_507' title='bbox 1892 688 1903 701; x_wconf 75' lang='grc' dir='ltr'>ι</span> 
     </span>
    </p>
   </div>
   <div class='ocr_carea' id='block_1_74' title="bbox 1074 721 1904 763">
    <p class='ocr_par' dir='ltr' id='par_1_74' title="bbox 1074 721 1904 763">
     <span class='ocr_line' id='line_1_74' title="bbox 1074 721 1904 763; baseline -0.008 -9"><span class='ocrx_word' id='word_1_508' title='bbox 1074 727 1215 754; x_wconf 70' lang='lat' dir='ltr'>Caeterum</span> <span class='ocrx_word' id='word_1_509' title='bbox 1233 735 1296 763; x_wconf 62' lang='lat' dir='ltr'>quae</span> <span class='ocrx_word' id='word_1_510' title='bbox 1312 725 1400 762; x_wconf 86' lang='lat' dir='ltr'>paulo</span> <span class='ocrx_word' id='word_1_511' title='bbox 1420 728 1485 762; x_wconf 78' lang='lat' dir='ltr'>post</span> <span class='ocrx_word' id='word_1_512' title='bbox 1500 722 1725 763; x_wconf 73' lang='grc' dir='ltr'>στεφανωματικὰ</span> <span class='ocrx_word' id='word_1_513' title='bbox 1740 722 1814 750; x_wconf 80' lang='lat' dir='ltr'>dixit</span> <span class='ocrx_word' id='word_1_514' title='bbox 1830 721 1904 758; x_wconf 74' lang='grc' dir='ltr'>φυτὰ</span> 
     </span>
    </p>
   </div>
   <div class='ocr_carea' id='block_1_75' title="bbox 1073 766 1901 808">
    <p class='ocr_par' dir='ltr' id='par_1_75' title="bbox 1073 766 1901 808">
     <span class='ocr_line' id='line_1_75' title="bbox 1073 766 1901 808; baseline -0.008 -8"><span class='ocrx_word' id='word_1_515' title='bbox 1073 772 1272 808; x_wconf 81' lang='lat' dir='ltr'>Argyropylus</span> <span class='ocrx_word' id='word_1_516' title='bbox 1286 783 1296 795; x_wconf 78' lang='grc' dir='ltr'>ι</span> <span class='ocrx_word' id='word_1_517' title='bbox 1309 779 1372 807; x_wconf 58' lang='lat' dir='ltr'>qua;</span> <span class='ocrx_word' id='word_1_518' title='bbox 1389 771 1425 798; x_wconf 85' lang='lat' dir='ltr'>ad</span> <span class='ocrx_word' id='word_1_519' title='bbox 1437 770 1606 806; x_wconf 87' lang='lat' dir='ltr'>plectendas</span> <span class='ocrx_word' id='word_1_520' title='bbox 1621 767 1746 796; x_wconf 84' lang='lat' dir='ltr'>corollas</span> <span class='ocrx_word' id='word_1_521' title='bbox 1758 766 1901 799; x_wconf 77' lang='lat' dir='ltr'>faciunt,»</span> 
     </span>
    </p>
   </div>
   <div class='ocr_carea' id='block_1_76' title="bbox 1075 812 1903 853">
    <p class='ocr_par' dir='ltr' id='par_1_76' title="bbox 1075 812 1903 853">
     <span class='ocr_line' id='line_1_76' title="bbox 1075 812 1903 853; baseline -0.006 -8"><span class='ocrx_word' id='word_1_522' title='bbox 1075 818 1283 853; x_wconf 87' lang='lat' dir='ltr'>interpretatus</span> <span class='ocrx_word' id='word_1_523' title='bbox 1298 819 1360 845; x_wconf 86' lang='lat' dir='ltr'>erat</span> <span class='ocrx_word' id='word_1_524' title='bbox 1376 816 1558 850; x_wconf 86' lang='lat' dir='ltr'>Eustathius,</span> <span class='ocrx_word' id='word_1_525' title='bbox 1571 826 1585 841; x_wconf 84' lang='grc'>‹‹</span> <span class='ocrx_word' id='word_1_526' title='bbox 1601 823 1664 850; x_wconf 67' lang='lat' dir='ltr'>quas</span> <span class='ocrx_word' id='word_1_527' title='bbox 1679 812 1834 842; x_wconf 87' lang='lat' dir='ltr'>coronaria</span> <span class='ocrx_word' id='word_1_528' title='bbox 1849 821 1903 840; x_wconf 91' lang='lat' dir='ltr'>vo-</span> 
     </span>
    </p>
   </div>
   <div class='ocr_carea' id='block_1_77' title="bbox 1073 858 1900 897">
    <p class='ocr_par' dir='ltr' id='par_1_77' title="bbox 1073 858 1900 897">
     <span class='ocr_line' id='line_1_77' title="bbox 1073 858 1900 897; baseline -0.007 -7"><span class='ocrx_word' id='word_1_529' title='bbox 1073 862 1212 896; x_wconf 87' lang='lat' dir='ltr'>citantur,</span> <span class='ocrx_word' id='word_1_530' title='bbox 1229 874 1240 888; x_wconf 79' lang='grc' dir='ltr'><strong><em>ι</em></strong></span> <span class='ocrx_word' id='word_1_531' title='bbox 1269 862 1309 890; x_wconf 89' lang='lat' dir='ltr'>sic</span> <span class='ocrx_word' id='word_1_532' title='bbox 1331 862 1409 890; x_wconf 90' lang='lat' dir='ltr'>enim</span> <span class='ocrx_word' id='word_1_533' title='bbox 1435 861 1640 897; x_wconf 86' lang='lat' dir='ltr'>corrigendum</span> <span class='ocrx_word' id='word_1_534' title='bbox 1661 861 1706 886; x_wconf 84' lang='lat' dir='ltr'>est</span> <span class='ocrx_word' id='word_1_535' title='bbox 1720 858 1900 885; x_wconf 86' lang='lat' dir='ltr'>mendosum</span> 
     </span>
    </p>
   </div>
   <div class='ocr_carea' id='block_1_78' title="bbox 1035 902 1904 948">
    <p class='ocr_par' dir='ltr' id='par_1_78' title="bbox 1035 902 1904 948">
     <span class='ocr_line' id='line_1_78' title="bbox 1035 902 1904 948; baseline -0.008 -13"><span class='ocrx_word' id='word_1_536' title='bbox 1035 916 1058 948; x_wconf 76' lang='grc' dir='ltr'><strong>Β</strong></span> <span class='ocrx_word' id='word_1_537' title='bbox 1073 906 1157 941; x_wconf 91' lang='lat' dir='ltr'>illud,</span> <span class='ocrx_word' id='word_1_538' title='bbox 1173 918 1183 932; x_wconf 84' lang='grc' dir='ltr'>ι</span> <span class='ocrx_word' id='word_1_539' title='bbox 1196 915 1259 942; x_wconf 71' lang='lat' dir='ltr'>qua:</span> <span class='ocrx_word' id='word_1_540' title='bbox 1274 906 1446 934; x_wconf 84' lang='lat' dir='ltr'>corinaria.»</span> <span class='ocrx_word' id='word_1_541' title='bbox 1464 906 1560 933; x_wconf 89' lang='lat' dir='ltr'>Utitur</span> <span class='ocrx_word' id='word_1_542' title='bbox 1575 905 1704 948; x_wconf 82' lang='lat' dir='ltr'>hacvoce</span> <span class='ocrx_word' id='word_1_543' title='bbox 1715 902 1904 930; x_wconf 83' lang='lat' dir='ltr'>Dioscorides</span> 
     </span>
    </p>
   </div>
   <div class='ocr_carea' id='block_1_79' title="bbox 1073 946 1901 987">
    <p class='ocr_par' dir='ltr' id='par_1_79' title="bbox 1073 946 1901 987">
     <span class='ocr_line' id='line_1_79' title="bbox 1073 946 1901 987; baseline -0.01 -7"><span class='ocrx_word' id='word_1_544' title='bbox 1073 951 1124 980; x_wconf 83' lang='lat' dir='ltr'>lib.</span> <span class='ocrx_word' id='word_1_545' title='bbox 1153 960 1174 987; x_wconf 84' lang='grc'>1,</span> <span class='ocrx_word' id='word_1_546' title='bbox 1198 952 1312 987; x_wconf 76' lang='lat' dir='ltr'>cap.9:</span> <span class='ocrx_word' id='word_1_547' title='bbox 1346 951 1463 987; x_wconf 79' lang='lat' dir='ltr'>&#39;Acrapov</span> <span class='ocrx_word' id='word_1_548' title='bbox 1498 950 1553 977; x_wconf 76' lang='grc' dir='ltr'>πόα</span> <span class='ocrx_word' id='word_1_549' title='bbox 1585 946 1691 982; x_wconf 72' lang='grc' dir='ltr'>εὐώδης</span> <span class='ocrx_word' id='word_1_550' title='bbox 1720 956 1901 985; x_wconf 76' lang='grc' dir='ltr'>στεφανωμα-</span> 
     </span>
    </p>
   </div>
   <div class='ocr_carea' id='block_1_80' title="bbox 1070 992 1898 1030">
    <p class='ocr_par' dir='ltr' id='par_1_80' title="bbox 1070 992 1898 1030">
     <span class='ocr_line' id='line_1_80' title="bbox 1070 992 1898 1030; baseline -0.007 -6"><span class='ocrx_word' id='word_1_551' title='bbox 1070 996 1144 1030; x_wconf 79' lang='grc' dir='ltr'>τική.</span> <span class='ocrx_word' id='word_1_552' title='bbox 1162 1007 1176 1021; x_wconf 79' lang='grc' dir='ltr'>(ι</span> <span class='ocrx_word' id='word_1_553' title='bbox 1193 996 1288 1024; x_wconf 87' lang='lat' dir='ltr'>Herba</span> <span class='ocrx_word' id='word_1_554' title='bbox 1302 998 1346 1024; x_wconf 89' lang='lat' dir='ltr'>est</span> <span class='ocrx_word' id='word_1_555' title='bbox 1365 996 1486 1024; x_wconf 88' lang='lat' dir='ltr'>odorata</span> <span class='ocrx_word' id='word_1_556' title='bbox 1509 997 1538 1023; x_wconf 90' lang='lat' dir='ltr'>et</span> <span class='ocrx_word' id='word_1_557' title='bbox 1566 992 1719 1022; x_wconf 86' lang='lat' dir='ltr'>coronaria</span> <span class='ocrx_word' id='word_1_558' title='bbox 1747 1000 1865 1020; x_wconf 87' lang='lat' dir='ltr'>asaron.</span> <span class='ocrx_word' id='word_1_559' title='bbox 1884 1002 1898 1014; x_wconf 71' lang='grc' dir='ltr'><strong>η</strong></span> 
     </span>
    </p>
   </div>
   <div class='ocr_carea' id='block_1_81' title="bbox 1072 1035 1896 1077">
    <p class='ocr_par' dir='ltr' id='par_1_81' title="bbox 1072 1035 1896 1077">
     <span class='ocr_line' id='line_1_81' title="bbox 1072 1035 1896 1077; baseline -0.008 -8"><span class='ocrx_word' id='word_1_560' title='bbox 1072 1040 1294 1077; x_wconf 72' lang='lat' dir='ltr'>Nheophaastus</span> <span class='ocrx_word' id='word_1_561' title='bbox 1304 1040 1355 1068; x_wconf 94' lang='lat' dir='ltr'>lib.</span> <span class='ocrx_word' id='word_1_562' title='bbox 1368 1048 1418 1076; x_wconf 77' lang='lat' dir='ltr'>vn,</span> <span class='ocrx_word' id='word_1_563' title='bbox 1434 1048 1498 1076; x_wconf 87' lang='lat' dir='ltr'>cap.</span> <span class='ocrx_word' id='word_1_564' title='bbox 1513 1040 1559 1072; x_wconf 90' lang='lat'>27,</span> <span class='ocrx_word' id='word_1_565' title='bbox 1576 1039 1613 1066; x_wconf 79' lang='lat' dir='ltr'>De</span> <span class='ocrx_word' id='word_1_566' title='bbox 1625 1046 1700 1066; x_wconf 73' lang='lat' dir='ltr'>caus.</span> <span class='ocrx_word' id='word_1_567' title='bbox 1716 1036 1813 1072; x_wconf 75' lang='lat' dir='ltr'>plant.</span> <span class='ocrx_word' id='word_1_568' title='bbox 1827 1044 1835 1063; x_wconf 88' lang='lat'><strong>:</strong></span> <span class='ocrx_word' id='word_1_569' title='bbox 1850 1035 1896 1062; x_wconf 80' lang='grc' dir='ltr'>Ἐν</span> 
     </span>
    </p>
   </div>
   <div class='ocr_carea' id='block_1_82' title="bbox 1071 1080 1897 1123">
    <p class='ocr_par' dir='ltr' id='par_1_82' title="bbox 1071 1080 1897 1123">
     <span class='ocr_line' id='line_1_82' title="bbox 1071 1080 1897 1123; baseline -0.007 -11"><span class='ocrx_word' id='word_1_570' title='bbox 1071 1085 1203 1122; x_wconf 63' lang='grc' dir='ltr'>Αἰγύπτῳ</span> <span class='ocrx_word' id='word_1_571' title='bbox 1232 1084 1357 1123; x_wconf 78' lang='grc' dir='ltr'>χείριστα</span> <span class='ocrx_word' id='word_1_572' title='bbox 1383 1085 1418 1111; x_wconf 72' lang='grc' dir='ltr'>τὰ</span> <span class='ocrx_word' id='word_1_573' title='bbox 1446 1083 1512 1118; x_wconf 77' lang='grc' dir='ltr'>ἄνθη</span> <span class='ocrx_word' id='word_1_574' title='bbox 1542 1082 1588 1110; x_wconf 79' lang='grc' dir='ltr'>καὶ</span> <span class='ocrx_word' id='word_1_575' title='bbox 1615 1082 1650 1109; x_wconf 78' lang='grc' dir='ltr'>τὰ</span> <span class='ocrx_word' id='word_1_576' title='bbox 1678 1080 1897 1120; x_wconf 73' lang='grc' dir='ltr'>στεφανώματα’</span> 
     </span>
    </p>
   </div>
   <div class='ocr_carea' id='block_1_83' title="bbox 1073 1127 1898 1174">
    <p class='ocr_par' dir='ltr' id='par_1_83' title="bbox 1073 1127 1898 1174">
     <span class='ocr_line' id='line_1_83' title="bbox 1073 1127 1898 1174; baseline -0.007 -17"><span class='ocrx_word' id='word_1_577' title='bbox 1073 1142 1086 1156; x_wconf 84' lang='grc'><strong>‹‹</strong></span> <span class='ocrx_word' id='word_1_578' title='bbox 1106 1132 1137 1158; x_wconf 92' lang='lat' dir='ltr'>In</span> <span class='ocrx_word' id='word_1_579' title='bbox 1153 1131 1274 1167; x_wconf 66' lang='lat' dir='ltr'>Egypto</span> <span class='ocrx_word' id='word_1_580' title='bbox 1288 1130 1432 1166; x_wconf 88' lang='lat' dir='ltr'>pessimos</span> <span class='ocrx_word' id='word_1_581' title='bbox 1452 1128 1604 1165; x_wconf 87' lang='lat' dir='ltr'>provenire</span> <span class='ocrx_word' id='word_1_582' title='bbox 1619 1127 1705 1174; x_wconf 76' lang='lat' dir='ltr'>tiores</span> <span class='ocrx_word' id='word_1_583' title='bbox 1727 1128 1758 1154; x_wconf 85' lang='lat' dir='ltr'>et</span> <span class='ocrx_word' id='word_1_584' title='bbox 1772 1133 1898 1174; x_wconf 73' lang='lat' dir='ltr'>corona-</span> 
     </span>
    </p>
   </div>
   <div class='ocr_carea' id='block_1_84' title="bbox 1073 1170 1898 1211">
    <p class='ocr_par' dir='ltr' id='par_1_84' title="bbox 1073 1170 1898 1211">
     <span class='ocr_line' id='line_1_84' title="bbox 1073 1170 1898 1211; baseline -0.008 -8"><span class='ocrx_word' id='word_1_585' title='bbox 1073 1178 1182 1211; x_wconf 84' lang='lat' dir='ltr'>menta,</span> <span class='ocrx_word' id='word_1_586' title='bbox 1200 1186 1214 1200; x_wconf 83' lang='grc'>››</span> <span class='ocrx_word' id='word_1_587' title='bbox 1230 1175 1343 1208; x_wconf 86' lang='lat' dir='ltr'>scribit,</span> <span class='ocrx_word' id='word_1_588' title='bbox 1360 1174 1415 1202; x_wconf 90' lang='lat' dir='ltr'>hoc</span> <span class='ocrx_word' id='word_1_589' title='bbox 1430 1177 1483 1208; x_wconf 88' lang='lat' dir='ltr'>est,</span> <span class='ocrx_word' id='word_1_590' title='bbox 1502 1173 1571 1201; x_wconf 86' lang='lat' dir='ltr'>folia</span> <span class='ocrx_word' id='word_1_591' title='bbox 1585 1171 1629 1200; x_wconf 90' lang='lat' dir='ltr'>vel</span> <span class='ocrx_word' id='word_1_592' title='bbox 1643 1170 1751 1199; x_wconf 83' lang='lat' dir='ltr'>herbas</span> <span class='ocrx_word' id='word_1_593' title='bbox 1770 1178 1807 1197; x_wconf 78' lang='lat' dir='ltr'>ex</span> <span class='ocrx_word' id='word_1_594' title='bbox 1831 1170 1898 1204; x_wconf 86' lang='lat' dir='ltr'>qui-</span> 
     </span>
    </p>
   </div>
   <div class='ocr_carea' id='block_1_85' title="bbox 1073 1214 1898 1252">
    <p class='ocr_par' dir='ltr' id='par_1_85' title="bbox 1073 1214 1898 1252">
     <span class='ocr_line' id='line_1_85' title="bbox 1073 1214 1898 1252; baseline -0.01 -4"><span class='ocrx_word' id='word_1_595' title='bbox 1073 1220 1128 1248; x_wconf 89' lang='lat' dir='ltr'>bus</span> <span class='ocrx_word' id='word_1_596' title='bbox 1153 1228 1266 1248; x_wconf 73' lang='lat' dir='ltr'>coronea</span> <span class='ocrx_word' id='word_1_597' title='bbox 1289 1221 1496 1252; x_wconf 83' lang='lat' dir='ltr'>contexuntur,</span> <span class='ocrx_word' id='word_1_598' title='bbox 1521 1218 1597 1245; x_wconf 85' lang='lat' dir='ltr'>Plin.</span> <span class='ocrx_word' id='word_1_599' title='bbox 1622 1216 1674 1244; x_wconf 91' lang='lat' dir='ltr'>lib.</span> <span class='ocrx_word' id='word_1_600' title='bbox 1698 1223 1758 1248; x_wconf 70' lang='lat' dir='ltr'>xxx,</span> <span class='ocrx_word' id='word_1_601' title='bbox 1780 1222 1846 1249; x_wconf 89' lang='lat' dir='ltr'>cap.</span> <span class='ocrx_word' id='word_1_602' title='bbox 1862 1214 1898 1240; x_wconf 83' lang='lat' dir='ltr'>l:</span> 
     </span>
    </p>
   </div>
   <div class='ocr_carea' id='block_1_86' title="bbox 1072 1260 1898 1298">
    <p class='ocr_par' dir='ltr' id='par_1_86' title="bbox 1072 1260 1898 1298">
     <span class='ocr_line' id='line_1_86' title="bbox 1072 1260 1898 1298; baseline -0.01 -5"><span class='ocrx_word' id='word_1_603' title='bbox 1072 1277 1086 1291; x_wconf 78' lang='grc' dir='ltr'>ι(</span> <span class='ocrx_word' id='word_1_604' title='bbox 1104 1265 1135 1292; x_wconf 80' lang='lat' dir='ltr'>in</span> <span class='ocrx_word' id='word_1_605' title='bbox 1151 1265 1244 1292; x_wconf 90' lang='lat' dir='ltr'>hortis</span> <span class='ocrx_word' id='word_1_606' title='bbox 1255 1264 1311 1292; x_wconf 85' lang='lat' dir='ltr'>seri</span> <span class='ocrx_word' id='word_1_607' title='bbox 1323 1262 1628 1298; x_wconf 87' lang='lat' dir='ltr'>coronamentajussit</span> <span class='ocrx_word' id='word_1_608' title='bbox 1637 1262 1737 1289; x_wconf 83' lang='lat' dir='ltr'>Cato.»</span> <span class='ocrx_word' id='word_1_609' title='bbox 1744 1260 1898 1287; x_wconf 83' lang='lat' dir='ltr'>Postremo</span> 
     </span>
    </p>
   </div>
   <div class='ocr_carea' id='block_1_87' title="bbox 1071 1303 1897 1345">
    <p class='ocr_par' dir='ltr' id='par_1_87' title="bbox 1071 1303 1897 1345">
     <span class='ocr_line' id='line_1_87' title="bbox 1071 1303 1897 1345; baseline -0.01 -8"><span class='ocrx_word' id='word_1_610' title='bbox 1071 1310 1148 1345; x_wconf 88' lang='lat' dir='ltr'>quod</span> <span class='ocrx_word' id='word_1_611' title='bbox 1161 1309 1216 1336; x_wconf 88' lang='lat' dir='ltr'>sub</span> <span class='ocrx_word' id='word_1_612' title='bbox 1227 1309 1314 1336; x_wconf 90' lang='lat' dir='ltr'>ﬁnem</span> <span class='ocrx_word' id='word_1_613' title='bbox 1327 1308 1441 1344; x_wconf 74' lang='lat' dir='ltr'>paginae</span> <span class='ocrx_word' id='word_1_614' title='bbox 1458 1307 1583 1335; x_wconf 80' lang='lat' dir='ltr'>Basilius</span> <span class='ocrx_word' id='word_1_615' title='bbox 1595 1305 1677 1334; x_wconf 87' lang='lat' dir='ltr'>addit</span> <span class='ocrx_word' id='word_1_616' title='bbox 1686 1303 1820 1333; x_wconf 84' lang='lat' dir='ltr'>caruisse</span> <span class='ocrx_word' id='word_1_617' title='bbox 1836 1303 1897 1338; x_wconf 83' lang='lat' dir='ltr'>spi-</span> 
     </span>
    </p>
   </div>
   <div class='ocr_carea' id='block_1_88' title="bbox 1071 1348 1896 1390">
    <p class='ocr_par' dir='ltr' id='par_1_88' title="bbox 1071 1348 1896 1390">
     <span class='ocr_line' id='line_1_88' title="bbox 1071 1348 1896 1390; baseline -0.01 -7"><span class='ocrx_word' id='word_1_618' title='bbox 1071 1355 1117 1383; x_wconf 89' lang='lat' dir='ltr'>nis</span> <span class='ocrx_word' id='word_1_619' title='bbox 1133 1357 1201 1383; x_wconf 88' lang='lat' dir='ltr'>ante</span> <span class='ocrx_word' id='word_1_620' title='bbox 1215 1356 1367 1390; x_wconf 89' lang='lat' dir='ltr'>peccatum</span> <span class='ocrx_word' id='word_1_621' title='bbox 1378 1361 1487 1387; x_wconf 88' lang='lat' dir='ltr'>rosam,</span> <span class='ocrx_word' id='word_1_622' title='bbox 1498 1352 1604 1389; x_wconf 87' lang='lat' dir='ltr'>repetit</span> <span class='ocrx_word' id='word_1_623' title='bbox 1617 1351 1705 1380; x_wconf 87' lang='lat' dir='ltr'>etiam</span> <span class='ocrx_word' id='word_1_624' title='bbox 1721 1348 1896 1377; x_wconf 84' lang='lat' dir='ltr'>Ambrosius</span> 
     </span>
    </p>
   </div>
   <div class='ocr_carea' id='block_1_89' title="bbox 1072 1393 1895 1433">
    <p class='ocr_par' dir='ltr' id='par_1_89' title="bbox 1072 1393 1895 1433">
     <span class='ocr_line' id='line_1_89' title="bbox 1072 1393 1895 1433; baseline -0.007 -7"><span class='ocrx_word' id='word_1_625' title='bbox 1072 1399 1135 1428; x_wconf 90' lang='lat' dir='ltr'>loco</span> <span class='ocrx_word' id='word_1_626' title='bbox 1151 1399 1251 1433; x_wconf 87' lang='lat' dir='ltr'>citato,</span> <span class='ocrx_word' id='word_1_627' title='bbox 1269 1407 1320 1426; x_wconf 85' lang='lat' dir='ltr'>nec</span> <span class='ocrx_word' id='word_1_628' title='bbox 1345 1398 1483 1426; x_wconf 89' lang='lat' dir='ltr'>dissentit</span> <span class='ocrx_word' id='word_1_629' title='bbox 1510 1398 1547 1425; x_wconf 87' lang='lat' dir='ltr'>ab</span> <span class='ocrx_word' id='word_1_630' title='bbox 1571 1399 1696 1432; x_wconf 89' lang='lat' dir='ltr'>utroque</span> <span class='ocrx_word' id='word_1_631' title='bbox 1709 1393 1895 1430; x_wconf 84' lang='lat' dir='ltr'>Augustinus</span> 
     </span>
    </p>
   </div>
   <div class='ocr_carea' id='block_1_90' title="bbox 1071 1437 1898 1476">
    <p class='ocr_par' dir='ltr' id='par_1_90' title="bbox 1071 1437 1898 1476">
     <span class='ocr_line' id='line_1_90' title="bbox 1071 1437 1898 1476; baseline -0.01 -4"><span class='ocrx_word' id='word_1_632' title='bbox 1071 1444 1125 1472; x_wconf 91' lang='lat' dir='ltr'>lib.</span> <span class='ocrx_word' id='word_1_633' title='bbox 1147 1453 1152 1472; x_wconf 85' lang='grc' dir='ltr'>ι</span> <span class='ocrx_word' id='word_1_634' title='bbox 1171 1444 1208 1472; x_wconf 79' lang='lat' dir='ltr'>De</span> <span class='ocrx_word' id='word_1_635' title='bbox 1223 1443 1317 1472; x_wconf 65' lang='lat' dir='ltr'>Genesi</span> <span class='ocrx_word' id='word_1_636' title='bbox 1330 1445 1426 1471; x_wconf 82' lang='lat' dir='ltr'>contra</span> <span class='ocrx_word' id='word_1_637' title='bbox 1441 1442 1613 1475; x_wconf 60' lang='lat' dir='ltr'>Manichaee,</span> <span class='ocrx_word' id='word_1_638' title='bbox 1629 1449 1692 1476; x_wconf 86' lang='lat' dir='ltr'>cap.</span> <span class='ocrx_word' id='word_1_639' title='bbox 1709 1440 1754 1469; x_wconf 85' lang='grc'>13.</span> <span class='ocrx_word' id='word_1_640' title='bbox 1778 1437 1835 1466; x_wconf 89' lang='lat' dir='ltr'>Ubi</span> <span class='ocrx_word' id='word_1_641' title='bbox 1856 1437 1898 1465; x_wconf 86' lang='lat' dir='ltr'>ait</span> 
     </span>
    </p>
   </div>
   <div class='ocr_carea' id='block_1_91' title="bbox 1075 1483 1896 1523">
    <p class='ocr_par' dir='ltr' id='par_1_91' title="bbox 1075 1483 1896 1523">
     <span class='ocr_line' id='line_1_91' title="bbox 1075 1483 1896 1523; baseline -0.009 -6"><span class='ocrx_word' id='word_1_642' title='bbox 1075 1499 1086 1513; x_wconf 78' lang='grc' dir='ltr'>ι</span> <span class='ocrx_word' id='word_1_643' title='bbox 1102 1489 1208 1516; x_wconf 86' lang='lat' dir='ltr'>herbas</span> <span class='ocrx_word' id='word_1_644' title='bbox 1222 1496 1384 1516; x_wconf 87' lang='lat' dir='ltr'>venenosas</span> <span class='ocrx_word' id='word_1_645' title='bbox 1409 1488 1445 1516; x_wconf 89' lang='lat' dir='ltr'>ad</span> <span class='ocrx_word' id='word_1_646' title='bbox 1469 1495 1582 1523; x_wconf 78' lang='lat' dir='ltr'>pcenam</span> <span class='ocrx_word' id='word_1_647' title='bbox 1598 1485 1643 1514; x_wconf 89' lang='lat' dir='ltr'>vel</span> <span class='ocrx_word' id='word_1_648' title='bbox 1656 1486 1692 1514; x_wconf 88' lang='lat' dir='ltr'>ad</span> <span class='ocrx_word' id='word_1_649' title='bbox 1709 1483 1896 1513; x_wconf 81' lang='lat' dir='ltr'>exercitatio-</span> 
     </span>
    </p>
   </div>
   <div class='ocr_carea' id='block_1_92' title="bbox 1072 1530 1899 1566">
    <p class='ocr_par' dir='ltr' id='par_1_92' title="bbox 1072 1530 1899 1566">
     <span class='ocr_line' id='line_1_92' title="bbox 1072 1530 1899 1566; baseline -0.007 -5"><span class='ocrx_word' id='word_1_650' title='bbox 1072 1541 1139 1561; x_wconf 91' lang='lat' dir='ltr'>nem</span> <span class='ocrx_word' id='word_1_651' title='bbox 1155 1532 1322 1560; x_wconf 86' lang='lat' dir='ltr'>mortalium</span> <span class='ocrx_word' id='word_1_652' title='bbox 1333 1534 1446 1560; x_wconf 87' lang='lat' dir='ltr'>creatas</span> <span class='ocrx_word' id='word_1_653' title='bbox 1461 1540 1535 1566; x_wconf 85' lang='lat' dir='ltr'>esse,</span> <span class='ocrx_word' id='word_1_654' title='bbox 1552 1533 1580 1560; x_wconf 91' lang='lat' dir='ltr'>et</span> <span class='ocrx_word' id='word_1_655' title='bbox 1594 1531 1649 1559; x_wconf 84' lang='lat' dir='ltr'>hoc</span> <span class='ocrx_word' id='word_1_656' title='bbox 1663 1532 1759 1558; x_wconf 89' lang='lat' dir='ltr'>totum</span> <span class='ocrx_word' id='word_1_657' title='bbox 1775 1530 1899 1564; x_wconf 88' lang='lat' dir='ltr'>propter</span> 
     </span>
    </p>
   </div>
   <div class='ocr_carea' id='block_1_93' title="bbox 1073 1573 1897 1614">
    <p class='ocr_par' dir='ltr' id='par_1_93' title="bbox 1073 1573 1897 1614">
     <span class='ocr_line' id='line_1_93' title="bbox 1073 1573 1897 1614; baseline -0.007 -9"><span class='ocrx_word' id='word_1_658' title='bbox 1073 1579 1244 1614; x_wconf 88' lang='lat' dir='ltr'>peccatum:</span> <span class='ocrx_word' id='word_1_659' title='bbox 1262 1588 1276 1602; x_wconf 85' lang='lat'>»</span> <span class='ocrx_word' id='word_1_660' title='bbox 1292 1577 1343 1605; x_wconf 87' lang='lat' dir='ltr'>sed</span> <span class='ocrx_word' id='word_1_661' title='bbox 1360 1579 1392 1604; x_wconf 93' lang='lat' dir='ltr'>ut</span> <span class='ocrx_word' id='word_1_662' title='bbox 1406 1577 1546 1604; x_wconf 88' lang='lat' dir='ltr'>admonet</span> <span class='ocrx_word' id='word_1_663' title='bbox 1567 1575 1678 1611; x_wconf 88' lang='lat' dir='ltr'>optime</span> <span class='ocrx_word' id='word_1_664' title='bbox 1702 1573 1897 1602; x_wconf 86' lang='lat' dir='ltr'>doctissimus</span> 
     </span>
    </p>
   </div>
   <div class='ocr_carea' id='block_1_94' title="bbox 1071 1619 1899 1653">
    <p class='ocr_par' dir='ltr' id='par_1_94' title="bbox 1071 1619 1899 1653">
     <span class='ocr_line' id='line_1_94' title="bbox 1071 1619 1899 1653; baseline -0.007 -3"><span class='ocrx_word' id='word_1_665' title='bbox 1071 1622 1205 1650; x_wconf 87' lang='lat' dir='ltr'>Pererius</span> <span class='ocrx_word' id='word_1_666' title='bbox 1216 1624 1315 1650; x_wconf 85' lang='lat' dir='ltr'>noster</span> <span class='ocrx_word' id='word_1_667' title='bbox 1326 1622 1356 1649; x_wconf 92' lang='lat' dir='ltr'>in</span> <span class='ocrx_word' id='word_1_668' title='bbox 1371 1620 1596 1649; x_wconf 87' lang='lat' dir='ltr'>Commentariis</span> <span class='ocrx_word' id='word_1_669' title='bbox 1604 1621 1634 1648; x_wconf 83' lang='lat' dir='ltr'>in</span> <span class='ocrx_word' id='word_1_670' title='bbox 1645 1619 1782 1653; x_wconf 68' lang='lat' dir='ltr'>Genesim,</span> <span class='ocrx_word' id='word_1_671' title='bbox 1794 1620 1899 1653; x_wconf 82' lang='lat' dir='ltr'>postea</span> 
     </span>
    </p>
   </div>
   <div class='ocr_carea' id='block_1_95' title="bbox 1073 1661 1900 1694">
    <p class='ocr_par' dir='ltr' id='par_1_95' title="bbox 1073 1661 1900 1694">
     <span class='ocr_line' id='line_1_95' title="bbox 1073 1661 1900 1694; baseline -0.007 0"><span class='ocrx_word' id='word_1_672' title='bbox 1073 1667 1217 1694; x_wconf 87' lang='lat' dir='ltr'>maturius</span> <span class='ocrx_word' id='word_1_673' title='bbox 1228 1670 1256 1694; x_wconf 88' lang='lat' dir='ltr'>et</span> <span class='ocrx_word' id='word_1_674' title='bbox 1266 1665 1432 1694; x_wconf 87' lang='lat' dir='ltr'>accuratius</span> <span class='ocrx_word' id='word_1_675' title='bbox 1442 1674 1503 1693; x_wconf 87' lang='lat' dir='ltr'>rem</span> <span class='ocrx_word' id='word_1_676' title='bbox 1517 1667 1667 1693; x_wconf 87' lang='lat' dir='ltr'>scrutatus</span> <span class='ocrx_word' id='word_1_677' title='bbox 1685 1661 1855 1691; x_wconf 83' lang='lat' dir='ltr'>retractavit</span> <span class='ocrx_word' id='word_1_678' title='bbox 1868 1663 1900 1688; x_wconf 83' lang='lat' dir='ltr'>et</span> 
     </span>
    </p>
   </div>
   <div class='ocr_carea' id='block_1_96' title="bbox 1071 1707 1899 1743">
    <p class='ocr_par' dir='ltr' id='par_1_96' title="bbox 1071 1707 1899 1743">
     <span class='ocr_line' id='line_1_96' title="bbox 1071 1707 1899 1743; baseline -0.007 -5"><span class='ocrx_word' id='word_1_679' title='bbox 1071 1710 1238 1738; x_wconf 88' lang='lat' dir='ltr'>emendavit</span> <span class='ocrx_word' id='word_1_680' title='bbox 1251 1710 1300 1738; x_wconf 90' lang='lat' dir='ltr'>lib.</span> <span class='ocrx_word' id='word_1_681' title='bbox 1318 1719 1350 1738; x_wconf 79' lang='grc' dir='ltr'>ιιι</span> <span class='ocrx_word' id='word_1_682' title='bbox 1367 1711 1402 1738; x_wconf 74' lang='lat' dir='ltr'>De</span> <span class='ocrx_word' id='word_1_683' title='bbox 1416 1711 1515 1738; x_wconf 80' lang='lat' dir='ltr'>Genesi</span> <span class='ocrx_word' id='word_1_684' title='bbox 1527 1709 1564 1737; x_wconf 71' lang='lat' dir='ltr'>a1</span> <span class='ocrx_word' id='word_1_685' title='bbox 1576 1710 1708 1742; x_wconf 78' lang='lat' dir='ltr'>litteram,</span> <span class='ocrx_word' id='word_1_686' title='bbox 1724 1715 1788 1743; x_wconf 88' lang='lat' dir='ltr'>cap.</span> <span class='ocrx_word' id='word_1_687' title='bbox 1808 1707 1851 1739; x_wconf 86' lang='grc'>18,</span> <span class='ocrx_word' id='word_1_688' title='bbox 1867 1707 1899 1733; x_wconf 85' lang='lat' dir='ltr'>et</span> 
     </span>
    </p>
   </div>
   <div class='ocr_carea' id='block_1_97' title="bbox 1071 1752 1897 1790">
    <p class='ocr_par' dir='ltr' id='par_1_97' title="bbox 1071 1752 1897 1790">
     <span class='ocr_line' id='line_1_97' title="bbox 1071 1752 1897 1790; baseline -0.007 -6"><span class='ocrx_word' id='word_1_689' title='bbox 1071 1756 1248 1784; x_wconf 86' lang='lat' dir='ltr'>contrariam</span> <span class='ocrx_word' id='word_1_690' title='bbox 1273 1756 1449 1784; x_wconf 79' lang='lat' dir='ltr'>sententiam</span> <span class='ocrx_word' id='word_1_691' title='bbox 1474 1758 1518 1784; x_wconf 89' lang='lat' dir='ltr'>est</span> <span class='ocrx_word' id='word_1_692' title='bbox 1541 1754 1702 1790; x_wconf 85' lang='lat' dir='ltr'>amplexus.</span> <span class='ocrx_word' id='word_1_693' title='bbox 1729 1752 1814 1780; x_wconf 90' lang='lat' dir='ltr'>Certe</span> <span class='ocrx_word' id='word_1_694' title='bbox 1827 1759 1897 1779; x_wconf 87' lang='lat' dir='ltr'>cum</span> 
     </span>
    </p>
   </div>
   <div class='ocr_carea' id='block_1_98' title="bbox 1071 1797 1897 1835">
    <p class='ocr_par' dir='ltr' id='par_1_98' title="bbox 1071 1797 1897 1835">
     <span class='ocr_line' id='line_1_98' title="bbox 1071 1797 1897 1835; baseline -0.007 -7"><span class='ocrx_word' id='word_1_695' title='bbox 1071 1808 1232 1828; x_wconf 82' lang='lat' dir='ltr'>venenosae</span> <span class='ocrx_word' id='word_1_696' title='bbox 1247 1802 1275 1827; x_wconf 90' lang='lat' dir='ltr'>et</span> <span class='ocrx_word' id='word_1_697' title='bbox 1287 1800 1420 1828; x_wconf 88' lang='lat' dir='ltr'>exitiales</span> <span class='ocrx_word' id='word_1_698' title='bbox 1436 1800 1540 1828; x_wconf 87' lang='lat' dir='ltr'>herbas</span> <span class='ocrx_word' id='word_1_699' title='bbox 1556 1801 1623 1827; x_wconf 85' lang='lat' dir='ltr'>ante</span> <span class='ocrx_word' id='word_1_700' title='bbox 1639 1799 1794 1835; x_wconf 86' lang='lat' dir='ltr'>peccatum</span> <span class='ocrx_word' id='word_1_701' title='bbox 1811 1797 1897 1823; x_wconf 79' lang='lat' dir='ltr'>natas</span> 
     </span>
    </p>
   </div>
   <div class='ocr_carea' id='block_1_99' title="bbox 1071 1841 1897 1881">
    <p class='ocr_par' dir='ltr' id='par_1_99' title="bbox 1071 1841 1897 1881">
     <span class='ocr_line' id='line_1_99' title="bbox 1071 1841 1897 1881; baseline -0.006 -9"><span class='ocrx_word' id='word_1_702' title='bbox 1071 1847 1184 1872; x_wconf 87' lang='lat' dir='ltr'>asserat</span> <span class='ocrx_word' id='word_1_703' title='bbox 1199 1844 1325 1872; x_wconf 89' lang='lat' dir='ltr'>Basilius</span> <span class='ocrx_word' id='word_1_704' title='bbox 1340 1852 1405 1881; x_wconf 80' lang='lat' dir='ltr'>pag.</span> <span class='ocrx_word' id='word_1_705' title='bbox 1430 1845 1475 1878; x_wconf 90' lang='lat'>58,</span> <span class='ocrx_word' id='word_1_706' title='bbox 1500 1844 1608 1872; x_wconf 61' lang='lat' dir='ltr'>eadem</span> <span class='ocrx_word' id='word_1_707' title='bbox 1638 1843 1767 1870; x_wconf 88' lang='lat' dir='ltr'>rationes</span> <span class='ocrx_word' id='word_1_708' title='bbox 1792 1841 1897 1868; x_wconf 87' lang='lat' dir='ltr'>docere</span> 
     </span>
    </p>
   </div>
   <div class='ocr_carea' id='block_1_100' title="bbox 1070 1888 1897 1926">
    <p class='ocr_par' dir='ltr' id='par_1_100' title="bbox 1070 1888 1897 1926">
     <span class='ocr_line' id='line_1_100' title="bbox 1070 1888 1897 1926; baseline -0.006 -8"><span class='ocrx_word' id='word_1_709' title='bbox 1070 1891 1206 1926; x_wconf 87' lang='lat' dir='ltr'>possunt,</span> <span class='ocrx_word' id='word_1_710' title='bbox 1223 1899 1276 1918; x_wconf 91' lang='lat' dir='ltr'>cur</span> <span class='ocrx_word' id='word_1_711' title='bbox 1288 1890 1377 1918; x_wconf 86' lang='lat' dir='ltr'>etiam</span> <span class='ocrx_word' id='word_1_712' title='bbox 1394 1893 1461 1918; x_wconf 88' lang='lat' dir='ltr'>ante</span> <span class='ocrx_word' id='word_1_713' title='bbox 1477 1892 1629 1926; x_wconf 80' lang='lat' dir='ltr'>peccatum</span> <span class='ocrx_word' id='word_1_714' title='bbox 1645 1888 1746 1925; x_wconf 82' lang='lat' dir='ltr'>spinas</span> <span class='ocrx_word' id='word_1_715' title='bbox 1761 1894 1831 1914; x_wconf 86' lang='lat' dir='ltr'>cum</span> <span class='ocrx_word' id='word_1_716' title='bbox 1847 1893 1897 1913; x_wconf 90' lang='lat' dir='ltr'>ro-</span> 
     </span>
    </p>
   </div>
   <div class='ocr_carea' id='block_1_101' title="bbox 1070 1935 1577 1964">
    <p class='ocr_par' dir='ltr' id='par_1_101' title="bbox 1070 1935 1577 1964">
     <span class='ocr_line' id='line_1_101' title="bbox 1070 1935 1577 1964; baseline -0.002 0"><span class='ocrx_word' id='word_1_717' title='bbox 1070 1936 1111 1964; x_wconf 89' lang='lat' dir='ltr'>sis</span> <span class='ocrx_word' id='word_1_718' title='bbox 1127 1936 1211 1964; x_wconf 88' lang='lat' dir='ltr'>edere</span> <span class='ocrx_word' id='word_1_719' title='bbox 1226 1938 1335 1964; x_wconf 88' lang='lat' dir='ltr'>terram</span> <span class='ocrx_word' id='word_1_720' title='bbox 1351 1939 1429 1964; x_wconf 78' lang='lat' dir='ltr'>Dens</span> <span class='ocrx_word' id='word_1_721' title='bbox 1443 1935 1577 1964; x_wconf 85' lang='lat' dir='ltr'>voluerit.</span> 
     </span>
    </p>
   </div>
   <div class='ocr_carea' id='block_1_102' title="bbox 1106 1985 1896 2028">
    <p class='ocr_par' dir='ltr' id='par_1_102' title="bbox 1106 1985 1896 2028">
     <span class='ocr_line' id='line_1_102' title="bbox 1106 1985 1896 2028; baseline -0.006 -10"><span class='ocrx_word' id='word_1_722' title='bbox 1106 1990 1165 2018; x_wconf 89' lang='lat' dir='ltr'>Col.</span> <span class='ocrx_word' id='word_1_723' title='bbox 1193 1991 1244 2018; x_wconf 89' lang='grc'>108</span> <span class='ocrx_word' id='word_1_724' title='bbox 1264 1992 1293 2018; x_wconf 89' lang='lat' dir='ltr'>C.</span> <span class='ocrx_word' id='word_1_725' title='bbox 1315 1991 1343 2017; x_wconf 88' lang='lat'>6.</span> <span class='ocrx_word' id='word_1_726' title='bbox 1368 1987 1546 2028; x_wconf 77' lang='grc' dir='ltr'>Παρεμὸαλεῖ</span> <span class='ocrx_word' id='word_1_727' title='bbox 1567 1988 1626 2026; x_wconf 89' lang='grc' dir='ltr'>γάρ.</span> <span class='ocrx_word' id='word_1_728' title='bbox 1654 1989 1803 2023; x_wconf 85' lang='lat' dir='ltr'>Interpres</span> <span class='ocrx_word' id='word_1_729' title='bbox 1823 1985 1896 2014; x_wconf 87' lang='lat' dir='ltr'>scri-</span> 
     </span>
    </p>
   </div>
   <div class='ocr_carea' id='block_1_103' title="bbox 1069 2032 1897 2070">
    <p class='ocr_par' dir='ltr' id='par_1_103' title="bbox 1069 2032 1897 2070">
     <span class='ocr_line' id='line_1_103' title="bbox 1069 2032 1897 2070; baseline -0.006 -7"><span class='ocrx_word' id='word_1_730' title='bbox 1069 2037 1169 2070; x_wconf 86' lang='lat' dir='ltr'>pserat</span> <span class='ocrx_word' id='word_1_731' title='bbox 1180 2044 1187 2064; x_wconf 85' lang='lat'>:</span> <span class='ocrx_word' id='word_1_732' title='bbox 1199 2047 1212 2060; x_wconf 86' lang='lat'><strong>«</strong></span> <span class='ocrx_word' id='word_1_733' title='bbox 1231 2036 1371 2063; x_wconf 86' lang='lat' dir='ltr'>Immittet</span> <span class='ocrx_word' id='word_1_734' title='bbox 1385 2035 1463 2063; x_wconf 91' lang='lat' dir='ltr'>enim</span> <span class='ocrx_word' id='word_1_735' title='bbox 1479 2036 1574 2070; x_wconf 85' lang='lat' dir='ltr'>se,aut</span> <span class='ocrx_word' id='word_1_736' title='bbox 1588 2033 1719 2062; x_wconf 91' lang='lat' dir='ltr'>medium</span> <span class='ocrx_word' id='word_1_737' title='bbox 1736 2032 1897 2060; x_wconf 87' lang='lat' dir='ltr'>constituet</span> 
     </span>
    </p>
   </div>
   <div class='ocr_carea' id='block_1_104' title="bbox 1069 2077 1895 2115">
    <p class='ocr_par' dir='ltr' id='par_1_104' title="bbox 1069 2077 1895 2115">
     <span class='ocr_line' id='line_1_104' title="bbox 1069 2077 1895 2115; baseline -0.004 -9"><span class='ocrx_word' id='word_1_738' title='bbox 1069 2079 1191 2115; x_wconf 86' lang='lat' dir='ltr'>angelus</span> <span class='ocrx_word' id='word_1_739' title='bbox 1200 2079 1340 2107; x_wconf 77' lang='lat' dir='ltr'>Domini.-</span> <span class='ocrx_word' id='word_1_740' title='bbox 1350 2080 1383 2107; x_wconf 89' lang='lat' dir='ltr'>Et</span> <span class='ocrx_word' id='word_1_741' title='bbox 1391 2082 1477 2108; x_wconf 90' lang='lat' dir='ltr'>sonat</span> <span class='ocrx_word' id='word_1_742' title='bbox 1487 2079 1540 2107; x_wconf 88' lang='lat' dir='ltr'>hoc</span> <span class='ocrx_word' id='word_1_743' title='bbox 1549 2078 1667 2114; x_wconf 89' lang='lat' dir='ltr'>quidem</span> <span class='ocrx_word' id='word_1_744' title='bbox 1679 2077 1779 2106; x_wconf 62' lang='lat' dir='ltr'>Graece</span> <span class='ocrx_word' id='word_1_745' title='bbox 1788 2084 1895 2111; x_wconf 84' lang='grc' dir='ltr'>παρεμ-</span> 
     </span>
    </p>
   </div>
   <div class='ocr_carea' id='block_1_105' title="bbox 1070 2119 1895 2155">
    <p class='ocr_par' dir='ltr' id='par_1_105' title="bbox 1070 2119 1895 2155">
     <span class='ocr_line' id='line_1_105' title="bbox 1070 2119 1895 2155; baseline -0.005 -5"><span class='ocrx_word' id='word_1_746' title='bbox 1070 2120 1182 2150; x_wconf 76' lang='grc' dir='ltr'>ϐάλλειν</span> <span class='ocrx_word' id='word_1_747' title='bbox 1201 2132 1267 2152; x_wconf 90' lang='lat' dir='ltr'>cum</span> <span class='ocrx_word' id='word_1_748' title='bbox 1283 2124 1404 2152; x_wconf 82' lang='lat' dir='ltr'>alterius</span> <span class='ocrx_word' id='word_1_749' title='bbox 1421 2124 1461 2152; x_wconf 90' lang='lat' dir='ltr'>rei</span> <span class='ocrx_word' id='word_1_750' title='bbox 1477 2132 1563 2151; x_wconf 89' lang='lat' dir='ltr'>casus</span> <span class='ocrx_word' id='word_1_751' title='bbox 1578 2123 1707 2155; x_wconf 85' lang='lat' dir='ltr'>additur,</span> <span class='ocrx_word' id='word_1_752' title='bbox 1723 2120 1831 2154; x_wconf 66' lang='lat' dir='ltr'>tau-rev,</span> <span class='ocrx_word' id='word_1_753' title='bbox 1845 2119 1895 2146; x_wconf 81' lang='grc' dir='ltr'>ὑπ-</span> 
     </span>
    </p>
   </div>
   <div class='ocr_carea' id='block_1_106' title="bbox 1069 2164 1893 2204">
    <p class='ocr_par' dir='ltr' id='par_1_106' title="bbox 1069 2164 1893 2204">
     <span class='ocr_line' id='line_1_106' title="bbox 1069 2164 1893 2204; baseline -0.002 -10"><span class='ocrx_word' id='word_1_754' title='bbox 1069 2167 1176 2204; x_wconf 82' lang='grc' dir='ltr'>οψίας,ι‹</span> <span class='ocrx_word' id='word_1_755' title='bbox 1188 2169 1316 2197; x_wconf 85' lang='lat' dir='ltr'>inserere</span> <span class='ocrx_word' id='word_1_756' title='bbox 1327 2177 1384 2204; x_wconf 65' lang='lat' dir='ltr'>se,»</span> <span class='ocrx_word' id='word_1_757' title='bbox 1396 2168 1439 2196; x_wconf 90' lang='lat' dir='ltr'>vel</span> <span class='ocrx_word' id='word_1_758' title='bbox 1450 2180 1463 2194; x_wconf 78' lang='grc' dir='ltr'>α</span> <span class='ocrx_word' id='word_1_759' title='bbox 1474 2168 1671 2204; x_wconf 86' lang='lat' dir='ltr'>suspicionem</span> <span class='ocrx_word' id='word_1_760' title='bbox 1682 2166 1833 2202; x_wconf 79' lang='lat' dir='ltr'>injicere,»</span> <span class='ocrx_word' id='word_1_761' title='bbox 1844 2164 1893 2192; x_wconf 88' lang='lat' dir='ltr'>sed</span> 
     </span>
    </p>
   </div>
   <div class='ocr_carea' id='block_1_107' title="bbox 1069 2209 1894 2247">
    <p class='ocr_par' dir='ltr' id='par_1_107' title="bbox 1069 2209 1894 2247">
     <span class='ocr_line' id='line_1_107' title="bbox 1069 2209 1894 2247; baseline -0.005 -7"><span class='ocrx_word' id='word_1_762' title='bbox 1069 2215 1097 2240; x_wconf 89' lang='lat' dir='ltr'>et</span> <span class='ocrx_word' id='word_1_763' title='bbox 1108 2224 1118 2237; x_wconf 77' lang='grc' dir='ltr'>ι</span> <span class='ocrx_word' id='word_1_764' title='bbox 1132 2215 1228 2241; x_wconf 87' lang='lat' dir='ltr'>castra</span> <span class='ocrx_word' id='word_1_765' title='bbox 1243 2213 1348 2247; x_wconf 88' lang='lat' dir='ltr'>locare,</span> <span class='ocrx_word' id='word_1_766' title='bbox 1360 2223 1373 2238; x_wconf 77' lang='grc' dir='ltr'>ι</span> <span class='ocrx_word' id='word_1_767' title='bbox 1387 2213 1513 2241; x_wconf 90' lang='lat' dir='ltr'>tentoria</span> <span class='ocrx_word' id='word_1_768' title='bbox 1523 2212 1665 2240; x_wconf 80' lang='lat' dir='ltr'>collocare</span> <span class='ocrx_word' id='word_1_769' title='bbox 1675 2211 1833 2239; x_wconf 89' lang='lat' dir='ltr'>ordinibus</span> <span class='ocrx_word' id='word_1_770' title='bbox 1849 2209 1894 2236; x_wconf 90' lang='lat' dir='ltr'>di-</span> 
     </span>
    </p>
   </div>
   <div class='ocr_carea' id='block_1_108' title="bbox 1069 2253 1896 2293">
    <p class='ocr_par' dir='ltr' id='par_1_108' title="bbox 1069 2253 1896 2293">
     <span class='ocr_line' id='line_1_108' title="bbox 1069 2253 1896 2293; baseline -0.006 -9"><span class='ocrx_word' id='word_1_771' title='bbox 1069 2257 1270 2291; x_wconf 87' lang='lat' dir='ltr'>stincta,nullo</span> <span class='ocrx_word' id='word_1_772' title='bbox 1277 2256 1438 2293; x_wconf 66' lang='lat' dir='ltr'>praesertim</span> <span class='ocrx_word' id='word_1_773' title='bbox 1445 2256 1565 2284; x_wconf 88' lang='lat' dir='ltr'>alterius</span> <span class='ocrx_word' id='word_1_774' title='bbox 1573 2256 1653 2284; x_wconf 85' lang='lat' dir='ltr'>vocis</span> <span class='ocrx_word' id='word_1_775' title='bbox 1663 2263 1733 2283; x_wconf 90' lang='lat' dir='ltr'>casu</span> <span class='ocrx_word' id='word_1_776' title='bbox 1745 2253 1896 2286; x_wconf 89' lang='lat' dir='ltr'>addito,ut</span> 
     </span>
    </p>
   </div>
   <div class='ocr_carea' id='block_1_109' title="bbox 1069 2299 1894 2335">
    <p class='ocr_par' dir='ltr' id='par_1_109' title="bbox 1069 2299 1894 2335">
     <span class='ocr_line' id='line_1_109' title="bbox 1069 2299 1894 2335; baseline -0.005 -6"><span class='ocrx_word' id='word_1_777' title='bbox 1069 2301 1098 2328; x_wconf 89' lang='lat' dir='ltr'>in</span> <span class='ocrx_word' id='word_1_778' title='bbox 1111 2301 1165 2329; x_wconf 91' lang='lat' dir='ltr'>hoc</span> <span class='ocrx_word' id='word_1_779' title='bbox 1175 2301 1237 2329; x_wconf 90' lang='lat' dir='ltr'>loco</span> <span class='ocrx_word' id='word_1_780' title='bbox 1250 2302 1365 2329; x_wconf 86' lang='lat' dir='ltr'>Davidis</span> <span class='ocrx_word' id='word_1_781' title='bbox 1376 2301 1502 2329; x_wconf 65' lang='lat' dir='ltr'>Budaeus</span> <span class='ocrx_word' id='word_1_782' title='bbox 1514 2301 1544 2328; x_wconf 89' lang='lat' dir='ltr'>in</span> <span class='ocrx_word' id='word_1_783' title='bbox 1556 2299 1772 2329; x_wconf 79' lang='lat' dir='ltr'>Commentariis</span> <span class='ocrx_word' id='word_1_784' title='bbox 1783 2299 1894 2335; x_wconf 74' lang='lat' dir='ltr'>linguae</span> 
     </span>
    </p>
   </div>
   <div class='ocr_carea' id='block_1_110' title="bbox 1068 2341 1893 2382">
    <p class='ocr_par' dir='ltr' id='par_1_110' title="bbox 1068 2341 1893 2382">
     <span class='ocr_line' id='line_1_110' title="bbox 1068 2341 1893 2382; baseline -0.006 -9"><span class='ocrx_word' id='word_1_785' title='bbox 1068 2345 1165 2373; x_wconf 75' lang='lat' dir='ltr'>Gra&#39;cas</span> <span class='ocrx_word' id='word_1_786' title='bbox 1180 2345 1288 2382; x_wconf 86' lang='lat' dir='ltr'>profert</span> <span class='ocrx_word' id='word_1_787' title='bbox 1298 2354 1332 2373; x_wconf 84' lang='lat' dir='ltr'>ex</span> <span class='ocrx_word' id='word_1_788' title='bbox 1340 2345 1468 2382; x_wconf 89' lang='lat' dir='ltr'>Polybio,</span> <span class='ocrx_word' id='word_1_789' title='bbox 1478 2345 1529 2373; x_wconf 92' lang='lat' dir='ltr'>lib.</span> <span class='ocrx_word' id='word_1_790' title='bbox 1542 2353 1584 2373; x_wconf 85' lang='lat' dir='ltr'>In.</span> <span class='ocrx_word' id='word_1_791' title='bbox 1595 2345 1648 2378; x_wconf 82' lang='grc' dir='ltr'>Τὴν</span> <span class='ocrx_word' id='word_1_792' title='bbox 1663 2342 1692 2370; x_wconf 76' lang='grc' dir='ltr'>δὲ</span> <span class='ocrx_word' id='word_1_793' title='bbox 1706 2341 1824 2378; x_wconf 78' lang='grc' dir='ltr'>δύναμιν</span> <span class='ocrx_word' id='word_1_794' title='bbox 1840 2341 1893 2378; x_wconf 79' lang='grc' dir='ltr'>πρὸ</span> 
     </span>
    </p>
   </div>
   <div class='ocr_carea' id='block_1_111' title="bbox 1065 2386 1892 2427">
    <p class='ocr_par' dir='ltr' id='par_1_111' title="bbox 1065 2386 1892 2427">
     <span class='ocr_line' id='line_1_111' title="bbox 1065 2386 1892 2427; baseline -0.005 -11"><span class='ocrx_word' id='word_1_795' title='bbox 1065 2392 1117 2423; x_wconf 85' lang='grc' dir='ltr'>τῆς</span> <span class='ocrx_word' id='word_1_796' title='bbox 1144 2389 1253 2420; x_wconf 82' lang='grc' dir='ltr'>πόλεως</span> <span class='ocrx_word' id='word_1_797' title='bbox 1286 2387 1471 2427; x_wconf 80' lang='grc' dir='ltr'>παρεμϐαλὼν</span> <span class='ocrx_word' id='word_1_798' title='bbox 1488 2411 1495 2425; x_wconf 88' lang='grc'>,</span> <span class='ocrx_word' id='word_1_799' title='bbox 1526 2388 1694 2427; x_wconf 85' lang='grc' dir='ltr'>ὠχυρώσατο</span> <span class='ocrx_word' id='word_1_800' title='bbox 1722 2386 1821 2424; x_wconf 74' lang='grc' dir='ltr'>τάφρῳ</span> <span class='ocrx_word' id='word_1_801' title='bbox 1848 2386 1892 2413; x_wconf 79' lang='grc' dir='ltr'>καὶ</span> 
     </span>
    </p>
   </div>
   <div class='ocr_carea' id='block_1_112' title="bbox 1067 2433 1894 2471">
    <p class='ocr_par' dir='ltr' id='par_1_112' title="bbox 1067 2433 1894 2471">
     <span class='ocr_line' id='line_1_112' title="bbox 1067 2433 1894 2471; baseline -0.002 -11"><span class='ocrx_word' id='word_1_802' title='bbox 1067 2433 1166 2471; x_wconf 81' lang='grc' dir='ltr'>χάρακι</span> <span class='ocrx_word' id='word_1_803' title='bbox 1181 2434 1231 2468; x_wconf 81' lang='grc' dir='ltr'>τήν</span> <span class='ocrx_word' id='word_1_804' title='bbox 1242 2433 1457 2471; x_wconf 81' lang='grc' dir='ltr'>στρατοπεδείαν·</span> <span class='ocrx_word' id='word_1_805' title='bbox 1474 2445 1489 2460; x_wconf 84' lang='grc'>‹‹</span> <span class='ocrx_word' id='word_1_806' title='bbox 1504 2436 1575 2462; x_wconf 87' lang='lat' dir='ltr'>Cum</span> <span class='ocrx_word' id='word_1_807' title='bbox 1592 2436 1660 2461; x_wconf 82' lang='lat' dir='ltr'>ante</span> <span class='ocrx_word' id='word_1_808' title='bbox 1674 2433 1779 2461; x_wconf 80' lang='lat' dir='ltr'>urbem</span> <span class='ocrx_word' id='word_1_809' title='bbox 1794 2434 1894 2460; x_wconf 84' lang='lat' dir='ltr'>castra</span> 
     </span>
    </p>
   </div>
   <div class='ocr_carea' id='block_1_113' title="bbox 1067 2476 1891 2514">
    <p class='ocr_par' dir='ltr' id='par_1_113' title="bbox 1067 2476 1891 2514">
     <span class='ocr_line' id='line_1_113' title="bbox 1067 2476 1891 2514; baseline -0.004 -8"><span class='ocrx_word' id='word_1_810' title='bbox 1067 2481 1195 2507; x_wconf 87' lang='lat' dir='ltr'>metatus</span> <span class='ocrx_word' id='word_1_811' title='bbox 1210 2480 1381 2514; x_wconf 87' lang='lat' dir='ltr'>esset,fossa</span> <span class='ocrx_word' id='word_1_812' title='bbox 1394 2482 1422 2508; x_wconf 86' lang='lat' dir='ltr'>et</span> <span class='ocrx_word' id='word_1_813' title='bbox 1432 2479 1507 2508; x_wconf 87' lang='lat' dir='ltr'>vallo</span> <span class='ocrx_word' id='word_1_814' title='bbox 1518 2479 1678 2507; x_wconf 86' lang='lat' dir='ltr'>exercitum</span> <span class='ocrx_word' id='word_1_815' title='bbox 1686 2476 1891 2506; x_wconf 86' lang='lat' dir='ltr'>communivit.</span> 
     </span>
    </p>
   </div>
   <div class='ocr_carea' id='block_1_114' title="bbox 1066 2522 1894 2552">
    <p class='ocr_par' dir='ltr' id='par_1_114' title="bbox 1066 2522 1894 2552">
     <span class='ocr_line' id='line_1_114' title="bbox 1066 2522 1894 2552; baseline -0.004 -1"><span class='ocrx_word' id='word_1_816' title='bbox 1066 2523 1181 2551; x_wconf 89' lang='lat' dir='ltr'>Positus</span> <span class='ocrx_word' id='word_1_817' title='bbox 1205 2524 1285 2551; x_wconf 90' lang='lat' dir='ltr'>enim</span> <span class='ocrx_word' id='word_1_818' title='bbox 1309 2524 1499 2552; x_wconf 87' lang='lat' dir='ltr'>tentoriorum</span> <span class='ocrx_word' id='word_1_819' title='bbox 1525 2526 1554 2552; x_wconf 87' lang='lat' dir='ltr'>et</span> <span class='ocrx_word' id='word_1_820' title='bbox 1570 2523 1690 2552; x_wconf 86' lang='lat' dir='ltr'>metatio</span> <span class='ocrx_word' id='word_1_821' title='bbox 1704 2522 1894 2550; x_wconf 86' lang='lat' dir='ltr'>ordinatione</span> 
     </span>
    </p>
   </div>
   <div class='ocr_carea' id='block_1_115' title="bbox 1066 2565 1895 2606">
    <p class='ocr_par' dir='ltr' id='par_1_115' title="bbox 1066 2565 1895 2606">
     <span class='ocr_line' id='line_1_115' title="bbox 1066 2565 1895 2606; baseline -0.001 -11"><span class='ocrx_word' id='word_1_822' title='bbox 1066 2568 1210 2596; x_wconf 84' lang='lat' dir='ltr'>castrensi</span> <span class='ocrx_word' id='word_1_823' title='bbox 1225 2570 1375 2604; x_wconf 83' lang='lat' dir='ltr'>constans,</span> <span class='ocrx_word' id='word_1_824' title='bbox 1390 2565 1554 2606; x_wconf 76' lang='grc' dir='ltr'>παρεμϐολὴ</span> <span class='ocrx_word' id='word_1_825' title='bbox 1573 2568 1690 2596; x_wconf 88' lang='lat' dir='ltr'>dicitur.</span> <span class='ocrx_word' id='word_1_826' title='bbox 1699 2579 1713 2592; x_wconf 84' lang='lat'><strong><em>»</em></strong></span> <span class='ocrx_word' id='word_1_827' title='bbox 1722 2567 1811 2595; x_wconf 85' lang='lat' dir='ltr'>Porro</span> <span class='ocrx_word' id='word_1_828' title='bbox 1823 2574 1895 2602; x_wconf 89' lang='lat' dir='ltr'>quo-</span> 
     </span>
    </p>
   </div>
   <div class='ocr_carea' id='block_1_116' title="bbox 1065 2609 1893 2650">
    <p class='ocr_par' dir='ltr' id='par_1_116' title="bbox 1065 2609 1893 2650">
     <span class='ocr_line' id='line_1_116' title="bbox 1065 2609 1893 2650; baseline -0.004 -10"><span class='ocrx_word' id='word_1_829' title='bbox 1065 2613 1241 2649; x_wconf 86' lang='lat' dir='ltr'>tiescunque</span> <span class='ocrx_word' id='word_1_830' title='bbox 1256 2622 1310 2641; x_wconf 91' lang='lat' dir='ltr'>vox</span> <span class='ocrx_word' id='word_1_831' title='bbox 1325 2614 1424 2642; x_wconf 67' lang='lat' dir='ltr'>Graeca</span> <span class='ocrx_word' id='word_1_832' title='bbox 1434 2613 1626 2650; x_wconf 84' lang='lat' dir='ltr'>Septuaginta</span> <span class='ocrx_word' id='word_1_833' title='bbox 1637 2613 1834 2648; x_wconf 86' lang='lat' dir='ltr'>interpretum</span> <span class='ocrx_word' id='word_1_834' title='bbox 1849 2609 1893 2638; x_wconf 88' lang='lat' dir='ltr'>vel</span> 
     </span>
    </p>
   </div>
   <div class='ocr_carea' id='block_1_117' title="bbox 1067 2656 1894 2695">
    <p class='ocr_par' dir='ltr' id='par_1_117' title="bbox 1067 2656 1894 2695">
     <span class='ocr_line' id='line_1_117' title="bbox 1067 2656 1894 2695; baseline -0.004 -10"><span class='ocrx_word' id='word_1_835' title='bbox 1067 2657 1195 2685; x_wconf 89' lang='lat' dir='ltr'>aliorum</span> <span class='ocrx_word' id='word_1_836' title='bbox 1210 2660 1377 2687; x_wconf 76' lang='lat' dir='ltr'>Graecorum</span> <span class='ocrx_word' id='word_1_837' title='bbox 1394 2658 1533 2695; x_wconf 87' lang='lat' dir='ltr'>ambigua</span> <span class='ocrx_word' id='word_1_838' title='bbox 1546 2660 1601 2694; x_wconf 89' lang='lat' dir='ltr'>est,</span> <span class='ocrx_word' id='word_1_839' title='bbox 1617 2660 1646 2686; x_wconf 91' lang='lat' dir='ltr'>et</span> <span class='ocrx_word' id='word_1_840' title='bbox 1666 2658 1741 2685; x_wconf 88' lang='lat' dir='ltr'>duas</span> <span class='ocrx_word' id='word_1_841' title='bbox 1757 2656 1894 2692; x_wconf 85' lang='lat' dir='ltr'>pluresve</span> 
     </span>
    </p>
   </div>
   <div class='ocr_carea' id='block_1_118' title="bbox 1067 2701 1894 2740">
    <p class='ocr_par' dir='ltr' id='par_1_118' title="bbox 1067 2701 1894 2740">
     <span class='ocr_line' id='line_1_118' title="bbox 1067 2701 1894 2740; baseline -0.002 -10"><span class='ocrx_word' id='word_1_842' title='bbox 1067 2703 1204 2732; x_wconf 87' lang='lat' dir='ltr'>notiones</span> <span class='ocrx_word' id='word_1_843' title='bbox 1218 2703 1353 2738; x_wconf 88' lang='lat' dir='ltr'>habet,ea</span> <span class='ocrx_word' id='word_1_844' title='bbox 1361 2704 1548 2740; x_wconf 89' lang='lat' dir='ltr'>potissimum</span> <span class='ocrx_word' id='word_1_845' title='bbox 1561 2702 1766 2739; x_wconf 85' lang='lat' dir='ltr'>amplectenda</span> <span class='ocrx_word' id='word_1_846' title='bbox 1774 2701 1894 2730; x_wconf 89' lang='lat' dir='ltr'>videtur</span> 
     </span>
    </p>
   </div>
   <div class='ocr_carea' id='block_1_119' title="bbox 1067 2745 1891 2783">
    <p class='ocr_par' dir='ltr' id='par_1_119' title="bbox 1067 2745 1891 2783">
     <span class='ocr_line' id='line_1_119' title="bbox 1067 2745 1891 2783; baseline -0.004 -8"><span class='ocrx_word' id='word_1_847' title='bbox 1067 2755 1131 2783; x_wconf 75' lang='lat' dir='ltr'>quae</span> <span class='ocrx_word' id='word_1_848' title='bbox 1147 2755 1214 2775; x_wconf 92' lang='lat' dir='ltr'>cum</span> <span class='ocrx_word' id='word_1_849' title='bbox 1236 2747 1357 2776; x_wconf 69' lang='lat' dir='ltr'>Hebraeo</span> <span class='ocrx_word' id='word_1_850' title='bbox 1368 2748 1519 2777; x_wconf 87' lang='lat' dir='ltr'>convenit:</span> <span class='ocrx_word' id='word_1_851' title='bbox 1536 2747 1617 2783; x_wconf 83' lang='lat' dir='ltr'>atqui</span> <span class='ocrx_word' id='word_1_852' title='bbox 1631 2755 1665 2775; x_wconf 88' lang='lat' dir='ltr'>ex</span> <span class='ocrx_word' id='word_1_853' title='bbox 1674 2746 1777 2775; x_wconf 86' lang='lat' dir='ltr'>eodem</span> <span class='ocrx_word' id='word_1_854' title='bbox 1792 2745 1891 2774; x_wconf 87' lang='lat' dir='ltr'>arche-</span> 
     </span>
    </p>
   </div>
   <div class='ocr_carea' id='block_1_120' title="bbox 1065 2791 1890 2830">
    <p class='ocr_par' dir='ltr' id='par_1_120' title="bbox 1065 2791 1890 2830">
     <span class='ocr_line' id='line_1_120' title="bbox 1065 2791 1890 2830; baseline -0.002 -11"><span class='ocrx_word' id='word_1_855' title='bbox 1065 2793 1134 2828; x_wconf 87' lang='lat' dir='ltr'>typo</span> <span class='ocrx_word' id='word_1_856' title='bbox 1142 2794 1259 2820; x_wconf 89' lang='lat' dir='ltr'>vertunt</span> <span class='ocrx_word' id='word_1_857' title='bbox 1273 2792 1336 2820; x_wconf 85' lang='lat' dir='ltr'>Joa.</span> <span class='ocrx_word' id='word_1_858' title='bbox 1353 2793 1523 2830; x_wconf 87' lang='lat' dir='ltr'>Campensis</span> <span class='ocrx_word' id='word_1_859' title='bbox 1538 2794 1567 2820; x_wconf 89' lang='lat' dir='ltr'>et</span> <span class='ocrx_word' id='word_1_860' title='bbox 1582 2791 1740 2828; x_wconf 83' lang='lat' dir='ltr'>Pagninus,</span> <span class='ocrx_word' id='word_1_861' title='bbox 1757 2802 1773 2816; x_wconf 79' lang='grc'><strong><em>‹‹</em></strong></span> <span class='ocrx_word' id='word_1_862' title='bbox 1789 2791 1890 2818; x_wconf 81' lang='lat' dir='ltr'>Castra</span> 
     </span>
    </p>
   </div>
   <div class='ocr_carea' id='block_1_121' title="bbox 1064 2835 1887 2874">
    <p class='ocr_par' dir='ltr' id='par_1_121' title="bbox 1064 2835 1887 2874">
     <span class='ocr_line' id='line_1_121' title="bbox 1064 2835 1887 2874; baseline -0.002 -10"><span class='ocrx_word' id='word_1_863' title='bbox 1064 2836 1320 2874; x_wconf 81' lang='lat' dir='ltr'>metatarangelus</span> <span class='ocrx_word' id='word_1_864' title='bbox 1326 2836 1443 2867; x_wconf 86' lang='lat' dir='ltr'>Domini</span> <span class='ocrx_word' id='word_1_865' title='bbox 1451 2845 1458 2866; x_wconf 88' lang='lat'><strong>:</strong></span> <span class='ocrx_word' id='word_1_866' title='bbox 1470 2848 1485 2864; x_wconf 84' lang='lat'><em>»</em></span> <span class='ocrx_word' id='word_1_867' title='bbox 1495 2837 1531 2866; x_wconf 89' lang='lat' dir='ltr'>Et</span> <span class='ocrx_word' id='word_1_868' title='bbox 1540 2836 1734 2873; x_wconf 84' lang='lat' dir='ltr'>Hieronymus</span> <span class='ocrx_word' id='word_1_869' title='bbox 1745 2843 1779 2864; x_wconf 77' lang='lat' dir='ltr'>ex</span> <span class='ocrx_word' id='word_1_870' title='bbox 1787 2835 1887 2864; x_wconf 81' lang='lat' dir='ltr'>eodem</span> 
     </span>
    </p>
   </div>
  </div>
