2011 3142
125 189 184 219 989

667 189 720 218 AD
741 183 930 217 HOMILIAS
952 184 990 214 IN
1013 181 1293 213 HEXAEMERON.

1774 176 1833 207 990

126 257 206 283 textu
230 255 361 289 Hebraeo,
379 265 393 280 ‹‹
408 254 576 282 Circumdat
599 253 720 288 angelus
743 251 870 283 Domini,
883 260 897 275 »
922 252 952 278 et
966 250 992 282 Α
1008 251 1118 282 autem,
1133 259 1143 272 ε
1159 250 1187 275 et
1207 246 1452 283 impedimentum
1478 252 1535 271 non
1558 244 1678 272 affertur
1699 242 1735 270 ad
1760 242 1834 270 reci-

125 300 154 327 in
172 308 238 335 cap.
256 308 310 327 va
332 299 413 327 Isaiae
434 306 673 334 unumquemque
696 299 830 325 nostrum
847 296 954 323 habere

127 343 266 379 angelum
284 343 423 379 probans,
440 345 468 370 et
488 342 567 370 hunc
581 350 700 369 versum
716 350 731 369 e
747 340 845 368 Graeco
861 340 955 367 citans

126 387 168 415 sic
195 387 279 415 ellert
295 396 301 415 :
316 398 330 412 «
352 387 522 415 Circumdat
550 386 674 422 angelus
697 384 847 413 Domini.»
873 384 956 411 Certe

125 431 269 460 Basilium
287 431 329 459 sic
346 431 524 459 intellexisse
534 431 613 459 hunc
624 431 720 458 locum
737 430 878 460 indicant,
891 436 956 464 qum

125 479 303 512 sequuntur,
320 475 366 502 καὶ
391 476 473 503 οἱονεὶ
498 474 620 513 χάρακας
645 476 711 511 ἡμῖν
737 473 953 511 παρακατὲπηξε,

125 519 238 556 θέμενος
267 519 307 555 ἐν,
338 519 490 555 Ἐκκλησία
517 522 626 557 πρῶτον
656 517 840 554 ἀποστόλους,
869 521 898 546 et
925 517 955 545 in

124 564 258 593 homiliis
282 565 312 593 in
337 565 472 598 Psalmos,
494 563 536 592 ὅτι
556 561 615 600 ὅλῳ
637 561 811 601 στρατοπέδῳ
834 562 879 589 καὶ
903 571 954 589 πα-

126 606 255 646 ρεμϐολῇ
289 608 501 647 πολυανθρώπῳ
533 609 723 646 παρεικάζεται
755 609 794 638 εἷς
827 605 954 644 ἅγγελος.

125 654 211 690 Apud
242 653 431 681 Eustathium
462 653 618 687 mendose,
644 653 721 680 sicut
745 654 772 680 et
795 651 824 678 in
850 651 955 687 quibu-

124 699 210 726 sdam
242 698 353 725 Latinis
378 697 529 726 codicibus
560 700 691 733 tempore
716 695 888 732 Augustini,
915 695 956 723 le-

124 743 216 779 gitur,
227 753 242 768 «
260 742 401 770 Immittet
416 742 553 778 angelum
570 742 713 770 Dominus
729 741 759 768 in
775 740 936 768 circuitu.»

159 795 222 823 Col.
242 796 290 823 111
308 796 327 823 Β
343 796 370 823 3.
391 795 466 824 Velut
480 796 607 831 quaedam
629 795 817 823 maseularum
838 794 955 821 semina.

124 841 153 869 S.
171 840 347 868 Ambrosius
362 839 414 868 lib.
431 849 475 874 ιιι,
492 849 555 876 cap.
573 841 606 868 13
624 849 658 868 :«
678 839 850 875 Priejaciunt
867 838 957 867 ramis

125 886 191 921 ejus
217 884 382 921 palmarum
408 885 542 920 quaedam
567 884 648 912 velut
672 883 785 912 semina
808 882 957 911 mascula-

1010 293 1150 328 pieudum
1167 291 1237 319 solis
1253 291 1390 318 calorem.
1405 301 1415 315 1

1045 341 1106 369 Col.
1125 341 1175 368 116
1190 340 1210 368 C
1227 340 1269 367 10.
1286 337 1425 376 Υπάρχον,
1441 338 1571 365 Emenda
1592 345 1626 364 ex
1651 335 1767 364 duobus
1783 335 1834 362 Re-

1010 386 1066 422 giis
1080 385 1164 413 codd.
1180 383 1331 421 ἐνυπάρχον
1343 384 1377 419 τῇ
1392 383 1438 420 γῇ.
1451 393 1465 407 ‹‹
1479 381 1552 409 Illud
1569 380 1657 408 etiam
1674 388 1752 407 nunc
1766 387 1836 422 pra:-

1010 421 1124 466 ceptum
1151 430 1228 465 quod
1251 431 1333 456 terrae
1361 428 1445 455 inest.
1460 437 1473 452 ›ι
1493 426 1524 453 Et
1540 425 1598 456 καθ’
1624 424 1737 458 ἑκάστην
1760 421 1835 453 ἔτους

1010 473 1135 512 πσρίοδον
1152 474 1268 502 ﬁdelius
1289 472 1431 510 expressit
1447 470 1604 499 Cornarius
1622 478 1655 497 :a
1671 469 1760 497 Juxta
1775 468 1834 496 sin-

1010 520 1145 556 gulorum
1167 527 1311 547 annorum
1332 516 1486 545 circuitum
1505 524 1510 542 :
1525 526 1538 540 ·›
1555 514 1632 551 apud
1649 512 1835 541 Eustathium

1010 565 1092 592 deest
1107 572 1171 598 vox,
1185 575 1199 588 ‹‹
1216 570 1360 591 annorum
1378 569 1385 589 :
1402 561 1477 588 vires
1492 559 1626 596 proprias
1642 560 1767 594 quantas
1782 557 1836 584 ha-

1010 609 1060 637 bet
1074 607 1258 644 singulorum
1280 613 1423 635 annorum
1440 603 1594 633 curriculis
1615 602 1836 630 informandum

1010 661 1104 689 genus
1118 652 1289 680 herbarum.
1302 662 1316 676 »

1046 698 1105 726 Col.
1125 698 1175 725 118
1199 698 1221 725 Α
1248 697 1290 724 11.
1312 695 1545 723 Concertanlium.
1569 691 1712 720 Addimus
1735 698 1835 718 vocem

1011 754 1025 768 ((
1043 741 1217 770 athletarum
1232 752 1245 765 η
1262 750 1276 769 e
1291 741 1398 774 Graeco,
1415 742 1443 767 et
1459 747 1510 775 pro
1529 749 1539 762 ι
1559 737 1683 768 theatro,
1697 747 1710 761 n
1727 735 1836 763 substi-

1011 787 1123 814 tuimus
1139 785 1270 819 «stadio,
1282 796 1296 810 »
1308 785 1385 820 quod
1403 783 1543 811 mendose
1557 781 1634 817 apud
1652 779 1837 808 Eustathiuin

1011 832 1128 867 legitur,
1140 841 1155 857 ιι
1171 832 1362 866 congregatos
1384 829 1413 856 in
1441 827 1548 855 studio.
1562 837 1575 851 η
1592 826 1672 857 Quod
1689 825 1767 852 enim
1783 824 1838 851 La-

1011 875 1081 904 tinis
1097 875 1193 903 circus
1208 883 1225 902 a
1239 874 1352 902 theatro
1373 872 1517 905 diversus,
1533 870 1563 898 id
1586 869 1714 898 stadium
1731 868 1838 896 Graecis

218 912 332 965 Aquilius
357 929 400 957 illi
416 912 501 957 ‘velut
515 929 637 966 quidam
662 937 767 957 sensus
792 927 957 964 perfruitio.
974 936 998 969 B
1015 920 1083 969 fuitL
1104 919 1246 969 Martialis
1271 921 1370 969 tamen
1395 916 1444 966 lib.
1461 925 1520 949 xxv,
1536 914 1714 969 apophorpto
1737 913 1783 969 €26.
1799 912 1839 962 si:

126 975 174 1002 nis
200 974 380 1008 infunditur,
400 976 430 1002 et
452 973 572 1009 expetiti
600 972 776 1001 concubitus
798 972 892 1008 gratia
914 980 959 1000 re-

128 1021 358 1055 praesentetur.»
369 1019 416 1046 Sic
432 1018 512 1046 enim
528 1018 747 1046 emendandum
763 1025 878 1050 censeo,
893 1024 959 1044 cum

128 1063 178 1090 hic
194 1064 290 1091 Graece
313 1063 437 1100 legatur,
455 1063 480 1090 ἓν
506 1063 677 1098 συναισθήσει
696 1065 746 1096 τῆς
771 1060 959 1092 ἀπολαύσεως,

127 1108 298 1143 Cornarius,
316 1119 330 1133 «ί
345 1108 460 1136 semina
481 1108 626 1144 quadam,
643 1115 716 1143 quos
729 1106 837 1134 culices
860 1105 961 1142 appel-

125 1152 202 1187 lant,
219 1155 307 1188 atque
321 1153 364 1180 sic
382 1152 461 1180 velut
485 1152 516 1180 in
543 1160 630 1180 sensu
647 1151 795 1179 fruitionis
819 1159 852 1178 ac
875 1149 960 1177 volu-

126 1196 219 1233 ptatis
243 1197 294 1225 illa
319 1197 498 1225 constitui.»
524 1197 608 1232 Apud
638 1195 822 1224 Eustathium
844 1203 961 1231 quoque

126 1243 289 1278 depravata
304 1244 349 1270 est
369 1241 467 1276 lectio,
486 1253 500 1267 ‹‹
518 1241 650 1269 sublatos
667 1241 701 1268 de
722 1239 852 1268 masculo
867 1241 962 1267 certos

127 1286 232 1314 Oculos
247 1286 361 1314 feminea
378 1286 518 1314 dicuntur
533 1285 671 1318 inserere,
686 1296 700 1310 »
716 1284 766 1312 ubi
783 1284 854 1312 forte
870 1283 960 1312 corri-

127 1331 259 1367 gendum
275 1342 289 1356 α
307 1333 400 1359 certos
421 1330 547 1365 culices;
566 1341 579 1355 ››
598 1329 846 1366 quemadmodum
863 1328 959 1356 locum

126 1375 215 1403 illum
244 1375 390 1411 expressit
424 1374 589 1403 Aristotelis
619 1374 639 1402 l.
664 1382 681 1402 v
703 1375 803 1402 Hister.
831 1373 960 1407 animal.,

128 1428 195 1456 cap.
210 1420 256 1454 32,
271 1419 442 1448 Theodorus
473 1419 573 1447 Gaza:
603 1417 639 1447 Οἵ
668 1416 696 1446 δὲ
726 1417 823 1455 ἐρινεοί
848 1416 874 1444 ἐν
901 1419 960 1448 τοῖς

130 1463 234 1501 ἐρινοῖς
264 1462 359 1500 ἔχουσι
383 1462 447 1494 τοὺς
471 1462 656 1499 καλουμένους
681 1463 778 1499 ψῆνας·
804 1461 905 1499 γίνεται
931 1460 960 1489 δὶ

127 1510 210 1535 τοῦτο
240 1510 350 1544 πρῶτον
380 1506 557 1543 σκωλήκιον,
587 1507 643 1535 εἶτα
673 1505 884 1545 περιρραγέντος
912 1508 959 1533 τοῦ

129 1551 266 1590 δέρματος
293 1551 442 1588 ἐκπᾶτιται,
467 1554 550 1579 τοῦτο
575 1551 776 1590 ἐγκαταλείπων
794 1552 807 1578 ὁ
832 1552 897 1588 ψὴν,
914 1551 959 1578 καὶ

128 1596 266 1625 εἰσδύεται
282 1596 321 1628 εἷς
335 1597 369 1624 τὰ
391 1599 444 1624 τῶν
458 1599 546 1624 συκῶν
563 1596 637 1634 ἑρινὰ
651 1596 696 1624 καὶ
716 1596 870 1632 ὃιαστομῶν
886 1598 961 1623 ποιεῖ

130 1643 170 1678 μή
196 1641 359 1670 ἀποπίπτειν
374 1641 409 1669 τὰ
427 1641 512 1679 ἐρινά·
531 1654 544 1668 (ι
562 1642 688 1670 Ficarios
713 1641 821 1670 culices
844 1641 959 1676 capriﬁ-

129 1695 183 1716 cus
198 1689 318 1723 generat
333 1687 394 1715 suis
420 1687 516 1723 pomis
533 1695 539 1714 ε
559 1687 590 1714 ﬁt
615 1687 742 1723 primum
768 1685 960 1722 vermiculus,

128 1740 197 1759 mox
215 1734 300 1767 rupta
316 1734 382 1759 cute
397 1731 491 1759 evolat
507 1731 599 1764 culex,
618 1734 790 1766 mutataque
806 1731 874 1758 sede
890 1730 963 1766 petit

129 1777 205 1804 ﬁcus
233 1776 420 1810 immaturas,
447 1776 555 1812 quibus
578 1784 610 1804 se
637 1775 804 1810 insinuans,
832 1775 900 1802 facit
925 1783 961 1803 ne

128 1821 278 1849 decidant.
296 1831 310 1845 »
335 1820 380 1848 Ita.
408 1821 581 1848 emendatus
611 1820 718 1856 legitur
747 1820 793 1848 hic
821 1819 902 1848 locus
930 1819 961 1847 in

129 1865 258 1893 editione
274 1864 450 1899 Casauboni,
474 1867 503 1892 et
526 1864 639 1892 Plinius
664 1865 748 1896 favet,
765 1864 815 1900 qui
840 1864 889 1892 lib.
913 1873 960 1899 xv,

130 1918 196 1946 cap.
216 1910 260 1945 19,
286 1909 347 1937 11th
374 1909 464 1937 tradit
488 1910 524 1937 de
548 1909 685 1945 capriﬁco
704 1917 737 1936 :«
753 1909 829 1944 Ergo
854 1908 962 1937 culices

130 1954 233 1990 parit:
250 1954 279 1982 hi
297 1954 425 1982 fraudati
451 1953 590 1982 alimento
615 1953 646 1981 in
673 1956 766 1981 matre
792 1953 872 1988 putri
897 1954 962 1989 ejus

131 2000 210 2033 tabe,
227 1999 263 2027 ad
284 2001 438 2035 cognatam
455 1998 563 2026 volant.
578 2011 588 2025 ι
607 1994 889 2034 Ηεεγοὴὶυε,’ψῆνες,
906 2007 960 2024 κω-

129 2043 221 2070 νώπια
234 2043 268 2070 τὰ
282 2042 308 2070 ἐν
323 2045 384 2073 τοῖς
412 2042 538 2073 ὀλύστοις
562 2042 701 2079 γινόμενα,
718 2043 768 2070 sed
792 2042 870 2070 idem
887 2051 962 2078 quo-

131 2097 189 2123 que
205 2088 262 2116 alio
278 2088 341 2116 loco
357 2088 445 2124 ψῆνας
462 2089 582 2124 exponit
595 2087 629 2114 τὸ.
648 2087 789 2124 σπὶρματα
802 2088 856 2113 τῶν
873 2085 961 2123 φοινί-

130 2142 196 2167 κων,
214 2144 228 2158 ‹‹
267 2133 381 2160 semina
404 2132 580 2168 palmarum.
600 2143 614 2157 n
634 2131 824 2168 Etymologus
848 2131 935 2159 etiam
954 2140 960 2159 :

130 2180 235 2211 Ψῆνες,
250 2177 277 2203 αἱ
292 2177 387 2214 μικραὶ
403 2179 492 2212 μυῖαι,
508 2176 552 2203 καὶ
574 2177 662 2213 ψῆνας
684 2175 793 2214 λέγουσι
807 2176 839 2203 τὸ
855 2175 963 2213 σπέρμα

129 2222 184 2249 τῶν
203 2220 343 2260 φοινίκων
361 2233 375 2247 ‹‹
392 2224 482 2255 Ψῆνες
499 2223 569 2249 sunt
584 2230 678 2257 parvae
694 2229 813 2256 muscae,
830 2222 859 2248 et
873 2221 961 2257 ψῆνας

131 2266 283 2302 appellant
297 2265 412 2294 semina
434 2265 609 2302 palmarum.
621 2277 635 2291 »
653 2265 765 2298 Quibus
785 2266 915 2293 adducor
930 2267 962 2293 ut

1015 964 1135 1001 gniﬁcat
1149 972 1180 992 se
1197 971 1321 991 usurum
1346 962 1474 998 tegmine
1489 959 1594 988 causis:
1617 959 1647 986 in
1672 957 1796 991 theatro,
1814 957 1840 984 si

1014 1009 1078 1037 vela
1098 1011 1202 1036 ventus
1222 1007 1389 1040 invidisset;
1405 1008 1434 1034 et
1449 1005 1592 1041 Vopiscus
1616 1003 1646 1030 in
1669 1003 1770 1030 Carino
1786 1002 1840 1029 do-

1015 1056 1099 1081 natos
1120 1053 1211 1081 fuisse
1243 1050 1457 1088 spectatoribus
1496 1049 1633 1076 ludorum
1653 1046 1839 1083 publicorum

1015 1100 1140 1126 testatur
1155 1097 1334 1125 Atrebaticos
1357 1096 1462 1123 birros.
1480 1092 1619 1122 Umbellis
1637 1093 1776 1128 praeterea
1790 1099 1840 1118 ve-

1016 1142 1112 1179 lisque
1126 1150 1143 1170 a
1158 1142 1219 1170 sole
1242 1141 1416 1178 tegebantur
1438 1138 1576 1172 Romani;
1592 1138 1643 1165 sed
1668 1135 1794 1164 Basilius
1809 1135 1839 1162 in

1015 1188 1126 1216 oriente
1140 1187 1287 1223 capitibus
1302 1185 1390 1213 nudis
1411 1184 1441 1212 in
1462 1183 1556 1211 stadio
1581 1183 1758 1218 spectatores
1773 1188 1840 1216 spe-

1015 1235 1110 1261 ctasse
1125 1234 1262 1260 testatur.
1278 1231 1334 1259 Sed
1350 1232 1378 1258 et
1394 1228 1524 1257 stadium
1547 1227 1637 1255 fuisse
1653 1226 1750 1254 Romae
1765 1227 1839 1253 tem-

1015 1277 1136 1313 poribus
1151 1275 1314 1305 Constantii
1336 1273 1477 1313 principis
1493 1281 1526 1301 ex
1543 1271 1698 1299 Ammiano
1718 1269 1840 1297 Marcel—

1014 1322 1075 1350 lino
1086 1323 1210 1350 constat.
1221 1321 1272 1348 lib.
1281 1329 1328 1348 xvr
1339 1319 1499 1353 Historian,
1507 1328 1521 1342 ι(
1532 1319 1560 1345 et
1567 1315 1684 1351 Pompei
1693 1315 1806 1342 theatro
1813 1321 1840 1340 ω

1015 1369 1043 1394 et
1057 1367 1177 1394 Odaeum
1193 1368 1222 1394 et
1237 1365 1377 1393 stadium.
1389 1374 1404 1389 ››

1050 1415 1109 1443 Col.
1127 1414 1178 1442 120
1193 1414 1215 1441 D
1230 1413 1256 1441 3.
1272 1412 1307 1439 Τὸ
1330 1410 1420 1449 δόγμα
1439 1413 1489 1445 τῆς
1510 1407 1659 1445 θεολογίας.
1675 1406 1839 1442 Theologim

1014 1459 1189 1487 vocabulum
1220 1458 1295 1494 apud
1327 1457 1441 1484 Graecos
1476 1454 1623 1482 interdum
1655 1452 1753 1479 minus
1781 1451 1840 1478 late

1015 1506 1124 1540 patere,
1141 1511 1229 1539 quam
1254 1503 1332 1538 apud
1357 1501 1476 1529 Latinos
1498 1499 1632 1527 observat
1650 1496 1839 1524 doctissimus

1013 1549 1074 1576 Jac.
1092 1548 1193 1576 Billius
1218 1547 1246 1575 in
1273 1545 1397 1574 Scholiis
1423 1545 1458 1573 ad
1484 1545 1558 1572 orat.
1573 1551 1614 1570 vu
1630 1540 1760 1577 Gregorii
1783 1540 1839 1567 Na-

1015 1593 1105 1621 zianz.
1122 1593 1195 1620 Nam
1218 1592 1295 1628 apud
1323 1589 1439 1618 Latinos
1462 1587 1614 1623 theologia:
1638 1593 1756 1622 operam
1772 1585 1841 1612 dare

1017 1639 1164 1672 dicuntur,
1179 1637 1229 1674 qui
1245 1637 1274 1664 in
1291 1643 1441 1664 sacrarum
1465 1633 1628 1661 litterarum
1656 1630 1753 1658 studio
1778 1637 1840 1657 ver-

1016 1684 1143 1710 santur:
1166 1682 1243 1718 apud
1269 1683 1383 1708 Gracos
1407 1681 1502 1707 autem
1529 1675 1667 1713 θεολογεῖν
1691 1675 1839 1708 dicuntur,

1017 1727 1066 1764 qui
1083 1726 1245 1755 divinitatis
1261 1725 1423 1753 doctrinam
1442 1730 1577 1751 sermone
1591 1720 1634 1749 vel
1650 1719 1758 1755 scripto
1774 1727 1840 1755 per-

1016 1763 1191 1808 sequuntur.
1216 1771 1259 1799 lta
1285 1773 1313 1798 S.
1329 1769 1487 1805 Gregorius
1509 1766 1664 1799 orationes,
1680 1764 1710 1792 in
1734 1763 1841 1808 quibus

1017 1825 1050 1845 ex
1066 1817 1196 1853 professo
1212 1816 1246 1843 de
1262 1814 1356 1842 Patris
1375 1815 1403 1841 et
1422 1811 1487 1840 Filii
1502 1813 1530 1839 et
1545 1811 1672 1847 Spiritus
1687 1807 1780 1836 sancti
1797 1807 1840 1853 di-

1016 1851 1137 1889 vinitate
1165 1860 1253 1888 verba
1282 1859 1360 1892 facit,
1377 1859 1414 1885 De
1436 1856 1574 1890 theologia
1598 1852 1749 1888 inscripsit
1769 1860 1776 1879 :
1799 1851 1842 1879 ita

1016 1906 1071 1933 hoc
1087 1905 1149 1933 loco
1160 1904 1286 1932 Basilius
1297 1901 1445 1939 Θεολογίας
1461 1899 1549 1937 δόγμα
1558 1901 1640 1927 vocat
1653 1909 1663 1924 ι
1677 1896 1840 1925 doctrinam

1017 1951 1052 1978 de
1068 1950 1182 1978 duabus
1206 1947 1360 1976 Trinitatis
1384 1946 1525 1984 personis.
1540 1956 1554 1971 ››
1570 1944 1625 1973 Sed
1649 1945 1678 1971 et
1702 1940 1840 1978 Θεολογεῖν

1017 1994 1091 2022 nihil
1107 1994 1186 2022 aliud
1202 1993 1369 2030 signiﬁcare
1385 1983 1479 2026 docet,
1494 1997 1581 2026 quam
1597 1987 1660 2016 Θεὸν
1684 1986 1771 2024 λέγειν
1797 1983 1842 2012 καὶ

1017 2037 1176 2076 ὁμολογεῖν,
1188 2050 1202 2064 ‹‹
1213 2038 1305 2066 Deum
1322 2037 1417 2065 dicere
1431 2043 1464 2064 ac
1481 2033 1625 2066 conﬁteri,
1638 2043 1652 2058 »
1663 2034 1696 2060 ut
1710 2030 1843 2076 epist.26

1016 2074 1094 2112 idem
1116 2074 1299 2120 Gregorius:
1326 2082 1452 2118 Φανερῶς
1475 2077 1531 2114 ἤδη
1555 2078 1587 2105 τὸ
1610 2078 1720 2112 Πνεῦμα
1744 2074 1841 2102 θιολο-

1016 2130 1082 2166 γεῖς·
1106 2128 1239 2156 «Palam
1268 2127 1408 2163 Spiritum
1439 2133 1503 2153 esse
1531 2124 1624 2152 Deum
1652 2120 1809 2157 proﬁteris.
1827 2130 1841 2144 ››

1016 2164 1135 2202 Rectius
1150 2181 1218 2209 ergo
1238 2180 1305 2200 cum
1330 2170 1482 2199 Eustathio
1503 2168 1552 2196 hic
1566 2169 1661 2196 vertes
1677 2174 1712 2194 zu
1728 2164 1842 2200 Ubique

1017 2219 1108 2255 igitur
1126 2219 1233 2254 dogma
1252 2215 1370 2245 deitatis
1395 2215 1519 2252 mystica
1541 2211 1709 2241 narratione
1724 2217 1841 2238 conser-

1017 2253 1080 2291 tum
1098 2265 1142 2291 est
1157 2253 1302 2296 historiae;
1318 2260 1361 2288 vel
1378 2269 1412 2288 ex
1427 2258 1574 2292 Cornario,
1587 2268 1601 2282 «
1616 2256 1758 2291 Ubique,«
1774 2253 1843 2281 Ubi-

132 2298 250 2339 credam
273 2298 478 2347 capriﬁcorum
494 2311 581 2346 ψῆνας
596 2310 821 2346 distinguendos
845 2317 909 2338 esse
926 2310 961 2337 ab
977 2309 999 2341 D
1016 2316 1072 2344 que
1088 2307 1124 2335 ad
1140 2306 1293 2335 historiam
1318 2304 1471 2340 theologia:
1493 2301 1625 2331 doctrina
1648 2299 1771 2337 mystice
1794 2298 1842 2326 in-

132 2354 200 2383 istis
230 2354 406 2391 palmarum,
423 2355 459 2382 de
486 2354 594 2390 quibus
624 2355 685 2390 agit
713 2353 854 2389 Basilius,
870 2362 964 2390 neque

133 2399 244 2428 culices
266 2399 338 2427 istos
360 2407 436 2434 esse,
453 2399 503 2427 sed
530 2399 631 2427 ﬂorem
648 2399 807 2435 quemdam
820 2398 864 2427 vel
879 2398 964 2427 lanu-

133 2444 245 2480 ginem,
267 2446 299 2472 ut
322 2445 448 2472 verterat
473 2443 521 2471 hic
545 2443 779 2480 Argyropylus,«
796 2443 887 2471 maris
911 2443 963 2472 llo-

133 2497 195 2517 rem
216 2497 267 2517 seu
297 2488 467 2524 lanuginem
492 2488 663 2516 immittere.
677 2499 691 2514 ››
706 2488 868 2516 Conﬁrmat
893 2496 963 2516 con-

129 2534 276 2569 jecturam
306 2535 436 2561 nostram
464 2532 580 2561 Plinius
603 2532 655 2560 lib.
681 2541 746 2567 xm,
770 2541 834 2568 cap.
860 2533 885 2567 4,
912 2532 962 2560 ubi

132 2578 168 2606 de
197 2577 306 2614 palmis
335 2585 425 2614 agens
452 2577 512 2605 haec
541 2577 632 2613 addit,
654 2587 667 2604 ι
690 2579 723 2605 ut
751 2576 845 2605 coitus
873 2576 962 2605 etiam

132 2622 316 2658 excogitatus
340 2622 379 2649 sit
405 2622 440 2650 ab
470 2621 600 2656 homine,
619 2630 654 2650 ex
678 2621 810 2649 maribus
834 2621 904 2649 ﬂore
929 2629 962 2650 ac

132 2666 283 2703 lanugine,
306 2666 424 2695 interim
454 2674 519 2695 vero
543 2668 659 2694 tantum
684 2666 804 2703 pulvere
827 2665 961 2702 insperso

133 2711 266 2740 feminis.
279 2722 294 2736 ››

169 2765 245 2794 Ibid.
263 2766 285 2791 D
307 2765 334 2791 7.
357 2764 466 2791 Partim
494 2763 598 2792 radios.
628 2766 774 2800 Interpres
802 2762 961 2799 scripserat

134 2810 270 2844 fortasse,
288 2819 302 2834 α
325 2808 407 2836 radio
436 2808 517 2837 solis.
531 2819 545 2834 »
561 2809 728 2842 Carnarius,
749 2819 764 2834 α
787 2811 816 2836 et
844 2808 958 2836 radium

135 2854 208 2884 solis
235 2861 287 2889 per
314 2852 464 2881 raritatem
486 2852 567 2889 large
591 2853 770 2890 suscipiet.»
785 2852 959 2882 Ambrosius

1017 2354 1164 2389 terspersa
1179 2353 1234 2380 est.
1245 2363 1257 2378 ι

1053 2396 1111 2425 Col.
1129 2397 1180 2425 123
1195 2398 1214 2425 C
1228 2397 1255 2424 3.
1271 2397 1291 2424 Α
1315 2402 1427 2428 corpore
1451 2394 1519 2421 luce.
1534 2391 1695 2427 Scripserat
1718 2389 1842 2417 fortasse

1018 2441 1172 2477 interpres,
1187 2452 1201 2466 ‹‹
1216 2440 1274 2468 luci
1291 2448 1322 2468 se
1334 2440 1500 2475 opponente
1510 2446 1518 2472 ;
1530 2448 1543 2463 »
1561 2444 1629 2464 nam
1646 2437 1674 2463 et
1688 2434 1730 2462 ita
1744 2433 1843 2461 Graeca

1017 2486 1161 2522 expressit
1176 2484 1348 2513 Eustathius
1364 2492 1388 2511 ιι
1400 2483 1481 2511 Sicut
1497 2482 1575 2510 enim
1591 2479 1689 2508 lucido
1704 2478 1750 2506 die
1765 2479 1844 2522 stan-

1016 2520 1075 2559 tem
1092 2530 1249 2567 quemdam
1266 2529 1321 2558 sub
1343 2537 1449 2557 aurora
1463 2527 1534 2556 solis
1550 2534 1617 2554 mox
1632 2523 1737 2552 umbra
1751 2520 1842 2549 comi-

1017 2565 1110 2609 tatur,
1125 2586 1139 2600 η
1159 2577 1187 2603 et
1206 2575 1364 2603 Cornarius
1381 2595 1387 2601 .
1401 2584 1415 2598 «
1430 2569 1684 2605 Quemadmodum
1708 2566 1785 2594 enim
1811 2565 1842 2592 in

1016 2620 1063 2648 die
1080 2620 1185 2648 umbra
1199 2620 1235 2647 ad
1257 2619 1298 2654 id,
1314 2618 1392 2654 quod
1419 2616 1605 2652 splendorem
1622 2611 1758 2644 obstruit,
1770 2618 1839 2654 conf

1015 2664 1105 2699 sistit,
1119 2677 1129 2690 ι
1149 2664 1234 2701 quasi
1243 2653 1330 2698 dicat,
1346 2662 1482 2690 umbram
1497 2657 1630 2688 comitari
1642 2663 1747 2692 corpus
1762 2653 1841 2690 quod

1015 2717 1079 2737 sese
1094 2709 1153 2738 luci
1168 2708 1301 2745 opponit,
1317 2713 1440 2742 eamque
1454 2703 1593 2733 excludit.

1049 2762 1109 2791 Col.
1127 2763 1178 2791 127
1192 2763 1215 2790 Α
1231 2763 1255 2789 1.
1272 2761 1317 2789 Sol
1330 2761 1462 2788 vertetur.
1478 2756 1567 2785 Paulo
1583 2754 1669 2783 aliter
1683 2751 1761 2789 apud
1778 2759 1842 2787 pro-

1013 2808 1132 2843 phetam
1154 2807 1297 2842 scriptum
1322 2806 1377 2836 est,
1398 2802 1489 2831 Joelis
1513 2810 1544 2834 ιι,
1560 2800 1591 2828 31
1610 2798 1669 2843 εὉν
1686 2796 1767 2832 ἣλιος
1793 2805 1841 2843 Ec:

1011 2841 1228 2890 ταστραφήσιται
1251 2849 1289 2880 sic
1315 2847 1420 2884 σκότος,
1435 2846 1479 2874 καὶ
1496 2847 1514 2881 ἡ
1530 2845 1632 2880 σιλήνη
1650 2842 1689 2875 sic
1698 2843 1776 2878 αἷμα·
1794 2841 1841 2870 Sol
