2011 3142
186 171 244 202 991

784 171 903 203 NOTAE
924 171 1146 202 FBONTONIS
1170 170 1297 202 DUGEI

1837 171 1898 202 992

185 241 358 269 convertatur
372 238 401 266 in
419 238 553 270 tenebras,
570 239 593 266 et
617 237 684 265 luna
701 239 730 266 in
745 239 918 274 sanguinem.
936 237 1010 265 Illud
1027 240 1053 273 Α
1104 237 1165 265 Col.
1182 237 1232 264 134
1248 237 1268 265 Β
1286 237 1328 265 13.
1347 236 1430 272 Copia
1443 237 1568 272 frugum.
1583 235 1733 270 Εὑθηνήσει
1750 236 1825 264 dixit
1839 245 1896 264 non

187 285 284 310 autem
301 282 426 310 alterum
445 284 609 311 membrum
624 283 723 311 Basilii
739 283 881 310 memoria
896 290 1014 318 sugges-

187 326 225 354 sit
245 335 279 354 ex
304 326 458 363 Evangelio
484 327 611 355 Matthtei
635 336 693 361 xvx,
709 327 744 354 29
761 335 767 355 :
785 327 812 353 Ὁ
827 325 908 360 ἥλιος
924 336 1012 353 σκοτιη

186 371 325 406 σθήσεται,
342 371 386 398 κτιῖ
410 373 427 406 ἡ
451 371 552 406 σελήνη
579 372 610 399 οὐ
637 370 717 399 ’δώσει
741 371 772 398 τὸ
796 371 902 410 φέγγης,
919 370 1012 404 αὐτῆς·

189 416 235 443 Sol
259 417 460 452 obscurabitur,
475 420 500 445 et
525 417 592 444 luna
615 425 670 445 non
694 417 770 444 dabit
793 418 885 444 lumen
906 425 988 444 suum
1005 425 1014 442 :

187 461 233 488 cui
265 461 370 489 similis
402 461 483 489 locus
510 461 667 490 Ezechielis
691 470 781 494 xxxu,
804 462 822 488 7
839 470 845 488 :
861 459 961 488 Ἥλιον
987 460 1013 488 ἐν

186 503 286 543 νεφέλῃ
316 505 441 542 καλύψω,
470 505 515 533 καί
544 505 646 541 σελήνη
678 505 709 533 οὐ
735 506 773 542 μή
804 505 874 545 φάνῃ
900 506 931 533 τὸ
957 506 1015 544 φώς

188 549 284 584 αὐτῆς
300 550 388 579 Solem
404 552 435 579 in
449 552 521 579 nube
543 555 644 586 legam,
660 553 687 579 et
713 551 781 579 luna
795 559 848 578 non
864 549 1017 586 splendebit

187 595 295 622 lumine
320 603 385 627 suo;
406 596 556 632 Vulgata:
580 597 617 624 Et
645 596 713 624 luna
740 604 796 624 non
823 595 898 624 dabit
923 595 1014 623 lumen

186 647 280 667 suum.

222 688 282 717 Col.
315 689 366 716 127
393 691 412 716 C
442 690 486 717 13.
515 689 672 724 Ἑξήκοντα.
704 689 897 718 Henricianus
925 690 1015 717 codex

188 731 318 767 ἑξήκοντα
343 732 519 768 διαιροῦντες
545 737 574 762 ut
597 735 749 762 Medicaeus
774 732 920 769 διιλόντες,
946 743 1013 762 cum

189 778 343 806 Busiliensi
362 787 368 806 :
386 779 580 807 Montacutius
605 779 773 815 suspicatur
796 779 951 815 legendum
971 778 1015 806 δι-

188 821 295 854 nam;
312 832 404 859 μορια,
421 826 450 851 et
465 823 551 860 paulo
573 826 638 860 post
658 821 767 850 ἕκαστον
783 823 866 851 πάλιν
881 825 933 850 τῶν
951 823 1013 858 ἑξή-

186 876 270 893 κοντα
299 866 408 894 ἐκείνων
440 867 543 904 μορίων
573 867 756 902 ὲξηκοντάκις.
780 871 817 896 At
846 869 904 896 duo
934 869 1014 904 Regii

188 912 347 960 praeierunt
362 911 444 940 παλίν
465 913 519 940 τῶν
543 912 694 948 ὲξηκοστῶν
711 912 895 948 ὲξηκοντάκις.
912 913 1014 941 Eusta-
1030 927 1053 960 Β

187 956 278 989 thius,
291 965 439 993 eorumque
452 959 598 993 sexaginta
613 960 738 992 θεωρίας
751 959 891 994 portione:
905 966 1015 986 enume-

185 1003 259 1028 rant.
275 1003 314 1029 Ita
330 1001 418 1038 paulo
431 1005 498 1038 post
512 1002 653 1039 loquitur,
663 1004 703 1038 τῷ
717 1003 810 1040 χρόνῳ
825 1000 1010 1040 παραδραμεῖν

186 1043 267 1080 ὲξηκο
273 1044 328 1073 πά.

222 1094 296 1122 Ibid.
313 1095 346 1122 In
362 1095 514 1123 Basiliensi
539 1096 609 1124 edit.
627 1099 689 1124 erat
713 1095 827 1131 ἑκάστην
852 1096 1014 1134 τριακοστὴν

187 1141 294 1176 μοῖραν·
311 1140 411 1168 aberat
434 1143 532 1168 autem
549 1149 565 1168 a
579 1150 633 1169 ms.
652 1141 739 1176 Regio
764 1150 817 1169 vox
839 1142 1013 1177 τριακοστήν.

188 1184 335 1212 Eustathii
365 1185 566 1220 interpretatio
596 1186 736 1214 mendosa
763 1188 818 1221 est,
847 1186 877 1214 in
907 1187 1014 1222 quibus

186 1227 316 1256 diximus
333 1229 518 1257 decretorum
533 1232 641 1257 sortem
658 1230 749 1258 fuisse
762 1230 896 1258 divisam.
910 1230 1016 1258 Corna-

185 1271 247 1299 rius
262 1273 371 1308 aptius,
388 1284 402 1299 «
419 1273 448 1301 in
475 1282 547 1310 quas
571 1273 704 1310 singulas
729 1274 893 1302 tricesimus
916 1277 1014 1311 partes

184 1317 273 1345 dividi
291 1317 433 1346 diximus.
448 1329 462 1343 η

217 1371 277 1399 Col.
295 1371 346 1399 130
361 1372 444 1399 A12.
470 1373 531 1400 Erit
557 1373 652 1400 etiam.
683 1372 829 1408 Interpres
857 1374 983 1400 verterat
1006 1382 1013 1401 :

187 1427 201 1440 ‹‹
220 1416 317 1443 Faciet
332 1416 420 1444 etiam
437 1417 535 1444 omnia
551 1417 649 1445 animo
665 1420 819 1453 prompto:
837 1417 963 1453 denique
979 1418 1013 1446 ad

187 1462 333 1495 quaestum
350 1461 466 1497 ingenio
483 1461 608 1489 solertia
626 1462 663 1489 At
677 1461 821 1496 προετικός
835 1465 889 1490 est.
906 1462 957 1496 qui
973 1463 1015 1489 fa-

186 1504 241 1531 cile
257 1504 394 1541 npo‘ts-m,
410 1507 442 1533 ut
457 1506 534 1542 apud
550 1506 748 1538 Aristotelem.
767 1507 835 1541 μήτε
851 1505 1014 1544 φυλακτικὸν

186 1548 329 1585 προετικὸν
341 1547 380 1583 δὲ,
389 1561 402 1574 ‹‹
416 1558 468 1578 nec
479 1551 515 1578 ad
526 1551 752 1579 custodiendum
765 1551 908 1587 pertinax,
918 1552 968 1580 sed
980 1552 1015 1579 ad

187 1593 424 1629 profundendum
439 1594 532 1622 facilis
543 1603 576 1623 ac
593 1598 743 1631 paratus,»
755 1604 782 1623 iv
796 1596 896 1629 Ethic.,
909 1604 973 1632 cap.
985 1597 1014 1624 2.

185 1638 341 1666 Cornarius
367 1639 403 1666 ab
429 1638 555 1667 auctoris
579 1643 677 1668 mente
701 1648 759 1667 non
784 1640 939 1676 aberravit,
958 1652 968 1665 ι
986 1643 1014 1668 et

186 1681 370 1710 voluntarius
385 1683 421 1710 ad
444 1683 587 1711 dandum.
603 1686 631 1711 et
654 1693 773 1712 rursum
800 1688 954 1721 promptus
979 1687 1014 1713 ad

186 1725 431 1762 acquirendum.»
439 1727 610 1755 Eustathius
620 1731 720 1756 contra
728 1729 938 1764 interpretatur
945 1738 1015 1765 qua-

186 1770 211 1799 si
227 1779 284 1798 non
307 1770 447 1806 προῒεσθαι
464 1771 600 1805 voluerit,
617 1773 666 1800 sed
692 1772 853 1809 προεστάναι
869 1781 947 1807 eum,
965 1774 1013 1810 qui

186 1815 241 1842 sub
257 1815 346 1843 ariete
358 1818 445 1843 notus
461 1815 510 1851 sit,
525 1826 538 1840 ι(
550 1815 735 1843 Ριιωείίίαιθω
746 1824 864 1852 quoque
880 1817 1013 1845 futurum

185 1861 215 1887 et
230 1862 444 1895 quastuosum.
456 1871 470 1886 π
487 1861 542 1888 Sed
559 1860 702 1898 προετικόν
723 1862 840 1897 qualem
862 1862 1014 1898 appellarit

186 1904 296 1931 indicat
316 1907 416 1940 postea
441 1904 558 1938 clarius,
575 1914 642 1933 cum
668 1905 719 1939 ait,
736 1904 915 1942 εὖμετάδοτος
929 1906 980 1944 γὰρ
998 1907 1012 1934 ὁ

185 1945 305 1984 χριανός.
324 1950 409 1977 Porro
425 1949 501 1977 hanc
520 1950 771 1986 genethliacorum
786 1951 945 1980 vanitatem
961 1952 1012 1980 iis-

187 1993 253 2020 dem
270 1992 433 2021 rationibus
455 1996 606 2030 oppugnat
626 1996 653 2022 S.
670 1995 855 2031 Augustinus
869 1995 921 2024 lib.
939 2005 959 2024 II
975 1997 1012 2024 De

185 2037 311 2065 doctrina
326 2037 500 2072 Christiana,
512 2047 575 2074 cap.
589 2039 634 2074 21,
647 2047 714 2066 cum
730 2039 770 2067 ait
786 2041 1010 2070 mathematicos

185 2080 264 2114 illos,
281 2081 331 2117 qui
347 2081 416 2109 dum
434 2081 586 2110 stellarum
602 2083 788 2119 positionem,
802 2092 869 2112 cum
885 2085 1011 2121 quisque

187 2126 329 2160 nascitur,
346 2129 559 2162 consectantur,
576 2129 605 2155 et
620 2128 687 2155 inde
705 2130 850 2156 conantur
861 2129 905 2157 vel
921 2130 1011 2158 actio-

189 2179 241 2198 nes
257 2173 373 2199 nostras
387 2171 431 2199 vel
446 2172 596 2200 octionum
616 2175 720 2200 eventa
739 2173 905 2208 praedicere,
922 2175 1011 2203 nimis

188 2223 296 2250 errare,
312 2223 346 2243 ac
360 2217 486 2243 vendere
506 2216 675 2244 hominibus
690 2217 835 2253 imperitis
859 2219 1012 2247 miserabi-

188 2258 245 2286 lem
268 2259 450 2288 servitutem.
462 2271 476 2285 ‹‹
492 2260 565 2289 Nam
582 2261 707 2297 quisque
724 2261 808 2297 liber,
825 2262 932 2299 inquit,
943 2271 1011 2292 cum

189 2303 224 2331 ad
238 2304 383 2339 ejusmodi
409 2295 826 2342 mathematicum—ingressus
849 2295 946 2344 fuerit,
962 2309 1013 2337 dat
1027 2295 1051 2328 D

187 2347 356 2383 pecuniam,
373 2351 405 2376 ut
420 2357 523 2378 servus
537 2350 605 2378 inde
619 2352 702 2379 exeat
715 2353 766 2379 aut
780 2351 882 2380 Martis
897 2355 948 2381 aut
960 2353 1013 2381 Ve-

187 2392 276 2427 neris,
292 2392 335 2421 vel
352 2393 450 2429 potius
465 2394 598 2422 omnium
613 2395 757 2430 siderum,
773 2396 880 2432 quibus
895 2397 948 2433 illi,
961 2398 1011 2434 qui

187 2436 274 2472 primi
289 2440 470 2472 erraverunt,
486 2438 530 2466 vel
552 2439 713 2468 bestiarum
735 2443 855 2477 propter
869 2442 1011 2470 similitu-

186 2481 296 2514 dinem,
308 2481 352 2509 vel
363 2482 517 2510 hominum
533 2484 568 2511 ad
585 2484 664 2520 ipsos
675 2485 809 2514 homines
825 2486 1011 2515 honorandos

185 2527 391 2563 imposuerunt
414 2527 563 2556 vocabula.
579 2537 592 2554 I
611 2528 683 2557 Vide
697 2529 785 2558 etiam
809 2532 893 2560 Joan.
909 2531 1010 2560 Picum

186 2571 216 2599 in
240 2572 376 2607 Astrolog.
393 2571 443 2600 lib.
460 2581 496 2606 γι,
512 2581 576 2609 cap.
595 2573 638 2608 15,
652 2577 679 2601 et
700 2574 760 2602 Jos.
776 2575 956 2612 Scaligerum
980 2576 1010 2604 in

185 2615 262 2644 Noti:
285 2616 325 2644 ad
348 2616 503 2651 Manilium,
520 2617 570 2653 qui
587 2625 621 2646 ex
636 2618 716 2646 Aben
731 2619 802 2647 Ezra
827 2620 915 2648 refert
939 2621 1011 2649 alias

186 2660 331 2697 imagines
361 2662 460 2690 ﬁxisse
486 2662 557 2691 caelo
586 2663 699 2698 Persas,
723 2662 797 2692 alias
824 2664 922 2699 Indos,
938 2665 1011 2694 alias

185 2705 307 2741 sphaera;
333 2706 494 2735 Barbariem
514 2709 658 2736 auctores.
674 2708 783 2736 Arabes
795 2710 884 2737 etiam
909 2718 1011 2739 omnes

186 2750 385 2785 Egyptiorum
409 2752 669 2789 Chaldaorumque
693 2753 838 2789 imagines
862 2754 1009 2791 evertisse,

186 2801 348 2830 omnesque
359 2797 529 2826 asterismos
538 2799 737 2827 commutasse
747 2798 839 2827 tradit
848 2799 1012 2829 Alexander

168 2879 169 2882 η
187 2838 223 2867 de
238 2838 367 2875 Angelis,
381 2839 432 2869 lib.
449 2849 487 2876 ιν,
505 2850 569 2879 cap.
585 2843 631 2879 23,
646 2843 779 2873 Adversus
793 2844 956 2881 astrologos.

1068 280 1182 317 εὐθυνεῖ,
1194 283 1225 309 ut
1239 281 1343 317 legisse
1352 281 1467 309 videtur
1477 281 1621 317 interpres
1632 280 1793 315 scribens,«
1806 289 1897 317 quan-

1068 326 1105 353 do
1122 328 1198 354 rccte
1214 326 1332 362 quidem
1350 326 1481 353 facturus
1495 325 1611 352 videtur
1625 325 1766 361 agricola;
1781 336 1795 350 n
1809 327 1896 361 atque

1069 368 1187 401 εὐθύνειν
1205 382 1219 396 α
1234 370 1366 406 quidem,
1383 382 1394 396 ι
1414 373 1445 397 ut
1468 370 1509 397 ait
1532 369 1684 406 Sophoclis
1708 369 1895 405 scholiastes,

1069 414 1177 442 dicitur
1202 413 1244 441 ἐπὶ
1270 424 1323 441 των
1349 413 1522 451 ὀρθουμένων
1547 413 1647 449 λοξῶν,
1659 422 1743 442 neum
1773 422 1808 442 ea
1834 422 1896 450 qua:

1069 461 1140 487 sunt
1153 461 1294 492 tortuosa,
1309 462 1388 487 recta
1403 460 1494 492 ﬁunt;
1511 470 1525 483 »
1541 461 1571 486 at
1586 457 1709 492 εὐθηνεῖν
1725 457 1770 485 ἐπὶ
1782 468 1838 485 των
1855 457 1896 485 εὖ-

1068 502 1238 540 τυχούντων,
1259 515 1272 529 ‹‹
1295 511 1360 531 cum
1387 503 1535 540 prosperis
1559 503 1746 533 successibus
1771 503 1896 538 utimur,

1069 556 1137 575 cum
1153 548 1315 576 exuberant
1328 556 1385 583 res,
1397 550 1431 576 ut
1444 549 1593 584 optamus,
1603 557 1616 574 ι
1633 550 1666 575 ut
1681 547 1784 576 homil.
1798 548 1814 575 4
1831 548 1898 575 dici-

1069 594 1118 620 tur
1133 591 1274 629 ὀρχήστρα
1290 590 1476 628 ιύθηνουμίνη
1495 591 1623 629 θιάμρσιν
1648 590 1825 622 ἀκολάστοις.
1840 593 1898 620 Eu-

1070 636 1235 670 stathius,«
1252 637 1359 673 quibus
1385 636 1474 673 copiis
1493 636 1642 664 fructuum
1667 637 1783 673 possint
1807 637 1897 665 etiam

1070 689 1126 709 non
1143 682 1332 717 operantibus
1348 682 1508 710 abundare.
1521 692 1535 707 »
1551 682 1719 714 Carnarius,
1733 693 1747 707 ‹‹
1764 681 1827 710 imo
1843 681 1897 710 fer-

1070 726 1174 754 tilitate
1189 726 1353 754 abundabit
1368 726 1505 762 agricola.
1520 737 1531 751 ι
1549 727 1636 754 Porro
1651 727 1784 754 eamdem
1802 728 1897 754 astro-

1069 770 1202 806 logorum
1218 770 1375 798 vanitatem
1398 771 1536 798 inducere
1562 771 1611 798 fati
1637 770 1855 806 necessitatem,
1871 773 1899 799 et

1069 824 1086 843 a
1101 815 1205 850 pietate
1216 823 1248 842 ac
1262 816 1318 843 (ide
1329 815 1465 843 homines
1480 823 1610 850 avocare,
1621 816 1756 851 pluribus
1766 816 1898 843 ostendit

1069 859 1098 887 in
1116 859 1331 887 Commentario
1347 859 1376 887 in
1393 859 1474 887 Isaia;
1490 867 1553 895 cap.
1570 868 1618 887 xiv
1632 868 1639 887 :
1655 862 1710 890 Πᾶς
1726 857 1756 886 δὲ
1771 859 1786 886 ὁ
1801 861 1836 886 τᾶ
1849 862 1899 894 τῆς

1069 902 1196 940 γενέσεως
1220 903 1368 941 πράγματα
1396 902 1613 940 ἀποδεχόμενος,
1633 904 1678 931 καί
1701 903 1826 942 ἀνάγκην
1853 904 1898 931 καὶ

1069 947 1246 985 εἱμαρμένην,
1258 949 1303 975 καὶ
1316 948 1500 986 πιπρωμὲνην
1516 945 1681 986 πρεσϐεύων.

1105 993 1165 1021 Col.
1198 993 1233 1021 35
1247 994 1329 1021 A10.
1354 996 1408 1021 Pro
1423 995 1556 1029 portione.
1579 993 1654 1021 Κατὰ
1679 992 1762 1031 utpar
1786 993 1901 1022 mavult

1068 1037 1189 1065 doctiss-
1202 1038 1401 1066 Montacutius
1415 1038 1490 1066 verti
1501 1050 1515 1063 «
1532 1046 1584 1074 per
1598 1040 1708 1074 partes,
1724 1038 1898 1074 paulatim.»

1069 1082 1226 1110 Cornarius
1249 1082 1377 1118 scripsit,
1402 1093 1416 1108 ‹‹
1444 1082 1670 1118 particulariter.
1684 1093 1698 1107 »
1714 1083 1898 1117 Eustathius,

1071 1137 1085 1153 «
1100 1127 1242 1163 paulatim
1268 1127 1418 1163 componit
1442 1127 1625 1164 temperiem.
1639 1138 1653 1152 »
1669 1129 1758 1155 Porro
1783 1135 1849 1164 quas
1864 1127 1898 1155 de

1069 1171 1157 1200 asciis
1175 1174 1203 1199 et
1219 1171 1392 1208 amphisciis
1414 1171 1496 1199 affert
1511 1172 1567 1200 sub
1582 1172 1669 1200 ﬁnem
1686 1172 1802 1208 pagina!
1817 1172 1898 1200 Basi-

1069 1216 1137 1251 lius,
1153 1225 1187 1244 ex
1201 1217 1342 1244 Strabone
1361 1216 1563 1252 desumpsisse
1577 1216 1791 1252 videtur,cujus
1807 1217 1899 1244 inter-

1069 1269 1136 1297 pres
1149 1261 1195 1289 his
1210 1261 1316 1289 iisdem
1327 1260 1447 1289 vocibus
1459 1261 1561 1289 utitur.
1573 1260 1685 1289 Plinius
1695 1261 1784 1289 etiam
1801 1261 1853 1289 lib.
1866 1269 1898 1296 ιι,

1069 1314 1134 1342 cap.
1148 1306 1195 1341 73,
1211 1305 1283 1333 dixit
1295 1314 1302 1334 :
1315 1317 1328 1330 ι‹
1345 1305 1458 1338 Quibus
1472 1305 1501 1332 in
1518 1305 1590 1333 locis
1606 1305 1693 1333 India:
1708 1305 1824 1333 umbras
1839 1314 1898 1333 non

1070 1350 1140 1384 sint,
1153 1350 1383 1386 septentrionem
1400 1358 1457 1378 non
1470 1349 1610 1386 conspici,
1627 1352 1656 1377 et
1669 1358 1704 1378 ea
1719 1350 1782 1378 loca
1797 1349 1899 1386 appel-

1069 1394 1123 1422 lari
1141 1395 1236 1428 Ascia,
1250 1403 1302 1422 nec
1317 1394 1405 1423 horas
1418 1395 1458 1422 ibi
1470 1394 1661 1423 dinumerari.
1671 1405 1686 1420 »
1698 1397 1737 1422 De
1751 1394 1900 1423 Arabibus

1070 1440 1158 1467 etiam
1185 1439 1361 1475 amphisciis
1390 1440 1466 1475 quod
1496 1439 1627 1475 subjicit,
1652 1447 1828 1475 germanum
1857 1441 1901 1467 est

1070 1484 1139 1519 illis,
1156 1492 1219 1520 quis
1235 1484 1271 1512 ab
1287 1483 1473 1513 astronomia:
1488 1483 1590 1520 peritis
1609 1483 1737 1512 citantur
1751 1491 1787 1512 ex
1803 1492 1824 1511 ιι
1842 1484 1900 1512 Lu-

1071 1528 1136 1556 cani
1153 1529 1226 1557 libro
1243 1537 1250 1557 :

1142 1598 1271 1630 Ignotum
1285 1596 1359 1625 vobis
1372 1596 1475 1624 Arabs:
1489 1596 1603 1624 venisti:
1618 1597 1649 1623 in
1667 1596 1772 1629 orbem,
1790 1589 1792 1591 ’

1098 1632 1108 1638 “
1145 1633 1258 1661 Umbras
1271 1633 1370 1660 mirati
1383 1640 1527 1660 nemorum
1541 1640 1595 1660 non
1612 1633 1655 1660 ire
1667 1632 1809 1660 sinistras.

1106 1710 1120 1725 «
1135 1698 1246 1727 Volunt
1259 1699 1338 1727 enim
1353 1698 1530 1733 significare,
1546 1698 1642 1734 inquit
1655 1697 1772 1726 Cluvius
1787 1698 1900 1729 noster,

1069 1744 1180 1771 Arabes
1195 1743 1268 1771 citra
1283 1743 1427 1779 tropicum
1439 1743 1541 1771 Cancri
1552 1742 1677 1777 venisse,
1689 1742 1741 1770 ubi
1756 1744 1899 1778 perpetuo

1069 1796 1223 1824 corporum
1236 1788 1346 1816 umbra:
1362 1789 1392 1816 in
1405 1788 1527 1816 meridie
1537 1795 1642 1815 versus
1652 1787 1896 1823 septentrionem.

1068 1833 1123 1860 hoc
1135 1835 1179 1860 est
1189 1833 1223 1860 ad
1234 1833 1366 1860 dextram
1379 1832 1484 1860 mundi
1496 1833 1780 1868 partem,nunquam
1792 1839 1896 1859 versus

1068 1880 1202 1906 austrum
1218 1877 1253 1905 ad
1271 1877 1423 1905 sinistram
1438 1880 1551 1912 partem
1570 1876 1778 1912 projiciuntur.
1792 1887 1807 1900 ››

1103 1921 1162 1950 Col.
1184 1922 1230 1949 [3’7
1248 1921 1268 1949 Β
1285 1922 1329 1949 11.
1347 1921 1468 1954 Quatuor
1490 1921 1568 1948 anni.
1584 1920 1659 1955 Non,
1681 1922 1715 1948 ut
1739 1920 1896 1956 interpres,

1067 1978 1081 1992 ‹‹
1099 1966 1318 1995 exactissimum
1333 1968 1498 2002 temporum
1516 1973 1704 1998 concursum,
1717 1975 1731 1990 ι)
1743 1974 1799 1991 των
1817 1963 1896 2001 ὡρῶν

1067 2009 1235 2049 συνδρομήν.
1251 2010 1424 2038 Eustathius
1444 2010 1530 2038 vertit
1553 2010 1590 2038 ad
1605 2009 1738 2044 verbum,
1753 2019 1765 2033 ι
1783 2011 1818 2037 ut
1830 2009 1898 2036 dili-

1066 2056 1184 2092 gentius
1195 2055 1333 2083 horarum
1346 2054 1440 2091 possit
1450 2053 1546 2091 colligi
1558 2054 1687 2090 perfecta
1709 2054 1895 2082 concursio.»

1066 2100 1110 2129 Ita
1125 2099 1198 2128 dixit
1211 2099 1349 2128 Horatius
1363 2098 1393 2126 in
1408 2101 1472 2127 Arte
1486 2108 1494 2126 :

1121 2160 1174 2194 Qui
1186 2167 1275 2196 purgo
1291 2158 1375 2186 bilem
1387 2158 1439 2186 sub
1456 2158 1534 2186 verni
1545 2158 1675 2194 tempori:
1689 2158 1790 2186 horam
1805 2166 1816 2185 :

1066 2219 1095 2246 et
1109 2219 1164 2246 ode
1180 2218 1213 2245 12
1228 2217 1279 2245 lib.
1296 2225 1305 2244 ι
1322 2225 1328 2245 :

1120 2290 1173 2324 Qui
1187 2297 1264 2318 mare
1279 2291 1304 2317 et
1317 2291 1417 2322 terras,
1433 2288 1574 2323 variisque
1587 2287 1721 2316 mundum

1350 2325 1492 2360 Temperat
1505 2324 1592 2352 horis.

1102 2396 1182 2429 Quod
1198 2398 1295 2424 autem
1313 2395 1354 2424 ait
1369 2395 1505 2424 Hebreos
1517 2394 1664 2431 quondam
1679 2393 1720 2422 ita
1736 2392 1835 2422 metiri
1850 2401 1895 2422 so-

1066 2440 1136 2469 litos
1147 2449 1269 2474 annum,
1278 2443 1312 2469 ut
1327 2440 1399 2469 luna
1408 2448 1473 2468 cum
1486 2447 1572 2468 sunm
1587 2446 1706 2467 cursum
1719 2438 1894 2474 peregisset,

1067 2486 1137 2514 anni
1153 2485 1283 2513 etfectrix
1297 2487 1383 2519 esset,
1401 2484 1511 2512 indicat
1532 2483 1652 2512 lunares
1666 2482 1785 2510 illorum
1802 2482 1894 2511 fuisse

1066 2539 1160 2559 annos
1174 2532 1203 2558 et
1217 2537 1345 2565 menses,
1362 2537 1394 2557 ac
1413 2528 1535 2565 proinde
1549 2536 1616 2556 cum
1631 2526 1786 2555 duodecim
1806 2526 1893 2555 luna-

1066 2575 1160 2604 tiones
1182 2574 1289 2611 elapsae
1303 2575 1413 2608 essent,
1424 2573 1487 2601 dies
1501 2575 1613 2600 tantum
1628 2580 1724 2600 cccuv
1739 2574 1892 2607 peractos;

1065 2627 1191 2656 cumque
1207 2619 1311 2647 solaris
1327 2627 1424 2647 annus
1434 2618 1473 2646 sit
1487 2617 1600 2646 dierum
1616 2625 1722 2645 ccccxv
1735 2624 1804 2645 cum
1821 2624 1893 2652 qua-

1065 2665 1180 2699 drante,
1191 2672 1311 2693 necesse
1327 2663 1418 2692 fuisse
1436 2670 1567 2691 mensem
1583 2661 1786 2689 intercalerem
1804 2660 1891 2688 adde-

1065 2717 1107 2745 re,
1124 2711 1156 2738 ut
1171 2710 1289 2738 lunares
1315 2708 1358 2737 illi
1382 2708 1452 2737 anni
1467 2706 1612 2736 solarihus
1628 2707 1825 2742 aequarentur.
1839 2706 1891 2732 Ca-

1065 2754 1147 2783 rolus
1162 2754 1302 2791 Sigonius
1321 2753 1372 2782 lib.
1387 2762 1429 2790 m,
1441 2761 1505 2789 cap.
1523 2760 1542 2786 ι,
1558 2751 1595 2779 De
1609 2750 1751 2787 republica
1765 2750 1891 2779 Hebraeo—

1065 2807 1128 2828 rum
1151 2799 1252 2833 tradit,
1268 2807 1318 2828 eos
1340 2797 1554 2835 interposuisse
1575 2796 1639 2825 dies
1663 2795 1730 2824 illos
1751 2794 1889 2823 undecim

1065 2852 1134 2874 cum
1160 2843 1334 2880 quadrante,
1348 2842 1477 2874 secundo
1492 2843 1522 2871 et
1540 2842 1642 2877 quarto
1667 2847 1787 2877 quoque
1813 2846 1889 2868 anno
