2011 3142
95 159 154 190 993

652 159 703 189 AD
725 157 913 188 HOMILIAS
935 157 976 188 IN
997 158 1282 189 HEXAEMERON.

1745 161 1807 191 991

93 227 161 263 post
177 233 310 254 mensem
323 225 529 254 duodecimum
546 225 597 261 qui
616 225 726 253 dicitur
740 224 826 259 Adar,
842 223 921 253 deci-
936 225 964 259 Α
979 225 1056 260 quod
1071 225 1246 254 recentiores
1262 225 1365 260 Graci,
1382 227 1414 254 ut
1434 225 1640 260 Athenienses,
1655 227 1726 255 anni
1746 227 1808 255 for-

94 279 178 299 mum
189 270 322 305 tertium,
338 278 426 306 quem
441 270 586 299 vocabant
600 270 719 306 Veadar,
735 270 850 298 dierum
879 269 924 297 vi—

91 315 166 351 ginti
181 315 308 343 duorum
324 318 353 343 et
368 314 470 352 viginti
489 315 590 349 trium,
607 326 621 341 ‹‹
635 315 748 343 vicibus
772 314 924 343 alternatis

92 360 197 388 habita
216 360 329 388 ratione
345 359 530 396 quadrantis.
550 371 560 384 ι
579 360 657 388 Beda
670 367 739 388 vero
767 359 796 387 in
823 359 874 387 lib.
888 360 925 387 De

92 410 249 441 temporum
264 406 384 440 ratione,
403 413 467 441 cap.
485 405 530 440 43,
544 405 680 433 Hebraeos
707 405 758 439 ait,
774 405 824 440 qui
847 404 925 432 solos

93 450 215 478 lunares
231 449 261 477 in
277 449 340 485 lege
364 452 506 478 noverant
528 451 557 477 et
585 449 780 478 observabant
796 457 926 482 menses,

89 500 177 535 juxta
187 498 354 527 naturalem
366 499 441 527 lunai
451 507 572 527 cursum
583 499 704 528 tricenis
715 498 927 527 undetricenis-

92 552 149 580 que
159 544 267 572 diebus
278 544 482 572 communium
490 553 636 573 annorum
648 552 766 572 menses
775 544 927 572 duodenos

92 589 284 625 explicuisse,
293 591 322 617 et
335 589 420 618 tertio
430 589 476 617 vel
490 590 631 623 secundo,
643 589 692 617 ubi
703 589 836 622 decebat,
849 596 926 616 anno

92 634 217 662 tertium
230 634 379 662 decimum
396 634 425 662 in
442 634 499 662 ﬁne
511 634 581 663 anni
593 642 723 662 mensem
736 634 858 669 triginta
869 633 928 661 die-

93 687 159 707 rum
177 678 353 715 apposuisse
369 678 589 707 embolismum.
606 681 670 708 Non
695 679 796 716 igitur,
813 681 845 706 ut
867 677 930 706 vult

91 723 246 759 Sigonius,
262 723 392 752 secundo
405 725 435 751 et
447 726 550 759 quarto
567 732 686 760 quoque
715 731 792 751 anno
818 724 930 751 mensis

93 767 197 804 viginti
215 768 342 796 duorum
357 770 408 796 aut
423 768 526 804 viginti
550 769 641 796 trium
662 769 777 796 dierum
794 777 801 796 :
819 768 882 801 sed,
898 769 931 796 ut

96 813 181 841 docet
194 812 273 840 Beda
289 821 296 840 :
314 824 328 838 ‹‹
343 812 530 849 Colliguntur
542 815 608 849 post
623 815 683 841 tres
698 821 791 841 annos
807 813 870 841 dies
879 820 930 840 un-

96 857 204 892 decim,
221 859 251 885 et
265 857 340 885 ﬁunt
355 857 417 885 dies
434 857 556 894 triginta
571 859 640 890 tres,
658 858 735 885 unde
750 857 836 886 tertio
852 865 929 885 anno

98 901 389 930 ﬁtembolismusseu
398 902 579 930 intercalatio
591 902 701 930 mensis
714 902 802 930 unius
810 902 931 937 triginta

100 946 217 974 dierum
226 955 233 980 ;
241 949 300 974 tres
310 954 377 974 vero
389 946 438 982 qui
451 949 612 982 supersunt
623 947 697 980 dies,
707 946 829 982 adjectis
840 946 930 974 trium

101 999 248 1019 annorum
265 991 453 1026 sequentium
467 991 562 1019 tribus
583 990 702 1025 diebus,
718 991 794 1019 ﬁunt
809 991 932 1027 triginta

100 1043 166 1063 sex:
178 1043 254 1070 quos
263 1043 313 1062 sex
325 1035 350 1062 si
362 1035 477 1063 duobus
489 1035 576 1063 annis
592 1035 735 1070 adjeceris
756 1035 807 1070 qui
823 1035 933 1063 habent

101 1082 134 1107 22
144 1080 221 1114 dies,
235 1079 378 1107 flentdies
386 1080 431 1107 28.
443 1080 600 1115 Propterea
616 1082 682 1115 post
698 1080 859 1115 septimum
877 1088 932 1108 an-

103 1132 174 1152 num
191 1132 251 1152 non
268 1124 365 1157 tertio,
377 1124 428 1152 sed
443 1125 572 1152 secundo
583 1133 660 1152 anno
672 1124 706 1152 fit
719 1124 932 1152 intercalatio.»

105 1170 141 1197 De
155 1167 265 1196 Gracia
280 1167 411 1204 antiquis
426 1169 592 1196 audiendus
607 1168 726 1196 Solinus
741 1169 771 1196 in
793 1168 932 1204 Polyhisl.

104 1213 192 1248 cap.3
205 1221 211 1241 :
226 1223 240 1238 ‹‹
256 1212 608 1249 Greci,inquit,singulis
625 1212 710 1240 annis
725 1213 860 1240 undecim
871 1212 934 1241 dies

105 1264 134 1290 et
159 1261 356 1297 quadrantem
371 1261 572 1295 detrahebant,
588 1269 697 1297 eosque
719 1261 809 1289 octies
833 1261 934 1289 multi-

107 1306 231 1343 plicatos
246 1305 277 1333 in
291 1314 403 1333 annum
420 1314 530 1334 nonum
555 1306 752 1340 reservabant,
768 1308 801 1334 ut
816 1309 934 1334 contra-

107 1353 173 1378 ctus
190 1349 408 1386 nonagenarius
424 1358 567 1378 numerus
582 1350 611 1377 in
626 1358 743 1378 menses
753 1352 812 1378 tres
824 1358 874 1386 per
887 1350 936 1378 tri-

109 1403 198 1423 cenos
217 1394 280 1423 dies
296 1394 488 1429 scinderetur,
499 1394 548 1430 qui
564 1402 642 1422 anno
659 1402 736 1422 nono
751 1394 878 1422 restituti
894 1394 935 1422 ef-

110 1439 249 1467 ﬁciebant
276 1439 339 1467 dies
355 1439 586 1475 quadringentos
601 1447 676 1473 xuv,
693 1435 875 1474 ἐμϐολίμους,
891 1438 935 1466 vel

110 1480 333 1519 ὑπερϐάλλοντας
347 1483 550 1511 nominabant.
567 1493 581 1508 ι»
598 1483 764 1510 Macrobius
779 1483 866 1510 etiam
884 1482 934 1510 lib.

108 1537 117 1556 ι
132 1528 289 1561 Saturnal.,
306 1536 370 1564 cap.
387 1527 440 1555 l3:
458 1538 472 1553 «
491 1527 681 1555 Intercalares
697 1529 808 1555 statuta
823 1527 936 1554 ratione

108 1573 267 1600 commenti
284 1574 363 1606 sunt,
378 1571 419 1599 ita
432 1574 466 1600 ut
479 1574 581 1600 octavo
602 1579 720 1607 quoque
745 1579 820 1599 anno
842 1579 934 1599 nona-

106 1616 187 1652 ginta
202 1616 276 1649 dies,
285 1625 319 1644 ex
335 1617 444 1652 quibus
458 1618 517 1644 tres
531 1624 649 1644 menses
659 1616 803 1643 tricenum
820 1615 934 1643 dierum

107 1662 347 1696 composuerunt,
373 1660 594 1688 intercalarent.
623 1660 654 1687 Id
679 1660 770 1687 Graeci
794 1659 937 1692 fecerunt,

108 1709 249 1746 quoniam
265 1711 328 1737 erat
342 1717 498 1745 operosum
508 1711 596 1745 atque
605 1709 725 1736 difﬁcile
738 1709 874 1736 omnibus
886 1717 937 1736 an-

110 1755 156 1781 nis
170 1762 201 1781 x1
215 1754 279 1782 dies
294 1755 323 1781 et
347 1754 540 1789 quadrantem
556 1752 739 1781 intercalare.
760 1755 860 1789 Itaque
876 1761 938 1780 ma-

109 1798 232 1826 luerunt
242 1798 319 1826 hunc
330 1806 487 1825 numerum
496 1799 587 1825 octics
597 1797 804 1833 multiplicare,
816 1800 844 1825 et
854 1805 940 1825 nona-

113 1843 197 1880 ginta
210 1843 284 1876 dies,
302 1843 352 1878 qui
368 1842 574 1874 nascuntur,’si
590 1842 740 1877 quadrans
751 1850 818 1870 cum
835 1842 939 1870 diebus

113 1886 250 1915 undecim
262 1886 353 1914 octies
363 1888 568 1922 componatur,
580 1886 709 1914 inserere
718 1886 747 1913 in
762 1894 811 1914 sex
824 1894 940 1914 menses

111 1923 343 1959 distribuendos.
361 1942 375 1955 »
396 1933 467 1958 Item
491 1931 657 1959 Herodotus
676 1930 728 1958 lib.
745 1938 764 1958 ιι
782 1940 788 1958 :
805 1929 940 1965 ’Έλληνες

112 1973 158 2002 διὰ
178 1975 276 2012 τρίτου
298 1973 356 2005 ἔτος
384 1971 538 2010 ἐμϐόλιμον
555 1971 761 2010 ἐπεμϐάλλουσι
776 1976 830 2001 τῶν
847 1974 940 2011 ὡρέων

108 2017 198 2046 ἕνεκα·
217 2030 231 2043 ‹‹
254 2019 346 2048 61·ωοί
374 2019 460 2047 tertio
486 2027 604 2055 quoque
631 2028 708 2047 anno
736 2019 940 2047 intercalarem

113 2071 243 2092 mensem
259 2064 451 2092 introducunt
474 2066 640 2099 temporum
657 2063 761 2100 gratia.
781 2075 795 2089 »
811 2064 941 2100 Denique

113 2109 277 2136 secundum
294 2108 437 2144 quosdam
447 2109 560 2136 Graecos
570 2109 647 2144 apud
664 2108 871 2144 Epiphanium,
883 2109 940 2136 has-

114 2152 170 2181 resi
188 2161 252 2185 Lxx,
268 2152 336 2180 licet
350 2153 435 2180 tertio
451 2161 568 2188 quoque
583 2160 661 2180 anno
681 2153 733 2180 fiat
758 2153 942 2181 intercalatio

114 2197 203 2225 unius
219 2196 332 2224 mensis
346 2197 468 2233 triginta
483 2197 611 2230 dierum,
627 2199 656 2224 et
673 2199 753 2225 sexto
773 2198 844 2224 item
865 2206 942 2226 anno

114 2242 236 2270 alterius
252 2241 364 2269 mensis
379 2241 501 2277 triginta
515 2241 584 2269 item
597 2241 827 2276 dierum,tamen
840 2245 941 2270 octavo

115 2294 193 2314 anno
209 2286 361 2320 interjecto
390 2286 476 2313 tertio
500 2285 571 2313 item
587 2294 686 2313 mense
702 2285 852 2314 concludit
869 2294 875 2314 :
891 2286 942 2314 Καὶ

113 2330 201 2360 οὕτως
217 2330 286 2357 κατὰ
301 2327 428 2366 περίοδον
446 2328 639 2365 ὀκταετηρίδος
668 2328 842 2364 ἐννενήκοντα
870 2329 942 2366 ἡμὲ-

115 2385 170 2412 ραι,
187 2374 288 2405 οἳτινές
310 2373 361 2400 εἶσι
385 2372 570 2410 πληρὲστατοι
591 2371 743 2409 ἐμϐόλιμοι
762 2377 843 2410 μῆνες
859 2377 941 2411 τρεῖς,

116 2425 142 2452 οἳ
174 2423 295 2453 γίνονται
321 2423 389 2450 κατά
416 2423 479 2460 τρία
507 2420 553 2457 ἔτη
586 2424 640 2459 μὴν
663 2424 714 2459 εἷς,
730 2424 774 2450 καὶ
799 2423 867 2451 κατὰ
895 2422 942 2451 δύο

115 2468 213 2504 ὕστερα
232 2465 279 2502 ἔτη
298 2468 351 2504 μὴν
369 2468 416 2499 εἷς·
433 2479 447 2492 ‹‹
462 2470 555 2503 Atque
584 2468 624 2495 ita
654 2476 705 2504 per
733 2469 862 2496 octennii
886 2469 942 2496 cir-

115 2514 227 2542 cuitum
244 2512 456 2540 intercalantur
471 2512 534 2540 dies
549 2512 720 2548 nonaginta,
738 2512 787 2548 qui
801 2515 871 2540 sunt
883 2512 942 2549 ple-

117 2558 236 2586 nissimi
253 2565 370 2584 menses
386 2556 574 2584 intercalares
599 2558 669 2588 tres,
686 2558 714 2583 et
734 2556 765 2583 fit
785 2556 814 2583 in
840 2557 944 2592 primis

117 2603 214 2630 tribus
230 2602 317 2629 annis
333 2601 443 2629 mensis
461 2603 585 2635 unus,et
602 2601 628 2628 in
646 2600 761 2628 duobus
778 2601 944 2636 posteriori-

117 2648 172 2675 bus
189 2646 277 2675 annis
296 2646 406 2674 mensis
417 2654 504 2673 unus.
522 2656 536 2670 »
553 2647 653 2682 Itaque
669 2645 697 2672 in
713 2645 846 2673 eamdem
863 2653 944 2674 sum-

116 2700 194 2719 mam
211 2691 288 2719 redit
303 2694 367 2726 post
383 2692 447 2718 octo
466 2698 559 2718 annos
584 2689 745 2725 nonaginta
769 2690 883 2717 dierum
914 2690 944 2718 in

116 2737 213 2764 tribus
222 2735 376 2763 mensibus
388 2734 580 2762 intercalatio.
594 2734 744 2762 Postremo
757 2734 879 2762 observa
890 2734 943 2762 Ba-

116 2781 218 2809 silium
236 2779 346 2808 dixisse
353 2779 518 2808 Graecorum
529 2778 754 2815 antiquissimos
771 2787 886 2807 menses
896 2779 945 2806 ba-

115 2825 218 2854 buisse
243 2824 375 2857 lunares,
388 2826 416 2852 et
441 2832 533 2852 unum
556 2823 768 2852 intercalasse:
792 2825 946 2860 propterea

979 277 1058 298 mam
1075 270 1103 297 C.
1114 269 1236 298 Caesaris
1253 270 1348 298 edicto
1365 272 1528 306 mutarunt,
1538 273 1567 299 et
1578 271 1730 299 Julianum
1745 280 1809 300 am-

979 314 1054 350 plexi
1069 314 1325 351 suntzhabuitquc
1337 315 1456 343 initium
1469 323 1555 343 suum
1569 324 1626 344 non
1640 316 1808 350 solstitiale,

979 359 1029 387 sed
1046 361 1216 388 autumnale
1232 362 1260 387 et
1279 359 1506 393 Alexandreum,
1523 369 1539 388 a
1564 369 1664 389 mense
1679 361 1810 397 Octobri,

981 406 1013 432 ut
1027 411 1062 432 ex
1077 404 1192 432 decreto
1207 404 1324 433 illorum
1340 405 1488 441 colligitur
1506 406 1584 441 quod
1603 414 1654 442 pro
1676 407 1809 442 Hyrcano

981 457 1098 476 summo
1115 449 1250 485 pontiﬁce
1265 449 1436 477 Judeorum
1460 450 1618 478 ediderunt
1633 450 1709 486 apud
1725 450 1808 478 Jose-

981 493 1073 529 phum
1089 493 1141 522 lib.
1156 502 1203 521 xiv
1224 494 1374 530 Antiquit.,
1392 502 1458 530 cap.
1479 494 1524 523 l6.

1017 538 1077 567 Col.
1095 538 1145 566 139
1170 542 1191 567 Δ
1214 539 1257 566 10.
1281 540 1414 575 Fereque
1438 540 1611 568 contueniur.
1639 540 1810 569 Eustathius

982 584 1084 612 eodem
1093 584 1179 612 modo
1185 584 1283 618 vertit,
1291 596 1305 609 ‹‹
1315 584 1454 613 similiter
1465 584 1627 612 intuentur.
1637 595 1650 610 ››
1659 584 1810 614 Montacu-

982 628 1042 656 tius
1058 628 1179 662 mavult,
1196 640 1209 654 ‹‹
1227 629 1369 665 aequalem
1385 631 1572 665 contuentur,
1586 629 1641 657 hoc
1656 631 1710 664 est,
1726 630 1810 666 ejus-

983 674 1050 701 dem
1067 673 1292 709 magnitudinis,
1310 684 1324 698 »
1338 676 1367 702 et
1395 673 1436 702 ita
1461 674 1626 710 Carnarius,
1643 685 1657 699 «
1678 674 1811 703 Britanni

983 717 1125 753 aequalem
1142 717 1250 746 vldent.
1270 730 1284 743 «
1302 718 1403 753 Itaque
1418 718 1515 747 locum
1531 719 1579 747 hic
1595 727 1653 746 non
1669 719 1758 747 habet
1773 719 1810 747 il-

983 762 1034 790 lud
1046 761 1237 797 Virgilianum
1253 772 1261 791 ι
1276 763 1397 798 Αἱηθίάη
1409 771 1484 792 vers.
1496 763 1560 798 568,
1572 763 1753 800 populariter
1767 763 1812 792 di-

986 810 1066 834 ctum
1080 815 1086 835 :

1020 861 1073 889 Nec
1086 865 1143 889 tam
1157 869 1272 889 aversus
1285 869 1365 897 equos
1381 862 1462 897 Tyria
1476 860 1520 890 εοι
1530 861 1627 897 jungit
1641 862 1674 890 ab
1697 861 1775 890 urbe.

946 913 970 946 B
1022 914 1080 942 Col.
1097 915 1149 942 143
1175 917 1207 942 B.
1239 915 1282 950 10,
1311 915 1481 952 Euriporum
1504 916 1637 950 "ﬂuxus.
1664 916 1812 951 Interpres

985 959 1028 987 ita
1057 958 1117 986 hinc
1145 962 1340 994 expresserat,
1358 961 1389 987 ut
1417 959 1590 995 Euriporum
1616 962 1721 988 aestum
1746 967 1814 987 cum

987 1003 1092 1031 Oceani
1108 1005 1179 1031 aastu
1201 1003 1347 1036 misceret,
1361 1006 1416 1031 «et
1439 1006 1527 1032 aestus
1542 1004 1630 1031 etiam
1647 1004 1814 1040 gnrgitesve

987 1047 1076 1075 maris
1092 1047 1244 1083 reciproci,
1256 1048 1364 1083 partim
1386 1048 1416 1075 in
1428 1047 1553 1083 Euripis,
1565 1047 1671 1084 partim
1685 1048 1713 1076 in
1725 1047 1816 1076 Ocea-

988 1100 1036 1126 no,
1053 1100 1127 1127 quos
1142 1091 1276 1119 ordinate
1290 1092 1431 1128 consequi
1445 1101 1452 1126 ;
1472 1102 1486 1119 ι
1502 1092 1638 1120 distinxit
1650 1101 1699 1120 eos
1711 1094 1815 1120 Eusta-

987 1136 1069 1164 thius
1083 1136 1138 1164 hoc
1155 1139 1237 1172 pacto
1254 1145 1261 1164 :
1278 1148 1291 1161 ι(
1310 1136 1485 1172 Euriporum
1507 1145 1622 1173 quoque
1638 1139 1752 1165 meatus
1769 1145 1813 1165 re-

988 1180 1065 1208 ﬂuus
1092 1180 1147 1208 hoc
1173 1181 1295 1214 indicat,
1322 1181 1366 1208 vel
1397 1182 1485 1209 etiam
1528 1182 1717 1218 reciprocatio
1747 1181 1816 1218 Syr-

989 1225 1075 1260 tium,
1097 1234 1160 1261 quze
1184 1225 1284 1253 vicinae
1310 1225 1459 1253 habentur
1486 1226 1600 1254 Oceano
1622 1234 1629 1260 ;
1651 1237 1664 1251 ιι
1691 1228 1719 1254 et
1747 1225 1818 1254 Cor-

990 1269 1090 1297 narius
1120 1279 1126 1297 :
1155 1281 1168 1294 «
1198 1269 1371 1306 Euriporum
1407 1270 1557 1304 reﬂuxus,
1582 1273 1611 1298 et
1639 1270 1730 1298 maris
1760 1270 1817 1298 cir-

989 1322 1023 1342 ca
1050 1315 1197 1342 Oceanum
1222 1313 1401 1350 appellatum
1433 1315 1643 1351 reciprocatio;
1670 1326 1684 1340 »
1710 1315 1816 1342 distin-

988 1358 1031 1386 xit
1057 1361 1086 1385 et
1123 1359 1226 1386 Strabo
1255 1359 1307 1388 lib.
1341 1367 1360 1393 ι,
1387 1368 1451 1395 pag.
1492 1359 1526 1387 38
1557 1367 1563 1386 :
1599 1357 1664 1395 Περὶ
1693 1358 1740 1394 μὲν
1769 1357 1814 1385 οὖν

988 1403 1043 1429 τῶν
1070 1400 1277 1440 πλημμυρίδων
1307 1402 1352 1429 καὶ
1384 1405 1438 1430 τῶν
1483 1402 1635 1438 ἀμπώτιων
1675 1403 1814 1439 εἰρήκασιν

990 1447 1089 1477 ἱκανῶς
1119 1445 1301 1477 Ποσειδώνιός
1328 1457 1357 1474 τε
1377 1447 1422 1474 καὶ
1447 1445 1673 1485 ’Λνθηνόδωρος”
1698 1446 1761 1485 περὶ
1788 1446 1817 1474 δὲ

989 1494 1039 1525 τῆς
1063 1493 1117 1518 τῶν
1145 1493 1278 1527 πορθμῶν
1302 1490 1466 1529 παλιρῥοίας
1506 1490 1590 1518 εἴπεῖν
1621 1489 1744 1529 ἀπόχρη,
1775 1491 1816 1519 ὅτι

991 1534 1054 1562 οὐδὲ
1082 1536 1120 1566 εἷς
1147 1533 1249 1573 τρόπος
1276 1537 1324 1563 τοῦ
1354 1534 1467 1573 ροώδεις
1484 1535 1636 1566 εἶναιτοὺς
1661 1536 1816 1574 πορθμοὺς,

950 1588 972 1623 c
992 1580 1007 1606 δ
1034 1589 1065 1617 γε
1091 1580 1150 1607 κατ’
1177 1578 1266 1610 εἶδος·
1292 1579 1400 1623 οὐᾉγὰρ
1430 1580 1460 1607 ἃν
1484 1580 1498 1607 ὁ
1529 1580 1576 1616 μὶν
1604 1579 1748 1612 Σικελικὸς
1776 1580 1818 1612 δὶς

993 1624 1107 1659 ἑκάστης
1130 1624 1236 1661 ἡμέρας
1264 1621 1422 1660 μετέϐαλεν,
1442 1625 1456 1652 ὁ
1485 1623 1515 1652 δὲ
1541 1623 1704 1656 Χαλκιδικὸς
1734 1626 1816 1653 ἐτι-τά-

990 1678 1043 1699 κιςπ
1058 1681 1068 1693 ι
1087 1669 1228 1696 Caeterum
1245 1670 1281 1696 de
1297 1669 1387 1697 maris
1403 1670 1573 1698 aestuatione
1584 1669 1818 1706 sufﬁciunt,quaa

993 1722 1010 1741 a
1021 1713 1176 1741 Posidonio
1192 1715 1262 1741 sunt
1277 1717 1302 1741 et
1317 1714 1505 1742 Athenodoro
1520 1715 1606 1742 dicta.
1623 1714 1663 1742 De
1679 1715 1818 1743 fretorum

994 1760 1091 1786 autem
1110 1758 1189 1786 tluxu
1215 1766 1247 1786 ac
1273 1758 1396 1791 refluxu,
1419 1767 1486 1786 cum
1507 1759 1563 1794 ipsi
1584 1767 1701 1795 quoque
1724 1759 1820 1795 magis

994 1802 1145 1838 physicam
1159 1811 1276 1830 causam
1286 1802 1422 1837 habeant,
1433 1803 1487 1831 hoc
1497 1803 1607 1831 dixisse
1617 1804 1819 1836 sufﬁciet,non

994 1854 1087 1874 unum
1103 1855 1167 1874 esse
1178 1847 1207 1874 in
1223 1847 1392 1874 universum
1410 1847 1529 1874 modum
1546 1850 1635 1875 aestus
1660 1847 1740 1875 fretis
1756 1856 1818 1875 om-

995 1891 1098 1919 nibus:
1110 1891 1220 1926 alioqui
1230 1899 1287 1918 non
1299 1891 1429 1919 Siculum
1443 1892 1488 1919 bis
1500 1892 1632 1927 quotidie
1645 1894 1819 1925 mutaretur,

994 1935 1193 1963 Chalcidicum
1211 1936 1328 1972 septies.
1341 1947 1354 1960 η
1366 1937 1401 1963 At
1420 1935 1493 1964 libro
1507 1945 1544 1971 ix,
1556 1944 1621 1973 pag.
1638 1937 1691 1964 278
1702 1946 1711 1964 :
1721 1937 1821 1964 Ἑπτά-

994 1990 1036 2011 κις
1077 1976 1257 2016 μεταϐάλλειν
1296 1979 1359 2018 φασὶ
1400 1980 1458 2007 καθ’
1486 1981 1592 2017 ἡμέραν
1625 1980 1739 2016 ἑκάστην
1776 1981 1820 2008 καὶ

994 2024 1086 2051 νύκτα·
1103 2036 1117 2049 ‹‹
1143 2025 1256 2060 Septies
1285 2024 1390 2060 quavis
1418 2025 1464 2053 die
1490 2033 1523 2053 ac
1552 2028 1636 2053 nocte
1664 2027 1785 2055 mutari.
1807 2038 1821 2051 ›ι

996 2069 1176 2105 Pomponius
1191 2068 1263 2097 Mela
1279 2069 1329 2096 lib.
1348 2078 1379 2102 ιι,
1396 2078 1459 2105 cap.
1474 2070 1491 2096 7
1508 2078 1543 2097 ;‹‹
1560 2070 1702 2105 Euripum
1717 2074 1822 2098 vocant

996 2113 1132 2149 rapidum
1145 2121 1225 2141 mare
1234 2116 1261 2141 et
1273 2112 1385 2141 alterno
1394 2121 1482 2141 cursu
1494 2114 1603 2148 septies
1615 2113 1662 2141 die
1674 2121 1706 2141 ac
1715 2113 1824 2149 septies

997 2159 1081 2185 nocte
1095 2157 1233 2185 ﬂuctibus
1246 2157 1368 2184 invicem
1381 2157 1482 2185 versis.
1495 2168 1509 2182 »
1533 2157 1631 2185 Livius
1654 2160 1753 2186 tamen
1770 2158 1821 2186 lib.

996 2210 1112 2236 xxxvui,
1125 2210 1183 2229 non
1199 2201 1306 2237 septies
1319 2201 1376 2236 die,
1392 2201 1469 2230 sicut
1490 2201 1569 2229 fama
1593 2201 1658 2235 fert,
1683 2202 1823 2238 tempori-

998 2246 1053 2273 bus
1068 2245 1153 2273 statis
1169 2245 1348 2281 reciprocare
1368 2245 1480 2280 scribit,
1497 2246 1547 2273 sed
1575 2248 1685 2273 temere
1708 2246 1736 2274 in
1758 2255 1822 2274 mo-

999 2290 1068 2317 dum
1085 2290 1162 2317 venti
1178 2297 1256 2317 nunc
1269 2289 1326 2317 huc
1338 2297 1415 2317 nunc
1431 2289 1502 2317 illud
1517 2298 1600 2318 verso
1613 2290 1698 2318 mari.
1712 2290 1824 2318 Plinius

998 2335 1135 2370 denique,
1156 2334 1207 2362 lib.
1220 2343 1239 2361 ιι
1260 2335 1360 2362 Histor.
1375 2335 1509 2367 natural.,
1526 2343 1592 2370 cap.
1608 2335 1656 2368 9'7,
1677 2335 1726 2362 ubi
1742 2335 1825 2362 Euri-

998 2386 1068 2414 pum
1085 2378 1157 2406 dixit
1172 2378 1280 2414 septies
1297 2377 1343 2405 die
1362 2386 1394 2406 ac
1410 2381 1494 2406 nocte
1510 2379 1703 2414 reciprocare,
1717 2379 1799 2407 addit
1815 2387 1821 2406 :

998 2434 1012 2448 «
1028 2425 1126 2450 Estus
1143 2422 1220 2450 idem
1237 2422 1333 2450 tri-luo
1348 2424 1378 2450 tn
1397 2431 1497 2450 mense
1521 2423 1668 2458 consistit,
1684 2423 1821 2459 septima,

999 2470 1108 2500 octava,
1125 2475 1258 2502 nonaque
1275 2466 1379 2494 luna.»
1395 2467 1437 2495 Ita
1452 2467 1531 2496 varia
1545 2469 1581 2496 de
1598 2469 1718 2496 restibus
1735 2470 1825 2496 maris

999 2514 1168 2545 narrantur,
1185 2520 1311 2547 quorum
1331 2519 1436 2540 causas
1456 2513 1589 2540 diversas
1613 2513 1722 2549 profert
1746 2513 1823 2541 idem

999 2557 1112 2584 Plinius
1128 2558 1187 2583 toto
1205 2555 1252 2583 illo
1267 2557 1364 2591 capite
1379 2556 1445 2583 libri
1459 2565 1490 2584 II.

1035 2600 1093 2628 Col.
1112 2599 1161 2627 1-H
1176 2602 1200 2627 D
1217 2600 1241 2627 1.
1259 2599 1341 2635 Ὑμᾶς
1355 2603 1404 2633 τῆς
1421 2600 1533 2627 ἑαυτῶν.
1550 2603 1581 2627 In
1598 2600 1751 2628 Basiliensi
1767 2600 1827 2628 edi-

1000 2645 1079 2672 tione
1101 2644 1244 2680 scriptum
1264 2644 1319 2672 fuit
1341 2645 1426 2680 ἡμᾶς,
1443 2647 1473 2672 at
1496 2644 1641 2680 interpres
1659 2644 1727 2679 ὑμᾶς
1744 2644 1824 2680 legit.

1001 2689 1116 2716 Rursus
1132 2688 1300 2716 Basiliensis
1317 2688 1420 2716 habuit
1440 2687 1516 2724 λόγῳ
1541 2690 1666 2723 μετρῆτε,
1682 2690 1710 2716 et
1724 2687 1823 2715 ἀναλο-

999 2733 1123 2770 γίσασθε,
1139 2735 1197 2762 duo
1219 2743 1284 2762 vere
1308 2733 1387 2769 Regii
1404 2734 1561 2769 praeferunt
1575 2733 1662 2768 ἡμᾶς,
1678 2736 1706 2761 et
1723 2737 1824 2771 μετρῆ-

998 2789 1053 2813 ται,
1070 2781 1099 2807 et
1123 2778 1340 2815 ἀναΛογίζισθαι.
1367 2777 1590 2805 Emendandum
1611 2777 1726 2806 videtur
1748 2779 1823 2814 ἡμᾶς

998 2826 1047 2857 τῆς
1065 2823 1176 2856 ἑαυτῶν,
1193 2826 1222 2851 et
1238 2825 1365 2858 μετρῆτε,
1380 2824 1408 2850 et
1437 2821 1500 2857 παρ’
1520 2821 1626 2853 ἑαυτοῖς
1657 2821 1821 2860 ἀναλογίση-
