2011 3142
173 150 233 180 995

766 146 884 177 ΝΟΤᾸΞ
906 146 1130 177 FRONTONlS
1152 147 1283 179 DUGIEI

1817 148 1879 178 996

173 216 228 244 σθε.
242 214 416 243 Eustathius
437 222 443 242 :
461 224 475 239 «
494 213 690 247 Quamobrem
715 214 829 249 oportet
857 219 995 240 accusare
1009 214 1036 248 Α
1051 212 1191 249 gniﬁcare
1207 213 1265 242 ista
1277 213 1425 242 Tilmanui
1441 214 1538 248 verba,
1554 225 1568 240 «
1584 213 1694 250 quibus
1710 214 1880 242 nomencla-

174 270 257 289 suam
271 267 416 296 quemque
432 258 529 296 potius
551 257 793 292 imbecillitatem,
809 259 840 285 ut
861 265 918 284 non
936 265 997 285 ma-

173 305 372 342 gniﬁcentiam
394 306 595 332 creaturarum
620 303 717 330 verbis
740 301 879 330 humanis
901 301 998 329 metiri

175 358 260 387 posse
285 350 431 378 credatur.
449 360 463 374 υ
479 348 639 376 Carnarius
659 347 694 376 ad
722 347 844 375 verbum
868 346 972 374 extulit
989 354 996 374 ε

173 407 185 420 α
202 394 330 423 Candide
347 394 438 433 igitur
452 395 568 429 oportet
584 401 637 420 nos
653 395 782 420 nostram
797 392 927 428 ipsorum
941 391 997 418 im-

172 441 360 469 becillitatem
377 447 528 472 accusare,
546 441 579 466 ut
595 447 631 466 ne
642 441 742 467 nostra
758 438 889 466 oratione
906 437 998 465 maxi-

173 495 221 514 ma
235 486 353 522 opiﬁcis
363 485 545 520 expendatis,
562 483 613 512 sed
630 492 665 511 ex
680 483 781 519 paucis
795 482 894 511 relatis
920 482 997 518 apud

171 540 222 559 vos
239 531 317 567 ipsos
329 529 496 566 supputetis
513 531 669 565 quotnam,
687 539 700 553 ››
717 531 771 556 etc.

205 584 264 612 Col.
283 584 335 611 147
347 583 368 611 Β
391 583 434 610 10.
452 583 545 615 Ranae,
558 581 707 609 muliones.
723 580 891 608 Omiseraut
915 578 998 614 ἐμπί-

172 627 214 659 δες
232 628 430 665 Argyropylus
445 630 474 655 et
485 625 857 654 Cornarius:Eustathius«
867 633 998 652 muscas»

173 674 270 701 vertit.
285 672 468 700 Glossarium
493 670 584 707 ἐμπίς,
603 682 615 697 ι
641 678 744 698 musca
767 669 892 698 vinaria.
907 680 921 694 »
937 669 999 696 Til-

173 726 300 745 mannus
324 717 480 745 substituit
508 727 522 742 ι(
546 715 703 743 muliones.
721 726 735 740 ››
750 717 824 742 Sunt
846 714 966 750 quidem
983 722 999 741 θ

172 762 300 790 culicum
317 769 421 797 genere
437 760 583 788 muliones
595 761 671 796 apud
684 758 904 792 Plinium,libro
916 757 999 786 nimi-

172 815 238 834 rum
254 814 293 839 xr,
311 814 337 833 c.
353 805 387 832 48
404 813 410 831 :
427 805 477 832 sed
494 807 630 839 quaerunt
645 803 697 831 viri
714 804 791 831 docti
807 803 875 839 quis
899 804 1000 830 auctor

172 852 289 884 dixerit,
297 848 412 886 ἐμπίδας
425 849 590 877 Graecorum
604 856 668 876 esse
681 860 694 872 ιι
717 847 896 875 muliones.»
913 847 1001 875 Scho-

171 897 271 924 liastes
286 894 494 943 Aristophanis
510 895 543 943 iri
555 895 647 943 Nubes
663 902 672 920 :
688 890 829 928 Ἐμπίδες,
846 891 892 922 οὓς
916 892 1000 943 ἡμεῖς
1017 907 1040 940 Β

171 941 307 969 κώνωπας
323 937 472 974 καλοῦμεν,
489 938 515 964 οἱ
531 936 559 964 δὲ
586 936 656 968 εἶδος
682 937 813 967 κώνωπος
841 936 998 972 παραποτά-

174 995 234 1021 μιον
253 984 324 1018 ζωήν
343 982 466 1020 ἔχοντος·
477 995 491 1008 ι(
503 981 724 1018 Ἱέμπίδεςμλυοε
737 990 790 1009 nos
801 980 910 1008 culices
920 988 1001 1008 voca-

173 1036 255 1057 mus:
272 1028 321 1056 alii
337 1029 439 1056 dicunt
455 1025 570 1062 ἐμπὶδκς
586 1035 651 1054 esse
665 1035 759 1062 genus
775 1024 999 1060 culicum,quod

174 1074 258 1109 iuxta
272 1073 396 1100 ﬂumina
412 1072 486 1100 solet
501 1072 595 1099 vivere
605 1080 611 1099 :
621 1083 635 1096 η
647 1074 675 1098 et
690 1071 718 1098 in
735 1069 1000 1106 Lysislralam,'Ep-

172 1117 218 1149 πὶς
232 1117 343 1153 κώνωψ,
357 1117 374 1151 ἢ
396 1114 465 1146 εἶδος
484 1116 555 1150 ζώου
571 1115 643 1153 παρὰ
664 1117 723 1145 τοῖς
749 1113 826 1142 ὕδασι
852 1113 999 1151 γενόμενον

173 1162 270 1199 ὅμοιον
290 1160 414 1194 κώνωπι,
435 1163 526 1197 μεῖζον
544 1159 581 1187 δέ·
599 1172 612 1186 ‹‹
638 1161 737 1188 Genus
762 1159 896 1188 animalis
921 1158 1000 1195 quod

168 1209 255 1244 juxta
266 1215 358 1242 aquas
373 1206 505 1234 nascitur
520 1205 617 1233 simile
632 1205 729 1238 culici,
746 1205 796 1233 sed
815 1204 967 1240 grandius.
987 1214 997 1228 ι

174 1251 379 1287 Dalecampius
396 1253 492 1278 tamen
510 1252 631 1278 annotat
646 1250 674 1277 in
690 1249 774 1277 illum
791 1249 875 1278 l'linii
890 1248 999 1281 locum,

173 1294 290 1332 ἐμπίδας
305 1294 453 1323 Aristoteli
476 1302 542 1322 esse
566 1293 722 1327 muliones,
747 1293 798 1329 qui
823 1296 944 1321 onustos
970 1293 999 1320 in

174 1342 221 1370 via
236 1340 333 1368 mulos
345 1340 455 1367 restatis
470 1342 601 1375 tempore
615 1339 760 1366 divexant.
775 1338 868 1365 Locus
889 1341 933 1364 est
949 1337 999 1364 lib.

174 1395 192 1414 v
208 1386 337 1414 Historiae
358 1385 533 1417 animalium,
558 1392 621 1419 cap.
646 1383 679 1410 19
697 1391 703 1410 ;
719 1382 754 1410 At
777 1380 800 1409 δ’
823 1379 936 1418 ἑμπίδες
959 1380 1000 1418 γί-

175 1440 264 1457 νονται
289 1428 318 1456 ὲκ
346 1430 400 1456 τῶν
425 1426 577 1465 ἀργυρίδων
594 1437 600 1455 :
617 1436 699 1464 quem
723 1428 765 1454 ita
789 1427 1002 1463 interpretatur

176 1474 366 1503 doctissimus
387 1473 558 1501 Theodorus
573 1475 668 1500 Gaza:
686 1483 696 1496 ε
717 1471 831 1500 Culices
855 1470 1001 1498 muliones

177 1528 212 1548 ex
226 1519 380 1552 ascaridis,
396 1518 451 1545 hoc
467 1520 510 1546 est
525 1517 628 1553 tipulis
644 1519 834 1552 generantur.
854 1526 866 1540 ιι

213 1573 286 1600 ibid.
303 1572 382 1600 012.
404 1571 463 1599 Etsi
485 1575 586 1599 autem.
603 1571 668 1598 Haec
694 1569 856 1598 substituta
877 1571 948 1597 sunt
970 1568 1000 1596 in

175 1617 272 1645 locum
285 1617 408 1644 istorum
421 1615 574 1643 verborum
588 1623 621 1642 ex
633 1613 1000 1650 recognitioneTilmanni:

177 1673 191 1687 ι(
207 1662 242 1689 Et
257 1661 281 1689 si
295 1669 353 1696 qua
369 1660 542 1696 aquatilium
567 1659 674 1694 pedum
689 1658 805 1686 fulturis
821 1658 960 1685 nituntur
975 1659 1003 1685 et

175 1705 326 1734 incedunt.
335 1705 444 1732 Horum
458 1704 535 1731 enim
553 1703 690 1739 pleraque
701 1705 770 1731 sunt
781 1702 931 1738 amphibia
942 1710 1002 1730 ma-

175 1751 263 1784 xime,
281 1758 332 1778 ceu
348 1751 418 1776 sunt
437 1748 547 1784 phocae,
564 1747 712 1782 crocodili,
729 1746 942 1783 hippopotami,
954 1755 1001 1774 ra-

175 1804 230 1831 nae,
243 1797 271 1822 et
285 1793 393 1822 cancri.
411 1795 441 1821 In
457 1793 504 1820 his
519 1792 710 1828 praerogativa
726 1791 856 1819 nominis
880 1791 999 1827 gaudet,

175 1840 252 1876 quod
269 1840 373 1874 suapte
390 1840 495 1865 natura
504 1836 628 1864 natatile
638 1839 692 1871 est,
702 1836 739 1864 ob
748 1836 777 1863 id
793 1835 905 1863 dictum
919 1838 974 1863 est.
985 1846 1000 1860 »

174 1883 371 1920 Argyropylus
387 1883 533 1911 ediderat:
547 1893 560 1906 ι(
577 1881 724 1917 Praecipue
739 1884 837 1909 tamen
849 1880 895 1908 his
911 1879 1000 1907 nandi

175 1928 299 1956 facultas
314 1927 564 1955 accommodatur.
583 1938 594 1952 ι
613 1926 671 1954 Hoc
688 1925 828 1953 nimirum
844 1924 906 1952 vult
921 1924 1000 1952 Basi-

174 1973 243 2006 lius,
256 1972 370 2008 roptiliu
385 1972 442 1999 dici
459 1979 640 2006 quaecunque
656 1970 685 1998 in
702 1970 787 2005 aquis
801 1971 921 2005 degunt,
932 1968 999 1996 licet

174 2027 208 2046 ex
223 2017 259 2045 iis
276 2017 409 2052 quaedam
425 2016 512 2051 pedes
527 2016 666 2049 habeant,
682 2015 750 2050 quia
764 2022 829 2050 qua:
849 2016 918 2042 sunt
936 2022 998 2041 am-

174 2062 285 2098 phibia,
303 2061 414 2089 diutius
429 2063 458 2088 ct
472 2060 579 2096 saepius
604 2060 633 2087 in
650 2059 747 2095 aquis,
763 2067 851 2094 quam
867 2058 896 2085 in
922 2060 999 2086 terra

173 2109 338 2135 versantur.
351 2105 525 2133 Ambrosius
540 2104 591 2132 lib.
607 2113 634 2138 v,
651 2112 715 2140 cap.
732 2104 743 2131 4
764 2111 770 2131 :
790 2114 803 2127 ‹‹
819 2103 893 2134 Quin
910 2103 997 2130 etiam

174 2161 240 2179 cum
257 2151 397 2188 pleraque
413 2150 501 2186 pedes
517 2149 654 2184 habeant,
667 2152 696 2175 et
711 2148 881 2176 ambulandi
899 2155 997 2182 usum,

174 2205 206 2224 co
227 2196 305 2231 quod
318 2195 377 2223 sint
392 2194 553 2230 amphibia,
570 2202 635 2229 quas
658 2193 700 2220 vel
727 2193 756 2219 in
787 2192 871 2227 aquis
894 2191 938 2220 vel
968 2192 997 2219 in

173 2241 260 2268 terris
272 2240 388 2267 vivant:
405 2241 502 2266 tamen
519 2247 586 2266 cum
613 2239 642 2266 in
668 2238 728 2265 alto
747 2245 891 2273 aquarum
916 2240 996 2271 sunt,

1052 258 1138 286 turis.
1157 270 1168 283 ι
1182 259 1353 288 Eustathius
1375 268 1492 296 quoque
1514 259 1620 288 melius
1636 258 1743 287 extulit
1759 268 1766 287 :
1786 270 1799 283 ‹‹
1816 259 1881 288 Sive

1053 303 1156 331 oviﬁca
1170 303 1485 340 nominaveris,qualia
1496 307 1565 332 sunt
1573 304 1671 332 omnia
1689 313 1762 340 pene
1774 312 1882 340 genera

1053 347 1196 383 piscium;
1214 351 1243 377 et
1256 349 1413 377 Carnarius
1429 356 1437 377 :
1454 359 1468 374 α
1485 349 1548 376 Non
1564 349 1693 385 ovipara,
1710 357 1774 385 qua:
1790 349 1881 377 ferme

1053 394 1123 420 sunt
1137 393 1237 420 omnia
1252 393 1378 429 piscium
1394 401 1511 429 genera.
1529 404 1543 418 υ

1088 441 1149 469 Col.
1165 441 1216 469 149
1231 443 1254 469 Α
1273 441 1300 468 4.
1316 442 1386 469 Ὅσα
1410 439 1569 480 φωλιδωτά.
1595 442 1822 470 Emendandum
1846 450 1883 470 ex

1053 485 1170 513 duobus
1181 486 1278 522 Regiis
1292 483 1444 524 φολιδωτά.
1465 486 1633 519 Carnarius,
1647 497 1662 511 ι(
1676 495 1839 522 squamosa
1853 489 1884 515 et

1053 530 1205 564 corticosa,
1224 542 1238 555 ››
1254 531 1340 559 vertit
1354 529 1493 558 λεπιδωτοί
1508 534 1537 558 et
1550 528 1701 569 φολιδωτά,
1719 531 1798 567 quod
1827 532 1884 559 La-

1053 576 1134 602 tinus
1149 583 1246 604 sermo
1261 575 1342 603 aliud
1356 583 1553 612 synonymum
1570 576 1721 611 squamosi
1749 584 1808 604 non
1830 576 1884 604 ha-

1055 619 1123 648 beat
1139 628 1145 647 :
1163 620 1240 655 quod
1265 620 1343 648 enim
1374 623 1418 648 est
1441 620 1471 648 in
1500 620 1654 657 reptilibus
1681 618 1777 658 φολὶς,
1793 621 1823 648 id
1856 621 1887 649 in

1054 665 1213 700 aquatibus
1228 667 1272 693 est
1297 663 1386 698 λεπὶς,
1401 665 1503 693 Latine
1518 676 1532 690 ‹‹
1554 673 1681 701 squama
1696 676 1710 690 ››
1737 665 1767 693 in
1793 666 1884 694 utris-

1054 718 1121 745 que.
1137 709 1183 737 Sic
1199 710 1229 736 in
1244 710 1374 746 Epistola
1389 712 1417 738 Β.
1434 709 1540 746 Ignatii
1564 710 1599 737 ad
1624 710 1837 744 Antiochenos,
1854 719 1882 746 p.

1056 754 1117 786 196,
1132 754 1300 790 legendum,
1318 757 1351 782 ut
1366 763 1460 790 nuper
1474 754 1711 790 emendavimus,
1725 753 1791 785 τοὺς
1807 753 1884 793 ὄφεις

1053 798 1116 829 τοὺς
1132 798 1309 836 συρομένους,
1325 798 1358 825 τὰ
1383 797 1523 836 φολιδωτά
1552 797 1708 835 δρακόντια,
1723 799 1772 830 τὰς
1798 798 1883 826 ἀσπί-

1055 841 1111 878 δας,
1129 854 1142 868 ‹‹
1158 846 1308 879 serpentes
1337 852 1426 880 super
1449 846 1550 879 pectus
1575 846 1720 880 repentes,
1736 844 1883 873 dracones

1055 889 1377 925 squamosos,aspides,
1386 897 1443 917 non
1459 886 1605 926 φιλόδορα,
1615 888 1813 916 dracunculos
1825 888 1884 925 pel-

1055 932 1128 961 lium
1142 933 1251 960 amictu
1267 933 1430 968 gaudentes
1447 941 1453 960 :
1471 944 1486 958 »
1503 931 1664 971 φωλιδωτός
1679 941 1745 961 vero
1761 933 1884 961 nidula-

1054 979 1110 1011 tor,
1125 977 1228 1013 velqui
1244 978 1347 1005 nidum
1364 978 1464 1011 struit,
1480 980 1531 1005 aut
1545 977 1595 1013 qui
1621 977 1731 1012 latitat,
1747 977 1822 1013 παρᾶ
1852 978 1885 1004 τὸ

1055 1021 1168 1060 φωλεῖν,
1183 1023 1261 1056 quod
1275 1025 1319 1050 est
1334 1023 1363 1050 in
1386 1022 1489 1050 lustris
1515 1022 1616 1050 latere.
1632 1022 1784 1051 Corticosa
1811 1023 1887 1050 dixit

1055 1066 1360 1102 interpres,quoniam
1376 1069 1404 1095 et
1420 1066 1619 1103 Plinio,l«quaa
1635 1067 1743 1095 animal
1752 1067 1885 1104 pariunt,

1056 1110 1131 1146 pilos
1147 1111 1346 1147 habent;quas
1372 1120 1436 1145 ova,
1453 1119 1575 1148 pennas,
1596 1114 1647 1139 aut
1669 1120 1812 1148 squamas
1832 1114 1885 1140 aut

1055 1155 1264 1189 corticem,aut
1277 1157 1451 1191 testam,aut
1465 1155 1637 1190 testudines,
1652 1158 1703 1185 aut
1717 1159 1815 1184 cutem
1827 1165 1882 1193 pu-

1055 1208 1130 1234 ram,
1142 1202 1175 1227 ut
1187 1202 1347 1236 serpentes.
1363 1210 1378 1226 ι

1091 1249 1150 1278 Col.
1171 1250 1223 1277 150
1243 1251 1266 1278 Α
1284 1251 1327 1277 15.
1344 1251 1483 1286 Grcgalia,
1499 1250 1632 1286 solivaga.
1647 1250 1739 1278 Antea
1762 1250 1881 1286 legeba-

1055 1296 1113 1329 tur,
1129 1305 1143 1319 «
1161 1293 1299 1330 gregalia,
1316 1294 1457 1328 solitaria,
1474 1296 1507 1322 ut
1521 1297 1601 1328 cete;
1617 1305 1632 1319 ››
1648 1294 1729 1330 atqui
1753 1302 1810 1322 non
1837 1296 1881 1322 di-

1054 1338 1096 1366 xit
1116 1338 1244 1366 Basilius
1263 1338 1394 1375 gregalia
1412 1347 1477 1367 esse
1492 1338 1633 1372 solitaria,
1649 1347 1703 1366 nec
1725 1338 1756 1366 in
1780 1347 1880 1367 exem-

1055 1383 1136 1419 plum
1148 1382 1416 1411 solitariorumcete
1426 1383 1561 1418 adduxit;
1569 1383 1884 1412 imotriahecdiversa

1055 1427 1180 1464 piscium
1193 1436 1299 1463 genera
1307 1428 1419 1461 statuit,
1428 1427 1566 1464 gregalia,
1575 1427 1719 1463 dispersa,
1727 1431 1800 1456 cete.
1811 1428 1886 1466 Ἀγεο

1055 1470 1119 1498 λαῖα
1143 1470 1187 1498 aut
1213 1470 1363 1508 σποραδικὰ
1388 1472 1486 1500 Cicero
1510 1471 1597 1500 vertit
1618 1483 1632 1497 (ι
1656 1475 1838 1509 congregata
1857 1476 1887 1501 et

1055 1516 1194 1552 solivaga,
1211 1527 1225 1542 »
1242 1516 1389 1545 Tusculan.
1405 1525 1434 1544 v.
1448 1517 1619 1544 Theodorus
1635 1518 1722 1551 Gaza,
1741 1528 1755 1542 ι(
1781 1525 1887 1554 grega-

1054 1560 1095 1589 lia
1105 1563 1134 1589 et
1148 1561 1276 1589 incivilia
1293 1569 1327 1590 1»
1345 1569 1413 1589 nam
1430 1562 1458 1589 et
1470 1560 1642 1589 Aristoteles
1665 1561 1761 1596 docet,
1783 1570 1792 1589 ι
1815 1563 1887 1590 Hist.

1057 1606 1186 1641 animal.,
1202 1614 1265 1642 cap.
1283 1607 1348 1640 1,ex
1363 1605 1532 1641 gregalibus
1547 1606 1800 1641 quemadmodum
1812 1609 1843 1634 ct
1853 1615 1888 1634 ex

1057 1650 1199 1679 solitariis
1214 1651 1347 1687 quadam
1358 1658 1422 1678 esse
1432 1648 1571 1684 πολιτικά,
1580 1661 1593 1675 ιι
1607 1649 1735 1683 civilia,»
1749 1652 1886 1686 quedam

1057 1693 1218 1732 σποραδικά.
1236 1695 1326 1728 Paulo
1342 1697 1409 1731 post
1423 1694 1601 1722 sustulimus
1617 1694 1701 1728 illud,
1719 1706 1734 1720 «
1755 1703 1853 1730 porro,
1871 1706 1886 1719 ››

1057 1743 1123 1768 ante
1137 1740 1191 1768 has
1206 1748 1302 1774 voces,
1321 1750 1335 1764 α
1351 1747 1462 1772 rarum,
1479 1739 1696 1774 meatibusque,
1713 1750 1727 1764 »
1756 1747 1793 1767 ne
1819 1740 1886 1768 dua!

1055 1793 1101 1812 res
1116 1785 1236 1812 diversa:
1251 1792 1314 1812 esse
1329 1784 1496 1819 videantur,
1509 1783 1608 1819 pulmo
1619 1786 1647 1812 et
1661 1783 1761 1812 viscus
1772 1792 1885 1812 rarum.

1055 1829 1103 1857 Sic
1118 1828 1291 1857 Ambrosius
1305 1828 1358 1856 lib.
1374 1836 1401 1863 v,
1418 1836 1442 1856 c.
1456 1828 1472 1855 4
1490 1836 1496 1856 :
1515 1839 1528 1854 α
1540 1827 1631 1856 Nobis
1643 1827 1744 1863 pulmo
1758 1837 1810 1864 per
1819 1829 1887 1857 tho-

1055 1874 1130 1901 racis
1147 1873 1256 1902 laxiora
1271 1872 1434 1909 penetralia
1445 1872 1549 1908 recipit
1563 1872 1752 1908 spiritum,et
1762 1881 1831 1901 cum
1848 1874 1888 1902 sit

1055 1919 1118 1954 ipse
1134 1918 1212 1954 poris
1229 1917 1377 1954 plerisque
1392 1917 1594 1953 penetrabilis,
1610 1917 1782 1946 interiorem
1805 1918 1883 1946 calo-

1055 1971 1116 1990 rem
1133 1962 1293 1998 refrigerat.
1306 1973 1320 1987 »

1090 2007 1165 2035 Ibid.
1181 2007 1201 2034 G
1217 2007 1260 2034 11.
1281 2008 1365 2035 Testis
1377 2006 1516 2034 conclusa.
1532 2005 1631 2033 Latine
1652 2005 1695 2033 sic
1719 2005 1884 2041 exprimere

1054 2052 1226 2086 maluimus,
1243 2060 1328 2087 qaam
1344 2059 1412 2079 cum
1428 2051 1586 2086 interprete
1603 2062 1616 2075 ι(
1634 2050 1853 2078 ostracoderma
1867 2061 1881 2075 ι)

1054 2096 1163 2130 dicere;
1176 2096 1334 2124 Cornarius
1350 2107 1363 2120 ιι
1381 2096 1490 2124 intecta
1506 2097 1600 2129 testa;
1619 2105 1632 2119 »
1649 2095 1684 2122 ad
1699 2095 1822 2122 verbum
1834 2103 1882 2122 es-

1054 2143 1099 2168 set
1110 2153 1123 2166 ‹‹
1136 2149 1170 2168 ea
1181 2140 1290 2176 quibus
1301 2143 1377 2168 testa
1388 2140 1464 2167 cutis
1480 2139 1542 2167 loco
1557 2142 1611 2167 est.
1625 2150 1640 2164 ››
1659 2138 1773 2167 Plinius
1791 2139 1842 2166 lib.
1855 2147 1883 2166 ιν

1055 2188 1123 2214 Hist.
1138 2191 1209 2221 "aL,
1225 2195 1290 2221 cap.
1306 2187 1351 2219 28,
1370 2197 1383 2210 ‹‹
1398 2185 1483 2213 testis
1499 2184 1639 2213 conclusa
1655 2184 1737 2212 duris
1753 2195 1767 2210 ι)
1784 2185 1883 2220 appel-

1053 2231 1115 2264 lat;
1133 2240 1196 2267 quas
1221 2239 1288 2258 vero
1313 2230 1440 2258 Basilius
1468 2228 1690 2266 μαλακόστρακα,
1713 2241 1726 2254 α
1749 2232 1883 2258 contecta

175 2293 233 2313 non
263 2283 425 2317 ambulant,
451 2284 500 2310 sed
529 2285 642 2311 natant.
663 2293 675 2307 ››
701 2282 874 2309 Eustathius
901 2281 999 2317 aptius

1058 2276 1163 2303 crustis
1177 2275 1326 2307 tenuibus,
1344 2286 1359 2299 »
1375 2277 1404 2302 et
1418 2274 1470 2302 lib.
1487 2283 1527 2307 χι,
1538 2282 1603 2310 cap.
1620 2275 1666 2308 37,
1683 2277 1810 2302 «crusta
1826 2275 1882 2301 fra-

175 2331 304 2358 mentom
339 2327 475 2363 exprimit
499 2327 649 2355 auctoris:
676 2338 689 2352 ‹‹
714 2325 787 2358 Quia
815 2325 882 2353 licet
906 2325 1000 2353 multa

174 2375 210 2401 de
239 2372 298 2400 illis
322 2372 485 2400 habeantur
512 2372 666 2407 ambigua;
698 2373 795 2399 tamen
825 2371 867 2398 eis
897 2370 999 2406 praeci-

173 2426 250 2453 puus
268 2421 312 2444 est
323 2418 452 2444 natatus.
470 2427 484 2441 n
502 2416 656 2451 Propterea
671 2416 748 2443 inter
764 2415 880 2452 reptilia
894 2423 998 2442 nume-

173 2463 287 2489 rantur.

209 2507 282 2535 Ibid.
301 2508 323 2534 D
337 2506 363 2533 5.
382 2505 484 2539 Quibus
508 2505 734 2532 namenclaturis.
753 2507 838 2533 Recte
861 2505 1000 2533 admonet

174 2551 366 2580 doctissimus
378 2549 578 2578 Montacutius
595 2549 686 2577 multo
704 2549 801 2585 aptius
817 2549 936 2577 vertisse
947 2552 998 2576 Ar-

174 2596 346 2633 gyropylum
372 2596 401 2623 in
434 2594 582 2630 prioribus
611 2594 802 2627 editionibus,
827 2602 890 2629 quae
916 2594 1000 2622 nobis

173 2650 252 2670 nunc
268 2642 304 2668 ad
320 2648 442 2668 manum
459 2639 580 2667 minime
596 2641 666 2666 sunt
683 2647 688 2665 :
712 2649 727 2663 (ί
743 2637 807 2665 Non
821 2647 855 2665 ca
870 2646 933 2673 qua:
948 2646 1000 2666 ova

174 2687 302 2722 pariunt,
319 2695 382 2722 qum
397 2688 466 2714 sunt
481 2684 580 2713 omnia
603 2684 661 2711 fere
687 2683 812 2720 piscium
837 2691 943 2718 genera
961 2693 966 2710 :
984 2694 997 2708 ›ι

173 2739 242 2758 nam
257 2731 382 2759 Basilius
407 2731 442 2758 de
466 2729 537 2758 solis
558 2728 684 2764 oviparis
702 2728 843 2763 loquitur,
862 2736 926 2756 cum
949 2728 999 2762 ait,

174 2776 241 2812 ἅπερ
271 2774 326 2802 ἐστὶ
355 2775 441 2802 πάντα
465 2772 574 2811 σχεδόν,
606 2781 663 2801 non
692 2775 789 2801 autem
827 2773 863 2801 de
902 2771 999 2806 ζωοίτό⁴

175 2829 245 2854 κοις,
261 2819 408 2855 viviparis,
424 2821 452 2847 et
467 2818 594 2855 oviparis
620 2818 720 2854 simul,
742 2819 774 2845 ut
798 2818 935 2846 videntur
961 2817 999 2846 si-

1054 2320 1105 2356 gili
1131 2319 1254 2347 inclusa.
1271 2330 1286 2344 »
1303 2319 1401 2347 Mollia
1424 2319 1553 2354 denique
1579 2319 1687 2346 Graecis
1701 2321 1773 2346 sunt
1800 2317 1884 2353 μαλά-

1054 2373 1109 2390 κια.
1127 2363 1218 2391 Plinio
1233 2363 1335 2391 itidem
1351 2374 1364 2388 «
1379 2362 1490 2398 mollia,
1508 2374 1523 2388 »
1540 2371 1602 2399 qua:
1627 2371 1723 2399 neque
1741 2371 1883 2398 squamas

1055 2408 1165 2436 habent
1179 2416 1273 2444 neque
1289 2410 1392 2443 testas,
1403 2408 1452 2436 sed
1469 2408 1575 2444 pellem
1592 2408 1730 2436 humanas
1742 2407 1882 2441 similem,

1056 2455 1088 2481 ut
1102 2453 1186 2481 docet
1200 2453 1329 2480 Galenus
1340 2451 1392 2480 lib.
1405 2461 1437 2480 ιιι
1453 2455 1492 2481 De
1508 2453 1660 2480 alimentis.

1090 2505 1150 2535 Col.
1168 2506 1219 2533 153
1234 2507 1253 2534 Α
1268 2507 1296 2534 2.
1314 2504 1351 2532 Σὺ
1378 2507 1470 2533 τοῦτο.
1488 2506 1570 2542 Regii
1602 2506 1660 2534 duo
1688 2505 1757 2534 libri
1780 2513 1882 2534 emen-

1056 2552 1137 2584 dant,
1155 2549 1186 2576 σὺ
1202 2551 1295 2577 τοῦτον
1313 2547 1416 2584 λαϐὼν,
1434 2558 1538 2586 nempe
1553 2559 1620 2577 eum
1643 2550 1694 2585 qui
1723 2558 1881 2586 pauperem

1056 2595 1239 2631 spoliaverat.

1092 2640 1166 2667 Ibid.
1197 2640 1242 2668 10,
1272 2640 1391 2675 Eﬂ'ugilo
1429 2639 1644 2667 damnatorum.
1675 2639 1882 2675 Argyropylus,

1056 2695 1070 2708 «ι
1086 2683 1341 2719 despiciendorum
1356 2692 1363 2716 ;
1380 2683 1548 2718 Uornarius,
1571 2693 1584 2708 α
1602 2683 1680 2718 Fuge
1703 2683 1882 2710 imitationes

1055 2729 1330 2756 condcmnatorum.
1346 2739 1360 2751 »
1377 2727 1588 2763 Seripsimus,u
1606 2728 1816 2755 damnatorum
1830 2728 1880 2754 ho-

1055 2773 1180 2808 minum,
1198 2784 1212 2798 »
1225 2775 1257 2800 ut
1271 2772 1307 2800 ad
1324 2772 1417 2800 Galat.
1436 2781 1466 2806 ιι,
1484 2773 1526 2806 ll,
1544 2771 1618 2799 dixit
1632 2771 1880 2808 Apostolus:”0:t

1055 2817 1273 2855 xarawwapévo:
1299 2817 1343 2851 ἦν·
1362 2817 1433 2851 Quia
1461 2816 1687 2853 reprchensibilis
1711 2819 1781 2852 eral,
1798 2816 1880 2845 vertit
