2011 3142
98 164 156 195 99⁵1

641 164 694 193 AD
717 162 903 195 HOMlLlAS
926 163 964 193 IN
988 162 1270 192 HEXAEMERUN.

1744 167 1804 198 998

99 232 202 258 auctor
218 228 362 265 Vulgatas,
375 228 423 257 Sic
439 229 516 264 apud
527 228 696 257 Ciceronem
712 230 785 262 orat,
801 230 831 257 in
845 228 922 256 Piso-
938 230 966 264 Α
980 229 1105 264 utroque
1122 227 1211 264 Regio
1227 236 1284 256 ms.
1300 230 1328 256 et
1343 228 1372 256 in
1387 228 1516 264 Anglicis
1539 230 1716 261 oﬂ‘endimus
1737 233 1802 269 κυή-

98 283 172 302 nem:
190 273 280 308 «Quis
293 277 320 302 te
332 273 481 301 miserior?
493 273 560 309 quis
571 276 600 302 te
608 273 775 301 damnatior
787 273 812 301 ἒ»
825 273 924 301 Eusta-

99 320 181 348 thius
190 319 318 354 denique
326 318 409 351 dixit,
428 330 442 344 «
457 318 558 346 desine
570 318 750 354 vituperatos
758 318 899 352 aemulari,
910 329 923 343 »

99 367 242 392 Ceterum
258 371 326 391 cum
337 362 435 399 polipo
457 365 608 399 comparat
625 362 821 398 frudulentos,
845 363 925 398 ejus-

99 418 155 446 que
167 409 303 437 fraudem
319 408 469 444 eleganter
479 408 617 444 exprimit
625 416 659 436 ex
674 408 782 437 Basilio
799 408 924 436 Ambro-

99 455 162 482 sius
179 453 231 481 lib.
248 462 275 485 v,
292 461 356 488 cap.
372 452 407 480 8:
426 463 440 477 (ι
456 452 510 484 Qui
527 453 635 480 vadoso
654 453 683 480 in
701 452 804 480 littore
814 456 925 489 petram

99 501 215 526 nactus.
232 497 366 533 ai‘tigitur
380 497 509 532 ei,atque
521 497 586 532 ejus
594 497 736 525 nebuloso
746 497 866 533 ingenio
877 505 924 525 co-

99 544 189 571 lorem
197 551 231 571 su
237 543 321 577 bit,et
330 542 420 570 simili
432 543 529 578 specie
537 545 616 578 terga
624 543 771 572 obductus
782 543 925 579 plurimos

99 588 226 624 piscium
242 587 306 615 sine
322 587 381 615 ulla
393 587 562 623 suspicione
578 587 689 616 fraudis
705 588 844 623 allapsos,
854 588 925 615 dum

100 635 202 660 notam
214 640 273 659 non
283 634 489 667 praecavent,et
501 640 605 659 saxum
621 631 926 668 opiuantur,cassibus

98 677 212 705 furtivae
226 677 300 705 artis
309 676 463 712 includit,»
475 676 624 713 Accipitur
639 679 667 705 et
677 677 801 714 polypus
811 686 863 713 pro
874 677 925 705 bo-

99 723 189 751 mime
201 722 390 758 rapaci,quod
402 721 495 750 soleat
505 722 784 759 polypus,quidquid
796 722 927 751 brachio~

101 776 166 795 rum
198 766 323 802 ﬂagellis
341 769 446 794 nactus
475 767 571 800 fuerit,
599 767 764 795 arctissime
789 768 926 795 retinere.

102 811 224 840 Plautus
239 811 400 844 Aulularia,
415 814 472 839 act.
490 811 525 847 ll,
541 820 628 839 scena
640 820 670 845 ιι,
685 812 718 839 21
732 820 738 840 :

100 890 153 924 Ego
166 888 235 916 ista:
244 887 309 915 navi
319 887 448 923 polypos,
459 888 508 923 qui
522 887 570 915 ubi
579 887 645 923 quid
662 888 810 922 tetigerint,
822 889 924 916 tenent.

100 966 319 998 Nonnunquam
327 964 354 990 ct
360 970 426 990 cum
443 962 559 989 homine
572 962 753 990 inconstanti
766 963 925 995 confertur,

100 1008 216 1044 utapud
223 1007 440 1034 Nazianzenum
448 1004 831 1042 orat.27,pag.470:"Anots
840 1005 925 1037 ἄλλος

99 1051 241 1089 γενόμενος
255 1050 300 1078 καὶ
316 1049 422 1080 πολλὰς
442 1047 658 1089 μεταλαμϐάνων
677 1050 762 1087 χρόας
788 1049 878 1087 ὥσπερ
893 1052 926 1078 τὰ

97 1088 152 1120 τῶν
167 1093 274 1128 πετρῶν
288 1090 315 1117 οἱ
329 1088 497 1123 πολύποδες,
513 1091 556 1120 αῖς
569 1089 599 1116 ἃν
614 1089 798 1126 ὁμιλήσωσιν.
817 1102 831 1116 (ί
849 1091 926 1118 Alias

100 1137 174 1166 alios
185 1144 282 1164 mores
293 1136 468 1168 induens,ac
482 1143 571 1164 novos
583 1135 708 1163 subinde
720 1136 831 1164 colores
842 1145 926 1164 assu-

100 1189 258 1213 mens,non
270 1188 356 1208 secus
367 1187 400 1207 ac
421 1179 518 1216 polypi
534 1182 683 1215 petrarum
693 1180 728 1207 ad
740 1188 814 1215 quas
830 1189 928 1208 acces-

100 1225 204 1259 serim,
216 1224 329 1253 colores
345 1224 506 1252 referunt.»
525 1224 693 1251 Aristoteles
709 1224 762 1251 lib.
778 1233 806 1251 ix
818 1226 925 1252 Hister.

100 1270 280 1302 animalium,
306 1277 370 1304 cap.
387 1268 432 1302 37,
463 1268 491 1294 in
509 1268 643 1296 timorem
662 1269 775 1296 confert
806 1277 926 1297 causam

101 1322 158 1342 non
167 1313 263 1341 solum
271 1313 376 1340 mutati
387 1311 557 1346 coloris,sed
570 1311 656 1339 etiam
663 1313 747 1340 effusi
759 1313 926 1347 atramenti,

135 1358 196 1386 Col.
213 1358 265 1385 155
280 1360 298 1384 Β
313 1358 340 1384 6.
373 1358 511 1385 Termino:
538 1361 664 1386 artemo;
691 1357 784 1385 Locus
800 1361 844 1386 est
858 1361 924 1386 Pro-

101 1403 181 1431 verb.
197 1402 339 1435 xxu,28:
365 1401 413 1435 Μὴ
443 1401 553 1438 μὲταιρε
581 1400 643 1438 ὅρια
671 1400 767 1428 αἲώνια
791 1401 807 1428 ’ὰ
835 1399 925 1433 ἔθεντο

101 1447 126 1474 οἱ
142 1446 256 1483 πατέρες
283 1454 342 1473 σου·
359 1446 397 1473 Ne
419 1447 542 1481 transfer
570 1446 702 1473 terminos
715 1448 834 1474 aeternos
861 1455 926 1482 quo:

97 1496 251 1528 posuerunt
261 1493 355 1526 patres
370 1491 419 1518 tui.
434 1492 589 1525 Propterea
604 1490 827 1518 immutavimus
839 1491 926 1518 verba

101 1536 302 1572 interpretis,«
316 1534 459 1562 terminos
469 1542 543 1570 quos
555 1535 714 1570 posueruui
725 1537 821 1570 patres
833 1536 926 1562 nostri

101 1589 211 1617 eosque
226 1580 410 1608 continenter
425 1579 584 1607 servandos
597 1580 815 1607 transierimus.
836 1591 846 1604 ι
862 1581 924 1608 Non

103 1626 197 1654 utitur
209 1626 366 1662 Scriptura
383 1624 576 1657 locutione,ut
586 1631 681 1660 neque
693 1624 864 1652 Eustathius
875 1625 928 1653 hoc

104 1671 207 1698 eodem
224 1670 303 1698 loco:
321 1681 335 1695 ‹‹
350 1669 435 1703 Nam,
461 1671 489 1697 et
511 1669 657 1704 majorum
674 1671 841 1697 nostrorum
857 1670 930 1698 ﬁnes

105 1716 245 1743 audacter
258 1713 438 1748 exoedimus,
454 1715 483 1740 et
498 1712 591 1740 saltus
606 1713 825 1749 trangredimur
848 1714 930 1742 vitio-

104 1766 182 1786 rum.
200 1768 215 1783 »
228 1757 314 1785 Aliud
327 1760 372 1785 est
386 1757 532 1790 excedere,
548 1756 591 1784 vel
607 1757 734 1785 transire
749 1757 833 1790 ﬁnes,
848 1757 929 1786 aliud

101 1802 244 1830 terminos
260 1804 288 1830 et
301 1801 413 1830 limites
424 1809 493 1837 agro
510 1801 621 1837 positos
634 1802 803 1835 transferre,
816 1804 843 1830 et
858 1802 930 1830 ulte-

100 1847 162 1875 rius
177 1846 331 1874 collocare.
348 1846 395 1874 Sic
412 1847 567 1873 Deuteron.
583 1853 642 1878 nx,
669 1846 720 1874 M:
751 1845 787 1872 Οὺ
816 1856 928 1882 μετακι-

98 1893 191 1927 νήσεις
220 1892 282 1929 ὅρια
310 1892 364 1918 τῶν
394 1890 512 1926 πλησίον
546 1901 605 1924 σου,
635 1889 651 1917 ἃ
679 1888 792 1925 ἔστησαν
823 1892 849 1918 οἱ
878 1901 929 1918 πα-

99 1937 175 1974 τὲρις
190 1946 249 1964 σου.
265 1937 323 1964 Non
337 1936 512 1964 cemmovebis
536 1936 678 1969 terminos,
706 1935 840 1971 Vulgata,
868 1937 928 1964 Non

98 1982 258 2016 transferes,
273 1981 353 2014 Quod
370 1989 438 2008 vero
453 1980 598 2016 sequitur,
623 1979 850 2016 παρατεμνόμῑθα
875 1983 925 2017 γῆν

96 2026 202 2054 vitiose
216 2025 402 2062 legebaturin
411 2024 538 2052 editione
546 2024 701 2052 Basiliensi
715 2025 866 2060 posteriori
873 2035 926 2052 mi-

98 2070 276 2106 ραπεινομεν,
289 2070 366 2106 quod
376 2069 710 2103 emendansCornarius,
726 2072 755 2096 et
770 2069 926 2098 restituen~

97 2115 167 2142 dum
184 2117 294 2150 putans
308 2112 514 2150 παρατείνομεν,
530 2113 628 2146 vertit,
645 2124 659 2138 (ε
677 2113 855 2149 empliamus
868 2117 926 2142 ter-

97 2167 180 2191 ram;
200 2170 211 2184 ι
229 2159 298 2186 atin
311 2158 400 2194 priori
417 2157 568 2186 Basiliensi
591 2157 732 2192 scriptum
746 2158 854 2194 reperit
869 2160 925 2186 Vo-

98 2203 279 2236 laterranus,
295 2201 523 2240 παρατεμνόμεθα
537 2204 599 2238 γῆν,
617 2202 694 2238 quod
713 2202 754 2229 ita
769 2203 924 2238 expressit,

99 2260 112 2271 ‹‹
129 2251 239 2275 terram
257 2255 419 2280 secamus,-
433 2255 490 2274 non
503 2249 535 2274 ut
546 2247 622 2282 apud
635 2246 845 2282 Argyropylum
859 2253 926 2283 post

981 282 1059 307 σεως,
1076 274 1105 301 et
1120 273 1197 309 apud
1213 273 1410 307 Eustathium,
1424 284 1437 299 ‹‹
1453 274 1526 302 Nam
1538 283 1605 304 cum
1621 277 1730 306 fetandi
1745 287 1802 307 cm-

980 317 1055 354 perit
1069 319 1186 353 tempus
1199 317 1305 354 vigere,
1320 318 1369 346 alii
1385 327 1419 346 ex
1434 319 1491 347 alio
1503 319 1568 348 sinu
1581 330 1588 355 ;
1601 332 1614 346 u
1631 321 1717 357 plane
1733 324 1802 351 reti-

980 362 1107 390 nendam
1115 362 1284 390 censuimus
1297 362 1593 395 hanclectionem.cui
1603 366 1804 403 suffragantur

980 409 1008 434 et
1022 406 1072 434 illa
1087 406 1233 434 Ambrosii
1245 415 1308 442 cap.
1327 407 1404 436 10;‹‹
1422 408 1495 436 Sunt
1517 411 1614 437 tamen
1640 410 1738 447 aliqua
1757 421 1803 449 ge-

980 459 1050 479 nera
1065 451 1256 487 piscium,qui
1266 459 1322 479 non
1334 451 1445 488 ingenii
1457 453 1595 482 facilitate
1607 454 1670 483 loca
1677 459 1801 493 mutent,

980 497 1030 524 sed
1043 496 1157 524 fovendi
1167 499 1269 532 partus
1282 497 1531 534 necessitate,quie
1540 502 1703 534 opportuno
1715 504 1802 538 atque

979 541 1109 577 legitimo
1138 544 1328 577 procurantes
1356 545 1497 579 tempore.
1529 555 1542 568 »
1572 545 1755 582 Suﬂ'ragatur
1774 550 1803 575 et

980 585 1130 622 Oppianus
1146 585 1197 613 lib.
1215 594 1223 613 ι
1238 584 1367 624 misum,
1383 594 1458 615 vers.
1474 587 1546 616 598:

1016 641 1120 683 [lepid
1137 641 1161 669 δ’
1176 642 1319 683 ἀγρόμενοι
1335 642 1415 683 ξυχήν
1428 642 1493 683 ἦόὸν
1507 645 1694 683 ὀρμαίνονται,

1017 677 1140 713 Εὔξεινον
1159 677 1227 715 μετᾶ
1241 677 1353 714 Πόντον,
1367 678 1405 707 ’ἶν’
1416 679 1508 708 αὐτόθι
1523 677 1603 709 τίκνα
1616 677 1728 711 τέκοιέν·

1016 723 1095 766 Multi
1107 731 1171 752 vero
1185 725 1343 766 cpugregati
1352 732 1521 766 communem
1531 728 1609 755 viam
1618 729 1800 766 meditantur,

1016 760 1156 787 Euxinum
1170 759 1205 788 ad
1220 761 1349 794 Pontum,
1376 765 1406 789 ut
1421 761 1460 789 Ibi
1475 762 1576 791 libero:
1592 765 1716 800 pariant.

982 817 1015 845 Et
1028 818 1201 846 Aristoteles
1217 818 1269 854 lib,
1284 827 1334 847 νιιι
1351 820 1417 847 Hist.
1431 822 1566 856 animal.,
1583 830 1646 859 cap.
1669 824 1701 851 13
1716 832 1722 851 :
1754 825 1802 851 Διὰ

981 860 1010 888 δὲ
1035 861 1085 896 τήν
1108 862 1396 901 τροφήνιεῒσπλέουσιν
1427 863 1465 896 εἷς
1480 864 1593 898 Πόντον,
1618 866 1662 893 καὶ
1692 865 1736 895 διὰ
1756 869 1801 896 τὸν

943 918 966 950 Β
979 906 1071 934 τόκον.
1087 906 1170 934 Τόποι
1185 907 1235 945 γάρ
1251 908 1316 935 εἰσιν
1333 907 1485 944 ἐπιτήδειοι
1510 909 1547 940 εἱς
1567 910 1598 938 τὸ
1621 911 1732 948 τίκτειν,
1757 914 1801 941 καὶ

944 1600 964 1634 C

979 951 1012 978 τὸ
1039 951 1156 988 πότιμον
1179 951 1224 979 καὶ
1252 953 1282 980 τὸ
1323 952 1489 990 γλυκύτερον
1519 953 1592 993 ὕδωρ
1621 955 1742 994 ἐκτρέφει
1770 958 1803 985 τὰ

980 997 1116 1032 κυήματα·
1131 1009 1145 1022 ‹‹
1162 998 1238 1025 Tum
1256 998 1354 1034 itaque
1371 998 1475 1032 victus,
1500 1002 1563 1027 tum
1588 1001 1676 1029 etiam
1701 1005 1804 1038 partus

980 1042 1076 1077 gratia
1101 1044 1224 1070 Pontum
1250 1043 1387 1071 subeunt.
1414 1044 1490 1072 Sunt
1513 1045 1592 1072 enim
1617 1046 1656 1073 ibi
1680 1046 1743 1074 loca
1767 1048 1803 1075 ad

981 1086 1144 1121 partionem
1160 1087 1285 1122 aptiora,
1299 1091 1328 1115 et
1343 1096 1419 1124 aqua
1434 1088 1547 1116 dulcior
1568 1098 1602 1117 ac
1626 1091 1806 1126 potulentior

981 1130 1072 1158 fetum
1090 1131 1195 1159 melius
1210 1131 1326 1160 educat.
1345 1142 1359 1157 ››

1019 1174 1118 1202 lbid.D
1135 1176 1209 1204 LUti
1223 1176 1442 1205 torrentem.Hoc
1453 1177 1715 1215 maluimus,quam
1727 1181 1805 1216 quod

981 1220 1134 1255 interpres,
1152 1231 1166 1245 «
1184 1221 1226 1248 uti
1243 1221 1351 1249 ﬂumen
1367 1224 1396 1250 et
1405 1231 1455 1258 per
1466 1224 1671 1258 Propontidem
1682 1227 1710 1252 et
1720 1226 1804 1253 Euxi-

982 1271 1052 1290 num
1068 1266 1226 1291 Ponlum.»
1237 1265 1387 1301 Signiﬁcat
1399 1265 1484 1303 ῥεῦμα
1500 1267 1594 1295 undas
1609 1276 1676 1296 cum
1693 1269 1804 1305 impetu

982 1310 1103 1336 ﬂuentes
1117 1317 1123 1336 :
1141 1317 1230 1344 quam
1246 1309 1283 1337 ob
1299 1318 1418 1338 causam
1435 1311 1607 1340 Ambrosius
1617 1321 1714 1342 vocem
1726 1315 1805 1342 Gras-

982 1360 1046 1379 cam
1063 1353 1200 1380 retinuit:
1219 1365 1232 1378 α
1250 1353 1373 1387 Dicas,si
1389 1355 1546 1383 ascendere
1560 1356 1669 1390 videas,
1681 1358 1805 1386 rheumu

982 1396 1130 1431 quoddam
1147 1404 1222 1431 esse,
1240 1397 1280 1424 ita
1295 1398 1618 1435 proruunt,ﬂnctusque
1629 1400 1806 1430 intersecant

983 1448 1034 1475 per
1051 1441 1252 1476 Propontidem
1268 1442 1298 1469 iu
1310 1442 1454 1470 Euxinum
1472 1445 1593 1471 Pontum
1606 1445 1734 1474 violento
1748 1447 1804 1474 im.

982 1486 1049 1518 petu
1066 1484 1250 1518 proﬂuentes.
1268 1496 1282 1510 υ
1296 1485 1406 1513 Idcirco
1421 1486 1508 1514 etiam
1524 1488 1706 1517 correximus
1722 1501 1736 1515 ‹‹
1752 1498 1805 1525 per

982 1527 1185 1562 Propontidem
1197 1528 1224 1555 in
1234 1529 1377 1557 Euxinum
1386 1530 1539 1564 Pontum,»
1548 1540 1633 1567 quem
1642 1533 1728 1569 paulo
1740 1537 1806 1570 post

983 1571 1117 1599 absolule
1130 1572 1251 1600 Pontum
1263 1573 1400 1609 appellat,
1413 1577 1442 1602 et
1451 1575 1640 1610 Aquilonium
1653 1586 1744 1612 mare,
1759 1578 1806 1615 βό-

984 1625 1055 1651 ρειον
1085 1615 1212 1653 πέλαγος,
1229 1617 1297 1652 quia
1318 1619 1484 1653 Propontidi
1499 1622 1545 1647 est
1560 1621 1596 1647 ad
1621 1622 1806 1658 Aquilonem,

984 1668 1034 1688 seu
1043 1669 1123 1688 mare
1137 1661 1261 1689 boreale.
1272 1661 1482 1698 Oppianuslib.
1491 1672 1500 1690 ι
1511 1662 1629 1700 Ἀλιευτ,
1646 1674 1722 1694 vers.
1733 1667 1805 1694 626:

1019 1719 1071 1757 [εἰς
1083 1717 1144 1745 τότε
1161 1718 1326 1757 μυριόφυλοι
1338 1718 1403 1750 ἁλὸς
1418 1719 1548 1757 τὲμνουᾳι
1563 1719 1678 1754 κέλευθα

1019 1752 1144 1789 Εὔξεινον
1161 1752 1229 1790 μετά
1243 1752 1327 1791 iam,
1343 1752 1508 1792 περιπλῆθει
1523 1755 1552 1784 δὶ
1567 1757 1614 1789 θά)
1621 1752 1698 1786 acea.

1019 1799 1058 1826 Ita
1073 1801 1133 1827 tum
1148 1800 1257 1834 inﬁniti
1270 1801 1360 1828 maris
1373 1806 1465 1829 secant
1487 1802 1546 1829 vias

1017 1836 1165 1863 Euxinum
1181 1835 1214 1863 ad
1229 1837 1353 1871 fluctum,
1364 1837 1477 1872 plenum
1491 1842 1530 1865 est
1547 1842 1639 1866 autem
1653 1847 1741 1868 mare.

982 1891 1707 1923 AdditdoctissimusMontacutiusemendationem
1717 1897 1807 1925 lsaaci

981 1935 1158 1969 Casauboni,
1173 1944 1261 1971 quam
1287 1938 1409 1964 tuentur
1429 1938 1487 1964 duo
1503 1937 1584 1974 Regii
1600 1939 1714 1968 codices
1740 1950 1805 1978 pag.

980 1980 1025 2014 67,
1051 1988 1113 2015 cap.
1142 1980 1169 2014 4,
1197 1977 1270 2006 ἀλλὰ
1294 1979 1338 2006 καὶ
1363 1980 1457 2017 ψυχρὰ
1487 1984 1625 2017 χειμῶνος
1656 1983 1724 2021 ὥρᾳ,
1748 1994 1806 2014 non

981 2024 1085 2061 ψυχρᾷ,
1102 2027 1135 2052 ut
1149 2024 1241 2052 voiuit
1255 2024 1342 2052 etiam
1358 2029 1522 2054 correctum
1541 2027 1696 2063 interpres,
1713 2041 1727 2054 «
1744 2030 1805 2058 bie-

981 2068 1039 2096 mis
1054 2071 1185 2104 tempore
1202 2069 1381 2104 pergelidum
1397 2072 1460 2097 est:
1478 2081 1491 2095 ι)
1509 2073 1536 2098 et
1552 2065 1806 2106 Eustathius,«sed

980 2114 1009 2139 et
1024 2112 1163 2148 frigidum
1180 2112 1270 2140 nimis
1286 2115 1331 2140 est
1344 2112 1462 2141 hiemali
1478 2115 1619 2150 tempore.
1639 2127 1652 2141 »ι

1016 2156 1075 2184 Col.
1091 2156 1142 2184 158
1157 2156 1180 2184 D
1195 2157 1222 2184 7.
1240 2157 1311 2191 Quid
1325 2158 1384 2193 ipse
1397 2158 1479 2186 dices.
1503 2159 1567 2187 Πεοο
1589 2160 1626 2187 ab
1649 2161 1808 2197 interprete

980 2200 1056 2228 male
1071 2203 1190 2236 accepta
1205 2205 1297 2235 erant,
1315 2201 1364 2236 qui
1383 2209 1533 2238 perperam
1546 2204 1780 2241 interpungendo
1791 2215 1807 2235 ιι

979 2245 1251 2280 pracedentibuseu
1258 2246 1511 2282 sejungebat,etcu
1518 2257 1545 2275 ιιι
1555 2249 1805 2285 subsequentibus

98 2292 249 2320 Tilmanni
267 2291 497 2328 recognitionem
514 2294 603 2323 erat,«
621 2293 730 2318 terram
746 2291 866 2325 limitari
882 2300 923 2320 se-
938 2285 962 2317 D
977 2290 1192 2325 conjungebat;
1206 2290 1260 2318 hoc
1272 2291 1358 2318 modo
1373 2299 1380 2320 :
1396 2292 1507 2320 «Aliud
1519 2296 1803 2330 consequatur.Quid

98 2338 197 2366 ctione
212 2337 392 2365 diducimus.
411 2347 424 2361 n
437 2337 609 2364 Ambrosius
625 2345 640 2364 Β
657 2337 740 2364 nobis
756 2339 824 2370 stat,
841 2337 924 2373 lib.v,

97 2382 228 2418 cap.10.-
245 2393 256 2406 ι
275 2383 387 2409 Rursus
403 2389 454 2417 pro
467 2380 652 2416 singulorum
669 2380 792 2408 libidine
820 2381 924 2409 incidi-

98 2429 148 2454 tur
158 2429 256 2454 terra:
275 2437 289 2451 ι›
305 2426 433 2461 denique
449 2425 582 2453 eamdem
599 2425 755 2453 lectionem
772 2426 830 2454 duo
844 2426 924 2462 Regii

101 2479 175 2498 mss.
192 2470 377 2498 conﬁrmant.

130 2515 206 2542 lbid.
236 2520 255 2544 c
281 2515 325 2542 10.
356 2514 425 2542 Nam
453 2522 516 2542 cum
544 2514 698 2542 destinatus
726 2515 810 2550 Apud
828 2516 925 2551 Argy-

93 2559 233 2596 ropylum
250 2559 393 2595 scriptum
411 2560 492 2594 fuit,«
506 2559 541 2585 ab
555 2561 659 2586 natura
675 2558 815 2586 articulus
828 2568 925 2587 acces~

97 2605 168 2632 serit
182 2604 330 2638 κινήσιως,
353 2603 403 2630 alii
426 2604 463 2631 ab
487 2603 564 2636 aliis,
583 2613 597 2628 η
616 2606 683 2638 etc.,
700 2611 789 2638 quam
806 2604 842 2631 ob
858 2613 924 2632 cau-

97 2657 158 2676 sam
175 2648 391 2676 substitueram
407 2648 436 2676 in
457 2648 562 2675 ultima
590 2647 719 2676 editione
746 2647 850 2676 Latina
873 2651 924 2677 Pa-

97 2693 213 2720 risiensi
231 2700 264 2720 ex
280 2693 352 2720 lano
367 2692 521 2720 Cornu-io:
540 2703 554 2717 ‹‹
567 2692 639 2720 Cum
655 2692 731 2719 enim
744 2691 924 2720 destinatum

98 2740 217 2774 tempus
234 2739 332 2764 motus
359 2737 517 2770 institerit;
547 2748 561 2761 n
581 2745 670 2772 quam
687 2736 839 2764 lectionem
857 2745 925 2764 sua-

99 2782 167 2811 dere
182 2781 300 2810 videtur
315 2783 345 2809 ut
359 2782 566 2814 admittamus,
591 2782 669 2817 quod
695 2781 839 2817 sequitur,
854 2780 895 2808 τίς
911 2781 925 2808 ὁ

97 2829 200 2861 zzz-16w;
218 2838 231 2851 (ι
248 2826 313 2862 quis
327 2829 382 2860 est,
394 2827 445 2862 qui
457 2826 575 2854 movet?
591 2837 605 2851 ››
618 2828 773 2862 Postquam
785 2828 883 2854 autem
896 2826 924 2854 in

980 2334 1043 2370 ipse
1059 2334 1177 2367 dixeris,
1195 2343 1304 2370 quaeso,
1321 2336 1371 2370 qui
1388 2336 1476 2364 vitam
1497 2337 1527 2364 in
1543 2337 1601 2365 otio
1617 2339 1710 2374 degis,
1728 2341 1804 2375 quod

979 2379 1097 2414 quidem
1115 2379 1250 2406 maleﬁcii
1267 2380 1443 2415 principium
1460 2388 1524 2409 esse
1545 2391 1631 2410 nemo
1646 2384 1695 2418 qui
1721 2385 1804 2420 igno-

980 2424 1104 2452 rantiam
1121 2427 1276 2459 praetexere
1293 2425 1409 2460 possit?
1435 2437 1450 2451 υ
1466 2427 1579 2455 Similis
1600 2430 1746 2457 sententia
1762 2434 1806 2458 est

982 2468 1175 2496 Ecclesiastici
1205 2477 1305 2502 xxxm,
1331 2470 1387 2497 29:
1419 2468 1531 2504 Πολλὴν
1560 2471 1611 2508 γὰρ
1638 2472 1733 2500 κακίαν
1748 2472 1804 2500 ἐδί-

981 2511 1055 2547 δαξεν
1071 2513 1088 2547 ἡ
1105 2512 1195 2550 ἀργίπ-
1224 2515 1341 2542 Multam
1356 2516 1433 2542 enim
1447 2517 1588 2544 malitiam
1603 2517 1694 2546 docuit
1708 2520 1804 2547 otiosi-

980 2557 1259 2585 tas.lmmutnvimus
1270 2561 1298 2585 et
1310 2558 1472 2594 illud,quod
1485 2561 1681 2596 sequebatur:
1695 2574 1708 2587 (ι
1720 2564 1803 2591 Haud

981 2603 1119 2638 exiguum
1136 2603 1215 2630 subit
1231 2604 1286 2631 sub
1297 2603 1359 2639 ipso
1372 2606 1511 2640 tanquam
1529 2605 1657 2633 anchora
1672 2607 1804 2642 seipsum

982 2647 1354 2675 stabiliens.»Eustathius:
1371 2659 1385 2673 «
1402 2649 1463 2680 Quo
1480 2648 1557 2676 velut
1572 2649 1704 2677 anchorze
1720 2651 1806 2679 dente

981 2693 1136 2726 subnixus,
1153 2693 1371 2728 quassationem
1389 2694 1572 2729 tempestatis
1587 2695 1684 2723 evitet.
1703 2706 1717 2720 »

1016 2737 1074 2765 Col.
1090 2737 1140 2764 159
1155 2740 1176 2764 Β
1200 2738 1242 2764 14.
1271 2737 1341 2771 Quid
1364 2739 1420 2765 sibi
1434 2738 1490 2765 vult
1506 2738 1560 2765 hic.
1592 2740 1798 2776 Argyropylus,

980 2793 994 2806 «
1010 2781 1083 2813 Quid
1100 2781 1162 2809 haec
1178 2789 1242 2809 mea
1257 2781 1331 2810 ratio
1342 2781 1404 2809 vult
1413 2782 1428 2809 ‘t
1443 2782 1510 2817 quid
1529 2783 1699 2818 portendit?
1715 2796 1729 2810 »
1747 2786 1804 2814 Me.

980 2826 1039 2854 lius
1051 2825 1250 2861 Eustathius,«
1266 2826 1338 2859 Quid
1354 2827 1442 2863 igitur
1451 2827 1505 2856 isle
1517 2835 1614 2856 sermo
1626 2829 1802 2859 desiderat?»
