2011 3142
187 157 247 188 999

784 154 902 185 ΝΟΤΕ
923 153 1144 185 FRONTONIS
1166 152 1297 185 DUM!

1814 153 1894 186 ιοοο

186 225 301 261 Optime
314 223 488 252 Ambrosius
502 222 554 251 lib.
567 231 594 257 v,
608 231 673 259 cap.
684 223 714 257 7,
730 229 818 258 quem
841 220 936 249 secuti
960 228 1006 248 su-

1064 219 1180 247 animal.
1195 227 1202 247 :
1216 218 1251 247 Αἱ
1265 216 1295 246 δὶ
1317 218 1409 246 πίνναι
1420 217 1499 257 ὀρθαὶ
1516 218 1629 258 φύονται
1657 218 1688 247 ἐκ
1708 221 1758 247 τοῦ
1791 219 1892 257 βύσσου

187 277 270 297 mus:
288 280 302 294 ιι
317 268 392 302 Quid
403 267 460 296 sibi
471 267 533 296 vult
548 276 644 296 sermo
661 266 834 302 bujusmodi
846 265 904 294 nisi
920 265 1012 293 feren-

186 314 237 342 dos
252 322 316 342 esse
331 321 427 341 mores
451 312 636 348 conjugum?
658 323 672 337 ››
700 314 840 339 Caeterum
861 310 939 346 quod
955 309 1011 338 hoc

185 358 248 387 loco
268 359 303 386 de
318 358 423 394 viperae
440 366 507 385 cum
524 365 653 384 muraena
675 356 751 384 coitu
770 355 881 391 profert
896 357 1006 388 auctor,

185 402 531 431 confirmaturvariorum
547 401 723 436 scriptorum
736 399 952 432 testimonio,ut
963 398 1010 426 Li~

185 448 254 476 cinii
266 447 354 474 Macri
365 446 441 482 apud
454 446 580 473 Plinium
594 445 646 472 lib.
657 453 743 478 xxxii,
761 452 824 480 cap.
840 445 868 477 2,
881 443 932 479 qui
948 451 1010 470 mu-

186 500 280 519 rienas
295 489 384 519 tradit
399 489 532 517 feminini
549 491 664 517 tantum
682 495 769 516 sexus
784 488 961 522 esse,_atque
975 495 1010 514 ex

186 535 370 572 serpentibus
383 533 553 569 concipere;
570 532 757 569 Oppiani,qui
772 531 823 560 lib.
840 540 849 559 ι
865 533 904 559 De
916 531 1009 567 pisca-

184 581 259 609 tione
272 581 333 608 hinc
348 580 384 607 de
399 581 551 614 serpente:

222 641 291 672 Στὰς
307 640 330 668 δ’
345 641 377 676 ἄρ
393 639 436 667 ἐπὶ
453 639 588 677 ῥηγμῖνος
605 638 748 677 ὲὸνμνᾴμον
769 636 922 677 ἐῤῥοίζησε,

221 672 382 715 Κικλήσκῴν
398 672 542 715 (pilata-par:
559 675 630 706 Θοῶς
646 673 669 715 ὃς
684 672 812 715 ἐσάκουσι
826 672 939 715 διελαινὴ

220 709 310 751 Ἰυγήν
329 709 453 750 μύρσὶνα,
469 709 513 739 καὶ
529 710 623 740 ἔσσυτο
639 713 736 742 θᾶσσον
757 709 860 737 ὀϊστοῦ.

220 768 322 795 Littera
335 767 484 794 consistens
497 763 664 792 horrendum
678 763 773 790 sibilat
783 770 841 796 ore,

220 803 436 838 Concubitusque
449 802 528 838 petii,
542 801 775 838 sabiwrmurfzna
789 796 927 838 profundo

220 839 319 866 Excita
336 835 398 866 vocé
406 835 512 873 furens,
527 837 584 864 ruit
598 837 674 864 ocior
688 835 743 863 illa
757 835 868 869 sagitta.

185 901 316 930 {Elianus
330 900 383 928 lib.
407 909 428 933 ι,
453 908 525 943 (ειη)ῘΔ
541 899 588 931 50,
608 897 841 943 Πεγαιιίγηαιίὺιιε,
856 898 885 943 et
899 895 955 943 lib1
1023 911 1046 943 Β

185 955 249 982 cap.
269 946 326 974 66:
343 943 460 972 Μέλλων
475 944 489 970 ὸ
513 941 572 980 ἔχις
596 942 704 978 ὁμιλεῖν
731 940 859 978 μυρσίνῃ,
873 938 921 966 ’ἱνα
942 937 1006 976 δόξῃ

185 992 270 1026 πρᾶος
285 989 330 1016 καὶ
346 990 456 1026 πρέπων
479 987 598 1026 νυμφίῳ,
618 987 664 1014 τὸν
693 986 735 1013 ἱὸν
761 985 871 1021 ἀπιμιῖ,
901 984 946 1011 χαὶ
962 982 1008 1010 ἐκ-

185 1032 300 1069 ϐάλλιι,
323 1033 368 1060 καὶ
397 1033 484 1064 οὕτως
515 1031 678 1067 ὑποσυρίσας
707 1031 757 1065 τὴν
784 1029 892 1068 νύμφην
920 1038 1008 1066 παρα-

183 1077 273 1106 καλεῖ”
304 1077 386 1105 οἱονεὶ
415 1076 568 1115 προγάμιόν
596 1086 656 1103 τινα
678 1076 804 1111 ὑμεναῖον
835 1072 1005 1110 ἀναμὲλψας·

187 1136 197 1150 ι
214 1125 287 1153 Cum
304 1123 469 1159 proximum
488 1124 544 1154 est,
560 1124 593 1149 ut
605 1121 704 1157 vipera
720 1119 872 1156 complexu
887 1126 1008 1147 venereo

184 1177 251 1197 cum
267 1168 563 1203 muraenajuugatur,
588 1173 735 1193 venenum
756 1164 915 1193 vomitione
929 1163 1010 1199 ejicit

184 1217 271 1249 atque
277 1212 394 1248 expellit
401 1214 432 1239 ut
442 1211 570 1239 blandus
577 1211 894 1245 decorusquespunsus
912 1208 1006 1235 videa-

185 1260 243 1286 tur.
260 1259 362 1285 Postea
375 1255 453 1284 edito
465 1255 706 1290 sibilo,tanquam
721 1254 871 1290 hymenaeo
881 1252 1008 1288 quodam

185 1305 252 1330 ante
267 1301 386 1337 nuptias
403 1300 645 1335 misso,sponsam
662 1297 818 1334 appellat,»
835 1296 1008 1332 Hippolytus

184 1350 281 1374 tamen
297 1345 463 1379 Salvianus,
478 1344 650 1380 Aquatilium
671 1343 839 1370 animalium
853 1342 1006 1374 historiam,

185 1391 353 1427 opinionem
369 1392 522 1417 auctorum
548 1388 673 1416 istorum
687 1395 745 1414 non
762 1385 1007 1422 probat,primum

185 1435 263 1472 quod
280 1443 374 1471 neque
389 1433 508 1462 omnino
523 1441 591 1461 vera
614 1432 751 1460 credatur
771 1439 789 1459 ο
811 1430 955 1458 Nicandro
977 1429 1007 1457 in

185 1480 336 1513 Theriacis,
354 1487 419 1506 vers
433 1478 486 1505 826
498 1486 504 1505 :

219 1537 254 1578 Et.
267 1535 289 1563 δ’
303 1534 401 1578 ἕιυμον
418 1533 508 1578 κείνην
522 1544 552 1578 γε
567 1533 614 1561 σὺν
631 1530 755 1578 ἰοβέλοις
766 1531 872 1578 ἐχίεσσι

220 1568 367 1609 Θόρνυσθαίι
407 1568 594 1610 προλιποῦσαν
638 1569 704 1600 ἁλὸς
743 1568 828 1605 νόμον
877 1569 1004 1640 ἡπεῐροι-

941 1613 1002 1637 σιν;

941 1614 983 1630 σιν
996 1613 1002 1637 ;

181 1668 266 1695 Fama
281 1667 330 1699 est,
345 1666 372 1693 si
384 1664 465 1692 modo
479 1671 554 1696 vera,
570 1663 827 1698 murmnam,maris
841 1670 941 1697 pascuo
956 1661 1003 1690 de-

179 1710 317 1743 reticla,in
333 1709 486 1737 continenti
499 1715 561 1735 cum
579 1715 713 1734 venenum
724 1706 915 1742 jaculantibus
927 1707 1002 1741 vipe-

177 1757 216 1783 ris
232 1755 305 1783 coire
321 1762 328 1786 ;
344 1753 474 1780 secundo
490 1752 567 1787 quod
586 1751 646 1778 haec
661 1751 759 1786 opinio
775 1750 904 1786 vulgaris
933 1759 1003 1778 cen-

178 1801 278 1828 seatur
293 1797 414 1825 aPlinio
431 1797 546 1824 dicente
560 1795 611 1822 lib.
629 1803 666 1829 ix,
692 1803 757 1830 cap.
773 1795 827 1822 23:
846 1806 860 1819 «
878 1792 1005 1822 In‘sicca

177 1844 276 1872 littora
286 1842 369 1878 lapsa
377 1841 483 1877 vulgus
493 1840 573 1868 coitu
584 1842 749 1875 serpentem
762 1839 877 1875 impleri
889 1841 970 1875 putat
978 1848 1001 1873 ;n

179 1889 264 1917 tertia
273 1888 351 1924 quod
363 1895 396 1914 ea
411 1886 510 1922 opinio
524 1885 597 1913 falsa
608 1885 742 1913 videatur
754 1885 874 1912 Andrea
885 1884 1004 1913 cuidam

178 1933 255 1970 apud
276 1932 447 1960 Athenccum
465 1931 515 1958 lib.
534 1938 583 1962 vu,
600 1938 667 1965 pag.
684 1930 753 1957 312:
770 1929 804 1956 Ev
818 1929 858 1964 τῷ
873 1928 934 1966 περὶ
949 1931 1002 1955 τῶν

176 1975 299 2014 ψευδῶςς
315 1974 536 2010 πεπιστευμένων
552 1971 651 2010 ψεῦδός
668 1983 749 2012 φησιν
767 1974 834 2000 εἴναι
848 1973 880 2000 τὸ
906 1972 1004 2010 μύραι-

177 2031 224 2048 ναν
241 2018 301 2058 ἔχει
318 2018 463 2056 μίγνυσθαι
492 2019 702 2055 προερχομένην
728 2016 772 2044 ἐπὶ
795 2017 827 2044 τὸ
841 2015 1002 2055 τεναγῶδες·

177 2065 239 2094 οὖδὶ
264 2064 316 2102 γὰρ
342 2063 385 2091 ἐπὶ
411 2062 538 2099 τενάγους
563 2061 637 2099 ἔχεις
653 2061 791 2098 νέμεσθαι,
820 2059 1005 2099 φιληδοῦντας

178 2108 327 2147 λιμώδεσιν
351 2107 490 2146 ἆρημίαις·
516 2119 525 2132 α
546 2107 576 2135 in
593 2107 667 2134 libro
683 2107 719 2134 de
735 2106 844 2142 iisquae
856 2106 928 2134 falso
945 2115 1007 2134 cre-

181 2156 292 2183 duntur
304 2162 352 2182 eos
368 2152 484 2181 mentiri
501 2151 613 2185 scribit,
633 2151 682 2187 qui
699 2151 783 2178 aiuut
799 2159 960 2178 murenam
977 2151 1007 2178 in

181 2198 357 2227 lutulentam
373 2197 464 2225 maris
480 2204 560 2224 oram
577 2195 811 2232 progredientem
828 2203 894 2222 cum
910 2195 1009 2231 vipera

187 2242 302 2272 misceri
317 2251 323 2270 :
340 2251 402 2277 qua:
418 2242 447 2268 in
463 2241 589 2269 coenosis
609 2239 682 2267 locis
699 2248 755 2267 uon
772 2239 860 2275 degit,
879 2239 929 2267 sed
946 2239 1009 2266 loca

1065 263 1091 291 ἐν
1107 265 1165 294 τοῖς
1180 263 1325 299 ἀμμώδεσι
1337 263 1382 290 καὶ
1405 261 1600 302 βορϐορώδεσι·
1632 276 1646 291 ‹‹
1671 265 1771 293 Pinnae
1788 267 1889 294 erecta:

1064 309 1137 337 locis
1148 308 1280 336 arenosis
1293 308 1476 345 ctenosisque
1490 318 1523 337 ex
1538 310 1636 345 bysso,
1647 310 1676 337 id
1688 312 1733 338 est
1744 309 1815 338 villo
1832 310 1892 339 sive

1065 353 1130 381 lana
1144 353 1194 381 illa
1207 353 1330 389 pinnali,
1347 354 1549 389 proveniunt.»
1566 355 1631 390 Ipse
1647 353 1776 382 Basilius
1792 357 1893 383 noster

1065 397 1186 426 homilia
1200 399 1232 426 In
1246 397 1342 426 divites
1356 406 1455 426 avaros
1470 399 1506 426 de
1523 399 1577 427 hac
1598 399 1757 435 pinnarum
1770 398 1839 427 lana
1850 399 1893 427 lo-

1065 444 1152 470 cutus
1169 444 1223 477 est,
1241 442 1359 470 tametsi
1372 444 1452 471 locus
1463 451 1519 471 non
1531 443 1604 471 satis
1616 443 1741 471 ﬁdeliter
1750 444 1786 471 ab
1802 443 1894 471 inter-

1066 490 1146 522 prete
1173 495 1330 523 expressus
1359 488 1493 516 Videtur;
1514 487 1556 516 Τὰ
1580 485 1608 514 δὲ
1623 487 1652 514 ἐκ
1668 486 1807 522 θαλάττης
1821 488 1890 522 ἄνθη

1064 532 1082 565 ἡ
1096 529 1210 568 κόχλος,
1232 532 1249 565 ἡ
1275 531 1364 566 πίννα,
1390 531 1454 569 ὑπὲρ
1480 531 1511 559 τὸ
1528 530 1557 559 ἐκ
1571 533 1623 559 τῶν
1640 529 1787 569 προϐάτων
1804 530 1890 569 ἔριον·

1065 588 1079 602 ι(
1096 576 1195 604 Flor-es
1210 584 1275 604 vero
1299 584 1333 604 ex
1356 576 1441 611 mari,
1461 576 1658 613 conchylium,
1675 577 1767 613 pinna
1790 576 1891 605 lanam

1064 629 1098 649 ex
1113 621 1216 649 ovibus
1239 621 1390 649 excedunt.
1408 632 1421 646 η
1439 621 1498 649 Hoc
1513 623 1567 657 est,
1584 623 1665 649 tanta
1680 621 1766 658 copia
1779 622 1892 657 pretio-

1064 672 1162 692 sorum
1174 664 1297 692 istorum
1308 664 1440 692 colorum
1456 665 1630 701 exquiritur,
1642 668 1675 693 ut
1685 667 1893 695 communium

1063 717 1098 737 ex
1108 709 1212 737 ovibus
1224 708 1359 737 lanarum
1367 709 1587 738 multitudinem
1598 712 1826 746 auper:t.Quam
1839 714 1894 740 Ba-

1063 753 1148 782 silius
1164 754 1261 781 lanam
1278 762 1398 782 auream
1413 753 1595 788 Aristoteles,
1608 755 1721 791 ratione
1733 755 1801 783 {lavi
1812 756 1894 785 colo-

1064 798 1116 831 ris,
1127 798 1249 834 byssum
1269 798 1408 834 appellat,
1426 801 1458 827 ut
1471 800 1554 827 notat
1568 799 1612 826 vir
1635 799 1740 828 doctus
1754 800 1785 828 in
1801 800 1894 829 Athe-

1064 843 1118 870 naei
1133 842 1241 871 librum
1252 851 1279 870 v.

1099 887 1174 915 Ibid.
1191 887 1211 915 C
1224 888 1253 917 2.
1269 888 1347 916 UL...
1365 887 1546 917 immobilem.
1576 887 1649 916 Cum
1676 897 1693 917 a
1723 888 1809 917 nobis
1824 898 1893 918 cor-

1063 934 1161 960 rectus
1177 932 1216 959 sit
1231 933 1328 960 textus
1342 934 1468 966 Graecus,
1486 932 1654 969 interpretis
1670 941 1791 971 quoque
1804 935 1896 963 verba

1063 984 1183 1004 necesse
1198 977 1254 1004 fuit
1276 976 1441 1005 immutari.
1458 977 1506 1005 Sic
1521 977 1611 1014 igitur
1625 977 1730 1006 habuit
1745 980 1894 1015 posterior

1062 1021 1151 1049 editio
1172 1021 1341 1050 Basiliensis
1352 1031 1359 1051 ;
1372 1020 1523 1049 Φυλάσσειν
1537 1021 1627 1059 ὥσπερ
1643 1022 1845 1060 κπαρῥιζωθὶν
1862 1023 1890 1051 ἐν

1062 1065 1137 1101 αὐτῷ
1150 1067 1190 1101 τῷ
1205 1065 1330 1103 πιλάγει.
1344 1067 1535 1095 Henricianus
1548 1067 1655 1103 Regius
1671 1068 1762 1096 liber:
1779 1066 1890 1095 Φυλάσ-

1063 1120 1116 1137 σειν
1145 1110 1194 1144 τήν
1215 1112 1289 1144 ναῦν,
1314 1109 1405 1148 ὥσπερ
1431 1110 1643 1148 καταρῥιζωθέν,
1677 1113 1763 1148 quasi
1793 1113 1830 1141 ad
1856 1113 1888 1140 τὸ

1064 1153 1187 1192 ἰχθύδιον
1211 1156 1370 1189 referatur;
1401 1158 1432 1184 at
1460 1156 1614 1187 Mediczeus
1639 1155 1886 1194 κατιιρῥιζωθεῖσαν

1063 1200 1266 1236 habuit,quem
1282 1200 1374 1228 secuti
1389 1208 1506 1236 sumus,
1518 1209 1635 1236 unaque
1643 1201 1833 1230 Eustathium
1842 1211 1888 1231 ve-

1061 1247 1153 1272 terem
1170 1245 1368 1281 interpretem,
1386 1255 1400 1270 «
1417 1253 1505 1273 naves
1526 1245 1658 1281 ingentes
1682 1246 1722 1274 ita
1747 1247 1888 1282 retardat,

1063 1298 1096 1317 ac
1111 1289 1225 1322 retinet,
1247 1292 1278 1316 ut
1293 1289 1405 1317 diutius
1420 1289 1587 1317 efﬁciantur
1610 1290 1789 1325 immobiles,
1813 1291 1890 1319 velut

1063 1333 1239 1370 quibusdam
1253 1333 1380 1361 fundatae
1394 1334 1543 1362 radicibus
1559 1334 1587 1362 in
1604 1334 1769 1370 profundo;
1788 1346 1802 1359 »
1820 1335 1888 1363 item

1062 1378 1246 1411 Ambrosius,
1263 1378 1312 1405 lib.
1329 1386 1357 1412 v,
1373 1387 1436 1414 cap.
1450 1379 1499 1406 10:
1522 1389 1536 1404 ι
1549 1378 1632 1407 Sicut
1647 1379 1744 1407 brevis
1761 1379 1890 1415 piscicu-

1062 1423 1108 1451 lus
1121 1422 1256 1451 echeneis
1272 1425 1356 1451 tanta
1371 1423 1511 1451 facilitate
1528 1426 1708 1451 memoratur
1723 1432 1828 1452 navem
1845 1425 1888 1452 in-

1062 1470 1178 1504 gentem
1195 1469 1334 1503 statuere,
1350 1470 1382 1496 ut
1402 1467 1486 1503 quasi
1512 1468 1673 1496 radicatam
1691 1468 1763 1496 mari
1780 1468 1889 1496 haerere

1061 1512 1172 1545 videas,
1188 1520 1239 1540 nec
1254 1512 1401 1540 moveri.»
1421 1511 1573 1548 Oppianus
1598 1511 1647 1541 lib.
1666 1512 1727 1541 [De
1733 1513 1890 1549 piscatione

1061 1565 1136 1585 vers.
1153 1556 1205 1584 225
1217 1565 1223 1584 :

1294 1609 1402 1646 ..._Ka1&
1422 1607 1445 1636 δ’
1460 1607 1577 1646 ἔμπεδον
1594 1608 1761 1646 ἐστήριιιται,

1163 1644 1264 1673 ἮύτΊν
1281 1643 1455 1672 ἆκλύστοισιν
1473 1643 1618 1683 ἐεργομένη
1637 1643 1789 1682 λίμὲνεσσι.

1058 1709 1244 1744 Firmiterque
1257 1708 1349 1744 deﬁxa
1365 1713 1405 1736 est
1419 1709 1510 1744 navie,
1531 1710 1662 1744 tanquam
1675 1709 1705 1736 in
1720 1709 1889 1745 tranquillis

1061 1753 1171 1780 inclusa
1185 1753 1329 1788 portubus.
1355 1753 1386 1780 In
1412 1761 1500 1788 quem
1522 1752 1619 1781 locum
1639 1753 1772 1780 scribens
1799 1753 1886 1781 scho-

1059 1797 1159 1825 liastes
1169 1805 1204 1824 ex
1215 1796 1382 1825 Rondoletio
1393 1797 1481 1824 tradit
1494 1797 1656 1832 triremem,
1677 1797 1708 1825 in
1719 1806 1779 1833 qua
1791 1798 1888 1825 cardi-

1060 1842 1134 1869 nalis
1144 1841 1311 1869 Turnonius
1323 1841 1482 1869 vehebatur
1501 1845 1602 1870 nostra
1615 1844 1699 1869 etate
1710 1842 1843 1876 Romam,
1858 1843 1885 1869 in

1061 1886 1156 1914 medio
1171 1894 1259 1914 cursu
1281 1886 1420 1914 omnibus
1435 1886 1654 1914 admirantibus
1671 1886 1763 1914 fuisse
1776 1886 1887 1914 inhibi-

1059 1933 1130 1963 tam,
1149 1933 1180 1958 ut
1201 1930 1300 1958 minus
1318 1930 1469 1964 miremur,
1498 1931 1574 1965 quod
1595 1932 1641 1959 est
1656 1931 1733 1966 apud
1758 1930 1886 1958 Plinium

1059 1975 1111 2010 lib,
1127 1984 1214 2010 xxxii,
1232 1983 1294 2010 cap.
1313 1975 1344 2002 l:
1361 1986 1375 2000 ‹‹
1402 1975 1500 2003 Ruant
1524 1975 1600 2003 venti
1625 1974 1703 2009 licet,
1720 1977 1750 2003 et
1766 1975 1889 2003 saeviant

1061 2019 1205 2055 procellis,
1223 2020 1348 2055 imperet
1369 2019 1472 2054 furori,
1495 2021 1525 2046 et
1548 2019 1627 2055 cogit
1650 2021 1729 2047 stare
1759 2020 1887 2055 navigia.

1064 2065 1164 2091 Fertur
1197 2064 1312 2091 Actiaco
1346 2065 1437 2091 Marte
1461 2063 1593 2091 tenuisse
1622 2063 1719 2091 navim
1750 2064 1887 2092 Antonii:

1061 2108 1157 2137 tenuit
1171 2110 1200 2135 et
1214 2107 1273 2135 Caii
1299 2107 1442 2143 principis
1457 2108 1566 2142 navim,
1578 2110 1605 2135 et
1618 2108 1888 2143 quadragenlorum

1063 2152 1207 2188 remigum
1223 2151 1363 2188 obsequio
1380 2151 1555 2185 intercessit,
1577 2152 1627 2188 qui
1642 2153 1888 2187 quinqueremem

1063 2197 1229 2231 trahebant,
1242 2204 1308 2223 cum
1321 2195 1520 2232 gubernaculo
1533 2196 1718 2224 adhereret.»
1729 2196 1812 2224 Idem
1825 2196 1888 2224 Plu-

1063 2241 1193 2274 tarchus,
1209 2241 1260 2268 lib.
1279 2249 1300 2268 ll
1313 2241 1493 2276 Symposium,
1510 2243 1612 2276 queat.
1638 2241 1666 2275 7,
1681 2241 1716 2269 de
1730 2240 1892 2269 Chaeremo-

181 2288 244 2316 sola
258 2286 401 2319 amat,ubi
418 2285 491 2313 nihil
502 2293 602 2312 eorum
614 2283 903 2319 inveniatur,quibus
915 2283 1007 2311 fames
1023 2280 1045 2312 D
1061 2287 1160 2318 niano,
1175 2286 1288 2321 cum‘in
1304 2285 1400 2313 Siculo
1414 2285 1488 2313 mari
1513 2285 1675 2322 navigaret,
1691 2285 1736 2312 καὶ
1752 2286 1890 2321 θαυμάσαι

181 2333 320 2365 sedatur;
337 2342 351 2356 ››
364 2332 467 2366 quarto
479 2329 689 2364 demum,quod
702 2336 767 2356 cum
780 2329 809 2356 in
825 2327 1007 2364 quampluri-

184 2377 240 2404 mis
247 2375 337 2404 maris
346 2375 494 2403 littoribus
502 2373 746 2409 frequentissima:
760 2373 868 2409 degant
875 2381 1008 2400 muraenas

183 2429 236 2450 nec
252 2421 443 2457 piscatorum,
460 2427 512 2447 nec
527 2427 640 2452 eorum,
660 2417 710 2454 qui
726 2417 804 2446 circa
827 2418 926 2445 littora
946 2425 1008 2445 ver-

181 2467 285 2494 santur
300 2464 427 2500 aliquem
454 2462 601 2491 invenerit
626 2462 783 2490 Salvianus
808 2462 882 2498 ipse,
898 2461 948 2498 qui
964 2470 1008 2489 se-

183 2510 240 2539 mel
256 2519 306 2538 eas
319 2518 386 2538 cum
405 2508 511 2545 viperis
524 2507 628 2536 viderit
643 2507 884 2535 concumbentes.

217 2555 275 2583 Col.
302 2555 352 2582 162
375 2557 399 2580 Α
430 2555 472 2580 11.
500 2555 608 2580 Lunam
629 2559 755 2579 auream.
783 2553 824 2578 lla
848 2550 1009 2579 maluimus

183 2601 218 2628 ad
237 2599 356 2628 verbum
366 2606 430 2626 cum
442 2598 514 2624 lano
525 2595 674 2628 Cornario,
693 2604 781 2631 quam
800 2603 868 2622 cum
881 2599 1008 2631 Argyro-

183 2645 277 2680 pylo,«
291 2643 385 2672 vellus
400 2650 552 2675 aureum,»
569 2649 606 2668 ne
620 2639 686 2675 quis
700 2640 735 2667 ad
753 2639 922 2667 Colchidqu
936 2640 1008 2668 illud

181 2689 309 2724 spolium
326 2687 418 2716 alludi
434 2685 631 2722 putaret,licet
646 2684 820 2712 Ambrosius
836 2692 951 2720 quoque
967 2685 1010 2712 sic

183 2733 327 2768 extulerit,
346 2732 396 2760 lib.
414 2741 440 2765 ν,
468 2739 531 2767 cap.
552 2730 581 2758 11
601 2738 606 2757 :
633 2740 644 2754 ιι
668 2730 798 2757 Aureum
814 2729 902 2757 etiam
917 2728 1010 2757 vellus

183 2785 260 2812 aqua
275 2777 409 2810 nutrit,et
424 2775 524 2804 lanam
541 2775 571 2802 in
588 2773 742 2802 memorati
758 2774 887 2810 speciem
898 2774 1009 2802 metalli

182 2822 310 2858 gignunt
325 2821 433 2849 littora.
449 2832 463 2846 n
481 2819 652 2848 Aristoteles
667 2819 718 2847 lib.
735 2827 762 2854 v,
782 2819 1004 2855 cap.15,l1istor.

1061 2331 1110 2364 τὴν
1139 2329 1263 2366 δύναμιν⁷
1294 2329 1344 2356 οὐκ
1373 2328 1470 2366 ὀλίγην
1502 2328 1659 2367 βραδύτητα
1682 2329 1726 2357 καὶ
1745 2327 1890 2365 διατριϐὴν

1062 2375 1134 2411 παρὰ
1145 2374 1191 2401 τὸν
1206 2372 1292 2401 πλοῦν
1310 2373 1537 2410 ἀπεργασαμένης
1561 2376 1611 2408 τῆς
1635 2372 1790 2411 ἐχενηίδος,
1812 2385 1826 2401 ι
1840 2375 1890 2402 ad-

1063 2420 1202 2447 miratum
1226 2420 1292 2454 ejus
1316 2419 1408 2447 fuisse
1435 2419 1505 2453 vim,
1523 2427 1590 2447 cum
1607 2419 1788 2455 navigationi
1813 2419 1890 2446 haud

1063 2464 1198 2500 exiguam
1214 2463 1381 2491 tarditatem
1398 2472 1571 2499 moramque
1587 2463 1748 2499 injecisset,
1766 2474 1781 2488 »

1099 2507 1158 2536 Col.
1177 2508 1229 2535 463
1243 2510 1262 2535 c
1276 2508 1303 2535 9.
1320 2507 1425 2536 Deinde
1439 2509 1521 2536 ratio.
1537 2506 1752 2544 Argyropylum
1767 2507 1892 2536 vertisse

1063 2553 1202 2580 admonet
1213 2552 1437 2585 Montacutius,-
1452 2552 1562 2580 Deinde
1572 2553 1647 2580 ratio
1659 2551 1890 2580 Manichaeorum

1065 2597 1094 2624 in
1127 2597 1306 2624 contrarium
1343 2598 1497 2624 evertetur.
1529 2608 1542 2620 υ
1572 2597 1678 2632 Aptins
1706 2596 1889 2624 Carnarius:

1064 2653 1078 2667 ‹‹
1096 2642 1205 2669 Deinde
1219 2641 1445 2669 Manichaeorum
1461 2649 1558 2668 sermo
1572 2640 1601 2668 in
1617 2642 1799 2668 contrarium
1818 2640 1891 2676 ipsis

1064 2688 1249 2714 convertetur
1266 2694 1272 2719 ;
1290 2696 1303 2710 n
1320 2687 1348 2712 et
1363 2685 1555 2713 Eustathius:
1572 2696 1586 2710 «
1606 2685 1713 2712 Deinde
1727 2685 1756 2712 in
1775 2688 1891 2713 contra-

1065 2730 1141 2758 rium
1169 2729 1337 2758 Manichaeis
1362 2737 1459 2757 sermo
1482 2729 1639 2757 vertendus
1657 2730 1711 2757 est.
1729 2740 1742 2752 η
1759 2731 1820 2758 Hoc
1836 2731 1889 2761 est,

1065 2776 1198 2811 ipsorum
1213 2773 1347 2802 doctrina
1363 2774 1397 2802 de
1408 2773 1658 2809 anima,quasjam
1671 2775 1753 2801 terrie
1770 2773 1890 2806 inesset,

1065 2820 1197 2856 ipsorum
1212 2818 1400 2855 dogmatibus
1415 2817 1627 2847 adversabitur.
