2011 3142
71 171 147 202 101)1

613 170 667 201 AD
690 170 877 202 HOMlLlAS
899 170 938 200 IN
961 168 1244 200 HEXAEMERON.

1701 167 1780 199 1002

109 237 170 266 Col.
187 237 240 266 164
255 237 275 266 C
301 237 345 265 13.
372 234 440 264 οὔτε
466 235 529 274 γάρ.
553 237 594 264 Ita
623 236 777 266 Medieaus
801 237 900 270 codex,
914 237 942 272 Α
992 235 1066 264 Ibid.
1082 236 1112 264 C.
1127 235 1247 263 Pulchra
1261 234 1418 270 decoraque.
1431 234 1523 262 Locus
1538 235 1582 262 est
1596 233 1778 263 Proverbior.

75 285 106 312 at
121 283 232 319 Regius
252 282 336 318 alter,
351 280 414 309 οὔτε
427 281 478 319 γὰρ
499 280 544 310 ὅτε
558 279 668 317 ἤκουσε,
687 281 867 320 βλαστησάτω
881 283 899 316 ἠ

73 331 107 365 γῆ
125 324 254 365 βότανην.

108 381 168 409 Col.
182 381 232 409 171
258 381 279 409 C
304 381 346 408 l2.
362 381 416 408 Nec
429 381 523 415 facile.
539 383 602 409 Non
619 380 674 408 hoc
689 380 750 409 vult
765 380 899 414 Basilius,

72 425 200 462 gallinas
216 425 301 453 domo
317 433 375 452 non
391 425 594 458 excedere,sed
605 425 724 461 etipsas
740 428 772 453 ut
786 425 900 453 colum-

47 482 52 488 ι
72 471 126 498 bas
151 478 215 498 esse
240 469 375 498 lascivas.
403 469 484 497 Unde
508 469 690 503 Eustathius,
708 480 722 495 ‹‹
743 469 901 497 libidinosa

73 514 222 550 columba,
244 514 466 548 domesticaqus
489 513 609 549 gallina.
625 524 639 540 ι
657 514 786 542 Cornarii
802 513 900 549 potius

74 558 248 596 usurpanda
262 561 307 587 est
322 558 536 594 interpretatio,
546 570 560 584 «
573 559 695 586 Lascivae
706 561 776 586 sunt
791 558 901 586 colum-

75 605 117 632 ba:
147 606 177 632 et
205 603 374 632 domesticas
401 603 526 639 gallinae,
550 603 630 630 omni
654 605 785 639 tempore
806 602 900 631 coitus

21 658 26 662 θ
72 647 320 677 consuetudinem
337 648 488 675 habentes.
505 658 520 673 »
535 648 616 681 Quod
633 648 769 683 sequitur
783 648 818 675 de
834 656 899 683 per-

71 693 146 727 dice,
173 692 329 720 obscurius
353 692 496 728 expressit
519 692 682 728 interpres,
707 691 808 719 dicens
831 700 899 719 eum

73 737 221 765 malitiose
232 737 262 765 in
274 737 372 773 praeda
381 744 477 772 agere;
486 735 657 764 Eustathius
668 735 764 771 potius
776 735 899 763 audien-

72 783 128 810 dus
145 790 152 809 :
171 793 185 807 ι(
202 781 327 810 Dolosus
342 783 371 808 et
393 780 546 816 zelotypus
565 781 677 816 perdix,
692 780 900 816 interdumque

70 825 423 855 venantibushominibus
433 826 467 853 ad
479 825 603 853 aliorum
615 827 733 861 captum
754 825 900 853 malitiose

72 871 272 899 consentiens.
293 880 306 896 ι
329 870 488 898 Carnarius
506 869 574 897 ilein
588 878 595 904 ;
608 880 622 894 «
638 869 762 898 Dolosus
778 871 806 897 et
821 869 899 897 zelo-

954 288 981 308 νι
995 281 1073 316 apud
1092 279 1174 315 LXX,
1197 279 1246 307 ubi
1272 281 1338 315 post
1360 287 1478 307 versum
1492 279 1519 313 6,
1538 279 1605 307 Vade
1619 279 1655 307 ad
1676 280 1779 314 formi-

955 333 1025 360 cam,
1037 333 1051 352 o
1064 325 1156 360 piger,
1172 323 1290 352 additur
1312 323 1342 351 in
1367 323 1465 351 Graeco
1489 325 1580 358 textu,
1596 323 1614 358 ἢ
1629 322 1777 359 πορεύθητι

955 368 1023 406 πρὸς
1058 369 1107 403 τήν
1145 366 1285 404 μέλισσαν,
1315 366 1359 394 καὶ
1399 367 1466 403 μάθε
1503 367 1540 398 ὡς
1566 366 1673 406 ἐργάτις
1708 367 1776 403 ἐστὶ,

955 414 1004 448 τήν
1024 423 1053 440 τε
1077 412 1202 450 ἐργασίαν
1229 412 1266 443 ὡς
1295 412 1395 448 σεμνὴν
1426 414 1556 447 ποιεῖται,
1581 413 1614 446 ἧς
1638 411 1701 443 τοὺς
1726 412 1776 439 πό-

953 468 1015 488 νους
1051 456 1172 494 βασιλεῖς
1200 467 1229 484 τε
1253 456 1296 484 καὶ
1333 455 1439 484 ἰδιῶται
1468 456 1536 494 πρὸς
1566 457 1665 494 ὑγίῑιαν
1689 467 1778 495 προσ-

954 502 1090 541 φέρονται.
1116 504 1183 535 Quae
1207 501 1236 530 S.
1262 501 1436 529 Ambrosius
1462 501 1513 530 lib.
1540 510 1567 535 v,
1593 510 1657 538 cap.
1680 503 1726 535 2i,
1746 503 1776 530 in

954 546 1229 581 Ilexaemer.,Basilii
1247 546 1343 574 locum
1357 546 1455 574 Latino
1470 546 1638 582 exprimens
1648 546 1775 583 eloquio,

954 593 997 620 sic
1009 592 1107 625 vertit,
1125 592 1198 619 Vade
1212 591 1246 619 ad
1260 599 1350 627 apem,
1366 593 1392 618 et
1415 591 1475 618 vide
1495 591 1628 626 quomodo
1648 593 1777 627 operaria

953 641 1004 666 est'
1020 637 1206 673 operationem
1215 643 1322 672 quoque
1334 643 1417 671 quam
1435 636 1619 664 venerabilem
1634 639 1775 672 operatur,

953 682 1032 717 cujus
1048 681 1168 709 laborem
1181 689 1257 716 reges
1272 683 1299 708 et
1310 680 1458 708 mediocres
1471 680 1507 707 ad
1521 680 1637 708 salutem
1651 684 1774 709 sumunt.

953 726 982 754 S.
1000 725 1193 761 Hieronymus
1209 725 1239 752 in
1255 733 1317 760 cap.
1332 733 1363 752 iu
1378 723 1536 752 Ezechielis
1553 733 1560 752 :
1580 736 1590 749 ι
1606 725 1641 752 Et
1653 725 1682 752 in
1703 727 1775 754 Pro-

952 769 1060 798 verbiis
1075 770 1110 797 de
1124 777 1177 805 ape
1191 769 1309 804 dicitur,
1327 777 1495 805 quanquam
1515 769 1569 797 hoc
1583 769 1701 798 Hebraea
1717 779 1774 798 non

952 815 1082 843 habeant
1109 813 1287 850 exemplaria
1315 822 1321 841 ε
1353 814 1421 841 Vade
1448 813 1483 841 ad
1519 822 1611 850 apem,
1639 816 1666 841 et
1690 814 1774 848 disce,

953 859 1085 895 quomodo
1108 860 1250 894 operalria:
1264 859 1308 886 sil.
1324 868 1338 883 »
1356 858 1421 886 Hac
1437 858 1546 886 absunt
1557 867 1574 886 ει
1586 860 1663 886 textu
1677 860 1774 888 Greco

71 919 158 952 typus
174 919 219 943 est
234 914 347 951 perdix,
372 914 508 950 nequiter
531 914 676 949 adjuvans
696 917 847 942 venatores
861 913 896 941 ad
912 925 936 958 Β
953 904 1113 958 Βίδλίςξυπξῖξ
1121 903 1574 958 £1}?EleiFOfFPILEtu‘iljna
1591 903 1648 931 fere
1664 903 1773 938 omnia»

71 961 213 996 praedam.
230 971 245 985 κ
260 960 394 987 Meminit
409 962 438 987 et
457 959 626 987 Aristoteles
651 959 800 995 perdicum
824 967 896 994 quo-

69 1004 218 1038 rumdam,
235 1011 309 1040 quos
326 1002 469 1041 Θηρευτάς,
494 1006 635 1031 venatore:
659 1003 787 1039 appellat
802 1003 852 1031 lib.
868 1012 896 1031 1x

70 1050 185 1083 Hiaion,
202 1049 332 1083 animal.,
348 1057 413 1084 cap.
429 1049 446 1075 8
462 1056 468 1076 :
485 1046 548 1075 Ἐπί
565 1045 594 1074 δὲ
616 1047 662 1074 τὸν
682 1048 814 1084 θηρευτὴν
829 1048 897 1083 πέρ-

72 1091 134 1120 δικα
164 1091 275 1120 ὠθεῖται
299 1094 352 1119 τῶν
382 1090 482 1129 ἀγρίων
512 1091 526 1118 ὁ
555 1091 665 1129 ἡγεμὼν
704 1090 830 1122 ἀντιάσας
858 1091 895 1122 ὡς

72 1137 259 1175 μαχούμενος·
276 1136 375 1164 τούτου
388 1134 412 1163 δ’
427 1135 540 1167 ἁλόντος
550 1136 576 1163 ἐν
591 1138 650 1167 ταῖς
665 1139 794 1171 πηκταῖς,
812 1135 894 1164 πάλιν

69 1181 252 1219 προσέρχεται
267 1179 353 1212 ἄλλος
373 1180 498 1211 ἀντιάσας
512 1181 557 1207 τὸν
573 1180 654 1208 αὐτὸν
668 1180 780 1217 τρόπον.
793 1191 807 1206 (ι
831 1181 896 1209 Per-

67 1227 163 1255 dicem
180 1229 349 1255 venatorem
373 1226 430 1254 dux
447 1225 628 1254 silvestrium
644 1226 756 1261 primus
772 1226 895 1259 invadit,

66 1279 260 1308 pugnamque
274 1270 390 1299 obviam
404 1270 532 1298 conserit
549 1279 556 1298 :
571 1279 629 1306 quo
644 1272 729 1306 capto
744 1271 894 1306 compede,

64 1316 139 1344 alter
154 1315 292 1349 occurrit,
309 1317 372 1343 tum
384 1314 471 1350 alius,
483 1317 570 1350 atque
582 1315 622 1342 ita
633 1314 760 1350 singulis
773 1315 895 1343 dimica—

63 1363 123 1389 tur.
138 1372 153 1385 ›ι
168 1359 282 1388 Plinius
299 1360 350 1387 lib.
365 1367 393 1395 ι,
409 1367 472 1395 cap.
488 1359 534 1392 33,
546 1359 617 1387 dum
629 1359 791 1387 Aristotelis
802 1359 895 1387 inter-

63 1407 179 1441 pretem
208 1404 278 1440 agit,
306 1403 440 1440 θηρευτήν
477 1403 605 1439 appellat
633 1403 755 1431 indicem
789 1403 835 1432 vel
862 1406 895 1432 ut

64 1449 189 1485 corrigit
214 1448 380 1481 Turnebus,
406 1448 534 1475 illicem:
556 1458 571 1473 «
593 1447 756 1483 Capiuntur
778 1456 895 1483 quoque

64 1493 256 1530 pugnacitate
266 1492 397 1528 ejusdem
406 1491 538 1520 libidinis
546 1493 647 1519 contra
655 1491 779 1527 aucupis
786 1491 893 1520 illicem

65 1540 194 1567 exeunte
208 1537 239 1565 in
261 1536 395 1573 pralium
421 1537 494 1564 duce
517 1536 609 1563 totius
632 1536 740 1572 gregis.
757 1538 844 1572 Capto
860 1544 894 1564 eo

65 1582 201 1619 procedit
221 1581 304 1615 alter,
326 1589 360 1608 ac
375 1580 501 1609 subinde
526 1579 646 1616 singuli.
664 1591 678 1605 »
694 1580 825 1608 lElisnus
840 1580 891 1608 lib.

952 957 1016 985 qua;
1031 948 1061 976 in
1078 949 1195 976 Hebmo
1209 949 1289 975 textu
1307 955 1364 976 non
1379 947 1534 976 habentur.

987 994 1060 1021 Ibid.
1086 995 1105 1020 C
1128 993 1170 1021 -l2.
1186 993 1288 1021 Deinde
1309 993 1375 1021 alia
1395 1000 1486 1028 super.
1512 993 1632 1030 ’Ὀροφος
1653 992 1772 1028 quidem

951 1046 1108 1073 cameram,
1120 1037 1164 1065 vel
1181 1039 1301 1072 tectum,
1314 1039 1344 1065 at
1354 1035 1442 1075 ὀροφή
1455 1037 1701 1074 contignationem
1713 1038 1773 1066 sive

950 1081 1116 1110 tabulatum
1133 1084 1219 1109 sonat
1233 1090 1239 1109 :
1253 1089 1340 1117 quam
1356 1082 1392 1109 ob
1408 1089 1528 1109 causam
1542 1081 1596 1110 has
1611 1089 1701 1117 apum
1717 1082 1774 1110 cel-

951 1127 1027 1155 lulas
1054 1126 1224 1154 describens
1248 1126 1289 1153 ait
1317 1134 1352 1154 ex
1378 1125 1618 1162 interpretatione
1644 1126 1774 1154 Gornarii

951 1171 1114 1200 Bssiliusm
1132 1171 1239 1199 Deinde
1252 1169 1358 1198 fistulas
1369 1170 1411 1198 hee
1423 1170 1468 1198 bis
1484 1179 1517 1198 ac
1533 1173 1577 1198 ter
1589 1178 1774 1199 concamera-

950 1218 996 1251 tsa,
1025 1217 1112 1251 atque
1140 1216 1234 1243 instar
1249 1214 1504 1250 contignationum
1519 1215 1626 1243 mdium
1651 1215 1727 1243 inter
1742 1224 1774 1244 se

950 1260 1187 1297 superadiﬁcataa
1217 1261 1305 1294 sunt;
1325 1262 1355 1287 et
1382 1259 1553 1287 Eustathius
1571 1267 1578 1287 :
1597 1270 1611 1284 «
1636 1259 1774 1288 Subtilis-

950 1305 1026 1332 sima
1051 1304 1213 1332 forulorum
1238 1304 1446 1340 interseptione
1461 1303 1648 1339 discinditur,
1662 1304 1712 1340 qui
1728 1304 1772 1332 bi~

950 1350 997 1377 nis
1013 1351 1064 1377 aut
1077 1349 1168 1377 ternis
1183 1356 1272 1384 super
1287 1356 1317 1376 se
1332 1350 1403 1376 sunt
1417 1348 1545 1377 ordinati
1562 1348 1771 1384 tegminibus.»

985 1393 1043 1422 Col.
1062 1394 1112 1421 178
1127 1393 1148 1421 C
1164 1393 1207 1421 12.
1224 1393 1296 1427 Quin
1319 1394 1393 1420 hunc
1416 1400 1530 1428 quoque.
1548 1395 1699 1428 Perperam
1718 1393 1771 1421 hoc

949 1438 1092 1474 expressit
1115 1438 1270 1473 interpres,
1294 1438 1379 1473 quasi
1406 1437 1546 1464 nimirum
1570 1437 1638 1465 velit
1669 1439 1772 1465 auctor

949 1482 1078 1518 aquilam
1093 1482 1217 1510 alterum
1231 1481 1447 1517 pullum,quem
1463 1481 1520 1510 sibi
1536 1482 1687 1517 proprium
1696 1481 1770 1510 asci-

948 1527 1000 1560 vit,
1016 1526 1134 1554 tandem
1150 1527 1186 1554 ob
1203 1525 1407 1553 nutricationis
1418 1525 1622 1554 difﬁcultatem
1634 1526 1770 1562 abjicere,

949 1571 1026 1607 quod
1042 1570 1077 1598 de
1093 1570 1187 1606 primo
1207 1572 1323 1598 tantum
1347 1569 1574 1606 intelligendum
1590 1572 1645 1604 est,
1661 1573 1689 1599 et
1703 1579 1769 1598 cum

63 1605 206 1663 signa,
221 1605 331 1661 ξάξδίιε
354 1605 429 1653 αδιίε
445 1605 646 1652 usus};
658 1605 892 1660 paeanes;
908 1605 929 1638 ο
948 1605 1021 1642 iano
1037 1605 1173 1663 εονῂατίο
1189 1614 1372 1663 agedum.
1389 1625 1402 1639 ‹‹
1419 1605 1594 1663 reginam
1619 1614 1675 1642 sm
1692 1615 1770 1649 τεοίι.

65 1674 110 1700 tor
125 1670 248 1706 exponit
265 1678 271 1697 :
289 1669 454 1707 Προσάγεται
478 1667 506 1695 δὲ
530 1666 581 1706 ἄρα
596 1668 611 1695 ὁ
626 1666 718 1705 πέρδιξ
734 1668 778 1695 καὶ
799 1672 891 1706 σειρῆ-

64 1726 108 1747 νας
124 1714 164 1745 sic
178 1716 211 1741 τὸ
226 1712 354 1752 ἐφολκόνο
379 1711 489 1748 ἕστηκεν
515 1711 586 1748 ᾅδων
601 1713 616 1740 ὁ
637 1714 745 1750 πρῶτος
759 1713 791 1740 τὸ
808 1711 891 1749 μέλος

65 1758 253 1796 προκλητικὸν
270 1757 307 1789 εῐς
326 1757 419 1795 μάχην
436 1757 573 1794 ὑποθῆγον
587 1757 632 1784 τὸν
649 1755 750 1794 ἄγριον·
768 1768 782 1784 ι(
796 1758 893 1786 Utitur

66 1804 167 1841 perdix
182 1805 304 1831 venator
314 1801 459 1830 illecebris
473 1801 653 1837 quibusdam
669 1802 705 1830 ad
728 1801 892 1830 illiciendos

68 1850 164 1877 feros:
181 1849 249 1875 ante
265 1846 338 1874 retis
353 1846 431 1874 enim
448 1846 563 1882 positus
578 1848 698 1874 cantum
711 1846 771 1874 edit
784 1853 834 1874 eos
849 1846 892 1874 la-

68 1893 230 1921 cessentem
246 1891 282 1919 ad
298 1898 437 1927 pugnam.
456 1901 470 1915 ››

103 1945 166 1974 Col.
189 1944 241 1972 174
266 1944 298 1972 Β.
328 1944 474 1979 Nunquam
497 1944 585 1971 utitur
608 1943 667 1971 ille.
692 1943 749 1971 Hoc
772 1943 892 1979 quidem

70 1988 205 2018 nonnulli
220 1990 255 2016 de
268 1996 357 2024 apum
368 1996 435 2024 rege
450 1987 698 2024 scripserunt,sed
712 1987 741 2014 id
753 1996 811 2015 non
822 1987 894 2015 dicit

70 2033 206 2067 Basilius,
219 2040 320 2060 verum
336 2031 436 2060 aculeo
451 2040 485 2060 eo
499 2040 555 2059 non
574 2031 615 2059 uti
628 2032 664 2060 ad
682 2031 893 2059 ultionemJta-

70 2087 125 2114 que
141 2076 347 2113 amplectenda
373 2076 471 2112 potius
495 2076 610 2104 videtur
632 2075 764 2104 Cornarii
788 2076 892 2109 versio,

70 2131 134 2158 qua
148 2123 193 2150 sic
207 2121 294 2149 habet
310 2129 316 2149 :
334 2132 347 2146 (ι
363 2121 398 2149 Et
423 2123 468 2148 est
483 2121 602 2156 quidem
619 2120 738 2148 aculeus
754 2120 825 2156 regi,
842 2120 893 2148 sed

71 2175 128 2195 non
144 2166 238 2194 utitur
253 2174 287 2193 eo
297 2165 333 2193 ad
346 2164 499 2193 ultionem.
514 2176 528 2189 n
540 2164 712 2192 Eustathius
723 2173 730 2192 :
742 2176 755 2203 ul
765 2167 799 2192 Et
809 2164 896 2192 habet

70 2210 185 2247 spicula
199 2210 344 2246 quaedam,
361 2209 412 2237 sed
428 2209 475 2236 his
489 2209 526 2236 ad
550 2209 699 2236 laesionem
723 2217 780 2236 non
803 2208 896 2236 utitur

72 2258 254 2283 ceterorum.
268 2264 282 2278 ›ι
297 2253 428 2281 Allienus
445 2253 494 2280 lib.
512 2261 532 2285 ι,
547 2261 610 2289 cap.
626 2253 661 2280 60
677 2261 684 2280 :
699 2253 776 2289 Λέγει
794 2252 840 2288 μέν
854 2262 896 2282 τις

946 1661 1064 1695 propter
1075 1658 1206 1686 alimenti
1219 1658 1422 1686 difficultatem
1432 1658 1674 1695 ubdicans.quem
1686 1668 1772 1696 gene-

947 1705 1029 1731 ravit.
1058 1714 1071 1727 »
1095 1702 1266 1730 Eustathius
1289 1703 1418 1739 pariter:
1437 1714 1450 1728 «
1467 1703 1511 1730 Ita
1534 1706 1652 1740 propter
1674 1704 1770 1732 victus

945 1747 1074 1783 inopiam
1090 1747 1205 1783 cogitur
1215 1755 1332 1783 negare,
1346 1755 1434 1784 quem
1445 1748 1555 1784 genuit.
1571 1759 1585 1773 »
1596 1748 1769 1776 Ambrosius

945 1793 1045 1820 tamen
1071 1792 1178 1820 Basilio
1204 1800 1261 1819 non
1287 1792 1448 1820 assentitur
1471 1800 1564 1827 neque
1586 1792 1767 1827 auctoribus,

946 1845 1020 1872 quos
1035 1836 1083 1864 ille
1099 1839 1217 1864 secutus
1233 1838 1287 1864 est.
1307 1835 1353 1863 Ait
1376 1836 1454 1863 enim
1472 1845 1478 1863 :
1498 1846 1512 1862 α
1527 1836 1629 1871 Aquila
1652 1844 1768 1872 quoque

945 1880 1072 1916 plurimo
1097 1888 1234 1908 sermone
1258 1881 1429 1915 usurpatur,
1452 1880 1528 1915 quod
1553 1887 1623 1907 suos
1652 1880 1768 1908 abdicet

946 1925 1033 1958 fetus,
1050 1924 1101 1952 sed
1118 1932 1176 1952 non
1191 1926 1360 1959 utrumque,
1373 1932 1473 1951 verum
1488 1932 1579 1951 unum
1595 1932 1630 1951 ex
1640 1925 1766 1952 duobus:

947 1969 1024 2005 quod
1035 1968 1124 2004 aliqui
1137 1967 1198 1996 ﬁeri
1209 1970 1384 2004 putaverunt
1394 1968 1640 2004 geminandorum
1649 1969 1773 1997 alimen-

947 2015 1044 2041 torum
1062 2013 1177 2040 fastidio
1194 2021 1201 2040 :
1219 2013 1269 2040 sed
1290 2012 1318 2039 id
1340 2021 1396 2040 non
1417 2012 1543 2040 arbitror
1555 2013 1639 2041 facile
1651 2014 1772 2042 creden-

948 2057 1031 2092 dum,
1042 2065 1109 2085 cum
1127 2057 1241 2092 Moyses
1257 2058 1373 2084 tantum
1390 2056 1593 2084 testimonium
1610 2057 1725 2092 pietatis
1741 2058 1771 2084 in

948 2101 1046 2138 pullos
1071 2109 1140 2129 suos
1164 2101 1234 2128 huic
1260 2100 1372 2128 dederit
1394 2100 1448 2135 avi,
1473 2103 1505 2128 ut
1532 2101 1642 2128 diceret
1666 2110 1672 2129 :
1697 2101 1773 2129 Sicut

949 2145 1045 2181 aquila
1066 2145 1184 2181 protegit
1205 2145 1302 2172 nidum
1334 2153 1425 2178 suum,
1445 2146 1470 2172 et
1493 2152 1574 2180 super
1595 2145 1685 2181 pullos
1712 2153 1774 2173 suos

948 2190 1103 2225 concupivit
1119 2190 1207 2225 (Deut.
1222 2197 1310 2224 χχχιι,
1323 2189 1376 2225 ll).
1390 2200 1403 2213 n
1415 2191 1488 2217 Tum
1504 2189 1586 2216 addit
1600 2189 1774 2218 existiman-

950 2235 1020 2262 dum
1037 2242 1101 2262 esse
1114 2233 1222 2262 idcirco
1235 2242 1446 2269 nonnunquam
1464 2233 1545 2269 rejici
1557 2233 1683 2270 pullum,
1696 2235 1773 2270 quod

74 2278 482 2335 λξᾷξ’ἐκὶᾷρουῖέἓῐᾶῖέοῐξ
489 2278 610 2323 ita};
624 2278 763 2334 esse;
771 2278 854 2333 ⁷λ“ιγει
862 2278 896 2323 ei

954 2278 1043 2306 radiis
1059 2278 1129 2306 solis
1156 2278 1289 2313 objectus
1311 2278 1488 2314 intrepidam
1513 2278 1665 2306 oculorum
1682 2280 1774 2307 aciem

955 2331 1010 2335 ._.._
1039 2324 1132 2335 ..ιι-..ιιι
1176 2331 1207 2335 ...-
1231 2322 1348 2335 ..-ηε-ΑΛ
1370 2323 1448 2335 ηιιμιμξ
1481 2323 1650 2335 .I-...._.._-_.
1679 2324 1762 2335 .L:.'42

75 2342 119 2369 καὶ
134 2340 227 2379 ’ἔτερος
252 2340 297 2368 καὶ
326 2341 397 2368 πάνυ
421 2339 562 2378 ἐῤῥωμένα
582 2341 616 2368 τὰ
640 2339 738 2378 κέντρα
758 2350 899 2379 συμπεφυ-

76 2387 151 2414 χὲναι
176 2385 282 2420 αὐτοῖς,
310 2384 355 2412 καὶ
383 2384 538 2422 τεθηγμέναι
566 2384 750 2421 ἀνδρειότατα·
781 2383 843 2413 οὔτι
872 2384 901 2412 δὲ

76 2431 115 2458 ἐπ’
131 2429 209 2468 ἀνδρί
225 2439 291 2457 ποτε
307 2430 426 2467 χρῆσθαι
452 2429 556 2462 αὐτοῖς,
581 2427 642 2456 οὔτε
665 2428 709 2457 ἐπὶ
731 2432 790 2461 ταῖς
806 2429 899 2466 μελιτ-

73 2484 143 2505 ταιςο
162 2487 176 2500 «
192 2474 296 2510 Opinio
319 2482 377 2502 una
395 2476 441 2502 est
464 2482 553 2510 apum
579 2482 662 2510 reges
678 2474 826 2502 aculeatos
842 2483 900 2503 non

74 2528 158 2548 esse:
174 2521 221 2548 est
236 2527 339 2547 rursus
354 2518 456 2554 altera,
472 2526 521 2546 eos
536 2519 638 2546 robore
649 2519 817 2546 aculeorum
836 2527 900 2554 per-

74 2567 229 2593 scutorum
246 2565 376 2591 armatos
390 2570 469 2591 esse:
483 2571 634 2598 nunquam
653 2565 749 2590 tamen
766 2570 800 2590 eo
808 2571 902 2599 neque

75 2611 178 2636 contra
192 2607 353 2642 hominem,
370 2615 465 2643 neque
481 2609 583 2635 contra
598 2615 668 2643 apes
684 2607 736 2634 uti.
754 2618 765 2633 ι
788 2607 902 2635 Plinius

76 2653 128 2681 lib.
145 2661 184 2685 xi,
201 2660 265 2688 cap.
281 2651 315 2678 l7
334 2660 340 2680 :
357 2663 370 2676 «
387 2651 450 2679 Non
466 2653 581 2679 constat
596 2652 672 2679 inter
691 2654 835 2685 auctores,
853 2660 902 2679 rex

77 2696 235 2726 nullumne
246 2695 328 2724 solus
339 2696 447 2724 habeat
458 2695 606 2731 aculeum,
623 2696 773 2731 majestate
787 2697 902 2724 tantum

79 2743 212 2770 armatus
223 2750 233 2768 :
249 2748 286 2768 an
297 2740 411 2768 dederit
420 2748 488 2768 eum
502 2740 620 2776 quidem
636 2739 804 2774 natura,sed
817 2748 903 2768 usum

75 2787 140 2822 ejus
155 2785 199 2814 illi
214 2786 327 2812 tantum
340 2784 498 2820 negaverit.
512 2784 587 2813 lllud
603 2787 728 2820 constat,
743 2784 902 2821 imperato-

79 2839 140 2859 rem
153 2829 257 2858 aculeo
271 2837 329 2857 non
345 2829 396 2857 uti.

217 2893 352 2923 ΡΑι-ιιοι..
377 2893 432 2924 GR.
453 2893 548 2923 ΧΧΧ.

955 2331 1011 2350 non
1039 2324 1144 2357 servet,
1175 2331 1208 2350 ac
1230 2322 1350 2357 proinde
1367 2323 1449 2357 quasi
1480 2323 1653 2358 degenerem
1678 2324 1774 2359 abjici.

954 2369 1064 2395 Tuetur
1078 2369 1174 2395 tamen
1199 2366 1340 2394 Basilium
1357 2367 1428 2394 ﬁdes
1448 2369 1477 2394 et
1491 2367 1650 2395 auctoritas
1665 2369 1776 2396 Aristo-

954 2411 1031 2446 telis,
1049 2419 1082 2439 ex
1098 2420 1155 2448 quo
1168 2411 1224 2439 ista
1239 2411 1421 2447 decerpsisse
1437 2412 1775 2448 videtur,1ib.v1HisIor.,

955 2456 1131 2491 animalium,
1147 2464 1209 2492 cap.
1226 2456 1254 2490 6,
1266 2456 1429 2491 quiveteris
1442 2459 1531 2492 poeta:
1544 2457 1644 2485 Musaei
1660 2466 1777 2486 versum

955 2500 1026 2528 citat
1038 2500 1073 2528 de
1089 2500 1188 2535 aquila
1203 2508 1210 2527 :

955 2543 1003 2574 Ὃς
1017 2542 1078 2580 τρία
1102 2553 1148 2580 μεν
1173 2543 1269 2579 τίκτει,
1294 2541 1342 2570 δύο
1367 2542 1390 2570 δ’
1415 2543 1532 2578 ἐκλέπει,
1553 2544 1582 2571 ’ὲν
1599 2543 1621 2571 δ’
1645 2543 1776 2582 ἀλεγίζει.

991 2588 1035 2618 Ὧς
1075 2588 1122 2624 μὶν
1161 2586 1209 2614 οὖν
1238 2588 1271 2615 τὰ
1307 2587 1400 2616 πολλά
1427 2587 1499 2615 οὕτω
1527 2586 1667 2625 συμϐαίνει
1685 2610 1692 2622 ,
1722 2587 1776 2624 ἤδη

958 2631 986 2659 δὲ
1011 2633 1057 2659 καὶ
1081 2635 1153 2669 τρεῖς
1177 2633 1279 2660 νεοττοὶ
1319 2633 1441 2669 ὼμμὲνοι
1471 2632 1546 2660 εἰσίν.
1580 2629 1724 2660 Ἐκῧάλλει
1755 2632 1779 2660 δ’

957 2676 1144 2712 αὐξανομένων
1168 2677 1213 2704 τὸν
1233 2675 1324 2714 ’έτιρον
1350 2679 1404 2704 τῶν
1427 2678 1540 2703 νεοττῶν
1566 2676 1719 2714 ἀχθόμενος
1744 2680 1778 2715 τῇ

958 2719 1054 2758 ἐδωδῇ.
1072 2721 1123 2748 Τὸν
1137 2720 1165 2748 δὲ
1180 2719 1343 2756 ἐκϐληθέντα
1352 2719 1458 2758 δέχεται
1471 2721 1515 2748 καὶ
1527 2720 1646 2760 ἐκτρέφει
1663 2722 1679 2755 ἡ
1694 2722 1778 2760 φήνη,

1048 2775 1179 2803 Excludil
1195 2776 1281 2809 binos,
1297 2775 1353 2802 edit
1373 2776 1462 2809 terna,
1479 2774 1579 2802 educat
1594 2783 1690 2802 unum.

996 2827 1072 2856 «Sed
1080 2828 1213 2864 quamvis
1220 2836 1327 2864 magna
1333 2836 1367 2856 ex
1378 2830 1458 2864 parte
1469 2827 1510 2856 sic
1517 2827 1678 2862 ﬁat,tamen
1687 2831 1716 2857 et
1723 2831 1783 2858 tres

1605 2896 1643 2924 3'2
