2011 3142
201 165 280 197 1003

794 159 912 190 NOTAE
933 156 1155 187 FRONTONIS
1178 154 1310 186 DUCxEl

1824 151 1904 182 10οι

199 232 253 260 visi
276 230 431 266 aliquando
458 230 529 257 sunt
557 227 641 264 pulli.
658 226 790 255 Alterum
819 225 850 253 in
872 223 1024 252 educando
1040 227 1067 260 Α
1082 219 1212 249 occultos
1227 219 1325 248 aditus
1344 218 1469 247 latenter
1489 218 1600 254 ingredi
1623 196 1790 246 molientes.
1808 228 1823 242 »
1839 217 1913 245 Nam

200 275 317 313 expellit
332 275 416 303 taedio
433 273 593 302 nutriendi.
609 272 664 300 Sed
680 270 795 308 pullum
810 270 938 305 ejectum
954 267 1028 296 ossi-

201 322 284 357 fraga
312 319 419 355 excipit
448 320 536 353 atque
565 316 681 344 educat.
699 327 710 340 ι
738 314 960 343 Observandum
986 314 1031 340 est

204 369 302 395 autem
318 363 394 400 apud
411 362 544 391 eumdem
562 359 746 388 Aristotelem
763 359 848 395 plura
863 357 1029 393 aquilarum

205 409 301 439 ell‘erri
323 416 440 445 genera,
456 406 506 434 lib.
533 414 560 433 ix
576 405 613 433 De
639 404 757 432 historia
772 403 950 436 animalium,
966 409 1029 436 cap.

207 456 252 490 32,
269 462 301 482 ac
325 453 361 481 de
386 451 472 480 tertio
494 458 597 478 earum
622 456 727 485 genere
751 447 848 476 colore
870 446 1031 482 nigricante

207 488 292 528 illum
315 497 471 532 subjicere,
498 493 619 532 ἰκτρὲφει
645 490 673 519 δὲ
697 492 779 528 μόνος
803 489 881 521 οὗτος
896 490 929 516 τὰ
943 488 1030 523 τέκνα,

207 543 251 571 mil
264 541 362 580 ἐξάγει,
377 552 392 567 ι(
408 549 466 568 una
478 539 539 567 haec
554 539 630 566 fetus
645 546 716 566 suos
729 536 791 571 alit,
803 538 890 571 atque
905 533 1031 562 educit»:

206 591 270 616 tum
287 585 427 622 expositis
442 584 534 612 variis
551 582 719 619 aquilarum
736 580 892 617 generibus
906 579 935 606 in
952 586 1032 606 com-

209 640 297 661 mune
312 620 347 659 de
367 630 424 658 illis
446 628 596 665 praedicat,
622 626 751 664 τρέφουσι
773 623 802 652 δὲ
826 622 962 657 νεοττοὺς,
982 620 1033 652 ἕως

208 676 238 704 ἂν
253 674 362 703 δυνατοὶ
391 673 519 711 γένωνται
549 671 685 698 πὲτεσθαν
715 669 777 697 τότε,
806 667 834 696 δὲ
858 667 888 694 ἐκ
911 666 1033 697 νεοττίας

209 719 306 752 αὐτοὺς
333 715 526 746 caestuum.
544 728 558 741 ‹‹
588 715 679 744 Alunt
707 722 776 742 suos
805 713 912 749 pullos,
943 713 1034 740 donec

210 767 341 803 potestas
363 762 478 791 volandi
505 761 555 789 ﬁat
571 769 577 788 :
595 763 656 788 tum
679 759 748 786 nido
770 766 819 786 eos
844 756 1002 793 expellunt.
1019 766 1034 781 ›ι

211 800 374 844 ὒιιιυωρυθ
392 807 488 835 locum
503 805 648 842 expressit
663 803 775 832 Plinius
790 803 840 830 lib.
856 811 885 837 x,
905 809 930 829 c.
945 801 971 828 3.
988 800 1035 828 Sic

211 855 290 883 enim
306 854 341 881 de
355 851 454 888 aquila
477 858 567 887 quam
593 848 783 877 melanaeton
803 846 893 875 Graeci
909 845 1011 874 dicunt
1027 852 1033 872 :

211 910 225 924 (ι
243 898 366 926 Minima
389 894 606 932 magnitudine,
629 892 743 921 viribus
766 890 922 928 prmoipua,
939 889 1036 917 colore

211 943 361 979 nigrioans
373 949 381 975 ;
394 940 455 969 sola
470 939 637 975 aquilarum
655 937 732 966 fetus
747 945 817 964 suos
833 935 902 969 alit;
916 936 1036 968 ceterae,

213 977 402 1021 ut—dicemus,
426 985 540 1021 fugant.
554 994 568 1009 ››
585 983 662 1010 Tum
683 982 718 1009 de
743 980 851 1017 aquilis
877 979 987 1007 caeteris
1007 977 1037 1005 in

212 1038 368 1060 commune
383 1029 467 1058 addit
484 1037 490 1056 :
508 1040 521 1054 ι(
540 1027 660 1056 Pariunt
681 1034 735 1054 ova
758 1027 862 1059 terna;
879 1022 1039 1051 excludunt

214 1075 309 1112 pullos
323 1075 406 1102 binos
420 1083 427 1108 ;
443 1074 496 1101 visi
513 1076 582 1100 sunt
594 1073 623 1099 et
637 1073 697 1099 tres
713 1068 872 1105 aliquando
889 1076 895 1095 :
914 1067 1038 1095 alterum

216 1111 365 1156 expellunt
378 1118 464 1145 tedio
479 1116 638 1144 nutriendi.
650 1126 664 1140 »
680 1115 759 1147 Quod
777 1114 867 1150 igitur
882 1113 917 1140 de
933 1111 1040 1148 aquilis

219 1165 249 1192 in
264 1161 486 1192 Deuteronomio
502 1161 643 1197 scriptum
663 1162 709 1187 est
728 1158 825 1195 pullos
841 1156 1040 1185 nutrientibus

219 1217 252 1237 ac
278 1207 458 1242 foventibus,
483 1206 518 1233 ad
551 1204 743 1232 malaenaetcn
772 1201 956 1230 referendum
985 1202 1040 1235 est,

217 1252 378 1290 praesertim
400 1259 467 1278 cum
491 1249 600 1278 scribat
625 1248 757 1276 Elianus
782 1247 832 1274 lib.
854 1255 885 1281 ιι,
901 1253 965 1281 cap.
982 1245 1039 1272 4οῑ

217 1294 450 1332 Ζηλοτυπώτατον
485 1295 553 1320 εἶναι
583 1295 651 1327 ζῶον
681 1291 758 1318 ἀετὸν
783 1290 845 1328 περὶ
871 1289 905 1317 τὰ
924 1289 1042 1316 νεόττια*

217 1341 262 1369 ἐὰν
284 1342 349 1379 γοῦν
373 1338 501 1374 ϐιάσηταί
525 1348 586 1364 τινα
605 1336 765 1375 προσιόντα,
791 1333 913 1366 ἐπελθεῖν
937 1332 1041 1369 ἀτιμώ-

218 1395 300 1423 ρητον
328 1384 377 1412 οὐκ
405 1383 554 1421 ἑπιτρέπιι·
585 1394 599 1408 ιι
629 1383 668 1409 Ex
696 1380 835 1408 omnibus
864 1378 1043 1407 animalibus

219 1430 347 1458 maximo
371 1429 468 1457 studio
493 1428 522 1455 in
540 1427 615 1455 fetus
638 1433 707 1454 suos
732 1425 871 1453 exsistere
892 1423 1042 1459 aquilam:

222 1483 312 1510 quare
328 1473 433 1501 acriter
443 1481 510 1500 eum
522 1471 707 1508 persequitur
714 1477 799 1505 quem
810 1468 839 1496 in
850 1468 952 1495 nidum
965 1467 1044 1494 inva-

223 1519 298 1547 sisse
313 1517 507 1553 conspexerit.
526 1527 539 1540 »
555 1517 625 1549 Quae
639 1523 706 1542 vero
722 1514 757 1541 de
777 1513 888 1540 saevitia
902 1519 1044 1547 quarum-

225 1564 292 1591 dam
309 1562 473 1598 aquilarum
485 1561 514 1588 in
527 1559 623 1596 pullos
634 1567 704 1586 suos
715 1557 762 1586 alii
774 1558 906 1589 narrant,
919 1556 950 1583 in
965 1555 1045 1583 aliud

224 1607 388 1643 aquilarum
403 1613 496 1642 genus
510 1605 691 1639 competunt.

1053 913 1075 944 Β

1061 1591 1082 1624 C

258 1684 318 1712 Col.
335 1683 387 1710 180
401 1683 431 1710 C.
455 1680 586 1718 Οὐρανοῦ,
609 1680 679 1707 cwli.
704 1678 817 1706 Desunt
841 1676 888 1704 hic
910 1675 1045 1711 quaedam

223 1728 301 1764 apud
324 1725 547 1762 Argyropylum,
573 1731 668 1759 neque
692 1722 771 1749 enim
793 1720 961 1756 exprimunt
985 1719 1046 1752 illa,

221 1763 270 1799 τὸὗ
292 1770 370 1809 ἀέρος
391 1768 622 1806 προσειρημὲνου.
647 1767 732 1799 Recte
756 1765 924 1798 Cornarius,
947 1775 957 1787 ιι
974 1763 1046 1791 coelo

223 1817 268 1845 hic
283 1824 375 1844 urano
397 1814 504 1842 Grecis
528 1813 593 1849 ipso
618 1819 683 1840 aere
701 1809 857 1846 appellato.
875 1819 889 1833 ι)
907 1808 957 1835 Hic
978 1815 1046 1843 ergo

222 1860 411 1889 scribendum
429 1868 435 1887 :
453 1869 466 1884 ι
482 1858 571 1885 Juxta
587 1856 807 1883 ﬁrmamentum
823 1855 921 1881 autem
940 1851 1047 1880 omium

224 1905 399 1941 appellatur,
417 1903 470 1931 hoc
485 1905 529 1930 est
554 1899 679 1937 οὐρανός,
697 1908 713 1926 a
728 1899 816 1926 verbo
833 1896 954 1935 ὁρᾶσθαι,
970 1896 1048 1932 quod

224 1939 272 1977 est
281 1949 379 1976 videri.
398 1959 408 1972 ι
425 1947 482 1974 Nec
501 1947 563 1982 ipse
584 1944 758 1972 Eustathius
777 1945 906 1970 mentem
921 1939 1049 1968 auctoris

223 1992 367 2028 expressit
384 2000 391 2020 :
407 2002 417 2016 ι
435 1990 546 2019 Caelum
563 1992 661 2017 autem
677 1988 725 2015 hic
740 1986 902 2022 intelligere
913 1985 1049 2013 debemus

225 2047 242 2066 a
256 2037 400 2065 cernendo
422 2035 533 2063 dictum
551 2043 557 2061 :
574 2033 672 2061 Graece
691 2031 770 2059 enim
794 2028 908 2067 οὐρανός
931 2030 1051 2056 vocatur

224 2081 277 2110 ἀπὸ
292 2084 340 2110 τοῦ
356 2081 480 2117 ὁρᾶσθαι.
498 2091 514 2109 η
527 2078 711 2111 Ambrosius,
727 2077 780 2104 lib.
795 2085 823 2109 ν,
835 2084 898 2111 cap.
908 2076 943 2102 22
953 2083 959 2102 :
969 2086 981 2099 ‹‹
997 2072 1050 2101 Οὐ-

225 2127 303 2165 ρανός
319 2129 416 2155 autem
445 2125 498 2152 ἀπὸ
521 2125 568 2151 τοῦ
594 2122 717 2159 ὁρᾶσθαι,
734 2122 763 2148 id
787 2123 832 2148 est
856 2128 873 2147 a
900 2119 1048 2147 videndo:

223 2162 288 2200 ideo
305 2172 377 2207 quod
390 2178 439 2198 aer
448 2169 621 2206 perspicuus
633 2167 714 2201 sit,et
722 2166 758 2193 ad
770 2164 930 2192 videndum
939 2162 1049 2198 purior,

223 2217 252 2244 in
269 2224 334 2244 aere
358 2214 510 2243 volitantia
531 2219 638 2249 genera
664 2210 738 2238 dixit
761 2208 987 2237 animantium.»
1006 2207 1049 2233 Ab

224 2261 398 2296 Hippocrate
407 2266 525 2294 quoque
534 2264 614 2284 more
624 2255 703 2291 vulgi
713 2254 822 2282 dicitur
832 2252 944 2288 aer,qui
961 2259 1052 2287 supra

225 2313 279 2333 nos
293 2306 347 2336 est,
366 2311 459 2338 usque
480 2303 516 2330 ad
541 2300 665 2338 nubium
682 2299 841 2335 regionem,
869 2299 902 2325 ut
928 2297 1050 2324 annotat

222 2352 358 2377 Gorrteus
372 2356 407 2375 ex
421 2346 540 2374 Galeno.
558 2344 609 2373 Alii
637 2343 771 2371 derivant
786 2342 821 2369 ab
847 2339 921 2377 ὅρος.
935 2340 1048 2368 Aristo-

223 2393 296 2421 teles
322 2394 358 2420 De
382 2391 495 2424 mundo,
520 2398 585 2424 cap.
604 2390 645 2416 6:
671 2385 793 2423 Οὐρανὸν
817 2384 924 2421 ἰτύμως
952 2383 1051 2411 κοιλοῦ-

227 2447 273 2473 μιν
287 2436 340 2463 ἀπὸ
354 2437 402 2462 τοῦ
418 2434 480 2471 ὅρον
507 2433 573 2460 εἶναι
597 2434 652 2459 τῶν
679 2431 743 2458 ἅνω·
760 2442 774 2456 ‹‹
791 2430 909 2458 Uranon
935 2429 971 2457 ab
992 2428 1051 2456 ori-

224 2482 292 2518 gine
323 2480 403 2508 vocis
441 2479 575 2510 dicimus,
605 2476 690 2512 quasi
719 2475 880 2503 terminum
910 2473 1051 2501 extimum

224 2532 429 2562 supremorum
454 2530 647 2559 corporum.»
672 2520 752 2548 Philo
780 2520 901 2547 Judaus
927 2518 999 2545 libro
1017 2518 1052 2545 De

222 2560 397 2607 pldntatione
420 2569 475 2596 Noe
501 2566 575 2594 εΤὸν
601 2564 630 2592 δὲ
653 2564 772 2600 αἰθέριον
799 2562 825 2590 ἂν
848 2560 941 2597 κύκλῳ
967 2561 1049 2588 τόπον

224 2615 379 2652 ὠχυροῦτο,
401 2614 454 2640 τῶν
481 2611 554 2641 ἆντὸς
580 2610 642 2647 ὅρον
662 2618 691 2635 τε
705 2607 749 2635 καὶ
766 2606 951 2645 φυλακτήριον
969 2605 1049 2632 αὐτὸν

221 2651 337 2692 τιδείςᾞ
354 2659 419 2686 Haec
430 2659 527 2685 autem
539 2656 771 2689 circumquaque
782 2651 908 2679 munivit
923 2658 1050 2682 aere,ex-

221 2705 329 2733 timum
339 2704 417 2732 hunc
429 2701 589 2730 terminum
601 2707 653 2734 pro
663 2696 847 2725 munimento
860 2695 1051 2730 custodiaque

222 2747 447 2782 statuens,unde
458 2745 564 2774 cmlum
576 2742 683 2771 Gracis
696 2740 880 2769 nominatum
892 2739 1018 2767 videtur.
1035 2749 1049 2763 »

260 2822 320 2850 Col.
345 2822 396 2849 182
419 2822 439 2849 Ο
464 2822 491 2848 6.
515 2821 570 2848 Per
591 2818 718 2847 occultos.
746 2815 928 2845 Eustathius.
957 2825 971 2841 ι
997 2822 1048 2850 per

1085 266 1183 293 Livius
1199 264 1330 300 quidem,
1346 263 1397 292 lib.
1416 271 1442 298 v,
1459 271 1523 299 cap.
1547 264 1591 298 47,
1615 262 1717 291 scribit
1738 261 1839 290 Gallus
1855 262 1915 289 ani-

1086 311 1240 338 madverso
1268 310 1304 338 ad
1333 309 1496 337 Carmentis
1524 317 1627 337 saxum
1653 316 1778 336 ascensu
1807 316 1914 343 sequo,

1085 355 1274 383 sublevantes
1290 355 1418 388 invicem,
1435 354 1464 381 in
1481 362 1633 381 summum
1648 353 1786 387 evasisse,
1802 355 1832 380 et
1847 352 1916 379 Plu-

1085 399 1206 428 tarchus
1238 400 1268 426 in
1298 399 1434 432 Camillo,
1455 398 1517 435 πιρὶ
1543 398 1625 434 μέσαις
1648 396 1744 427 νύκτας
1771 393 1914 427 ἐπιϐάντες

1086 444 1142 479 ἅμα
1156 441 1261 470 ποΛλσὶ
1283 446 1332 477 τῆς
1358 442 1456 480 πέτρας
1482 441 1606 480 ἄχώρουν
1630 440 1686 469 ἅνω
1710 441 1778 477 μετὰ
1793 444 1914 474 σιωπῆς·

1087 500 1100 514 ‹‹
1118 489 1214 517 Noctis
1237 487 1395 516 conticinio
1416 487 1500 516 multi
1524 487 1613 515 simul
1641 489 1792 522 coeperunt
1816 485 1916 514 silenti

1087 533 1204 568 agmine
1219 536 1332 568 petram
1359 532 1509 560 scandere.
1526 543 1540 556 υ
1556 531 1700 560 Diodorus
1724 530 1847 558 Siculus
1863 530 1915 557 lib.

1087 585 1134 604 xxv
1152 585 1158 604 :
1173 578 1229 603 Τῶν
1248 574 1276 603 δὲ
1301 575 1408 603 Κελτῶν
1433 585 1504 606 τινες
1529 575 1597 602 κατὰ
1619 578 1669 610 τῆς
1685 575 1785 611 πέτρας
1803 571 1916 608 ἔϐησαν·

1088 633 1102 647 ‹‹
1119 622 1244 654 Quidam
1260 623 1356 649 autem
1373 629 1407 648 ex
1422 620 1512 648 Gallis
1527 621 1556 647 in
1574 627 1726 648 summum
1742 619 1828 655 rupis
1851 627 1919 646 eva-

1089 674 1161 694 sero.
1180 677 1194 691 ι)
1209 667 1345 693 Attamen
1361 665 1478 693 Servius
1489 660 1685 700 quorumdam
1701 663 1851 696 meminit,
1868 663 1919 698 qui

1089 710 1195 738 Basilio
1205 710 1444 745 sutlragantur,et
1453 717 1504 745 per
1510 709 1639 737 occultos
1648 707 1802 736 cuniculos
1815 716 1919 735 ascen-

1089 755 1168 783 disse
1179 754 1278 783 Gallos
1289 754 1537 788 volunt,scribeus
1547 754 1577 781 in
1584 761 1632 781 Vin
1638 751 1781 781 dimittet
1790 752 1821 780 in
1833 752 1920 786 illud,

1143 817 1217 845 Galli
1230 824 1280 853 per
1294 816 1390 845 dumos
1405 816 1530 848 aderant,
1547 823 1693 851 arcemque
1707 815 1841 842 tenebant
1858 823 1865 842 :

1126 891 1140 905 «
1157 879 1256 907 Gallos
1271 879 1320 907 alii
1336 887 1386 915 per
1401 879 1532 913 dumeta,
1549 881 1577 906 et
1593 886 1662 906 saxa
1677 877 1853 913 aspera,alii
1871 885 1923 913 per

1091 923 1244 952 cuniculos
1259 923 1362 951 dicunt
1377 925 1497 951 conatos
1512 931 1576 950 esse
1592 922 1760 951 ascendere.
1778 932 1793 946 ››

1127 982 1186 1010 Col.
1204 981 1255 1009 182
1270 982 1292 1009 D
1304 982 1331 1009 4.
1348 979 1511 1018 ’Δνθρώπων
1527 989 1639 1007 χατασι..
1654 979 1717 1007 Duo
1741 979 1826 1015 Regii
1848 987 1922 1006 mss.

1093 1026 1344 1063 παρασκιυάσαντος
1349 1045 1356 1053 .

1129 1080 1204 1112 Ibid.
1226 1083 1247 1110 D
1262 1083 1290 1110 5.
1309 1083 1342 1111 Ut
1356 1083 1471 1110 seleuct‘l
1484 1082 1557 1109 avis.
1577 1082 1640 1109 Haec
1655 1081 1741 1108 aliter
1764 1081 1925 1116 interpun-

1095 1129 1188 1165 genda
1204 1130 1284 1161 sunt,
1302 1129 1389 1163 atque
1405 1129 1440 1154 ab
1452 1127 1610 1162 interprete
1624 1125 1740 1161 digesta
1752 1128 1925 1158 occurrunt;

1095 1173 1220 1200 iteratur
1249 1171 1327 1200 enim
1356 1170 1549 1207 interrogatio
1574 1170 1603 1198 in
1633 1172 1713 1197 textu
1743 1171 1848 1197 Graaco
1874 1170 1928 1197 hac

1096 1217 1208 1245 ratione
1224 1224 1257 1244 :«
1272 1217 1366 1252 Atque
1381 1214 1577 1243 mandatum?
1591 1222 1720 1249 quonam
1733 1217 1820 1250 pacto
1837 1214 1930 1241 seleu-

1097 1262 1138 1289 cis
1153 1261 1216 1289 avis
1232 1269 1295 1288 eam
1312 1260 1489 1295 insequitur,
1506 1258 1668 1286 remedium
1686 1258 1792 1291 cladis,
1808 1258 1930 1286 insatia-

1097 1305 1185 1333 bilem
1197 1313 1214 1332 a
1227 1307 1356 1332 creatore
1371 1307 1508 1331 naturam
1526 1303 1638 1336 sortita,
1656 1311 1713 1338 quo
1729 1305 1816 1330 tanta
1830 1303 1930 1330 divino

1097 1349 1192 1378 benef.
1211 1349 1319 1385 pernic.
1337 1356 1352 1376 e
1365 1348 1443 1375 med.
1459 1347 1523 1375 tolli
1540 1347 1654 1383 possit?
1668 1357 1682 1373 ι
1698 1347 1834 1375 Illustrat
1850 1347 1930 1375 hunc

1097 1393 1194 1421 locum
1216 1392 1456 1428 interpretatione
1478 1400 1532 1419 sua
1547 1393 1576 1419 et
1589 1391 1723 1427 exemplo
1737 1391 1928 1424 Ambrosius,

1098 1438 1150 1466 lib.
1164 1446 1191 1472 v,
1207 1445 1232 1465 ο.
1257 1437 1310 1465 23;
1328 1448 1342 1461 ‹‹
1359 1437 1495 1471 Locusta,
1521 1436 1598 1463 sicut
1618 1436 1648 1462 in
1664 1435 1762 1463 Exodo
1786 1435 1927 1471 legimus,

1099 1481 1225 1509 caelestis
1249 1481 1390 1508 ultionem
1413 1479 1583 1508 oﬂ‘ensionis
1608 1479 1790 1514 exsequitur,
1804 1479 1861 1515 pias
1876 1480 1929 1506 mi-

1101 1526 1195 1554 nistra
1208 1526 1342 1553 vindictae
1359 1533 1366 1552 :
1387 1525 1463 1552 hanc
1487 1531 1604 1560 quoque
1628 1524 1689 1551 avis
1705 1524 1828 1551 devorat
1841 1524 1933 1552 seleu-

1101 1571 1154 1604 cis,
1167 1570 1208 1598 sic
1223 1570 1299 1597 enim
1316 1569 1414 1597 Graeco
1437 1568 1498 1596 avis
1514 1568 1574 1596 haec
1590 1570 1782 1603 nuncupatur
1797 1568 1933 1601 nomine,

1102 1615 1170 1642 data
1185 1614 1221 1641 ad
1232 1613 1394 1641 remedium
1408 1613 1564 1644 malorum,
1575 1620 1638 1647 quas
1651 1611 1765 1640 locusta
1776 1615 1935 1640 consuewt

1100 1659 1215 1686 inferre.
1233 1669 1246 1683 n
1263 1657 1434 1685 Eustathius
1445 1656 1545 1684 Latina
1560 1657 1686 1684 dictione
1701 1656 1795 1684 utitur
1807 1665 1815 1684 :
1827 1668 1841 1681 α
1855 1657 1936 1690 Quo-

1102 1704 1187 1731 modo
1204 1702 1293 1730 etiam
1307 1710 1427 1737 mergus
1451 1700 1650 1728 insatiabilem
1664 1700 1805 1729 vescendi
1820 1701 1937 1737 patitur

1101 1748 1276 1782 orexim,per
1289 1754 1377 1782 quam
1397 1745 1571 1773 vulneribus
1586 1745 1650 1772 suis
1676 1745 1788 1772 ventris
1804 1746 1940 1773 remedia

1102 1791 1237 1821 sanitatis
1252 1789 1396 1826 acquirit?
1411 1802 1420 1815 ι
1436 1789 1631 1823 Galenus,lib.
1643 1797 1670 1816 v1
1684 1790 1719 1816 De
1735 1790 1803 1817 locis
1818 1790 1938 1825 affectis,

1104 1845 1165 1872 cap.
1183 1836 1200 1863 3
1225 1844 1232 1863 :
1255 1835 1300 1866 Ὠς
1328 1836 1386 1865 τοῖς
1417 1833 1567 1872 ὀρνιφύοις,
1594 1832 1610 1859 ἃ
1637 1832 1767 1860 καλοῦσιν
1799 1832 1826 1860 ἐν
1857 1833 1938 1868 Ἀσίᾳ

1102 1880 1165 1917 ειῐειρΥ
1194 1880 1263 1915 ἡμῖν
1291 1876 1471 1905 σελευκίδας’
1501 1874 1668 1908 ἀττελάϐους
1695 1877 1746 1914 γὰρ
1775 1879 1862 1904 ταῦτα
1902 1876 1938 1904 δι’

1104 1923 1173 1958 ὅλης
1202 1922 1306 1960 ἡμέρας
1333 1921 1480 1957 ἀπλήστως
1508 1920 1632 1953 ἓσθίοντα
1659 1920 1814 1959 διαταχὲως
1836 1921 1937 1952 αὐτοὺς

1105 1967 1229 2005 ἐκκρίνει·
1259 1979 1273 1992 ι(
1298 1967 1335 1995 Ut
1360 1966 1490 1999 aviculae.
1521 1974 1596 2002 quas
1626 1969 1771 1994 nostrates
1802 1967 1834 1994 in
1864 1967 1936 1994 Asia

1105 2012 1267 2041 seleuoidas
1281 2013 1395 2046 vocant,
1404 2011 1516 2047 jugiter
1526 2011 1605 2038 enim
1619 2019 1653 2038 ac
1668 2013 1729 2038 toto
1744 2011 1793 2038 die
1803 2010 1936 2039 locustas

1104 2058 1205 2089 edunt,
1221 2058 1251 2084 at
1267 2055 1399 2084 celeriter
1414 2063 1464 2082 eas
1489 2057 1658 2082 excernunt.
1674 2065 1688 2079 »
1704 2054 1864 2089 Gesnerus,
1883 2055 1936 2082 lib.

1106 2110 1137 2129 Ill
1153 2103 1189 2130 De
1200 2100 1305 2134 avibus,
1319 2099 1402 2127 addit
1415 2107 1450 2126 ex
1468 2100 1535 2127 Ant.
1553 2098 1648 2126 Galat.
1665 2098 1706 2126 De
1717 2098 1850 2135 Japygia
1866 2099 1936 2127 situ:

1109 2158 1119 2171 ι
1138 2149 1176 2173 De
1191 2145 1296 2172 harum
1320 2143 1419 2171 avium
1443 2150 1549 2179 genere
1568 2142 1660 2170 videri
1676 2150 1757 2170 avem
1775 2143 1936 2176 marinam,

1106 2198 1171 2226 quae
1185 2189 1214 2216 in
1232 2188 1338 2224 Apulia
1352 2187 1440 2223 gaina
1454 2187 1574 2220 dicitur,
1590 2195 1654 2223 quae
1671 2186 1801 2214 bruohos
1810 2187 1848 2215 iis
1864 2187 1937 2215 locis

1108 2234 1232 2262 nimium
1258 2232 1444 2261 abundantes
1468 2232 1597 2266 devorat,
1614 2234 1643 2259 et
1667 2231 1729 2259 ovis
1751 2239 1856 2259 eorum
1873 2232 1937 2259 feti-

1067 2276 1090 2307 D
1107 2280 1220 2314 busque
1235 2277 1362 2305 vescitur
1376 2284 1382 2304 :
1401 2287 1415 2301 »ι
1429 2276 1507 2312 quod
1533 2278 1674 2303 annotare
1693 2284 1790 2312 opera:
1806 2276 1935 2312 pretium

1107 2322 1217 2356 censui,
1229 2322 1369 2358 quoniam
1391 2321 1509 2357 Ulysses
1535 2320 1738 2348 Aldrovandus
1752 2320 1807 2348 lib.
1823 2330 1854 2354 x,
1870 2329 1934 2356 cap.

1105 2369 1123 2395 5
1140 2367 1347 2401 θνηῦιὴοιορίέε,
1369 2373 1465 2392 meras
1490 2371 1554 2392 esse
1574 2364 1689 2392 fabulas
1704 2367 1803 2400 putat,
1820 2373 1885 2400 quae
1901 2365 1936 2392 de

1107 2411 1253 2440 seleucide
1281 2413 1393 2438 veteres
1418 2409 1634 2444 prodiderunt.
1664 2409 1801 2436 Zosimus
1831 2409 1935 2437 Comes

1107 2456 1286 2485 seleuoiades
1309 2453 1438 2490 appellat
1462 2461 1529 2481 aves
1551 2453 1625 2481 istas
1639 2452 1690 2481 lib.
1709 2462 1718 2480 ι
1733 2453 1851 2487 maiora,
1869 2462 1935 2490 pag.

1105 2501 1158 2529 659
1173 2500 1243 2528 edit.
1256 2497 1397 2526 Wechel.:
1414 2498 1515 2525 "Anam
1538 2498 1598 2527 τοῖς
1625 2495 1677 2523 ὐπὸ
1693 2495 1789 2532 λύμης
1815 2495 1936 2534 ἀκρίδων

1107 2543 1320 2582 ἐνοχλουμένοις
1350 2539 1523 2572 σελευκιάδας
1550 2539 1729 2577 παραδιδοὺς,
1759 2541 1788 2567 αἳ
1816 2539 1851 2575 δὴ
1876 2544 1935 2571 ταῖς

1106 2589 1196 2625 ἀκρίσι
1223 2586 1486 2624 συμπεριιπτάμεναι
1504 2609 1511 2622 ,
1536 2585 1581 2612 καὶ
1605 2587 1664 2616 τοῖς
1694 2585 1810 2621 στόμασι
1838 2585 1935 2615 ταύτας

1107 2633 1264 2671 δεχόμεναι,
1293 2633 1466 2668 παραχρῆμα
1491 2628 1599 2664 πλῆθος
1627 2630 1739 2666 ἄπειρον
1768 2628 1933 2668 διέφθειρον·

1106 2691 1119 2705 α
1138 2678 1219 2711 Quod
1233 2676 1370 2704 omnibus
1386 2684 1403 2703 ε.
1417 2675 1599 2702 locustarum
1609 2674 1656 2702 lue
1667 2674 1778 2702 vexatis
1793 2675 1935 2703 seleucia-

1106 2724 1157 2752 des
1173 2723 1242 2750 dare
1258 2720 1362 2748 solitus
1376 2719 1474 2753 fuerit,
1487 2727 1550 2754 quae
1569 2718 1680 2747 circum
1691 2718 1824 2747 locustas
1838 2719 1935 2747 volan-

1105 2771 1161 2803 tes,
1177 2769 1206 2795 et
1220 2765 1323 2794 rostris
1339 2772 1387 2793 sas
1403 2764 1561 2799 capientes,
1572 2763 1719 2790 infinitam
1737 2771 1841 2791 earum
1857 2763 1932 2792 mul-

1105 2811 1261 2841 titudinem
1278 2809 1376 2838 statim
1393 2808 1598 2837 absumebant.
1610 2818 1625 2832 »
1637 2806 1771 2835 Meminit
1786 2816 1885 2837 earum
1903 2810 1932 2835 et
