2011 3142
115 142 192 172 1003

649 143 701 174 AD
723 144 912 175 HOMILIAS
934 145 974 175 IN
995 145 1285 177 HEXAEMERON.

1738 146 1817 178 1008

109 207 224 237 Plinius
239 208 290 237 lib.
306 217 334 243 x,
347 217 410 245 cap.
428 210 474 244 27,
491 211 520 238 et
538 209 602 246 ipse
620 209 746 239 Basilius
774 210 854 239 hom.
870 211 889 238 7
905 212 936 240 in
951 213 978 247 Α
995 222 1010 238 ‹‹
1023 211 1121 247 Neque
1135 212 1216 240 enim
1228 212 1357 241 Eliseum
1373 212 1471 247 amici,
1484 213 1568 249 quasi
1585 213 1696 242 malum
1717 213 1816 241 convi-

106 252 290 282 ditescmtes.

144 298 206 326 Col.
228 298 280 326 183
294 298 317 326 D
332 299 358 325 8.
373 299 511 334 Mulieres,
534 299 643 327 sedetis.
667 301 813 336 Interpres
838 301 936 329 edide-

108 345 164 376 rat,
182 342 232 370 «Ο
262 343 410 378 mulieres,
439 343 571 380 repetitis
599 344 712 372 vicibus
743 345 936 378 ordimini,et

108 387 289 422 retorquetis
303 390 428 415 vestram
445 388 644 423 operationem
662 389 871 424 sedentariam,
888 390 937 417 fila

106 430 286 464 nimirum,»
301 434 358 459 etc.
371 432 551 466 Eustathius,
565 443 575 457 α
589 433 700 467 Itaque,
712 441 762 460 vos
783 436 934 467 matronas,

107 476 228 511 quando
254 476 363 504 sedetis
382 484 481 503 eorum
511 476 689 505 revolventes
718 485 816 513 opera,
832 478 860 505 id
891 480 936 506 est

104 521 250 553 stamina,
267 528 330 556 quas
342 522 425 548 Seres
442 521 498 548 huc
514 521 655 556 dirigunt.
671 531 684 546 ι
700 521 830 549 Cornarii
846 522 935 549 verba

102 565 327 600 usurpavimus,
338 573 433 600 neque
444 565 577 593 obsecuti
591 574 694 593 sumus
705 566 868 594 doctissimi
880 566 934 594 viri

102 609 292 643 conjecturae,
306 610 357 644 qui
372 609 419 636 hic
435 609 595 645 legendum
612 610 737 645 censuit,
747 609 933 646 ἐνατενιζόμε-

102 662 159 686 ναι,
177 663 192 678 ‹‹
209 652 371 687 intuentes,
383 664 398 678 »
409 662 461 689 pro
471 653 712 690 ἀναπηνιζόμεναι,
729 655 837 690 quippe
855 655 933 690 quod

105 699 134 724 et
149 697 211 724 duo
228 697 311 733 Regii
326 697 475 733 vulgatam
491 698 645 726 lectionem
662 701 810 734 tueantur,
826 701 854 726 et
872 699 934 726 Ari-

107 741 229 770 stoteles
245 742 280 769 de
306 741 502 778 bombycibus
518 751 607 778 agens
632 743 688 770 hoc
716 743 817 770 eodem
845 743 933 771 verbo

102 788 216 821 utatur,
232 785 272 814 lib
299 795 327 819 ν,
344 794 370 814 c.
387 786 432 820 19,
447 788 551 815 Hister.
567 788 685 815 animal.
702 795 709 814 :
728 787 773 813 Ἐκ
793 785 821 814 δὲ
834 786 932 814 τούτου

106 830 178 864 ζώου
194 829 241 857 καὶ
254 829 289 857 τὰ
303 827 442 867 βομϐύκια
456 830 601 858 ἀναλύουσι
625 832 678 858 τῶν
704 833 837 867 γυναικῶν
861 841 932 862 τινες

990 264 1056 284 vam
1071 258 1199 293 agrestia
1215 260 1412 293 apponentem
1432 257 1520 291 olera,
1537 257 1712 286 refutarunt.
1729 269 1743 283 ››

1028 301 1100 328 Ibid.
1117 301 1137 328 C
1162 302 1207 328 14.
1232 302 1273 328 Αη
1299 302 1417 337 speciem
1445 301 1542 329 habeat
1568 303 1664 330 vanni.
1687 304 1815 330 Graecam

991 353 1090 373 vocem
1106 346 1269 373 retinuerat
1283 346 1493 383 Argyropylus,
1512 357 1526 371 ‹‹
1554 354 1589 373 an
1606 346 1773 381 lienoeides,
1788 348 1817 374 et

989 389 1020 417 in
1041 389 1137 417 medio
1153 399 1289 418 concava.
1305 401 1319 415 ιι
1339 391 1497 418 Cornarius
1520 391 1602 425 dixit,
1619 401 1633 415 «
1660 399 1755 418 vanno
1783 399 1817 418 ac

989 434 1152 462 ventilabro
1179 434 1297 462 similis.
1325 446 1339 460 »
1364 435 1535 462 Eustathius
1561 435 1678 471 penitus
1706 435 1818 464 omisit.

989 479 1036 506 Sic
1065 479 1142 514 apud
1167 479 1365 513 Aristotelem,
1395 479 1446 507 lib.
1472 488 1493 507 ll
1524 481 1564 507 De
1586 480 1663 512 cwlo,
1685 487 1747 515 cap.
1774 480 1818 514 13,

989 524 1091 550 eadem
1107 526 1185 551 terra
1202 523 1310 551 dicitur
1327 532 1334 550 :
1352 522 1471 550 Πλατεῖα
1485 524 1528 550 καὶ
1546 523 1577 550 τὸ
1593 527 1690 560 σχῆμα
1707 534 1818 559 τυμπα-

988 565 1099 601 νοειδὲς,
1116 579 1129 592 (‹
1151 568 1239 603 plana
1255 570 1283 595 et
1299 570 1393 603 ligura
1414 570 1555 604 tympano
1571 568 1689 601 similis,
1707 579 1721 593 ιι
1738 570 1816 604 quod

989 620 1080 639 unum
1099 612 1192 639 fuisse
1208 620 1243 640 ex
1258 612 1376 647 placitis
1393 613 1530 648 Leucippi
1545 612 1713 648 philosophi
1730 614 1818 641 refert

988 656 1166 684 Plutarchus
1182 656 1235 684 lib.
1252 665 1296 689 ιιι,
1313 665 1338 684 c.
1354 657 1398 689 10,
1414 657 1452 684 De
1465 658 1577 692 placitis
1589 657 1743 693 philosoph.
1759 658 1815 685 De-

989 700 1131 728 mocritus
1145 709 1224 735 vero,
1242 698 1380 734 δισκοειδῆ
1400 700 1447 736 μὲν
1473 703 1513 736 τῷ
1538 700 1645 737 πλάτει,
1661 700 1760 736 κοίλην
1786 700 1815 728 δὲ

986 744 1018 771 τὸ
1035 744 1127 780 μέσον,
1145 756 1158 770 ‹‹
1175 745 1298 772 formam
1314 745 1387 773 disci
1404 745 1511 774 habere
1525 747 1634 774 terram
1659 746 1689 774 in
1709 755 1814 782 super-

988 789 1062 822 ticie,
1075 789 1106 816 in
1122 790 1217 817 medio
1233 797 1332 817 cavam
1347 798 1412 817 esse
1427 790 1552 818 dicebat.
1569 801 1583 815 »

1023 833 1083 862 Col.
1102 834 1146 861 191
1165 834 1196 861 Β.
1212 835 1239 861 3.
1259 835 1290 862 Ut
1304 835 1449 870 ﬁguratus.
1465 836 1605 871 Argyrop.
1616 843 1622 863 :
1635 846 1648 860 ‹‹
1663 835 1707 863 Uti
1721 836 1814 863 forma

104 873 350 910 ἀναπηνιζόμιναι,
367 873 481 902 κᾶπειτα
507 874 673 913 ὑφαίνουσιν·
693 887 706 901 (ι
723 876 764 904 Ex
787 875 842 903 hoc
868 876 926 904 ani-

987 880 1015 906 te
1027 880 1132 906 natura
1143 878 1306 914 insignivit,
1317 881 1346 906 et
1360 881 1443 906 tuam
1455 879 1545 906 vitam
1558 879 1714 915 disponere
1730 880 1811 908 velis.

101 902 194 946 malis
206 902 312 954 genere
326 902 481 955 bombycia
496 902 546 948 ιιιὶι
562 919 700 948 mulieres
717 902 929 949 nonnullae};
946 902 969 934 Β

101 963 266 999 torquendo
274 963 303 990 in
310 963 393 991 ﬁlum
401 964 674 997 deducunt,deinde
683 964 928 992 texuntaPlinius
984 977 998 991 «
1016 967 1162 1002 quomodo
1175 968 1262 994 natus
1271 966 1361 999 es,ita
1371 967 1519 1002 propriam
1530 967 1671 1003 disponas
1680 967 1768 995 vitam
1779 976 1785 995 :
1795 979 1809 993 ιι

99 1015 217 1043 quoque
228 1007 327 1040 lib.x',
348 1016 413 1044 cap.
424 1008 469 1043 23,
485 1008 613 1036 lanificis
632 1009 807 1045 bombycum
825 1009 928 1036 scribit
984 1011 1034 1038 sed
1049 1010 1207 1039 Cornarius
1217 1011 1309 1038 multo
1326 1011 1443 1038 ﬁdelius
1456 1011 1540 1038 vertit
1554 1020 1560 1039 :
1577 1023 1591 1036 ‹‹
1605 1011 1685 1039 velut
1700 1013 1807 1048 ﬁgura-

99 1052 224 1079 humore
240 1051 485 1087 lentescere,mox
500 1053 529 1080 in
546 1053 595 1080 {ila
604 1053 719 1081 tenuari
730 1053 838 1088 junceo
851 1054 926 1081 fuso.
982 1057 1030 1082 tus
1048 1063 1090 1090 es,
1102 1055 1142 1082 ita
1157 1056 1243 1083 etiam
1259 1055 1382 1091 dispone
1399 1058 1480 1083 tuam
1495 1056 1589 1092 ipsius
1603 1056 1704 1083 vitam.
1722 1067 1736 1081 ιι
1747 1059 1807 1085 Ηοο

98 1096 217 1128 Suidas,
243 1095 412 1131 άναπηνίζω,
441 1095 621 1134 ἀναλεγομαι,
649 1095 751 1132 ἐκλύω,
776 1096 926 1132 ἀναχυλίω,

984 1099 1123 1126 nimirum
1141 1099 1201 1126 vult
1216 1099 1293 1134 quod
1311 1099 1415 1127 iisdem
1431 1105 1505 1135 pene
1520 1108 1553 1127 ac
1564 1100 1649 1135 plane
1659 1101 1805 1135 germanis

99 1151 113 1166 ‹‹
124 1140 181 1168 hoc
197 1143 252 1174 est,
269 1140 335 1168 fuso
351 1141 529 1169 circumacto
545 1141 691 1178 recolligo,
708 1150 740 1170 ac
769 1141 892 1170 revolvo.
911 1152 925 1166 ιι
983 1143 1087 1171 horum
1102 1144 1199 1171 verbis
1214 1143 1371 1180 Gregorius
1379 1143 1528 1180 Nyssenus
1543 1145 1608 1180 ejus
1623 1145 1722 1180 frater,
1730 1148 1804 1180 orat,

99 1185 127 1213 S.
144 1185 332 1218 Ambrosius,
362 1185 413 1213 lib.
431 1194 459 1220 ν,
484 1194 548 1221 cap.
570 1187 606 1213 23
623 1195 629 1214 :
647 1197 661 1211 «
682 1186 721 1213 Ex
751 1186 839 1221 hujus
867 1185 925 1213 ﬁlis

984 1188 997 1213 2
1012 1188 1041 1214 in
1057 1187 1141 1221 illud,
1157 1188 1306 1215 Faciamus
1320 1188 1470 1221 hominem,
1486 1186 1628 1224 ἅνθρωπος
1652 1187 1740 1215 οὐκέτι
1767 1189 1805 1220 εἷς

100 1228 203 1257 mollia
215 1229 267 1257 illa
281 1229 366 1257 Seres
380 1229 539 1265 depectunt
559 1230 676 1265 vellera,
693 1238 756 1266 quae
787 1230 821 1257 ad
853 1239 925 1258 usus

984 1230 1097 1268 γαστέρα
1129 1230 1237 1268 βλέπει,
1263 1229 1326 1257 ἁλλ’
1356 1230 1393 1261 εἷς
1422 1231 1455 1258 τὰ
1484 1231 1549 1259 ἄνω.
1580 1231 1692 1270 Κεφαλή
1730 1232 1804 1269 αὐτῷ

99 1273 157 1301 sibi
173 1273 308 1309 proprios
323 1274 429 1302 divites
451 1274 650 1304 vindicarunt.
671 1285 685 1299 »
702 1274 809 1302 Alludit
837 1274 909 1302 nimi

99 1326 165 1346 rum
182 1319 219 1345 ad
231 1318 305 1346 illud
320 1318 435 1354 Virgilii
451 1327 471 1346 ιι
488 1318 608 1354 Georgio.
626 1327 633 1346 :

136 1394 294 1429 Velleraque
311 1396 343 1421 ut
356 1394 433 1430 folii:
447 1393 587 1430 depectant
602 1395 699 1422 tenuia
713 1394 801 1422 Seres.

95 1469 150 1497 Sed
166 1469 382 1497 observandum
399 1471 443 1497 est
473 1470 615 1505 quosdam
644 1477 679 1497 ex
706 1469 852 1497 veteribus
881 1469 923 1498 ita

94 1513 217 1541 laniﬁcii
233 1513 323 1549 hujus
336 1515 433 1542 ortum
449 1521 579 1547 narrare,
591 1515 623 1541 ut
636 1513 726 1541 velint
736 1514 821 1541 Seres
832 1514 920 1541 Indiae

95 1557 222 1594 populos
237 1566 271 1586 ex
287 1558 362 1592 ,oliis
377 1560 406 1586 et
424 1558 515 1586 ramis
530 1559 667 1586 arborum
685 1558 734 1585 fila
766 1559 919 1594 depectere

95 1602 156 1630 hac
179 1602 282 1630 serica.
300 1603 343 1631 Ita
361 1602 483 1635 Plinius,
501 1602 552 1630 lib.
566 1611 605 1638 vr,
635 1611 697 1639 cap.
716 1603 768 1630 l7:
793 1615 803 1628 ιι
834 1603 918 1630 Seres

96 1646 226 1676 laniﬁcio
237 1646 376 1675 silvarum
393 1647 515 1682 nobiles,
524 1647 671 1683 perfusam
682 1655 757 1683 aqua
766 1648 920 1683 depecten-

96 1693 139 1720 tes
167 1691 317 1719 trondium
343 1692 478 1720 canitiem
507 1692 613 1720 :unde
642 1691 777 1728 geminus
806 1691 920 1720 feminis

97 1737 209 1764 nostris
218 1735 310 1771 labor,
321 1736 505 1764 redordiendi
518 1736 576 1771 fila,
586 1736 894 1772 rursumquetexendi.
907 1747 917 1761 ιι

99 1783 197 1808 Amm.
210 1780 404 1814 Marcellinus,
423 1780 473 1808 lib.
490 1789 579 1808 xxui:
595 1791 605 1804 ε
617 1781 700 1816 Apud
716 1781 802 1808 Seras
816 1780 917 1809 sublu-

98 1825 169 1852 cidw
181 1824 303 1860 silve,in
315 1824 424 1860 quibus
432 1825 569 1853 arborum
581 1824 658 1852 fetus
669 1833 811 1860 aquarum
821 1833 921 1861 asper-

99 1869 220 1905 ginibus
235 1869 346 1897 crebris
362 1869 439 1897 velut
462 1869 598 1905 quaedam
619 1868 725 1897 vellera
747 1869 920 1903 mollientes,

99 1921 133 1941 ex
146 1913 288 1950 lanugine
302 1916 331 1941 et
346 1913 458 1949 liquore
474 1914 592 1941 mistam
610 1913 803 1942 subtilitatem
827 1916 922 1941 tener-

100 1957 206 1985 rimam
219 1960 349 1994 pectunt.
368 1969 379 1983 ι
395 1959 431 1986 At
445 1958 573 1986 Basilius
588 1961 618 1986 et
632 1957 804 1986 Ambrosius
824 1959 859 1986 ab
876 1958 924 1986 his

102 2002 218 2038 populis
234 2002 321 2030 India:
336 2002 412 2030 mitti
427 2002 554 2030 sericum
564 2010 598 2030 ex
611 2003 784 2036 bombycum
797 2002 923 2030 lanificio

101 2046 290 2082 desumptum
306 2046 425 2081 volunt;
442 2055 499 2083 quo
524 2049 608 2083 pacto
637 2047 726 2074 etiam
750 2047 878 2082 Servius,
893 2047 924 2075 in

100 2089 184 2118 illum
204 2090 319 2127 Virgilii
334 2091 431 2119 locum
447 2091 589 2124 scribens,
603 2099 717 2119 vermes
730 2091 796 2119 illos
803 2091 925 2127 bomby-

102 2143 149 2163 ces
180 2135 211 2163 in
237 2135 391 2164 arboribus
422 2135 578 2164 collocatos
605 2135 698 2163 fuisse
721 2138 814 2172 putat,
831 2143 925 2171 neque

103 2178 200 2207 lanam
216 2180 369 2208 arboream
384 2180 523 2213 admittit,
539 2179 608 2208 licet
622 2179 673 2207 alii
699 2180 784 2208 multi
811 2180 924 2208 dissen-

101 2223 175 2251 tiant
189 2223 333 2252 historici.

137 2267 199 2296 Col.
227 2269 278 2296 185
304 2271 325 2296 B
348 2270 376 2297 7.
393 2268 605 2304 Ἐπιθυμητιχᾶ.
622 2269 684 2297 Duo
712 2268 792 2304 Regii
820 2268 926 2297 melius

984 2272 1044 2304 est;
1072 2281 1082 2293 ιι

103 2311 268 2348 ἐπιθυμητὰ,
282 2315 314 2341 ut
328 2315 356 2341 et
372 2313 478 2350 psalm.
490 2322 571 2346 xvui,
589 2314 631 2341 11.

137 2357 197 2385 Col.
212 2358 265 2385 187
281 2361 302 2384 Α
320 2358 362 2385 11.
378 2358 521 2385 Matutina.
538 2358 601 2386 Non
622 2359 654 2385 ut
682 2358 825 2394 interpres
851 2358 927 2386 scri-

103 2404 213 2437 pserat,
233 2410 349 2437 aquam
376 2410 482 2429 aurora
507 2402 652 2430 exoriente
678 2402 807 2438 primum
837 2411 926 2438 appa-

104 2446 175 2474 ravi.
193 2457 207 2470 ιι
224 2446 265 2473 Ad
281 2446 415 2478 verbum,
431 2457 444 2471 α
463 2454 564 2474 mensa
588 2455 768 2474 sermonum.
788 2458 801 2472 ιι
828 2449 928 2475 Eusta-

102 2490 175 2521 thio.
193 2501 207 2515 κ
225 2490 480 2518 sermocinationis
492 2491 637 2518 matutina
648 2499 767 2519 mensa:
785 2502 799 2516 ιι
815 2499 851 2519 ne
862 2492 929 2527 quis

103 2535 176 2562 forte
191 2537 308 2571 putaret
327 2543 444 2562 summo
460 2542 546 2562 mane
562 2535 726 2563 concionari
743 2535 862 2564 solitum
875 2539 929 2564 Ba-

103 2579 217 2607 silium.
237 2581 327 2607 Porro
350 2579 459 2607 factum
486 2579 573 2607 Elisei
594 2582 730 2607 narratur
751 2580 786 2607 IV
800 2582 867 2614 Reg.
885 2589 927 2616 ιιι,

103 2624 159 2651 39:
178 2625 229 2651 sed
254 2623 338 2659 illud,
364 2625 543 2661 παρῃτοῦντο,
560 2632 617 2652 non
647 2624 720 2651 satis
746 2627 929 2660 expresserat

106 2668 312 2705 Argyropylus.
328 2669 389 2704 «λιιι
407 2668 572 2704 praebendis
595 2668 689 2704 epulis
710 2668 776 2696 vilis
801 2669 928 2696 habeba-

103 2716 160 2741 tur.
178 2725 193 2739 ιι
211 2712 383 2741 Eustathius
398 2712 471 2741 dixit
489 2721 495 2740 :
514 2724 528 2738 ι(
543 2712 640 2748 Neque
655 2713 734 2740 enim
752 2713 880 2741 Eliseum
898 2715 930 2741 ut

103 2759 272 2796 improbum
282 2760 428 2794 pastorem
441 2758 608 2786 refutabant
619 2758 699 2786 illius
708 2759 848 2794 temporis
862 2767 929 2786 con-

102 2805 183 2833 vivas.
193 2815 208 2829 ιι
217 2802 332 2831 Insistit
341 2803 473 2839 vestigiis
484 2802 560 2831 beati
576 2803 735 2839 Ambrosii,
745 2803 796 2832 lib.
806 2812 843 2831 νι.
854 2811 879 2831 c.
892 2805 927 2831 2:

981 1275 1087 1311 ὑψηλὴ,
1109 1274 1155 1302 ’ίνα
1182 1275 1232 1309 τήν
1261 1275 1316 1302 ἅνω
1345 1274 1433 1312 βλέπῃ
1460 1277 1624 1313 συγγένειαν.
1646 1277 1803 1314 Ὀφθαλμοὶ

979 1319 1029 1347 οὐκ
1058 1318 1095 1350 εἲς
1123 1320 1173 1354 τὴν
1202 1323 1254 1357 γῆν
1283 1320 1415 1351 νεύοντες.
1432 1321 1475 1354 Μὴ
1500 1321 1590 1347 τοίνυν
1607 1320 1679 1348 ποίει
1695 1322 1804 1348 σεαυτὸν

978 1365 1052 1401 παρὰ
1076 1364 1165 1402 φύσιν,
1183 1365 1221 1400 μὴ
1242 1365 1275 1391 τὰ
1297 1365 1380 1401 γήινα
1403 1365 1572 1402 περισκόπει.
1589 1376 1602 1390 ‹‹
1626 1365 1718 1393 Homo
1744 1374 1802 1394 non

977 1415 1109 1436 ventrem
1134 1409 1269 1444 despicit,
1282 1409 1332 1437 sed
1357 1409 1508 1444 superiora
1528 1411 1691 1436 contuetur.
1709 1409 1803 1446 Caput

977 1452 1019 1480 illi
1036 1453 1164 1481 sublime
1180 1456 1234 1488 est,
1252 1456 1284 1480 ut
1299 1461 1392 1489 genus
1413 1453 1528 1481 cmleste
1551 1453 1703 1489 suspiciat.
1719 1454 1801 1482 Oculi

976 1505 1035 1524 non
1050 1497 1175 1524 tendunt
1197 1497 1226 1524 in
1249 1499 1370 1525 terram.
1387 1498 1527 1529 Quocirca
1551 1506 1586 1525 ne
1607 1497 1665 1526 vim
1691 1498 1799 1527 inferas

975 1544 1087 1569 naturae
1101 1544 1169 1576 tua»,
1181 1544 1289 1569 terram
1303 1550 1339 1569 ne
1363 1546 1487 1576 spectes.
1501 1552 1515 1566 »
1536 1543 1644 1576 Cicero,
1661 1551 1682 1570 ιι
1698 1544 1734 1570 De
1747 1552 1799 1572 na-

934 1581 956 1615 C
975 1589 1037 1613 tura
1062 1586 1187 1613 deor.:«
1213 1585 1345 1613 Primum
1374 1586 1509 1614 homines
1538 1586 1628 1614 humo
1656 1587 1797 1615 excitatos

974 1630 1067 1658 celsos
1080 1632 1108 1658 et
1117 1632 1228 1658 erectos
1240 1630 1401 1663 constituit,
1414 1633 1446 1658 ut
1463 1631 1583 1658 deorum
1599 1631 1795 1667 cognitionem

974 1674 1079 1702 ccelum
1103 1675 1249 1702 intuentes
1278 1683 1381 1711 capere
1411 1675 1535 1711 possint.
1552 1686 1566 1700 ιι
1581 1675 1674 1710 Ovid.,
1693 1684 1702 1704 l
1718 1676 1796 1704 Μιιιι-

973 1727 1043 1747 mor.
1060 1727 1069 1746 ἒ

1012 1776 1046 1804 Οδ
1061 1776 1170 1804 homini
1183 1777 1299 1804 sublime
1312 1777 1395 1809 dedit.
1410 1777 1560 1813 caelumque
1574 1779 1648 1805 lucri

1011 1813 1106 1845 Jussit,
1122 1814 1146 1839 et
1158 1815 1261 1840 erectos
1276 1814 1310 1839 ad
1325 1813 1416 1840 sidera
1431 1813 1528 1840 tollere
1541 1814 1642 1840 vultus.

978 1869 1051 1897 Illud
1069 1878 1165 1905 porro,
1180 1868 1335 1905 πολίτευμα
1360 1868 1407 1906 ἔχε
1434 1868 1459 1896 ἐν
1477 1869 1613 1906 οὐρανοῖς,
1633 1882 1642 1894 ι
1661 1871 1690 1898 in
1713 1879 1799 1907 repu-

976 1914 1055 1942 blica
1069 1913 1177 1941 cmlesti
1195 1922 1322 1947 versare,
1339 1924 1352 1939 ιι
1378 1914 1587 1951 interpretatus
1611 1917 1656 1942 est
1676 1918 1801 1952 Argyra-

978 1959 1074 1994 pylus,
1091 1966 1148 1985 non
1176 1958 1415 1986 animadvertens
1443 1959 1565 1987 fortasse
1593 1959 1634 1987 uti
1658 1960 1800 1988 Basilium

978 2003 1073 2031 verbis
1087 2003 1224 2039 Apostoli,
1243 2003 1423 2039 Philippens.
1449 2012 1493 2037 ιιι,
1507 2004 1542 2030 20
1560 2013 1565 2031 :
1582 2004 1674 2040 Ἡμῶν
1698 2004 1730 2031 τὸ
1754 2015 1802 2031 πο-

979 2046 1096 2083 λίτευμα
1119 2046 1144 2073 ὲν
1174 2045 1299 2083 οὐρανοῖς
1326 2046 1453 2084 ὑπάρχει·
1472 2048 1549 2083 quod
1569 2048 1699 2083 Vulgata!
1723 2049 1802 2076 Lati-

979 2101 1022 2120 nis
1034 2093 1134 2120 auctor
1144 2091 1362 2127 interpretatur,
1370 2103 1384 2116 «
1396 2092 1501 2119 Nostra
1511 2094 1608 2119 autem
1620 2093 1802 2121 conversatio

980 2137 1009 2164 in
1026 2137 1105 2165 caelis
1121 2139 1175 2172 est,
1193 2147 1206 2161 ιι
1221 2144 1288 2170 ιιοιι,
1306 2138 1339 2164 ut
1354 2136 1451 2172 inepte
1467 2139 1540 2164 Beza
1557 2145 1563 2165 :
1581 2147 1595 2162 «
1610 2136 1715 2165 Nostra
1734 2146 1800 2164 vero

979 2181 1082 2210 civitas
1098 2181 1128 2208 in
1144 2181 1224 2209 cmlis
1239 2183 1283 2208 est
1299 2189 1304 2209 :
1324 2191 1335 2206 ιι
1353 2181 1459 2209 melius
1483 2181 1691 2216 Tertullianus,
1708 2183 1744 2210 De
1758 2190 1802 2210 co-

980 2233 1048 2253 rona
1062 2225 1172 2259 militis,
1189 2233 1252 2260 cap.
1268 2225 1284 2252 3
1300 2233 1333 2252 tu
1351 2225 1549 2261 Municipatus
1564 2227 1663 2253 noster
1678 2225 1707 2254 in
1722 2225 1803 2254 coelis

1116 2271 1144 2296 et
1167 2273 1261 2297 contra
1289 2269 1466 2305 Marcionem,
1495 2269 1545 2297 lib.
1575 2278 1619 2303 ιιι,
1648 2278 1711 2306 cap.
1735 2271 1770 2297 24
1795 2279 1802 2298 2

981 2326 995 2339 ι(
1012 2314 1118 2349 Utique
1133 2313 1241 2341 ccelesti
1259 2313 1369 2341 civitati
1392 2322 1458 2341 eum
1479 2314 1611 2349 deputat,
1627 2316 1656 2342 et
1679 2314 1804 2342 munici-

982 2361 1082 2394 patum
1099 2360 1231 2386 nostrum
1246 2358 1274 2385 in
1287 2357 1368 2386 caelis
1378 2366 1441 2386 esse
1452 2359 1657 2394 pronuntians.
1667 2369 1680 2385 ιι
1691 2359 1806 2387 Passim

981 2407 1078 2432 tamen
1095 2405 1171 2439 apud
1190 2406 1290 2431 Patres
1308 2406 1422 2431 Graecos
1446 2413 1497 2440 pro
1514 2405 1646 2433 moribus
1661 2406 1805 2441 cujusque

982 2449 1161 2485 privatorum
1203 2448 1331 2476 sumitur
1360 2446 1496 2482 πολιτεία,
1522 2449 1564 2476 vel
1596 2458 1646 2485 pro
1670 2450 1807 2477 Εεριοεῑω

983 2492 1150 2529 disciplina,
1168 2493 1359 2529 quamobrem
1377 2493 1450 2520 illud
1476 2493 1687 2530 Chrysostomi,
1703 2493 1805 2521 homil.

982 2539 1018 2565 75
1032 2539 1062 2565 in
1078 2538 1249 2570 Matthaum,
1265 2540 1340 2564 recle
1355 2537 1544 2565 immutatum
1569 2540 1614 2565 est
1636 2545 1729 2572 nuper
1750 2537 1805 2565 sub

984 2583 1072 2610 ﬁnem
1089 2581 1216 2609 humilia
1234 2590 1240 2609 :
1254 2579 1332 2609 Ἀλλ⁷
1347 2579 1425 2608 οὐδὲν
1442 2579 1538 2619 ὅψελος
1555 2581 1671 2612 ἐντεῦθεν
1688 2581 1724 2612 εἰς
1737 2581 1805 2607 ἀπο-

985 2626 1079 2663 λογίαν
1094 2626 1197 2660 αὐτοῖς,
1214 2625 1304 2663 ὥσπερ
1321 2625 1366 2652 οὖν
1391 2625 1455 2652 οὐδὲ
1475 2628 1534 2657 τοῖς
1556 2624 1698 2655 πολιτείας
1719 2623 1805 2652 ἕνεκεν

988 2673 1144 2707 μετανοοῦσι
1159 2670 1229 2697 τότε“
1242 2671 1318 2698 «Sed
1337 2670 1406 2697 nihil
1424 2670 1560 2698 utilitatis
1577 2670 1642 2698 inde
1654 2670 1806 2705 accipient,

985 2716 1234 2751 quemadmodum
1253 2723 1346 2751 neque
1362 2715 1402 2742 illi
1419 2715 1471 2750 qui
1490 2722 1590 2742 eversa
1605 2714 1721 2742 civitate
1736 2715 1808 2742 resi-

985 2761 1136 2796 piscunta
1149 2760 1241 2792 Imo,«
1253 2759 1501 2795 quemadmodum
1518 2767 1571 2786 nec
1586 2759 1638 2794 illi,
1655 2767 1729 2794 quos
1745 2762 1809 2788 tum

985 2805 1050 2832 vitae
1067 2807 1206 2833 anteactae
1222 2804 1381 2840 pmnitebit.
