2011 3142
209 117 286 149 100⁸1

808 116 926 146 ΝΟΤιΕ
947 116 1169 146 FRONTONIS
1190 116 1318 147 DUC/EI

1831 120 1913 150 £008

245 183 304 212 Col.
322 183 373 212 192
398 183 418 211 C
437 183 465 210 7.
491 181 540 209 Διὰ
566 181 617 216 τὴν
644 181 675 209 ἐκ
703 181 817 220 φύσεως.
843 182 949 211 Omisit
977 182 1031 211 hoc
1045 183 1073 218 Α
1088 180 1205 218 σκύμνον
1221 181 1331 213 λέοντος
1347 182 1451 216 Ἰούδας
1465 182 1608 211 civit-rimi.
1624 181 1732 219 Ἰακὼϐ,
1748 183 1839 222 λὲγων
1862 186 1910 212 τὸν

209 229 362 264 interpres,
378 229 408 256 at
421 235 477 255 non
491 227 673 262 Eustathius,
691 227 742 264 qui
757 226 845 255 vertit
871 226 1029 264 eleganter,

210 286 224 300 ‹‹
239 274 308 302 vitio
324 274 468 310 superbiae
483 273 628 301 naturalis
647 273 742 301 elatus
772 273 880 310 refugit
906 273 1030 301 aliorum

209 318 468 346 consociationem.
497 327 511 342 ››
535 317 704 351 Cornarius,
731 328 744 344 α
771 319 890 353 propter
919 320 1031 346 naturae

208 363 388 400 superbiam.
406 373 417 388 ι
435 362 477 390 Ad
492 363 624 396 verbum,
644 373 657 389 ι
673 365 790 399 propter
802 362 922 390 insitam
938 371 955 390 a
979 371 1030 390 na-

208 411 275 437 tura
290 408 469 444 superbiam.
485 419 495 433 ι
511 407 735 435 lmmutavimus
750 407 838 435 etiam
855 407 928 435 illud
944 407 1030 444 paulo

210 456 277 482 ante
292 451 451 490 εὐχάριστον
468 452 482 479 ὁ
506 450 588 486 κύων,
606 463 621 477 ‹‹
644 451 792 488 gratiosus
821 452 914 487 canis,
930 464 943 477 ››
963 460 1030 480 nam

209 497 370 535 εὖχάριστος
387 499 431 525 est
445 508 457 522 υ
475 504 588 524 memor
597 496 741 530 beneficii,
751 507 765 520 »
775 505 866 530 non,«
876 496 926 532 qui
937 497 1032 532 gratia

208 542 294 570 valet.
321 553 334 567 υ
363 541 547 577 Eustathius,
567 540 744 577 «gratiﬁcus
773 540 865 569 canis.
892 552 906 566 ››
931 540 1031 569 Simile

208 586 281 614 illud
296 587 381 621 infra,
396 586 428 613 τὸ
444 584 472 612 δὶ
487 584 658 622 μνημόσυνον
680 588 729 620 τῆς
751 584 865 622 χάριτος
889 587 937 612 τοῦ
959 585 1029 620 ζώου

207 631 267 659 τίνα
280 633 334 658 τῶν
349 629 505 669 ἀχαρίστων
521 630 590 668 πρὸς
603 629 690 668 εὖεργ.
705 628 736 656 οὔ
758 629 884 667 καταίσχ.

243 682 406 710 001.1948
433 681 460 708 8.
489 681 511 708 Ε
538 680 653 708 stabulis
679 679 717 707 ad
745 687 789 707 ex.
819 679 1028 716 Argyropylus,

211 737 222 752 α
239 727 313 755 lictis
328 725 496 762 aspectibus
513 733 527 752 e
540 723 667 752 stabulis
694 724 757 752 suis
783 723 984 759 egrediuntur,
1001 726 1029 752 et

207 773 286 800 recta
314 770 350 798 ad
373 770 486 797 viarum
511 768 607 797 exitus
636 770 808 804 spectant.»
826 770 862 796 At
887 777 945 796 non
959 768 1030 796 dicit

208 818 320 851 auctor,
336 815 423 842 boves
450 813 547 850 egredi
573 821 588 841 e
616 812 741 841 stabulis
766 812 873 841 hiemis
887 814 1028 849 tempore,

207 860 258 889 sed
275 868 309 887 ex
322 859 359 887 iis
375 860 571 895 prospectare,
592 859 680 893 atque
694 857 862 893 egrediendi
882 857 1028 893 cupidita-

205 907 265 933 tem
281 913 339 940 prae
355 911 385 931 se
396 903 470 931 ferre
483 911 489 930 :
506 902 583 938 quod
595 901 741 938 quomodo
754 901 815 936 fiat,
827 901 922 930 fusius
937 910 1027 938 expo—

203 949 247 976 nit
271 949 300 977 S.
326 947 508 980 Ambrosius,
534 946 585 974 lib.
611 954 650 980 v1,
674 955 738 982 cap.
755 946 771 974 4
794 955 832 974 εκ
856 946 948 975 Iidem
975 947 1024 975 ubi

202 992 329 1022 naturali
345 1000 432 1020 sensu
449 991 645 1020 mutationem
661 990 726 1019 coeli
748 990 928 1028 collegerint,
946 991 1024 1020 foras

200 1039 344 1075 spectant,
352 1039 380 1065 et
391 1036 467 1064 ultra
478 1036 620 1072 praisepia
630 1036 757 1063 cervices
768 1036 931 1063 extendunt
940 1044 1020 1072 suas,

200 1091 258 1110 una
273 1089 375 1110 omnes
390 1080 497 1117 specie,
514 1082 546 1108 ut
560 1080 677 1116 prodire
690 1088 721 1108 se
743 1079 817 1108 velle
837 1081 991 1108 testentur.
1007 1091 1021 1105 ››

197 1126 367 1155 Eustathius
386 1125 512 1161 denique
527 1125 570 1153 sic
584 1125 670 1152 vertit
687 1133 693 1152 :
711 1136 725 1150 α
740 1125 781 1153 De
804 1124 921 1153 stabulo
950 1125 1021 1153 foris

197 1171 285 1200 simul
301 1177 402 1198 omnes
418 1169 565 1206 aspiciunt
575 1170 723 1197 mutantes
738 1168 861 1196 vultum.
881 1179 894 1194 ν

232 1224 292 1253 Col.
309 1224 359 1251 198
375 1224 395 1252 C
409 1224 436 1250 7.
454 1225 496 1252 Ea:
510 1223 553 1250 his
576 1223 676 1258 liquet.
697 1221 744 1250 Sic
764 1222 946 1258 interpretati
970 1231 1019 1251 su-

196 1278 263 1298 mus
275 1270 336 1298 loco
346 1268 477 1300 illorum,
488 1276 550 1303 quae
562 1266 760 1303 Argyropylus
770 1267 914 1295 ediderat:
927 1279 941 1292 ‹‹
953 1267 1019 1295 Haec

194 1314 328 1342 indicant
342 1313 509 1341 animantes
524 1314 644 1340 cunctas
661 1311 830 1339 istiusmodi
851 1314 957 1339 natura
971 1312 1018 1339 in-

195 1359 303 1387 dociles
318 1365 383 1386 esse
392 1365 425 1385 ac
435 1356 573 1384 doctrinas
584 1356 682 1384 rudes.
694 1366 708 1380 »
719 1357 756 1383 At
767 1355 843 1383 enim
860 1356 908 1383 hic
923 1354 1015 1383 ἀδιδά-

193 1412 276 1433 κτους
292 1410 359 1430 cum
384 1401 455 1429 dicit
476 1400 542 1427 εἶνιι
568 1400 616 1430 τὰς
641 1399 743 1436 φύσεις,
760 1400 837 1428 idem
859 1400 1015 1436 significat,

195 1455 228 1475 ac
244 1447 269 1475 si
283 1443 493 1476 αὐτοδιδάκτους
509 1445 679 1481 appellaret,
692 1443 746 1472 hoc
769 1446 822 1478 est,
839 1447 942 1480 suapte
961 1454 1015 1474 na-

194 1494 261 1519 tura
276 1491 370 1518 facere
383 1490 521 1526 pleraque
531 1489 670 1517 animalia
686 1497 732 1518 res
748 1488 814 1517 illas
829 1497 942 1523 omnes,
963 1498 1016 1518 nec

194 1544 268 1572 opus
282 1540 399 1571 esse,ut
409 1535 483 1571 ipsis
497 1535 553 1562 illis
565 1535 698 1563 doctrina
711 1535 755 1563 vel
771 1535 924 1571 praeceptis
942 1535 1014 1563 alio-

192 1589 259 1608 rum
287 1581 482 1608 innotescant.
512 1579 559 1607 Sic
592 1578 708 1607 locutus
736 1579 851 1607 videtur
879 1579 1014 1608 Clemens

192 1625 417 1657 Alexandrinus,
430 1624 480 1651 lib.
497 1631 528 1650 ll!
549 1626 709 1659 Ράτῑάααορ..
725 1631 788 1659 cap.
802 1625 819 1651 8
836 1632 842 1651 :
859 1623 893 1652 Oi
910 1624 957 1659 μὲν
972 1622 1013 1651 δι-

191 1667 334 1705 δαχθέντες
351 1667 501 1702 ἒσώθησαν·
519 1667 545 1694 oi
561 1665 589 1693 δὲ
611 1665 820 1702 αὐτοδιδάκτως,
837 1668 854 1703 ἢ
872 1666 1011 1702 ἐζήλωσαν

190 1713 208 1747 ἤ
224 1712 358 1747 ἐζήτησαν
374 1711 482 1749 ἂρετήν·
494 1712 553 1739 «Ex
563 1712 732 1739 hominibus
745 1712 794 1739 alii
805 1713 923 1748 quidem
935 1713 1012 1740 docti

190 1759 298 1787 servati
308 1757 439 1790 eunt,a1ii
447 1765 513 1785 vero
520 1758 825 1793 suaspontevirtutem
833 1757 877 1786 vel
887 1758 1012 1795 amplexi

190 1805 260 1831 sunt
270 1803 312 1831 vel
323 1803 512 1839 quiesierunt.
523 1812 537 1826 ››
544 1801 671 1830 Basilius
681 1802 744 1838 ipse
755 1802 784 1830 in
795 1802 1011 1832 Commentario

190 1849 220 1876 in
236 1848 332 1876 Isaiam
349 1857 357 1874 :
374 1845 413 1875 Τὰ
428 1846 582 1884 γεννώμενα
597 1845 649 1873 ὑπὸ
672 1847 726 1873 τῶν
745 1846 919 1885 χερασφόρων
935 1848 1011 1882 ζώων

188 1893 238 1927 τήν
264 1891 353 1927 θηλὴν
383 1889 535 1921 ἀδιδάκτως
560 1889 691 1925 ἐπιζητιῖ-
707 1903 721 1916 ‹‹
738 1893 932 1920 Cornutorum
947 1893 1009 1921 ani.

189 1937 312 1965 malium
328 1935 399 1972 pulli
430 1936 521 1963 ubera
544 1935 625 1963 nullo
648 1936 770 1963 docente
794 1937 977 1972 perquirunt.
995 1949 1009 1962 υ

187 1980 362 2010 Eustathius
385 1979 439 2007 hoc
462 1979 525 2007 loco
538 1980 625 2007 vertit
641 2002 648 2014 ,
663 1990 676 2004 α
693 1979 765 2011 Quia
780 1981 924 2008 naturalis
939 1990 1008 2016 pru-

189 2025 288 2053 dentia
304 2024 441 2052 doctrinae
457 2023 615 2051 traditione
630 2031 686 2050 non
703 2024 804 2051 utitur.
816 2035 830 2048 ››
839 2024 928 2053 Paulo
944 2028 1010 2061 post

184 2070 217 2098 D.
235 2070 262 2104 3,
276 2070 360 2096 ταῦτα
389 2066 522 2095 δείκνυται
547 2066 620 2104 παρὰ
647 2070 697 2101 τῆς
726 2067 831 2106 φύσεως
847 2069 861 2094 ὁ
877 2068 949 2096 κύων
963 2079 1007 2096 πε-

183 2112 374 2150 παιδευμὲνος,
387 2114 463 2141 idem
474 2112 648 2141 Eustathius
663 2113 772 2140 clarius
787 2112 1006 2149 interpretatur,

184 2170 198 2184 «
215 2167 248 2186 ea
264 2167 326 2194 qua:
342 2166 393 2194 per
408 2158 500 2185 otium
516 2157 584 2185 vita:
597 2157 718 2193 longum
736 2157 857 2192 quidam
871 2158 1006 2186 sedentes

182 2204 229 2230 vix
250 2203 380 2230 invenire
403 2203 572 2237 potuerunt,
595 2201 737 2229 beneficio
772 2201 898 2229 naturali
923 2203 1004 2230 canis

183 2249 359 2275 consecutus
373 2246 524 2273 asseritur.
541 2255 554 2272 ιι

216 2291 275 2319 Col.
292 2290 343 2318 199
356 2292 379 2317 Α
397 2291 438 2317 14.
465 2291 561 2318 Leonis
589 2290 683 2318 unius.
701 2289 875 2319 Addidimus
904 2299 1003 2320 vocem

182 2348 195 2361 (ι
205 2336 311 2364 uniuss
322 2335 417 2363 verbis
428 2335 606 2370 interpretis,
617 2343 706 2370 quam
718 2337 747 2362 et
755 2335 926 2364 Eustathius
935 2337 1006 2365 omi-

180 2381 231 2408 sit:
240 2381 290 2408 sed
300 2382 463 2416 agnoscunt
471 2379 554 2415 Regii
566 2380 623 2407 duo
635 2378 747 2409 λέοντος
764 2378 871 2410 ὲνός.3ιι
877 2381 1004 2417 [fragan-

178 2425 302 2453 turbuic
311 2424 460 2453 sententiae
471 2424 507 2452 de
523 2424 619 2452 latente
631 2427 717 2460 partu
730 2424 815 2453 unico
827 2425 1003 2460 Herodotus,

180 2470 284 2504 Thalia,
303 2478 330 2505 p.
347 2469 463 2496 232:1!
479 2467 572 2496 λέαινα
597 2467 639 2495 ἐὸν
666 2468 844 2506 ἰσχυρότατον
867 2469 912 2496 χαὶ
937 2475 1001 2507 θρα-

175 2514 299 2548 σύτατον,
316 2513 384 2548 ἅπαξ
414 2512 439 2540 ἰν
468 2515 508 2549 τῷ
537 2513 591 2550 βίῳ
618 2512 702 2540 τίκτει
723 2511 770 2540 ἓν·
797 2513 922 2540 τίκτουσα
950 2514 1001 2552 γὰρ

177 2556 353 2586 συνεκϐάλλει
368 2559 408 2593 τῷ
426 2557 513 2593 τέκνῳ
532 2557 579 2589 τὰς
598 2559 711 2594 μήτρας·
722 2570 736 2582 (ί
756 2558 870 2592 Leaena,
885 2558 1001 2587 validis-

176 2604 284 2631 simum
299 2603 573 2638 ferocissimumque
582 2602 896 2636 animal,semeliuvita
909 2612 999 2632 unum

177 2649 271 2684 parit:
284 2657 351 2675 nam
364 2656 423 2676 una
434 2655 500 2675 cum
519 2648 578 2674 fetu
591 2650 707 2674 uterum
719 2647 837 2674 emittit.
851 2658 864 2671 ››
875 2648 1000 2684 [Egyptii

178 2695 340 2728 quoque,ut
348 2695 391 2720 est
400 2692 476 2728 apud
488 2692 595 2719 Horum
607 2691 762 2726 Niliacum,
772 2691 923 2720 mulierem
936 2701 999 2729 quae

180 2736 269 2764 semel
282 2738 395 2764 tantum
414 2736 527 2772 peperit
545 2736 712 2772 signiﬁcare
727 2736 867 2772 volentes,
878 2737 998 2766 leaenam

179 2780 313 2816 pingunt.
342 2781 525 2817 Epiphanius
549 2781 667 2809 demum
693 2781 795 2810 haeresi
811 2782 846 2809 78
863 2790 870 2809 :
888 2781 922 2810 Ei
947 2783 997 2820 γὰρ

1085 226 1212 264 Χριστὸν,
1228 226 1273 253 καὶ
1288 226 1352 258 τοὺς
1375 226 1401 254 ἐν
1424 229 1459 264 τῇ
1475 227 1659 265 ’Δποκαλύψει
1685 229 1823 256 Ἰωάννου·
1840 228 1910 258 Ἰδοὺ

1085 269 1207 306 ἐνίκησεν
1233 271 1246 297 ὁ
1274 270 1371 298 λὲωνὸ
1397 270 1427 299 ἐκ
1451 271 1540 310 φυλῆς
1569 272 1665 300 Ἰούδα·
1682 272 1775 311 λεαίνῃ
1801 272 1831 301 ὂὶ
1855 273 1910 302 δευ-

1085 314 1151 351 τέρα
1179 313 1212 342 οὗ
1234 317 1336 352 γίνεται
1360 315 1469 352 κύησις·
1484 316 1535 354 ἄρα
1559 317 1650 345 οὐκέτι
1674 317 1770 353 κύησιν
1797 317 1869 346 οἶδεν
1891 320 1909 354 ἡ

1085 358 1186 397 Μαρία,
1212 359 1302 387 οὐκέτι
1327 362 1469 399 συνάφειαν
1492 362 1625 398 σωμάτων
1642 363 1659 396 ἡ
1680 361 1742 399 ἁγία
1767 363 1909 401 παρθένος·

1088 415 1102 430 ι(
1117 405 1147 432 Si
1163 405 1239 433 enim
1255 405 1386 433 catulum
1398 406 1492 434 leonis
1502 407 1579 435 Juda
1588 407 1710 435 obscure
1721 407 1797 435 dixit
1807 408 1910 441 Jacob,

1085 449 1235 477 Christum
1259 450 1370 483 dicens,
1387 452 1415 478 et
1438 451 1467 478 in
1491 451 1662 488 Apocalypsi
1687 451 1824 485 habetur,
1846 453 1911 480 Ecce

1085 494 1150 521 vicit
1165 494 1206 522 leo
1221 494 1258 521 de
1273 494 1348 522 tribu
1359 495 1439 529 Iuda,
1456 495 1552 523 leaenis
1576 498 1677 524 autem
1703 505 1759 524 non
1784 496 1910 533 contigit

1086 538 1233 566 secundus
1249 541 1353 574 partus
1370 547 1376 567 ε
1392 547 1461 575 ergo
1476 548 1532 568 non
1548 540 1679 576 amplius
1694 543 1812 577 partum
1830 541 1911 570 novit

1085 583 1186 617 Maria,
1195 591 1252 611 non
1264 583 1393 620 amplius
1400 585 1636 620 conjunctionem
1643 593 1798 621 corporum
1807 589 1910 614 sancta

1084 627 1175 664 virgo.
1194 639 1207 652 ››
1223 628 1370 656 Aviceuna
1384 637 1504 657 causam
1525 629 1631 664 reddit,
1648 629 1754 658 citatus
1779 639 1796 658 a
1821 630 1908 658 Coelio

1084 672 1222 708 Rhodig.,
1239 671 1291 700 lib.
1306 681 1406 706 xxvur.
1422 681 1486 709 cap.
1505 674 1533 708 9,
1549 682 1601 702 cur
1625 674 1716 702 semel
1741 674 1837 710 pariat
1851 683 1858 709 ;
1874 675 1908 703 ob

1084 716 1189 744 caloris
1202 717 1603 746 nimietatem.Adversantur
1612 721 1710 747 tamen
1726 719 1821 747 eidem
1843 728 1906 748 sen~

1083 761 1191 795 tentiis,
1208 764 1237 789 et
1261 761 1390 790 historia
1411 762 1472 800 περὶ
1501 762 1672 799 μονοτοκιας,
1689 763 1820 799 primum
1847 763 1909 799 ipsa

1083 805 1232 841 Scriptura
1259 814 1351 841 sacra,
1377 815 1440 842 qua:
1469 806 1597 843 plurium
1623 807 1788 836 catulorum
1812 808 1907 836 leaena:

1085 849 1230 883 meminit,
1241 858 1298 878 non
1308 851 1450 887 singulari
1467 859 1590 879 numero
1605 851 1694 880 catuli
1709 853 1838 887 tantum,
1853 853 1907 881 Job

1083 902 1200 929 xxxvm,
1217 894 1252 921 39
1268 903 1274 922 :
1291 906 1305 920 ‹‹
1322 895 1461 931 Nunquid
1478 896 1576 932 capies
1598 896 1693 924 leaenas
1722 897 1866 932 praedam,
1881 900 1909 925 et

1081 938 1210 966 animam
1227 940 1391 967 catulorum
1420 941 1485 976 ejus
1503 940 1665 977 implebis?
1681 951 1696 966 ιι
1709 941 1907 978 Hieronymus

1079 983 1109 1010 in
1120 991 1160 1011 vn
1170 983 1295 1011 Danielis
1309 992 1342 1012 :«
1355 984 1460 1012 Dicunt
1470 984 1520 1020 qui
1532 985 1567 1013 de
1583 985 1744 1013 bestiarum
1757 985 1902 1021 scripsere

1078 1028 1204 1062 naturis,
1215 1027 1323 1056 leaenas
1338 1037 1403 1057 esse
1418 1029 1583 1064 ferociores,
1597 1029 1723 1058 maxime
1743 1029 1768 1058 si
1788 1030 1902 1058 catulos

1078 1072 1220 1100 nutriant.
1237 1083 1251 1096 η
1267 1072 1422 1106 Homerus,
1437 1073 1488 1101 lib.
1504 1081 1564 1101 xvu
1576 1073 1676 1102 Iliados
1691 1082 1700 1100 :

1110 1125 1231 1164 Ἑστήκξι
1249 1124 1285 1164 ὥς
1299 1125 1344 1164 τίς
1356 1135 1385 1152 τε
1397 1124 1468 1164 λὲῳν
1482 1126 1543 1164 περὶ
1559 1125 1611 1153 οἶσι
1626 1127 1758 1155 τέκεσσιν.

1112 1162 1196 1198 thue
1210 1162 1250 1190 leo
1264 1163 1295 1189 in
1309 1163 1381 1190 silva
1394 1163 1495 1196 stabat,
1511 1162 1561 1190 sua
1570 1164 1691 1199 pignora
1704 1164 1820 1192 circum.

1075 1215 1186 1251 Horat.,
1201 1215 1253 1243 lib.
1269 1224 1299 1243 ιιι
1316 1215 1418 1250 Carm.,
1435 1216 1490 1244 ode
1503 1216 1538 1243 20
1556 1224 1562 1244 :

1162 1269 1221 1297 Non
1237 1269 1318 1303 vides,
1334 1273 1433 1305 quanto
1447 1277 1555 1297 moveas
1566 1269 1682 1305 periclo,

1162 1305 1278 1341 Pyrrhe,
1291 1305 1406 1334 Gaetqu
1422 1305 1527 1333 catulos
1542 1305 1647 1334 leaenas.

1109 1357 1292 1394 Plutarchus,
1309 1359 1350 1386 lib
1360 1360 1398 1387 De
1411 1367 1505 1387 amore
1519 1359 1616 1395 prolis,
1633 1359 1727 1387 citans
1742 1368 1777 1388 ex
1792 1360 1894 1388 eodem

1071 1401 1189 1430 Hom‘eri
1217 1402 1291 1430 libro
1317 1403 1418 1430 Iliados
1444 1411 1573 1438 versum,
1602 1402 1717 1431 leonem
1743 1403 1795 1440 ait,
1825 1404 1894 1440 πρὸς

1070 1445 1134 1478 τοὺς
1161 1446 1297 1484 κυνηγοὺς
1327 1445 1484 1479 σπένδεσθαι
1515 1446 1578 1484 περὶ
1592 1448 1646 1474 τῶν
1662 1447 1770 1475 τέκνων
1795 1450 1894 1476 «Cum

1071 1491 1259 1520 venatoribus
1284 1492 1395 1527 pacisci
1413 1492 1447 1520 de
1462 1493 1576 1520 catulis.
1595 1502 1610 1517 ››
1635 1492 1757 1528 Plinius,
1773 1492 1827 1521 lib.
1843 1502 1893 1521 vm

1070 1536 1183 1570 Πέδιονυ
1199 1544 1263 1572 cap.
1281 1536 1324 1570 16,
1340 1536 1491 1572 vulgarem
1511 1536 1592 1565 illam
1617 1536 1785 1572 opinionem
1813 1538 1893 1566 refu-

1070 1582 1113 1607 tat
1129 1588 1136 1607 :
1154 1591 1168 1605 α
1184 1579 1278 1608 Semel
1295 1583 1392 1608 autem
1406 1580 1451 1608 edi
1468 1583 1587 1617 partum
1602 1580 1729 1609 lacerato
1744 1581 1891 1618 unguium

1068 1624 1131 1652 acie
1146 1627 1229 1652 utero
1243 1624 1271 1652 in
1289 1625 1375 1653 enixu
1390 1624 1512 1661 vulgum
1538 1625 1698 1653 credidisse
1725 1625 1809 1653 Video
1825 1626 1892 1654 Ari-

1067 1668 1188 1697 stoteles
1203 1669 1304 1704 tradit,
1320 1669 1440 1697 leaenam
1458 1670 1552 1705 primo
1570 1670 1628 1698 fetu
1645 1678 1746 1705 parcre
1760 1670 1893 1706 quinque

1067 1713 1188 1747 catulos,
1201 1722 1234 1741 ac
1249 1721 1299 1749 per
1318 1722 1412 1742 annos
1427 1714 1560 1749 singulos
1573 1722 1631 1742 uno
1651 1714 1763 1746 minus,
1779 1715 1816 1742 ab
1832 1723 1891 1743 uno

1066 1758 1258 1786 sterilescere.
1278 1769 1291 1783 ››
1307 1758 1400 1786 Verba
1416 1758 1580 1786 Aristotelis
1594 1758 1655 1786 haec
1678 1761 1759 1793 sunt,
1775 1759 1831 1788 lib.
1850 1769 1888 1793 vx,

1066 1810 1129 1838 cap.
1146 1802 1190 1836 31,
1202 1802 1238 1830 De
1252 1802 1353 1830 Πέδιον.
1366 1800 1612 1836 αηίηιαι.;Τίκτςι,
1626 1801 1663 1832 ὡς
1677 1801 1720 1829 ἐπὶ
1737 1801 1812 1829 πολὺ
1829 1801 1888 1839 δύο,

1064 1845 1097 1873 τὰ
1113 1845 1204 1882 μέντοι
1220 1844 1336 1873 πλεῖστα
1350 1845 1387 1881 ἓξ,
1402 1845 1487 1873 τίκτει
1503 1844 1532 1873 δὲ
1546 1845 1631 1874 ἐνίοτε
1644 1846 1690 1873 καὶ
1704 1844 1744 1875 ἓν.
1755 1848 1785 1875 Ὁ
1800 1846 1829 1874 δὲ
1843 1846 1887 1875 λι-

1065 1890 1143 1927 χθείς
1159 1890 1244 1926 μῦθος
1259 1889 1321 1927 περὶ
1335 1891 1384 1917 τοῦ
1399 1887 1542 1918 ἐκϐάλλειν
1554 1889 1602 1921 τὰς
1627 1890 1737 1927 ὑστέρας
1761 1890 1888 1919 τίκτοντα

1065 1933 1195 1971 ληρώδης
1223 1934 1287 1962 ἐστι.
1306 1946 1319 1960 α
1347 1935 1424 1962 Parit
1448 1943 1556 1971 magna
1576 1943 1611 1963 ex
1635 1938 1717 1971 parte
1740 1937 1886 1972 geminos,

1063 1981 1113 2008 sed
1126 1988 1191 2007 cum
1206 1980 1350 2016 plurimos
1369 1988 1419 2007 sex
1429 1979 1553 2012 catulos,
1566 1988 1779 2016 nonnunquam
1797 1982 1886 2009 etiam

1064 2033 1166 2052 unum.
1184 2025 1264 2057 Quod
1281 2027 1378 2052 autem
1394 2024 1430 2052 de
1443 2024 1536 2052 leaena
1560 2024 1651 2052 fertur
1674 2025 1790 2053 vulvam
1819 2033 1886 2054 cum

1063 2071 1146 2105 partu
1163 2069 1306 2104 emittere,
1318 2068 1410 2096 delira
1420 2068 1520 2096 fabula
1534 2070 1610 2097 est.»
1625 2069 1700 2097 Tum
1717 2069 1812 2105 addit,
1828 2070 1885 2098 leo-

1062 2121 1114 2141 nes
1129 2113 1217 2149 Syriaa
1232 2113 1390 2149 quinquies
1405 2113 1434 2140 in
1450 2112 1511 2141 vita
1526 2121 1637 2148 parere,
1653 2113 1783 2149 primum
1799 2115 1885 2150 quin-

1061 2166 1127 2194 que,
1145 2160 1210 2194 post
1226 2165 1284 2185 uno
1309 2157 1435 2186 subinde
1459 2157 1622 2193 pauciores,
1639 2158 1746 2186 deinde
1769 2159 1884 2187 steriles

1060 2211 1165 2238 agere;
1183 2203 1233 2230 sed
1257 2203 1311 2229 hoc
1326 2201 1485 2237 generatim
1513 2202 1549 2229 de
1578 2202 1718 2230 omnibus
1737 2202 1883 2236 leonibus,

1021 2243 1044 2275 D
1060 2247 1110 2275 lib.
1126 2255 1158 2274 ιιι
1173 2247 1210 2274 De
1236 2248 1411 2282 generalium
1437 2246 1620 2281 animalium,
1650 2255 1714 2282 cap.
1743 2247 1756 2274 1
1788 2250 1818 2275 et
1842 2249 1882 2283 10,

1062 2292 1140 2320 unde
1155 2291 1268 2319 Plinius
1279 2290 1352 2318 illud
1366 2290 1488 2327 accepit,
1504 2293 1534 2318 et
1547 2291 1690 2327 (Elianus,
1705 2291 1748 2319 lib
1763 2300 1803 2326 1v,
1819 2301 1881 2329 cap.

1058 2337 1104 2370 34,
1121 2338 1157 2365 De
1176 2337 1356 2364 animalibus.
1372 2336 1535 2372 Oppianus,
1551 2336 1603 2364 lib.
1621 2345 1651 2364 ιιι
1667 2337 1797 2373 Cynegel,
1813 2338 1880 2366 Phi-

1058 2381 1208 2414 lostratus,
1224 2381 1254 2408 in
1271 2381 1332 2409 Vita
1348 2380 1501 2417 Apollonii,
1517 2381 1567 2408 lib.
1585 2389 1604 2416 ι,
1625 2389 1688 2417 cap.
1707 2382 1750 2416 16,
1765 2383 1812 2409 ter
1823 2381 1882 2410 leo-

1059 2433 1124 2454 nem
1141 2425 1170 2453 in
1186 2425 1245 2453 vita
1257 2433 1368 2461 parere,
1382 2425 1477 2461 prima
1486 2424 1549 2452 vice
1566 2427 1637 2458 tres,
1648 2425 1781 2453 secunda
1795 2427 1880 2461 duos,

1057 2471 1134 2506 quod
1147 2470 1171 2497 si
1182 2469 1280 2504 tertio,
1293 2470 1366 2497 forte
1386 2477 1489 2496 unum.
1499 2469 1621 2497 Severus
1635 2469 1795 2505 Sulpicius,
1808 2471 1879 2499 Dial.

1059 2515 1083 2549 1,
1100 2522 1162 2550 cap.
1178 2514 1206 2547 9,
1223 2514 1326 2542 scribit
1349 2514 1449 2542 Nitriae
1474 2514 1633 2542 monachos
1659 2514 1695 2542 ad
1720 2515 1878 2550 quemdam

1058 2561 1262 2588 anachoretam
1280 2560 1445 2595 pervenisse
1464 2559 1494 2586 in
1510 2559 1626 2587 deserto
1645 2559 1773 2594 Memphi
1790 2560 1879 2588 conti-

1056 2613 1123 2641 guo,
1141 2605 1190 2641 qui
1206 2604 1301 2632 leaena:
1317 2603 1422 2631 catulis
1438 2603 1568 2640 quinque
1581 2604 1665 2632 caecis
1680 2604 1777 2632 visum
1795 2604 1876 2633 resti-

1056 2650 1204 2685 tuit,quos
1219 2649 1248 2676 in
1262 2647 1403 2684 spelunca
1412 2648 1569 2676 nutriebat.
1578 2648 1657 2683 Idem
1667 2648 1823 2676 ferendum
1834 2651 1876 2676 est

1050 2694 1197 2729 judicium
1226 2692 1262 2720 de
1288 2692 1378 2720 altera
1396 2692 1501 2728 viperae
1529 2691 1661 2726 historia,
1685 2700 1736 2719 seu
1766 2693 1873 2726 fabula,

1054 2747 1142 2775 quam
1156 2736 1274 2772 subjicit
1285 2737 1332 2764 hic
1342 2736 1468 2765 Basilius
1479 2745 1512 2764 ex
1526 2737 1627 2764 eodem
1644 2736 1783 2764 Herodoti
1798 2737 1874 2765 fonte

1054 2783 1259 2815 deductam,et
1272 2790 1306 2809 ex
1316 2782 1380 2816 ejus
1391 2781 1491 2814 lib.1n,
1502 2789 1590 2817 quam
1605 2783 1634 2809 et
1650 2781 1745 2809 Horus
1761 2781 1870 2818 Apollo,
