  <div class='ocr_page' id='page_1' title='image "/cluster/home/n/w/nwhite01/storage/ocr_20150623/30/njp.32101013202591/518.png"; bbox 0 0 2011 3142; ppageno 0'>
   <div class='ocr_carea' id='block_1_1' title="bbox 110 207 188 238">
    <p class='ocr_par' dir='ltr' id='par_1_1' title="bbox 110 207 188 238">
     <span class='ocr_line' id='line_1_1' title="bbox 110 207 188 238; baseline 0.013 -1"><span class='ocrx_word' id='word_1_1' title='bbox 110 207 188 238; x_wconf 87' lang='lat'><strong>1009</strong></span> 
     </span>
    </p>
   </div>
   <div class='ocr_carea' id='block_1_2' title="bbox 691 208 1231 240">
    <p class='ocr_par' dir='ltr' id='par_1_2' title="bbox 691 208 1231 240">
     <span class='ocr_line' id='line_1_2' title="bbox 691 208 1231 240; baseline -0.002 -1"><span class='ocrx_word' id='word_1_2' title='bbox 691 210 742 240; x_wconf 92' lang='lat' dir='ltr'><strong>AD</strong></span> <span class='ocrx_word' id='word_1_3' title='bbox 766 209 953 240; x_wconf 82' lang='lat' dir='ltr'><strong>HOMILIAS</strong></span> <span class='ocrx_word' id='word_1_4' title='bbox 975 210 1015 240; x_wconf 84' lang='lat' dir='ltr'><strong>IN</strong></span> <span class='ocrx_word' id='word_1_5' title='bbox 1038 208 1231 239; x_wconf 83' lang='lat' dir='ltr'><strong>PSALMOS.</strong></span> 
     </span>
    </p>
   </div>
   <div class='ocr_carea' id='block_1_3' title="bbox 1735 206 1813 236">
    <p class='ocr_par' dir='ltr' id='par_1_3' title="bbox 1735 206 1813 236">
     <span class='ocr_line' id='line_1_3' title="bbox 1735 206 1813 236; baseline 0.013 -1"><span class='ocrx_word' id='word_1_6' title='bbox 1735 206 1813 236; x_wconf 79' lang='grc'><strong>1010</strong></span> 
     </span>
    </p>
   </div>
   <div class='ocr_carea' id='block_1_4' title="bbox 109 272 1813 311">
    <p class='ocr_par' dir='ltr' id='par_1_4' title="bbox 109 272 1813 311">
     <span class='ocr_line' id='line_1_4' title="bbox 109 272 1813 311; baseline -0.001 -10"><span class='ocrx_word' id='word_1_7' title='bbox 109 273 330 310; x_wconf 82' lang='lat' dir='ltr'><strong>hieroglyphico</strong></span> <span class='ocrx_word' id='word_1_8' title='bbox 352 275 398 309; x_wconf 88' lang='lat'><strong>56,</strong></span> <span class='ocrx_word' id='word_1_9' title='bbox 425 275 609 310; x_wconf 79' lang='lat' dir='ltr'><strong>Plutarchus,</strong></span> <span class='ocrx_word' id='word_1_10' title='bbox 633 275 684 303; x_wconf 89' lang='lat' dir='ltr'><strong>lib.</strong></span> <span class='ocrx_word' id='word_1_11' title='bbox 701 277 740 303; x_wconf 81' lang='lat' dir='ltr'><strong>De</strong></span> <span class='ocrx_word' id='word_1_12' title='bbox 757 276 934 310; x_wconf 77' lang='lat' dir='ltr'><strong>garrulitate,</strong></span> <span class='ocrx_word' id='word_1_13' title='bbox 950 277 975 310; x_wconf 79' lang='grc' dir='ltr'><strong>Α</strong></span> <span class='ocrx_word' id='word_1_14' title='bbox 991 275 1092 311; x_wconf 79' lang='lat' dir='ltr'><strong>pylum</strong></span> <span class='ocrx_word' id='word_1_15' title='bbox 1107 274 1206 309; x_wconf 98' lang='lat' dir='ltr'><strong>aptius</strong></span> <span class='ocrx_word' id='word_1_16' title='bbox 1227 274 1450 309; x_wconf 74' lang='lat' dir='ltr'><strong>interpretatum</strong></span> <span class='ocrx_word' id='word_1_17' title='bbox 1471 272 1499 300; x_wconf 93' lang='lat' dir='ltr'><strong>in</strong></span> <span class='ocrx_word' id='word_1_18' title='bbox 1516 272 1660 300; x_wconf 85' lang='lat' dir='ltr'><strong>veteribus</strong></span> <span class='ocrx_word' id='word_1_19' title='bbox 1676 272 1813 300; x_wconf 86' lang='lat' dir='ltr'><strong>editioni-</strong></span> 
     </span>
    </p>
   </div>
   <div class='ocr_carea' id='block_1_5' title="bbox 112 318 935 356">
    <p class='ocr_par' dir='ltr' id='par_1_5' title="bbox 112 318 935 356">
     <span class='ocr_line' id='line_1_5' title="bbox 112 318 935 356; baseline 0.002 -11"><span class='ocrx_word' id='word_1_20' title='bbox 112 318 233 352; x_wconf 89' lang='lat' dir='ltr'><strong>Plinius,</strong></span> <span class='ocrx_word' id='word_1_21' title='bbox 248 318 299 346; x_wconf 88' lang='lat' dir='ltr'><strong>lib.</strong></span> <span class='ocrx_word' id='word_1_22' title='bbox 316 327 344 353; x_wconf 81' lang='lat' dir='ltr'><strong>x,</strong></span> <span class='ocrx_word' id='word_1_23' title='bbox 360 328 423 355; x_wconf 87' lang='lat' dir='ltr'><strong>cap.</strong></span> <span class='ocrx_word' id='word_1_24' title='bbox 440 320 485 353; x_wconf 85' lang='lat'><strong>62,</strong></span> <span class='ocrx_word' id='word_1_25' title='bbox 500 319 641 354; x_wconf 67' lang='lat' dir='ltr'><strong>IElianus,</strong></span> <span class='ocrx_word' id='word_1_26' title='bbox 658 320 710 348; x_wconf 88' lang='lat' dir='ltr'><strong>lib.</strong></span> <span class='ocrx_word' id='word_1_27' title='bbox 728 328 746 353; x_wconf 86' lang='grc' dir='ltr'><strong>ι,</strong></span> <span class='ocrx_word' id='word_1_28' title='bbox 761 328 823 356; x_wconf 84' lang='lat' dir='ltr'><strong>cap.</strong></span> <span class='ocrx_word' id='word_1_29' title='bbox 840 321 884 354; x_wconf 80' lang='lat'><strong>25,</strong></span> <span class='ocrx_word' id='word_1_30' title='bbox 898 321 935 348; x_wconf 78' lang='lat' dir='ltr'><strong>De</strong></span> 
     </span>
    </p>
   </div>
   <div class='ocr_carea' id='block_1_6' title="bbox 109 364 932 401">
    <p class='ocr_par' dir='ltr' id='par_1_6' title="bbox 109 364 932 401">
     <span class='ocr_line' id='line_1_6' title="bbox 109 364 932 401; baseline 0 -10"><span class='ocrx_word' id='word_1_31' title='bbox 109 364 288 398; x_wconf 75' lang='lat' dir='ltr'><strong>animalibus,</strong></span> <span class='ocrx_word' id='word_1_32' title='bbox 307 365 852 401; x_wconf 84' lang='lat' dir='ltr'><strong>propagarunt.Theophrastus,lib.xv,</strong></span> <span class='ocrx_word' id='word_1_33' title='bbox 869 373 932 401; x_wconf 77' lang='lat' dir='ltr'><strong>cap.</strong></span> 
     </span>
    </p>
   </div>
   <div class='ocr_carea' id='block_1_7' title="bbox 111 408 933 445">
    <p class='ocr_par' dir='ltr' id='par_1_7' title="bbox 111 408 933 445">
     <span class='ocr_line' id='line_1_7' title="bbox 111 408 933 445; baseline 0.001 -10"><span class='ocrx_word' id='word_1_34' title='bbox 111 408 153 442; x_wconf 88' lang='grc'><strong>16,</strong></span> <span class='ocrx_word' id='word_1_35' title='bbox 170 416 230 436; x_wconf 89' lang='lat' dir='ltr'><strong>non</strong></span> <span class='ocrx_word' id='word_1_36' title='bbox 254 408 368 437; x_wconf 83' lang='lat' dir='ltr'><strong>catulos</strong></span> <span class='ocrx_word' id='word_1_37' title='bbox 393 409 498 445; x_wconf 71' lang='lat' dir='ltr'><strong>viperas</strong></span> <span class='ocrx_word' id='word_1_38' title='bbox 525 409 654 445; x_wconf 84' lang='lat' dir='ltr'><strong>parentis</strong></span> <span class='ocrx_word' id='word_1_39' title='bbox 670 412 786 438; x_wconf 78' lang='lat' dir='ltr'><strong>uterum</strong></span> <span class='ocrx_word' id='word_1_40' title='bbox 803 410 933 444; x_wconf 79' lang='lat' dir='ltr'><strong>exedere,</strong></span> 
     </span>
    </p>
   </div>
   <div class='ocr_carea' id='block_1_8' title="bbox 107 453 933 490">
    <p class='ocr_par' dir='ltr' id='par_1_8' title="bbox 107 453 933 490">
     <span class='ocr_line' id='line_1_8' title="bbox 107 453 933 490; baseline 0 -10"><span class='ocrx_word' id='word_1_41' title='bbox 107 454 157 481; x_wconf 88' lang='lat' dir='ltr'><strong>sed</strong></span> <span class='ocrx_word' id='word_1_42' title='bbox 176 455 302 481; x_wconf 84' lang='lat' dir='ltr'><strong>matrem</strong></span> <span class='ocrx_word' id='word_1_43' title='bbox 318 453 393 481; x_wconf 88' lang='lat' dir='ltr'><strong>uteri</strong></span> <span class='ocrx_word' id='word_1_44' title='bbox 418 454 562 490; x_wconf 79' lang='lat' dir='ltr'><strong>angustiis</strong></span> <span class='ocrx_word' id='word_1_45' title='bbox 584 454 767 490; x_wconf 84' lang='lat' dir='ltr'><strong>compulsam</strong></span> <span class='ocrx_word' id='word_1_46' title='bbox 788 453 933 489; x_wconf 81' lang='lat' dir='ltr'><strong>disrumpi</strong></span> 
     </span>
    </p>
   </div>
   <div class='ocr_carea' id='block_1_9' title="bbox 109 497 934 533">
    <p class='ocr_par' dir='ltr' id='par_1_9' title="bbox 109 497 934 533">
     <span class='ocr_line' id='line_1_9' title="bbox 109 497 934 533; baseline 0.002 -9"><span class='ocrx_word' id='word_1_47' title='bbox 109 497 209 525; x_wconf 81' lang='lat' dir='ltr'><strong>tradit.</strong></span> <span class='ocrx_word' id='word_1_48' title='bbox 221 498 366 526; x_wconf 82' lang='lat' dir='ltr'><strong>Nicander</strong></span> <span class='ocrx_word' id='word_1_49' title='bbox 381 498 462 532; x_wconf 83' lang='lat' dir='ltr'><strong>item,</strong></span> <span class='ocrx_word' id='word_1_50' title='bbox 480 498 509 526; x_wconf 91' lang='lat' dir='ltr'><strong>in</strong></span> <span class='ocrx_word' id='word_1_51' title='bbox 534 498 684 533; x_wconf 74' lang='lat' dir='ltr'><strong>Theriacis,</strong></span> <span class='ocrx_word' id='word_1_52' title='bbox 700 500 728 526; x_wconf 88' lang='lat' dir='ltr'><strong>et</strong></span> <span class='ocrx_word' id='word_1_53' title='bbox 741 498 934 532; x_wconf 77' lang='lat' dir='ltr'><strong>Athanasius,</strong></span> 
     </span>
    </p>
   </div>
   <div class='ocr_carea' id='block_1_10' title="bbox 108 542 932 579">
    <p class='ocr_par' dir='ltr' id='par_1_10' title="bbox 108 542 932 579">
     <span class='ocr_line' id='line_1_10' title="bbox 108 542 932 579; baseline 0.001 -10"><span class='ocrx_word' id='word_1_54' title='bbox 108 544 213 577; x_wconf 61' lang='lat' dir='ltr'><strong>quast.</strong></span> <span class='ocrx_word' id='word_1_55' title='bbox 238 543 275 570; x_wconf 83' lang='lat'><strong>56</strong></span> <span class='ocrx_word' id='word_1_56' title='bbox 296 543 331 570; x_wconf 88' lang='lat' dir='ltr'><strong>ad</strong></span> <span class='ocrx_word' id='word_1_57' title='bbox 353 542 537 578; x_wconf 79' lang='lat' dir='ltr'><strong>Antiochum,</strong></span> <span class='ocrx_word' id='word_1_58' title='bbox 560 542 859 579; x_wconf 79' lang='lat' dir='ltr'><strong>Epiphanius,ha:resi</strong></span> <span class='ocrx_word' id='word_1_59' title='bbox 886 543 932 570; x_wconf 87' lang='lat'><strong>26.</strong></span> 
     </span>
    </p>
   </div>
   <div class='ocr_carea' id='block_1_11' title="bbox 109 586 933 624">
    <p class='ocr_par' dir='ltr' id='par_1_11' title="bbox 109 586 933 624">
     <span class='ocr_line' id='line_1_11' title="bbox 109 586 933 624; baseline 0.002 -11"><span class='ocrx_word' id='word_1_60' title='bbox 109 586 264 614; x_wconf 77' lang='lat' dir='ltr'><strong>Refellitur</strong></span> <span class='ocrx_word' id='word_1_61' title='bbox 277 586 338 615; x_wconf 73' lang='lat' dir='ltr'><strong>haec</strong></span> <span class='ocrx_word' id='word_1_62' title='bbox 354 587 478 615; x_wconf 80' lang='lat' dir='ltr'><strong>historia</strong></span> <span class='ocrx_word' id='word_1_63' title='bbox 488 588 634 616; x_wconf 82' lang='lat' dir='ltr'><strong>contraria</strong></span> <span class='ocrx_word' id='word_1_64' title='bbox 644 587 822 624; x_wconf 82' lang='lat' dir='ltr'><strong>experientia</strong></span> <span class='ocrx_word' id='word_1_65' title='bbox 837 589 865 615; x_wconf 88' lang='lat' dir='ltr'><strong>et</strong></span> <span class='ocrx_word' id='word_1_66' title='bbox 879 595 933 615; x_wconf 85' lang='lat' dir='ltr'><strong>au-</strong></span> 
     </span>
    </p>
   </div>
   <div class='ocr_carea' id='block_1_12' title="bbox 108 632 932 670">
    <p class='ocr_par' dir='ltr' id='par_1_12' title="bbox 108 632 932 670">
     <span class='ocr_line' id='line_1_12' title="bbox 108 632 932 670; baseline 0.002 -11"><span class='ocrx_word' id='word_1_67' title='bbox 108 632 246 660; x_wconf 88' lang='lat' dir='ltr'><strong>ctoritate</strong></span> <span class='ocrx_word' id='word_1_68' title='bbox 260 632 437 666; x_wconf 80' lang='lat' dir='ltr'><strong>Aristotelis,</strong></span> <span class='ocrx_word' id='word_1_69' title='bbox 453 633 502 661; x_wconf 93' lang='lat' dir='ltr'><strong>lib.</strong></span> <span class='ocrx_word' id='word_1_70' title='bbox 514 633 547 669; x_wconf 62' lang='lat' dir='ltr'><strong>&#39;v,</strong></span> <span class='ocrx_word' id='word_1_71' title='bbox 563 642 627 670; x_wconf 80' lang='lat' dir='ltr'><strong>cap.</strong></span> <span class='ocrx_word' id='word_1_72' title='bbox 637 634 811 668; x_wconf 66' lang='lat' dir='ltr'><strong>34,Hi:toriw</strong></span> <span class='ocrx_word' id='word_1_73' title='bbox 824 634 932 661; x_wconf 85' lang='lat' dir='ltr'><strong>anima-</strong></span> 
     </span>
    </p>
   </div>
   <div class='ocr_carea' id='block_1_13' title="bbox 107 675 932 714">
    <p class='ocr_par' dir='ltr' id='par_1_13' title="bbox 107 675 932 714">
     <span class='ocr_line' id='line_1_13' title="bbox 107 675 932 714; baseline 0 -10"><span class='ocrx_word' id='word_1_74' title='bbox 107 676 189 710; x_wconf 84' lang='lat' dir='ltr'><strong>lium,</strong></span> <span class='ocrx_word' id='word_1_75' title='bbox 206 677 257 712; x_wconf 91' lang='lat' dir='ltr'><strong>qui</strong></span> <span class='ocrx_word' id='word_1_76' title='bbox 279 677 316 705; x_wconf 86' lang='lat' dir='ltr'><strong>de</strong></span> <span class='ocrx_word' id='word_1_77' title='bbox 341 678 438 713; x_wconf 78' lang='lat' dir='ltr'><strong>vipera</strong></span> <span class='ocrx_word' id='word_1_78' title='bbox 452 678 507 706; x_wconf 82' lang='lat' dir='ltr'><strong>hoc</strong></span> <span class='ocrx_word' id='word_1_79' title='bbox 528 678 617 706; x_wconf 86' lang='lat' dir='ltr'><strong>tradit</strong></span> <span class='ocrx_word' id='word_1_80' title='bbox 634 687 641 707; x_wconf 91' lang='lat'><strong>:</strong></span> <span class='ocrx_word' id='word_1_81' title='bbox 658 677 749 706; x_wconf 79' lang='grc' dir='ltr'><strong>Τίκτει</strong></span> <span class='ocrx_word' id='word_1_82' title='bbox 775 677 859 714; x_wconf 81' lang='grc' dir='ltr'><strong>μικρᾶ</strong></span> <span class='ocrx_word' id='word_1_83' title='bbox 873 675 932 714; x_wconf 81' lang='grc' dir='ltr'><strong>ἔχι-</strong></span> 
     </span>
    </p>
   </div>
   <div class='ocr_carea' id='block_1_14' title="bbox 108 718 933 759">
    <p class='ocr_par' dir='ltr' id='par_1_14' title="bbox 108 718 933 759">
     <span class='ocr_line' id='line_1_14' title="bbox 108 718 933 759; baseline 0.001 -12"><span class='ocrx_word' id='word_1_84' title='bbox 108 718 156 748; x_wconf 81' lang='grc' dir='ltr'>δνα</span> <span class='ocrx_word' id='word_1_85' title='bbox 171 719 198 748; x_wconf 81' lang='grc' dir='ltr'><strong>ἐν</strong></span> <span class='ocrx_word' id='word_1_86' title='bbox 216 720 321 756; x_wconf 72' lang='grc' dir='ltr'><strong>ὑμέσιν,</strong></span> <span class='ocrx_word' id='word_1_87' title='bbox 347 721 374 748; x_wconf 79' lang='grc' dir='ltr'><strong>οἳ</strong></span> <span class='ocrx_word' id='word_1_88' title='bbox 396 721 624 759; x_wconf 75' lang='grc' dir='ltr'><strong>περιρῥήγνυνται</strong></span> <span class='ocrx_word' id='word_1_89' title='bbox 646 724 772 759; x_wconf 83' lang='grc' dir='ltr'><strong>τριταῖοι·</strong></span> <span class='ocrx_word' id='word_1_90' title='bbox 797 721 882 749; x_wconf 81' lang='grc' dir='ltr'><strong>τίκτει</strong></span> <span class='ocrx_word' id='word_1_91' title='bbox 904 720 933 748; x_wconf 74' lang='grc' dir='ltr'><strong>δὲ</strong></span> 
     </span>
    </p>
   </div>
   <div class='ocr_carea' id='block_1_15' title="bbox 106 764 933 802">
    <p class='ocr_par' dir='ltr' id='par_1_15' title="bbox 106 764 933 802">
     <span class='ocr_line' id='line_1_15' title="bbox 106 764 933 802; baseline 0.002 -10"><span class='ocrx_word' id='word_1_92' title='bbox 106 764 131 792; x_wconf 84' lang='grc' dir='ltr'>ἐν</span> <span class='ocrx_word' id='word_1_93' title='bbox 162 767 212 802; x_wconf 83' lang='grc' dir='ltr'><strong>μιᾷ</strong></span> <span class='ocrx_word' id='word_1_94' title='bbox 236 765 327 802; x_wconf 73' lang='grc' dir='ltr'>ἡμέρᾳ</span> <span class='ocrx_word' id='word_1_95' title='bbox 353 766 411 797; x_wconf 84' lang='grc' dir='ltr'>καθ’</span> <span class='ocrx_word' id='word_1_96' title='bbox 431 765 468 793; x_wconf 82' lang='grc' dir='ltr'><strong>ἔν·</strong></span> <span class='ocrx_word' id='word_1_97' title='bbox 495 778 509 792; x_wconf 90' lang='grc'><strong>‹‹</strong></span> <span class='ocrx_word' id='word_1_98' title='bbox 534 767 610 795; x_wconf 83' lang='lat' dir='ltr'><strong>Parit</strong></span> <span class='ocrx_word' id='word_1_99' title='bbox 637 767 748 795; x_wconf 82' lang='lat' dir='ltr'><strong>catulos</strong></span> <span class='ocrx_word' id='word_1_100' title='bbox 779 767 933 795; x_wconf 82' lang='lat' dir='ltr'><strong>obvolutus</strong></span> 
     </span>
    </p>
   </div>
   <div class='ocr_carea' id='block_1_16' title="bbox 106 810 932 847">
    <p class='ocr_par' dir='ltr' id='par_1_16' title="bbox 106 810 932 847">
     <span class='ocr_line' id='line_1_16' title="bbox 106 810 932 847; baseline 0 -9"><span class='ocrx_word' id='word_1_101' title='bbox 106 810 299 845; x_wconf 84' lang='lat' dir='ltr'><strong>membranis,</strong></span> <span class='ocrx_word' id='word_1_102' title='bbox 323 819 386 847; x_wconf 65' lang='lat' dir='ltr'><strong>quis</strong></span> <span class='ocrx_word' id='word_1_103' title='bbox 414 811 498 839; x_wconf 84' lang='lat' dir='ltr'><strong>tertia</strong></span> <span class='ocrx_word' id='word_1_104' title='bbox 517 813 692 847; x_wconf 86' lang='lat' dir='ltr'><strong>rumpantur</strong></span> <span class='ocrx_word' id='word_1_105' title='bbox 712 820 719 838; x_wconf 90' lang='lat'>:</span> <span class='ocrx_word' id='word_1_106' title='bbox 736 811 813 847; x_wconf 83' lang='lat' dir='ltr'><strong>parit</strong></span> <span class='ocrx_word' id='word_1_107' title='bbox 833 813 932 839; x_wconf 87' lang='lat' dir='ltr'><strong>autem</strong></span> 
     </span>
    </p>
   </div>
   <div class='ocr_carea' id='block_1_17' title="bbox 106 856 933 892">
    <p class='ocr_par' dir='ltr' id='par_1_17' title="bbox 106 856 933 892">
     <span class='ocr_line' id='line_1_17' title="bbox 106 856 933 892; baseline 0.001 -8"><span class='ocrx_word' id='word_1_108' title='bbox 106 856 232 892; x_wconf 79' lang='lat' dir='ltr'><strong>singulis</strong></span> <span class='ocrx_word' id='word_1_109' title='bbox 245 857 350 885; x_wconf 88' lang='lat' dir='ltr'><strong>diebus</strong></span> <span class='ocrx_word' id='word_1_110' title='bbox 364 856 505 892; x_wconf 85' lang='lat' dir='ltr'><strong>singulos.</strong></span> <span class='ocrx_word' id='word_1_111' title='bbox 521 867 531 882; x_wconf 79' lang='grc' dir='ltr'>ι</span> <span class='ocrx_word' id='word_1_112' title='bbox 546 856 750 891; x_wconf 86' lang='lat' dir='ltr'><strong>Philostratus,</strong></span> <span class='ocrx_word' id='word_1_113' title='bbox 761 856 811 884; x_wconf 88' lang='lat' dir='ltr'><strong>iib.</strong></span> <span class='ocrx_word' id='word_1_114' title='bbox 828 865 849 884; x_wconf 86' lang='grc' dir='ltr'><strong>ιι</strong></span> <span class='ocrx_word' id='word_1_115' title='bbox 863 857 933 885; x_wconf 70' lang='lat' dir='ltr'><strong>vitae</strong></span> 
     </span>
    </p>
   </div>
   <div class='ocr_carea' id='block_1_18' title="bbox 107 901 933 937">
    <p class='ocr_par' dir='ltr' id='par_1_18' title="bbox 107 901 933 937">
     <span class='ocr_line' id='line_1_18' title="bbox 107 901 933 937; baseline 0.001 -8"><span class='ocrx_word' id='word_1_116' title='bbox 107 902 259 937; x_wconf 80' lang='lat' dir='ltr'><strong>Apollonii,</strong></span> <span class='ocrx_word' id='word_1_117' title='bbox 281 901 395 935; x_wconf 87' lang='lat' dir='ltr'><strong>scribit,</strong></span> <span class='ocrx_word' id='word_1_118' title='bbox 416 901 508 929; x_wconf 81' lang='lat' dir='ltr'><strong>visam</strong></span> <span class='ocrx_word' id='word_1_119' title='bbox 534 901 664 937; x_wconf 80' lang='lat' dir='ltr'><strong>viperam</strong></span> <span class='ocrx_word' id='word_1_120' title='bbox 679 903 842 937; x_wconf 84' lang='lat' dir='ltr'><strong>serpentes,</strong></span> <span class='ocrx_word' id='word_1_121' title='bbox 858 910 933 937; x_wconf 90' lang='lat' dir='ltr'><strong>quos</strong></span> 
     </span>
    </p>
   </div>
   <div class='ocr_carea' id='block_1_19' title="bbox 108 945 972 993">
    <p class='ocr_par' dir='ltr' id='par_1_19' title="bbox 108 945 972 993">
     <span class='ocr_line' id='line_1_19' title="bbox 108 945 972 993; baseline 0 -20"><span class='ocrx_word' id='word_1_122' title='bbox 108 945 563 993; x_wconf 29' lang='lat' dir='ltr'><strong>pepererat,_linguadlambere.</strong></span> <span class='ocrx_word' id='word_1_123' title='bbox 586 945 725 974; x_wconf 80' lang='lat' dir='ltr'><strong>Albertus</strong></span> <span class='ocrx_word' id='word_1_124' title='bbox 747 946 880 993; x_wconf 72' lang='lat' dir='ltr'><strong>Magnus,</strong></span> <span class='ocrx_word' id='word_1_125' title='bbox 903 946 931 973; x_wconf 93' lang='lat' dir='ltr'><strong>in</strong></span> <span class='ocrx_word' id='word_1_126' title='bbox 948 961 972 993; x_wconf 79' lang='grc' dir='ltr'><strong>Β</strong></span> 
     </span>
    </p>
   </div>
   <div class='ocr_carea' id='block_1_20' title="bbox 107 990 934 1027">
    <p class='ocr_par' dir='ltr' id='par_1_20' title="bbox 107 990 934 1027">
     <span class='ocr_line' id='line_1_20' title="bbox 107 990 934 1027; baseline 0 -9"><span class='ocrx_word' id='word_1_127' title='bbox 107 991 214 1019; x_wconf 72' lang='lat' dir='ltr'><strong>Hister.</strong></span> <span class='ocrx_word' id='word_1_128' title='bbox 238 991 368 1026; x_wconf 80' lang='lat' dir='ltr'><strong>animal.,</strong></span> <span class='ocrx_word' id='word_1_129' title='bbox 387 991 434 1026; x_wconf 79' lang='lat'><strong>25,</strong></span> <span class='ocrx_word' id='word_1_130' title='bbox 449 990 599 1027; x_wconf 84' lang='lat' dir='ltr'><strong>vulgarem</strong></span> <span class='ocrx_word' id='word_1_131' title='bbox 615 999 780 1019; x_wconf 82' lang='lat' dir='ltr'><strong>sermonem</strong></span> <span class='ocrx_word' id='word_1_132' title='bbox 796 991 832 1019; x_wconf 89' lang='lat' dir='ltr'><strong>de</strong></span> <span class='ocrx_word' id='word_1_133' title='bbox 847 993 934 1027; x_wconf 88' lang='lat' dir='ltr'><strong>partu</strong></span> 
     </span>
    </p>
   </div>
   <div class='ocr_carea' id='block_1_21' title="bbox 107 1034 933 1071">
    <p class='ocr_par' dir='ltr' id='par_1_21' title="bbox 107 1034 933 1071">
     <span class='ocr_line' id='line_1_21' title="bbox 107 1034 933 1071; baseline 0.001 -9"><span class='ocrx_word' id='word_1_134' title='bbox 107 1035 213 1071; x_wconf 66' lang='lat' dir='ltr'><strong>vipera</strong></span> <span class='ocrx_word' id='word_1_135' title='bbox 224 1037 253 1063; x_wconf 88' lang='lat' dir='ltr'><strong>et</strong></span> <span class='ocrx_word' id='word_1_136' title='bbox 262 1034 361 1070; x_wconf 90' lang='lat' dir='ltr'><strong>ipsum</strong></span> <span class='ocrx_word' id='word_1_137' title='bbox 372 1035 499 1063; x_wconf 86' lang='lat' dir='ltr'><strong>Plinium</strong></span> <span class='ocrx_word' id='word_1_138' title='bbox 510 1034 589 1063; x_wconf 86' lang='lat' dir='ltr'><strong>velut</strong></span> <span class='ocrx_word' id='word_1_139' title='bbox 604 1035 789 1063; x_wconf 82' lang='lat' dir='ltr'><strong>mendacium</strong></span> <span class='ocrx_word' id='word_1_140' title='bbox 800 1043 933 1063; x_wconf 86' lang='lat' dir='ltr'><strong>asseren-</strong></span> 
     </span>
    </p>
   </div>
   <div class='ocr_carea' id='block_1_22' title="bbox 106 1079 935 1116">
    <p class='ocr_par' dir='ltr' id='par_1_22' title="bbox 106 1079 935 1116">
     <span class='ocr_line' id='line_1_22' title="bbox 106 1079 935 1116; baseline 0 -9"><span class='ocrx_word' id='word_1_141' title='bbox 106 1082 166 1107; x_wconf 88' lang='lat' dir='ltr'><strong>tem</strong></span> <span class='ocrx_word' id='word_1_142' title='bbox 182 1079 298 1115; x_wconf 86' lang='lat' dir='ltr'><strong>irridet,</strong></span> <span class='ocrx_word' id='word_1_143' title='bbox 314 1087 402 1116; x_wconf 89' lang='lat' dir='ltr'><strong>quem</strong></span> <span class='ocrx_word' id='word_1_144' title='bbox 419 1079 596 1108; x_wconf 82' lang='lat' dir='ltr'><strong>recentiores</strong></span> <span class='ocrx_word' id='word_1_145' title='bbox 612 1079 697 1107; x_wconf 86' lang='lat' dir='ltr'><strong>multi</strong></span> <span class='ocrx_word' id='word_1_146' title='bbox 713 1082 887 1115; x_wconf 89' lang='lat' dir='ltr'><strong>sequuntur,</strong></span> <span class='ocrx_word' id='word_1_147' title='bbox 902 1081 935 1107; x_wconf 92' lang='lat' dir='ltr'><strong>ut</strong></span> 
     </span>
    </p>
   </div>
   <div class='ocr_carea' id='block_1_23' title="bbox 108 1123 933 1160">
    <p class='ocr_par' dir='ltr' id='par_1_23' title="bbox 108 1123 933 1160">
     <span class='ocr_line' id='line_1_23' title="bbox 108 1123 933 1160; baseline 0.001 -9"><span class='ocrx_word' id='word_1_148' title='bbox 108 1124 230 1157; x_wconf 85' lang='lat' dir='ltr'><strong>Pierius,</strong></span> <span class='ocrx_word' id='word_1_149' title='bbox 241 1123 293 1152; x_wconf 91' lang='lat' dir='ltr'><strong>lib.</strong></span> <span class='ocrx_word' id='word_1_150' title='bbox 305 1132 351 1152; x_wconf 85' lang='lat' dir='ltr'><strong>xlv</strong></span> <span class='ocrx_word' id='word_1_151' title='bbox 361 1124 933 1160; x_wconf 73' lang='lat' dir='ltr'><strong>Hicroglyphicorum,Brodszus,Miscella-</strong></span> 
     </span>
    </p>
   </div>
   <div class='ocr_carea' id='block_1_24' title="bbox 106 1167 933 1204">
    <p class='ocr_par' dir='ltr' id='par_1_24' title="bbox 106 1167 933 1204">
     <span class='ocr_line' id='line_1_24' title="bbox 106 1167 933 1204; baseline 0 -8"><span class='ocrx_word' id='word_1_152' title='bbox 106 1176 182 1202; x_wconf 75' lang='lat' dir='ltr'><strong>utor,</strong></span> <span class='ocrx_word' id='word_1_153' title='bbox 196 1168 248 1197; x_wconf 88' lang='lat' dir='ltr'><strong>lib.</strong></span> <span class='ocrx_word' id='word_1_154' title='bbox 273 1177 372 1204; x_wconf 80' lang='lat' dir='ltr'><strong>xxxiii,</strong></span> <span class='ocrx_word' id='word_1_155' title='bbox 388 1177 451 1204; x_wconf 90' lang='lat' dir='ltr'><strong>cap.</strong></span> <span class='ocrx_word' id='word_1_156' title='bbox 469 1169 512 1204; x_wconf 87' lang='lat'><strong>11,</strong></span> <span class='ocrx_word' id='word_1_157' title='bbox 533 1168 690 1196; x_wconf 87' lang='lat' dir='ltr'><strong>cardinslis</strong></span> <span class='ocrx_word' id='word_1_158' title='bbox 711 1167 840 1204; x_wconf 89' lang='lat' dir='ltr'><strong>Toletus,</strong></span> <span class='ocrx_word' id='word_1_159' title='bbox 855 1168 885 1196; x_wconf 91' lang='lat' dir='ltr'><strong>in</strong></span> <span class='ocrx_word' id='word_1_160' title='bbox 901 1176 933 1196; x_wconf 93' lang='grc' dir='ltr'><strong>ιιι</strong></span> 
     </span>
    </p>
   </div>
   <div class='ocr_carea' id='block_1_25' title="bbox 108 1212 933 1249">
    <p class='ocr_par' dir='ltr' id='par_1_25' title="bbox 108 1212 933 1249">
     <span class='ocr_line' id='line_1_25' title="bbox 108 1212 933 1249; baseline 0 -8"><span class='ocrx_word' id='word_1_161' title='bbox 108 1214 190 1242; x_wconf 73' lang='lat' dir='ltr'><strong>Lucae</strong></span> <span class='ocrx_word' id='word_1_162' title='bbox 206 1214 408 1249; x_wconf 83' lang='lat' dir='ltr'><strong>annot.22,qui</strong></span> <span class='ocrx_word' id='word_1_163' title='bbox 424 1221 523 1241; x_wconf 86' lang='lat' dir='ltr'><strong>sacros</strong></span> <span class='ocrx_word' id='word_1_164' title='bbox 535 1213 669 1241; x_wconf 89' lang='lat' dir='ltr'><strong>doctores</strong></span> <span class='ocrx_word' id='word_1_165' title='bbox 680 1212 933 1249; x_wconf 87' lang='lat' dir='ltr'><strong>admonet,vulga-</strong></span> 
     </span>
    </p>
   </div>
   <div class='ocr_carea' id='block_1_26' title="bbox 107 1257 932 1294">
    <p class='ocr_par' dir='ltr' id='par_1_26' title="bbox 107 1257 932 1294">
     <span class='ocr_line' id='line_1_26' title="bbox 107 1257 932 1294; baseline 0.001 -10"><span class='ocrx_word' id='word_1_166' title='bbox 107 1265 168 1285; x_wconf 89' lang='lat' dir='ltr'><strong>rem</strong></span> <span class='ocrx_word' id='word_1_167' title='bbox 184 1260 302 1286; x_wconf 84' lang='lat' dir='ltr'><strong>secutos</strong></span> <span class='ocrx_word' id='word_1_168' title='bbox 314 1257 493 1294; x_wconf 88' lang='lat' dir='ltr'><strong>opinionem,</strong></span> <span class='ocrx_word' id='word_1_169' title='bbox 502 1266 565 1286; x_wconf 85' lang='lat' dir='ltr'><strong>eam</strong></span> <span class='ocrx_word' id='word_1_170' title='bbox 579 1258 650 1286; x_wconf 84' lang='lat' dir='ltr'><strong>satis</strong></span> <span class='ocrx_word' id='word_1_171' title='bbox 661 1257 717 1285; x_wconf 87' lang='lat' dir='ltr'><strong>sibi</strong></span> <span class='ocrx_word' id='word_1_172' title='bbox 729 1257 932 1285; x_wconf 81' lang='lat' dir='ltr'><strong>existimantes</strong></span> 
     </span>
    </p>
   </div>
   <div class='ocr_carea' id='block_1_27' title="bbox 107 1301 931 1338">
    <p class='ocr_par' dir='ltr' id='par_1_27' title="bbox 107 1301 931 1338">
     <span class='ocr_line' id='line_1_27' title="bbox 107 1301 931 1338; baseline 0 -8"><span class='ocrx_word' id='word_1_173' title='bbox 107 1303 143 1330; x_wconf 84' lang='lat' dir='ltr'><strong>ad</strong></span> <span class='ocrx_word' id='word_1_174' title='bbox 160 1302 384 1338; x_wconf 85' lang='lat' dir='ltr'><strong>similitudines,</strong></span> <span class='ocrx_word' id='word_1_175' title='bbox 400 1302 508 1338; x_wconf 88' lang='lat' dir='ltr'><strong>quibus</strong></span> <span class='ocrx_word' id='word_1_176' title='bbox 525 1302 692 1335; x_wconf 85' lang='lat' dir='ltr'><strong>utebantur,</strong></span> <span class='ocrx_word' id='word_1_177' title='bbox 701 1301 931 1330; x_wconf 86' lang='lat' dir='ltr'><strong>concinnandas.</strong></span> 
     </span>
    </p>
   </div>
   <div class='ocr_carea' id='block_1_28' title="bbox 143 1346 931 1383">
    <p class='ocr_par' dir='ltr' id='par_1_28' title="bbox 143 1346 931 1383">
     <span class='ocr_line' id='line_1_28' title="bbox 143 1346 931 1383; baseline 0 -9"><span class='ocrx_word' id='word_1_178' title='bbox 143 1346 204 1375; x_wconf 88' lang='lat' dir='ltr'><strong>Col.</strong></span> <span class='ocrx_word' id='word_1_179' title='bbox 222 1347 277 1374; x_wconf 85' lang='lat'><strong>202</strong></span> <span class='ocrx_word' id='word_1_180' title='bbox 291 1349 310 1374; x_wconf 87' lang='grc' dir='ltr'><strong><em>Β</em></strong></span> <span class='ocrx_word' id='word_1_181' title='bbox 324 1346 352 1374; x_wconf 91' lang='lat'><strong>8.</strong></span> <span class='ocrx_word' id='word_1_182' title='bbox 368 1347 401 1374; x_wconf 76' lang='lat' dir='ltr'><strong>Et</strong></span> <span class='ocrx_word' id='word_1_183' title='bbox 420 1346 529 1383; x_wconf 77' lang='lat' dir='ltr'><strong>quidem</strong></span> <span class='ocrx_word' id='word_1_184' title='bbox 552 1350 626 1375; x_wconf 77' lang='lat' dir='ltr'><strong>sunt.</strong></span> <span class='ocrx_word' id='word_1_185' title='bbox 651 1346 796 1375; x_wconf 83' lang='lat' dir='ltr'><strong>Admonet</strong></span> <span class='ocrx_word' id='word_1_186' title='bbox 811 1347 931 1383; x_wconf 82' lang='lat' dir='ltr'><strong>Argyra-</strong></span> 
     </span>
    </p>
   </div>
   <div class='ocr_carea' id='block_1_29' title="bbox 989 315 1811 351">
    <p class='ocr_par' dir='ltr' id='par_1_29' title="bbox 989 315 1811 351">
     <span class='ocr_line' id='line_1_29' title="bbox 989 315 1811 351; baseline -0.002 -5"><span class='ocrx_word' id='word_1_187' title='bbox 989 319 1045 346; x_wconf 89' lang='lat' dir='ltr'><strong>bus</strong></span> <span class='ocrx_word' id='word_1_188' title='bbox 1068 319 1189 346; x_wconf 71' lang='lat' dir='ltr'><strong>doctius.</strong></span> <span class='ocrx_word' id='word_1_189' title='bbox 1206 317 1404 345; x_wconf 86' lang='lat' dir='ltr'><strong>Montacutius</strong></span> <span class='ocrx_word' id='word_1_190' title='bbox 1421 325 1427 344; x_wconf 91' lang='lat'>:</span> <span class='ocrx_word' id='word_1_191' title='bbox 1445 328 1458 342; x_wconf 86' lang='grc'><strong>‹‹</strong></span> <span class='ocrx_word' id='word_1_192' title='bbox 1474 318 1558 344; x_wconf 85' lang='lat' dir='ltr'><strong>Nunc</strong></span> <span class='ocrx_word' id='word_1_193' title='bbox 1579 324 1643 344; x_wconf 83' lang='lat' dir='ltr'><strong>vero</strong></span> <span class='ocrx_word' id='word_1_194' title='bbox 1666 318 1745 351; x_wconf 88' lang='lat' dir='ltr'><strong>sunt,</strong></span> <span class='ocrx_word' id='word_1_195' title='bbox 1762 315 1811 351; x_wconf 90' lang='lat' dir='ltr'><strong>qui</strong></span> 
     </span>
    </p>
   </div>
   <div class='ocr_carea' id='block_1_30' title="bbox 989 360 1809 398">
    <p class='ocr_par' dir='ltr' id='par_1_30' title="bbox 989 360 1809 398">
     <span class='ocr_line' id='line_1_30' title="bbox 989 360 1809 398; baseline -0.005 -7"><span class='ocrx_word' id='word_1_196' title='bbox 989 363 1136 391; x_wconf 69' lang='lat' dir='ltr'><strong>memorias</strong></span> <span class='ocrx_word' id='word_1_197' title='bbox 1150 362 1344 398; x_wconf 89' lang='lat' dir='ltr'><strong>prodiderunt</strong></span> <span class='ocrx_word' id='word_1_198' title='bbox 1362 361 1499 389; x_wconf 84' lang='lat' dir='ltr'><strong>trecentis</strong></span> <span class='ocrx_word' id='word_1_199' title='bbox 1515 361 1601 388; x_wconf 86' lang='lat' dir='ltr'><strong>annis</strong></span> <span class='ocrx_word' id='word_1_200' title='bbox 1616 362 1645 388; x_wconf 88' lang='lat' dir='ltr'><strong>ct</strong></span> <span class='ocrx_word' id='word_1_201' title='bbox 1660 360 1736 388; x_wconf 88' lang='lat' dir='ltr'><strong>ultra</strong></span> <span class='ocrx_word' id='word_1_202' title='bbox 1751 360 1809 388; x_wconf 88' lang='lat' dir='ltr'><strong>ele-</strong></span> 
     </span>
    </p>
   </div>
   <div class='ocr_carea' id='block_1_31' title="bbox 990 404 1809 443">
    <p class='ocr_par' dir='ltr' id='par_1_31' title="bbox 990 404 1809 443">
     <span class='ocr_line' id='line_1_31' title="bbox 990 404 1809 443; baseline -0.006 -8"><span class='ocrx_word' id='word_1_203' title='bbox 990 408 1128 443; x_wconf 83' lang='lat' dir='ltr'><strong>phantem</strong></span> <span class='ocrx_word' id='word_1_204' title='bbox 1151 406 1255 435; x_wconf 87' lang='lat' dir='ltr'><strong>vivere.</strong></span> <span class='ocrx_word' id='word_1_205' title='bbox 1274 417 1287 431; x_wconf 78' lang='grc'><em>»</em></span> <span class='ocrx_word' id='word_1_206' title='bbox 1304 405 1377 437; x_wconf 75' lang='grc' dir='ltr'>Τινὲς</span> <span class='ocrx_word' id='word_1_207' title='bbox 1391 405 1539 443; x_wconf 74' lang='grc' dir='ltr'><strong>ἱστοροῦσι,</strong></span> <span class='ocrx_word' id='word_1_208' title='bbox 1557 405 1639 440; x_wconf 86' lang='lat' dir='ltr'><strong>dixit,</strong></span> <span class='ocrx_word' id='word_1_209' title='bbox 1656 413 1726 440; x_wconf 89' lang='lat' dir='ltr'><strong>non,</strong></span> <span class='ocrx_word' id='word_1_210' title='bbox 1740 404 1809 435; x_wconf 78' lang='grc' dir='ltr'><strong>τινὲς</strong></span> 
     </span>
    </p>
   </div>
   <div class='ocr_carea' id='block_1_32' title="bbox 989 449 1809 485">
    <p class='ocr_par' dir='ltr' id='par_1_32' title="bbox 989 449 1809 485">
     <span class='ocr_line' id='line_1_32' title="bbox 989 449 1809 485; baseline -0.002 -7"><span class='ocrx_word' id='word_1_211' title='bbox 989 451 1086 479; x_wconf 65' lang='grc' dir='ltr'><strong>ἴσασιν.</strong></span> <span class='ocrx_word' id='word_1_212' title='bbox 1109 451 1264 480; x_wconf 87' lang='lat' dir='ltr'><strong>Cornarius</strong></span> <span class='ocrx_word' id='word_1_213' title='bbox 1282 460 1288 479; x_wconf 89' lang='lat'><strong><em>:</em></strong></span> <span class='ocrx_word' id='word_1_214' title='bbox 1309 461 1320 475; x_wconf 69' lang='grc' dir='ltr'><strong>α</strong></span> <span class='ocrx_word' id='word_1_215' title='bbox 1343 451 1426 478; x_wconf 91' lang='lat' dir='ltr'><strong>Nunc</strong></span> <span class='ocrx_word' id='word_1_216' title='bbox 1447 452 1546 478; x_wconf 89' lang='lat' dir='ltr'><strong>autem</strong></span> <span class='ocrx_word' id='word_1_217' title='bbox 1572 450 1695 478; x_wconf 85' lang='lat' dir='ltr'><strong>tradunt</strong></span> <span class='ocrx_word' id='word_1_218' title='bbox 1719 449 1809 485; x_wconf 84' lang='lat' dir='ltr'><strong>aliqui</strong></span> 
     </span>
    </p>
   </div>
   <div class='ocr_carea' id='block_1_33' title="bbox 987 494 1808 531">
    <p class='ocr_par' dir='ltr' id='par_1_33' title="bbox 987 494 1808 531">
     <span class='ocr_line' id='line_1_33' title="bbox 987 494 1808 531; baseline -0.005 -6"><span class='ocrx_word' id='word_1_219' title='bbox 987 498 1133 525; x_wconf 87' lang='lat' dir='ltr'><strong>trecentos</strong></span> <span class='ocrx_word' id='word_1_220' title='bbox 1155 504 1249 524; x_wconf 85' lang='lat' dir='ltr'><strong>annos</strong></span> <span class='ocrx_word' id='word_1_221' title='bbox 1273 497 1302 524; x_wconf 91' lang='lat' dir='ltr'><strong>et</strong></span> <span class='ocrx_word' id='word_1_222' title='bbox 1322 495 1421 531; x_wconf 87' lang='lat' dir='ltr'><strong>plures</strong></span> <span class='ocrx_word' id='word_1_223' title='bbox 1443 495 1539 523; x_wconf 84' lang='lat' dir='ltr'><strong>adhuc</strong></span> <span class='ocrx_word' id='word_1_224' title='bbox 1560 494 1654 523; x_wconf 86' lang='lat' dir='ltr'><strong>vivere</strong></span> <span class='ocrx_word' id='word_1_225' title='bbox 1671 494 1808 530; x_wconf 83' lang='lat' dir='ltr'><strong>elephan-</strong></span> 
     </span>
    </p>
   </div>
   <div class='ocr_carea' id='block_1_34' title="bbox 987 538 1810 575">
    <p class='ocr_par' dir='ltr' id='par_1_34' title="bbox 987 538 1810 575">
     <span class='ocr_line' id='line_1_34' title="bbox 987 538 1810 575; baseline -0.005 -5"><span class='ocrx_word' id='word_1_226' title='bbox 987 544 1058 570; x_wconf 89' lang='lat' dir='ltr'><strong>tem.</strong></span> <span class='ocrx_word' id='word_1_227' title='bbox 1070 551 1083 567; x_wconf 73' lang='grc' dir='ltr'><strong>ι</strong></span> <span class='ocrx_word' id='word_1_228' title='bbox 1102 540 1286 575; x_wconf 83' lang='lat' dir='ltr'><strong>Eustathius,</strong></span> <span class='ocrx_word' id='word_1_229' title='bbox 1302 551 1316 566; x_wconf 80' lang='grc' dir='ltr'>ιι</span> <span class='ocrx_word' id='word_1_230' title='bbox 1333 539 1424 568; x_wconf 84' lang='lat' dir='ltr'><strong>tertur</strong></span> <span class='ocrx_word' id='word_1_231' title='bbox 1438 541 1537 567; x_wconf 87' lang='lat' dir='ltr'><strong>autem</strong></span> <span class='ocrx_word' id='word_1_232' title='bbox 1550 538 1741 575; x_wconf 75' lang='lat' dir='ltr'><strong>elephantum</strong></span> <span class='ocrx_word' id='word_1_233' title='bbox 1756 540 1810 566; x_wconf 87' lang='lat' dir='ltr'><strong>tre-</strong></span> 
     </span>
    </p>
   </div>
   <div class='ocr_carea' id='block_1_35' title="bbox 988 581 1808 620">
    <p class='ocr_par' dir='ltr' id='par_1_35' title="bbox 988 581 1808 620">
     <span class='ocr_line' id='line_1_35' title="bbox 988 581 1808 620; baseline -0.006 -6"><span class='ocrx_word' id='word_1_234' title='bbox 988 588 1098 614; x_wconf 88' lang='lat' dir='ltr'><strong>centos.</strong></span> <span class='ocrx_word' id='word_1_235' title='bbox 1115 596 1129 610; x_wconf 90' lang='lat'>»</span> <span class='ocrx_word' id='word_1_236' title='bbox 1147 586 1219 613; x_wconf 86' lang='lat' dir='ltr'><strong>[tem</strong></span> <span class='ocrx_word' id='word_1_237' title='bbox 1234 585 1307 612; x_wconf 91' lang='lat' dir='ltr'><strong>illud</strong></span> <span class='ocrx_word' id='word_1_238' title='bbox 1323 585 1400 620; x_wconf 92' lang='lat' dir='ltr'><strong>quod</strong></span> <span class='ocrx_word' id='word_1_239' title='bbox 1419 583 1562 620; x_wconf 86' lang='lat' dir='ltr'><strong>sequitur,</strong></span> <span class='ocrx_word' id='word_1_240' title='bbox 1579 581 1623 610; x_wconf 81' lang='grc' dir='ltr'>διὰ</span> <span class='ocrx_word' id='word_1_241' title='bbox 1641 584 1722 610; x_wconf 79' lang='grc' dir='ltr'><strong>τοῦτο</strong></span> <span class='ocrx_word' id='word_1_242' title='bbox 1738 592 1808 619; x_wconf 83' lang='grc' dir='ltr'><strong>συμ-</strong></span> 
     </span>
    </p>
   </div>
   <div class='ocr_carea' id='block_1_36' title="bbox 987 627 1808 666">
    <p class='ocr_par' dir='ltr' id='par_1_36' title="bbox 987 627 1808 666">
     <span class='ocr_line' id='line_1_36' title="bbox 987 627 1808 666; baseline -0.002 -9"><span class='ocrx_word' id='word_1_243' title='bbox 987 630 1124 666; x_wconf 82' lang='grc' dir='ltr'><strong>πεπηγός,</strong></span> <span class='ocrx_word' id='word_1_244' title='bbox 1138 638 1196 658; x_wconf 91' lang='lat' dir='ltr'><strong>non</strong></span> <span class='ocrx_word' id='word_1_245' title='bbox 1209 629 1329 657; x_wconf 75' lang='lat' dir='ltr'><strong>alIertur</strong></span> <span class='ocrx_word' id='word_1_246' title='bbox 1344 637 1361 657; x_wconf 82' lang='lat' dir='ltr'><strong>a</strong></span> <span class='ocrx_word' id='word_1_247' title='bbox 1375 628 1480 657; x_wconf 87' lang='lat' dir='ltr'><strong>Basilio</strong></span> <span class='ocrx_word' id='word_1_248' title='bbox 1504 630 1644 664; x_wconf 82' lang='lat' dir='ltr'><strong>tanquam</strong></span> <span class='ocrx_word' id='word_1_249' title='bbox 1661 627 1808 656; x_wconf 89' lang='lat' dir='ltr'><strong>diuturni-</strong></span> 
     </span>
    </p>
   </div>
   <div class='ocr_carea' id='block_1_37' title="bbox 986 673 1810 710">
    <p class='ocr_par' dir='ltr' id='par_1_37' title="bbox 986 673 1810 710">
     <span class='ocr_line' id='line_1_37' title="bbox 986 673 1810 710; baseline -0.002 -7"><span class='ocrx_word' id='word_1_250' title='bbox 986 675 1056 703; x_wconf 84' lang='lat' dir='ltr'><strong>tatis</strong></span> <span class='ocrx_word' id='word_1_251' title='bbox 1081 675 1145 703; x_wconf 76' lang='lat' dir='ltr'><strong>vitse</strong></span> <span class='ocrx_word' id='word_1_252' title='bbox 1161 683 1261 709; x_wconf 87' lang='lat' dir='ltr'><strong>causa,</strong></span> <span class='ocrx_word' id='word_1_253' title='bbox 1283 676 1315 702; x_wconf 91' lang='lat' dir='ltr'><strong>ut</strong></span> <span class='ocrx_word' id='word_1_254' title='bbox 1337 673 1505 710; x_wconf 83' lang='lat' dir='ltr'><strong>interpretis</strong></span> <span class='ocrx_word' id='word_1_255' title='bbox 1529 673 1617 702; x_wconf 83' lang='lat' dir='ltr'><strong>verba</strong></span> <span class='ocrx_word' id='word_1_256' title='bbox 1640 675 1757 709; x_wconf 86' lang='lat' dir='ltr'><strong>sonant,</strong></span> <span class='ocrx_word' id='word_1_257' title='bbox 1781 675 1810 701; x_wconf 88' lang='lat' dir='ltr'><strong>et</strong></span> 
     </span>
    </p>
   </div>
   <div class='ocr_carea' id='block_1_38' title="bbox 987 718 1808 748">
    <p class='ocr_par' dir='ltr' id='par_1_38' title="bbox 987 718 1808 748">
     <span class='ocr_line' id='line_1_38' title="bbox 987 718 1808 748; baseline -0.002 0"><span class='ocrx_word' id='word_1_258' title='bbox 987 720 1047 748; x_wconf 59' lang='lat' dir='ltr'><strong>hac</strong></span> <span class='ocrx_word' id='word_1_259' title='bbox 1063 719 1205 748; x_wconf 85' lang='lat' dir='ltr'><strong>Ambrosii</strong></span> <span class='ocrx_word' id='word_1_260' title='bbox 1221 728 1229 747; x_wconf 85' lang='lat'><strong>:</strong></span> <span class='ocrx_word' id='word_1_261' title='bbox 1247 730 1261 745; x_wconf 83' lang='lat'><strong>«</strong></span> <span class='ocrx_word' id='word_1_262' title='bbox 1275 719 1359 747; x_wconf 88' lang='lat' dir='ltr'><strong>Nunc</strong></span> <span class='ocrx_word' id='word_1_263' title='bbox 1381 721 1478 746; x_wconf 87' lang='lat' dir='ltr'><strong>autem</strong></span> <span class='ocrx_word' id='word_1_264' title='bbox 1502 720 1531 747; x_wconf 87' lang='lat' dir='ltr'><strong>et</strong></span> <span class='ocrx_word' id='word_1_265' title='bbox 1549 718 1689 746; x_wconf 87' lang='lat' dir='ltr'><strong>trecentis</strong></span> <span class='ocrx_word' id='word_1_266' title='bbox 1703 720 1732 746; x_wconf 90' lang='lat' dir='ltr'><strong>ct</strong></span> <span class='ocrx_word' id='word_1_267' title='bbox 1747 726 1808 746; x_wconf 85' lang='lat' dir='ltr'><strong>am-</strong></span> 
     </span>
    </p>
   </div>
   <div class='ocr_carea' id='block_1_39' title="bbox 987 763 1810 801">
    <p class='ocr_par' dir='ltr' id='par_1_39' title="bbox 987 763 1810 801">
     <span class='ocr_line' id='line_1_39' title="bbox 987 763 1810 801; baseline -0.002 -9"><span class='ocrx_word' id='word_1_268' title='bbox 987 765 1064 801; x_wconf 89' lang='lat' dir='ltr'><strong>plius</strong></span> <span class='ocrx_word' id='word_1_269' title='bbox 1080 765 1213 792; x_wconf 82' lang='lat' dir='ltr'><strong>feruntur</strong></span> <span class='ocrx_word' id='word_1_270' title='bbox 1227 764 1313 792; x_wconf 88' lang='lat' dir='ltr'><strong>annis</strong></span> <span class='ocrx_word' id='word_1_271' title='bbox 1328 763 1416 791; x_wconf 86' lang='lat' dir='ltr'><strong>vitam</strong></span> <span class='ocrx_word' id='word_1_272' title='bbox 1431 763 1602 799; x_wconf 89' lang='lat' dir='ltr'><strong>producere,</strong></span> <span class='ocrx_word' id='word_1_273' title='bbox 1618 763 1686 798; x_wconf 89' lang='lat' dir='ltr'><strong>quia</strong></span> <span class='ocrx_word' id='word_1_274' title='bbox 1710 763 1810 791; x_wconf 88' lang='lat' dir='ltr'><strong>omnia</strong></span> 
     </span>
    </p>
   </div>
   <div class='ocr_carea' id='block_1_40' title="bbox 987 807 1809 845">
    <p class='ocr_par' dir='ltr' id='par_1_40' title="bbox 987 807 1809 845">
     <span class='ocr_line' id='line_1_40' title="bbox 987 807 1809 845; baseline -0.002 -8"><span class='ocrx_word' id='word_1_275' title='bbox 987 809 1044 837; x_wconf 89' lang='lat' dir='ltr'><strong>sibi</strong></span> <span class='ocrx_word' id='word_1_276' title='bbox 1060 810 1096 837; x_wconf 88' lang='lat' dir='ltr'><strong>ad</strong></span> <span class='ocrx_word' id='word_1_277' title='bbox 1121 808 1355 845; x_wconf 84' lang='lat' dir='ltr'><strong>magnitudinem</strong></span> <span class='ocrx_word' id='word_1_278' title='bbox 1380 808 1512 836; x_wconf 88' lang='lat' dir='ltr'><strong>membra</strong></span> <span class='ocrx_word' id='word_1_279' title='bbox 1531 807 1708 836; x_wconf 85' lang='lat' dir='ltr'><strong>conveniunt</strong></span> <span class='ocrx_word' id='word_1_280' title='bbox 1725 816 1732 841; x_wconf 90' lang='lat'><strong>;</strong></span> <span class='ocrx_word' id='word_1_281' title='bbox 1749 819 1761 834; x_wconf 76' lang='grc' dir='ltr'><strong>ι</strong></span> <span class='ocrx_word' id='word_1_282' title='bbox 1779 809 1809 836; x_wconf 89' lang='lat' dir='ltr'><strong>et</strong></span> 
     </span>
    </p>
   </div>
   <div class='ocr_carea' id='block_1_41' title="bbox 987 852 1808 889">
    <p class='ocr_par' dir='ltr' id='par_1_41' title="bbox 987 852 1808 889">
     <span class='ocr_line' id='line_1_41' title="bbox 987 852 1808 889; baseline -0.001 -8"><span class='ocrx_word' id='word_1_283' title='bbox 987 853 1048 882; x_wconf 64' lang='lat' dir='ltr'><strong>hac</strong></span> <span class='ocrx_word' id='word_1_284' title='bbox 1063 853 1193 882; x_wconf 74' lang='lat' dir='ltr'><strong>Cornarii</strong></span> <span class='ocrx_word' id='word_1_285' title='bbox 1210 862 1216 881; x_wconf 89' lang='lat'><strong>:</strong></span> <span class='ocrx_word' id='word_1_286' title='bbox 1233 865 1247 879; x_wconf 86' lang='lat'><strong>«</strong></span> <span class='ocrx_word' id='word_1_287' title='bbox 1264 853 1384 889; x_wconf 87' lang='lat' dir='ltr'><strong>Propter</strong></span> <span class='ocrx_word' id='word_1_288' title='bbox 1406 852 1482 881; x_wconf 87' lang='lat' dir='ltr'><strong>hanc</strong></span> <span class='ocrx_word' id='word_1_289' title='bbox 1497 854 1615 880; x_wconf 87' lang='lat' dir='ltr'><strong>artuum</strong></span> <span class='ocrx_word' id='word_1_290' title='bbox 1636 860 1808 888; x_wconf 83' lang='lat' dir='ltr'><strong>compagem</strong></span> 
     </span>
    </p>
   </div>
   <div class='ocr_carea' id='block_1_42' title="bbox 988 896 1807 933">
    <p class='ocr_par' dir='ltr' id='par_1_42' title="bbox 988 896 1807 933">
     <span class='ocr_line' id='line_1_42' title="bbox 988 896 1807 933; baseline -0.002 -7"><span class='ocrx_word' id='word_1_291' title='bbox 988 898 1086 927; x_wconf 92' lang='lat' dir='ltr'><strong>nullos</strong></span> <span class='ocrx_word' id='word_1_292' title='bbox 1101 897 1240 926; x_wconf 79' lang='lat' dir='ltr'><strong>articulos</strong></span> <span class='ocrx_word' id='word_1_293' title='bbox 1256 898 1412 926; x_wconf 84' lang='lat' dir='ltr'><strong>habentem</strong></span> <span class='ocrx_word' id='word_1_294' title='bbox 1430 905 1436 924; x_wconf 74' lang='grc' dir='ltr'>ε</span> <span class='ocrx_word' id='word_1_295' title='bbox 1456 908 1470 922; x_wconf 88' lang='lat'><strong><em>»</em></strong></span> <span class='ocrx_word' id='word_1_296' title='bbox 1485 897 1535 925; x_wconf 87' lang='lat' dir='ltr'><strong>sed</strong></span> <span class='ocrx_word' id='word_1_297' title='bbox 1561 897 1613 925; x_wconf 88' lang='lat' dir='ltr'><strong>hoc</strong></span> <span class='ocrx_word' id='word_1_298' title='bbox 1629 896 1807 933; x_wconf 80' lang='lat' dir='ltr'><strong>signiﬁcant,</strong></span> 
     </span>
    </p>
   </div>
   <div class='ocr_carea' id='block_1_43' title="bbox 988 941 1808 978">
    <p class='ocr_par' dir='ltr' id='par_1_43' title="bbox 988 941 1808 978">
     <span class='ocr_line' id='line_1_43' title="bbox 988 941 1808 978; baseline -0.004 -7"><span class='ocrx_word' id='word_1_299' title='bbox 988 952 1055 971; x_wconf 92' lang='lat' dir='ltr'><strong>cum</strong></span> <span class='ocrx_word' id='word_1_300' title='bbox 1072 943 1123 971; x_wconf 91' lang='lat' dir='ltr'><strong>diu</strong></span> <span class='ocrx_word' id='word_1_301' title='bbox 1139 943 1227 977; x_wconf 83' lang='lat' dir='ltr'><strong>vivat,</strong></span> <span class='ocrx_word' id='word_1_302' title='bbox 1241 942 1350 970; x_wconf 90' lang='lat' dir='ltr'><strong>idcirco</strong></span> <span class='ocrx_word' id='word_1_303' title='bbox 1367 941 1527 978; x_wconf 83' lang='lat' dir='ltr'><strong>compactis</strong></span> <span class='ocrx_word' id='word_1_304' title='bbox 1542 944 1570 970; x_wconf 89' lang='lat' dir='ltr'><strong>et</strong></span> <span class='ocrx_word' id='word_1_305' title='bbox 1584 950 1641 969; x_wconf 90' lang='lat' dir='ltr'><strong>non</strong></span> <span class='ocrx_word' id='word_1_306' title='bbox 1662 941 1808 970; x_wconf 83' lang='lat' dir='ltr'><strong>distinctis</strong></span> 
     </span>
    </p>
   </div>
   <div class='ocr_carea' id='block_1_44' title="bbox 989 986 1808 1023">
    <p class='ocr_par' dir='ltr' id='par_1_44' title="bbox 989 986 1808 1023">
     <span class='ocr_line' id='line_1_44' title="bbox 989 986 1808 1023; baseline -0.002 -7"><span class='ocrx_word' id='word_1_307' title='bbox 989 987 1130 1016; x_wconf 88' lang='lat' dir='ltr'><strong>membris</strong></span> <span class='ocrx_word' id='word_1_308' title='bbox 1145 996 1212 1016; x_wconf 89' lang='lat' dir='ltr'><strong>eum</strong></span> <span class='ocrx_word' id='word_1_309' title='bbox 1237 986 1390 1023; x_wconf 68' lang='lat' dir='ltr'><strong>praeditum</strong></span> <span class='ocrx_word' id='word_1_310' title='bbox 1417 994 1492 1015; x_wconf 86' lang='lat' dir='ltr'><strong>esse.</strong></span> <span class='ocrx_word' id='word_1_311' title='bbox 1517 986 1569 1015; x_wconf 88' lang='lat' dir='ltr'><strong>Hic</strong></span> <span class='ocrx_word' id='word_1_312' title='bbox 1592 993 1660 1023; x_wconf 81' lang='lat' dir='ltr'><strong>ergo</strong></span> <span class='ocrx_word' id='word_1_313' title='bbox 1680 986 1808 1014; x_wconf 84' lang='lat' dir='ltr'><strong>scriben-</strong></span> 
     </span>
    </p>
   </div>
   <div class='ocr_carea' id='block_1_45' title="bbox 989 1031 1809 1067">
    <p class='ocr_par' dir='ltr' id='par_1_45' title="bbox 989 1031 1809 1067">
     <span class='ocr_line' id='line_1_45' title="bbox 989 1031 1809 1067; baseline -0.004 -6"><span class='ocrx_word' id='word_1_314' title='bbox 989 1033 1070 1066; x_wconf 88' lang='lat' dir='ltr'><strong>dum,</strong></span> <span class='ocrx_word' id='word_1_315' title='bbox 1089 1043 1103 1058; x_wconf 90' lang='lat'><strong>«</strong></span> <span class='ocrx_word' id='word_1_316' title='bbox 1118 1032 1165 1060; x_wconf 88' lang='lat' dir='ltr'><strong>his</strong></span> <span class='ocrx_word' id='word_1_317' title='bbox 1189 1034 1271 1060; x_wconf 85' lang='lat' dir='ltr'><strong>tanto</strong></span> <span class='ocrx_word' id='word_1_318' title='bbox 1296 1031 1404 1067; x_wconf 88' lang='lat' dir='ltr'><strong>plures,</strong></span> <span class='ocrx_word' id='word_1_319' title='bbox 1430 1033 1583 1067; x_wconf 84' lang='lat' dir='ltr'><strong>propterea</strong></span> <span class='ocrx_word' id='word_1_320' title='bbox 1605 1032 1758 1067; x_wconf 84' lang='lat' dir='ltr'><strong>compacta</strong></span> <span class='ocrx_word' id='word_1_321' title='bbox 1781 1032 1809 1058; x_wconf 91' lang='lat' dir='ltr'><strong>et</strong></span> 
     </span>
    </p>
   </div>
   <div class='ocr_carea' id='block_1_46' title="bbox 988 1075 1809 1111">
    <p class='ocr_par' dir='ltr' id='par_1_46' title="bbox 988 1075 1809 1111">
     <span class='ocr_line' id='line_1_46' title="bbox 988 1075 1809 1111; baseline -0.002 -6"><span class='ocrx_word' id='word_1_322' title='bbox 988 1077 1078 1105; x_wconf 88' lang='lat' dir='ltr'><strong>nullis</strong></span> <span class='ocrx_word' id='word_1_323' title='bbox 1094 1076 1227 1105; x_wconf 88' lang='lat' dir='ltr'><strong>articulis</strong></span> <span class='ocrx_word' id='word_1_324' title='bbox 1251 1076 1391 1104; x_wconf 86' lang='lat' dir='ltr'><strong>distincta</strong></span> <span class='ocrx_word' id='word_1_325' title='bbox 1407 1078 1477 1104; x_wconf 87' lang='lat' dir='ltr'><strong>sunt</strong></span> <span class='ocrx_word' id='word_1_326' title='bbox 1496 1076 1561 1111; x_wconf 87' lang='lat' dir='ltr'><strong>ejus</strong></span> <span class='ocrx_word' id='word_1_327' title='bbox 1578 1075 1721 1104; x_wconf 88' lang='lat' dir='ltr'><strong>membra.</strong></span> <span class='ocrx_word' id='word_1_328' title='bbox 1738 1086 1753 1100; x_wconf 85' lang='lat'>»</span> <span class='ocrx_word' id='word_1_329' title='bbox 1769 1075 1809 1103; x_wconf 88' lang='lat' dir='ltr'><strong>Ds</strong></span> 
     </span>
    </p>
   </div>
   <div class='ocr_carea' id='block_1_47' title="bbox 987 1120 1808 1158">
    <p class='ocr_par' dir='ltr' id='par_1_47' title="bbox 987 1120 1808 1158">
     <span class='ocr_line' id='line_1_47' title="bbox 987 1120 1808 1158; baseline -0.002 -8"><span class='ocrx_word' id='word_1_330' title='bbox 987 1121 1171 1158; x_wconf 76' lang='lat' dir='ltr'><strong>longaevitate</strong></span> <span class='ocrx_word' id='word_1_331' title='bbox 1186 1120 1333 1158; x_wconf 85' lang='lat' dir='ltr'><strong>elephanti</strong></span> <span class='ocrx_word' id='word_1_332' title='bbox 1350 1120 1530 1154; x_wconf 81' lang='lat' dir='ltr'><strong>Aristoteles,</strong></span> <span class='ocrx_word' id='word_1_333' title='bbox 1546 1120 1597 1148; x_wconf 90' lang='lat' dir='ltr'><strong>lib.</strong></span> <span class='ocrx_word' id='word_1_334' title='bbox 1614 1128 1713 1156; x_wconf 84' lang='lat' dir='ltr'><strong>v1u,c.</strong></span> <span class='ocrx_word' id='word_1_335' title='bbox 1726 1120 1754 1154; x_wconf 86' lang='lat'><strong>9,</strong></span> <span class='ocrx_word' id='word_1_336' title='bbox 1771 1120 1808 1148; x_wconf 69' lang='lat' dir='ltr'><strong>De</strong></span> 
     </span>
    </p>
   </div>
   <div class='ocr_carea' id='block_1_48' title="bbox 987 1163 1808 1203">
    <p class='ocr_par' dir='ltr' id='par_1_48' title="bbox 987 1163 1808 1203">
     <span class='ocr_line' id='line_1_48' title="bbox 987 1163 1808 1203; baseline -0.005 -9"><span class='ocrx_word' id='word_1_337' title='bbox 987 1167 1084 1194; x_wconf 77' lang='lat' dir='ltr'><strong>histor.</strong></span> <span class='ocrx_word' id='word_1_338' title='bbox 1100 1167 1229 1194; x_wconf 63' lang='lat' dir='ltr'><strong>animal:</strong></span> <span class='ocrx_word' id='word_1_339' title='bbox 1245 1165 1299 1194; x_wconf 89' lang='grc' dir='ltr'><strong>Τὸν</strong></span> <span class='ocrx_word' id='word_1_340' title='bbox 1325 1163 1348 1192; x_wconf 84' lang='grc' dir='ltr'><strong>δ’</strong></span> <span class='ocrx_word' id='word_1_341' title='bbox 1369 1163 1502 1203; x_wconf 75' lang='grc' dir='ltr'><strong>ἐλέφαντα</strong></span> <span class='ocrx_word' id='word_1_342' title='bbox 1527 1166 1575 1201; x_wconf 80' lang='grc' dir='ltr'>ζῇν</span> <span class='ocrx_word' id='word_1_343' title='bbox 1600 1174 1679 1201; x_wconf 78' lang='grc' dir='ltr'>φασιν</span> <span class='ocrx_word' id='word_1_344' title='bbox 1707 1163 1732 1191; x_wconf 76' lang='grc' dir='ltr'><strong>οἱ</strong></span> <span class='ocrx_word' id='word_1_345' title='bbox 1761 1164 1808 1200; x_wconf 75' lang='grc' dir='ltr'><strong>μὲν</strong></span> 
     </span>
    </p>
   </div>
   <div class='ocr_carea' id='block_1_49' title="bbox 987 1207 1810 1248">
    <p class='ocr_par' dir='ltr' id='par_1_49' title="bbox 987 1207 1810 1248">
     <span class='ocr_line' id='line_1_49' title="bbox 987 1207 1810 1248; baseline -0.001 -10"><span class='ocrx_word' id='word_1_346' title='bbox 987 1210 1049 1248; x_wconf 85' lang='grc' dir='ltr'>περὶ</span> <span class='ocrx_word' id='word_1_347' title='bbox 1080 1207 1126 1245; x_wconf 77' lang='grc' dir='ltr'><strong>ἔτη</strong></span> <span class='ocrx_word' id='word_1_348' title='bbox 1157 1208 1300 1246; x_wconf 69' lang='grc' dir='ltr'>διακόσια,</span> <span class='ocrx_word' id='word_1_349' title='bbox 1327 1209 1353 1236; x_wconf 78' lang='grc' dir='ltr'><strong>οἱ</strong></span> <span class='ocrx_word' id='word_1_350' title='bbox 1383 1207 1411 1236; x_wconf 67' lang='grc' dir='ltr'><strong>δὲ</strong></span> <span class='ocrx_word' id='word_1_351' title='bbox 1439 1208 1591 1244; x_wconf 80' lang='grc' dir='ltr'><strong>τριακόσια·</strong></span> <span class='ocrx_word' id='word_1_352' title='bbox 1621 1221 1635 1234; x_wconf 89' lang='grc'><strong>(‹</strong></span> <span class='ocrx_word' id='word_1_353' title='bbox 1665 1208 1810 1245; x_wconf 86' lang='lat' dir='ltr'><strong>Elephan-</strong></span> 
     </span>
    </p>
   </div>
   <div class='ocr_carea' id='block_1_50' title="bbox 988 1253 1811 1288">
    <p class='ocr_par' dir='ltr' id='par_1_50' title="bbox 988 1253 1811 1288">
     <span class='ocr_line' id='line_1_50' title="bbox 988 1253 1811 1288; baseline -0.004 -5"><span class='ocrx_word' id='word_1_354' title='bbox 988 1258 1046 1284; x_wconf 89' lang='lat' dir='ltr'><strong>tem</strong></span> <span class='ocrx_word' id='word_1_355' title='bbox 1067 1255 1116 1283; x_wconf 88' lang='lat' dir='ltr'><strong>alii</strong></span> <span class='ocrx_word' id='word_1_356' title='bbox 1138 1263 1231 1283; x_wconf 86' lang='lat' dir='ltr'><strong>annos</strong></span> <span class='ocrx_word' id='word_1_357' title='bbox 1246 1255 1361 1282; x_wconf 89' lang='lat' dir='ltr'><strong>circiter</strong></span> <span class='ocrx_word' id='word_1_358' title='bbox 1384 1254 1528 1283; x_wconf 86' lang='lat' dir='ltr'><strong>ducentos</strong></span> <span class='ocrx_word' id='word_1_359' title='bbox 1542 1254 1637 1282; x_wconf 87' lang='lat' dir='ltr'><strong>vivere</strong></span> <span class='ocrx_word' id='word_1_360' title='bbox 1652 1253 1745 1288; x_wconf 85' lang='lat' dir='ltr'><strong>aiunt,</strong></span> <span class='ocrx_word' id='word_1_361' title='bbox 1761 1253 1811 1281; x_wconf 85' lang='lat' dir='ltr'><strong>alii</strong></span> 
     </span>
    </p>
   </div>
   <div class='ocr_carea' id='block_1_51' title="bbox 987 1297 1810 1334">
    <p class='ocr_par' dir='ltr' id='par_1_51' title="bbox 987 1297 1810 1334">
     <span class='ocr_line' id='line_1_51' title="bbox 987 1297 1810 1334; baseline -0.005 -6"><span class='ocrx_word' id='word_1_362' title='bbox 987 1302 1143 1328; x_wconf 89' lang='lat' dir='ltr'><strong>trecentos.</strong></span> <span class='ocrx_word' id='word_1_363' title='bbox 1160 1311 1175 1325; x_wconf 82' lang='lat'><strong>»</strong></span> <span class='ocrx_word' id='word_1_364' title='bbox 1187 1299 1267 1328; x_wconf 84' lang='lat' dir='ltr'><strong>Idem</strong></span> <span class='ocrx_word' id='word_1_365' title='bbox 1281 1299 1403 1333; x_wconf 86' lang='lat' dir='ltr'><strong>Plinius,</strong></span> <span class='ocrx_word' id='word_1_366' title='bbox 1416 1299 1467 1328; x_wconf 93' lang='lat' dir='ltr'><strong>lib.</strong></span> <span class='ocrx_word' id='word_1_367' title='bbox 1483 1307 1534 1328; x_wconf 87' lang='grc' dir='ltr'>νιιι</span> <span class='ocrx_word' id='word_1_368' title='bbox 1549 1299 1663 1334; x_wconf 62' lang='lat' dir='ltr'><strong>Hirtam,</strong></span> <span class='ocrx_word' id='word_1_369' title='bbox 1684 1306 1747 1334; x_wconf 86' lang='lat' dir='ltr'><strong>cap.</strong></span> <span class='ocrx_word' id='word_1_370' title='bbox 1766 1297 1810 1331; x_wconf 90' lang='lat'><strong>10,</strong></span> 
     </span>
    </p>
   </div>
   <div class='ocr_carea' id='block_1_52' title="bbox 987 1345 1444 1382">
    <p class='ocr_par' dir='ltr' id='par_1_52' title="bbox 987 1345 1444 1382">
     <span class='ocr_line' id='line_1_52' title="bbox 987 1345 1444 1382; baseline -0.004 -8"><span class='ocrx_word' id='word_1_371' title='bbox 987 1348 1015 1374; x_wconf 88' lang='lat' dir='ltr'><strong>et</strong></span> <span class='ocrx_word' id='word_1_372' title='bbox 1029 1345 1173 1382; x_wconf 67' lang='lat' dir='ltr'><strong>Elianus,</strong></span> <span class='ocrx_word' id='word_1_373' title='bbox 1184 1345 1235 1374; x_wconf 88' lang='lat' dir='ltr'><strong>lib.</strong></span> <span class='ocrx_word' id='word_1_374' title='bbox 1252 1353 1321 1382; x_wconf 83' lang='lat' dir='ltr'><strong>xvu,</strong></span> <span class='ocrx_word' id='word_1_375' title='bbox 1337 1353 1401 1382; x_wconf 88' lang='lat' dir='ltr'><strong>cap.</strong></span> <span class='ocrx_word' id='word_1_376' title='bbox 1416 1346 1444 1372; x_wconf 91' lang='lat'><strong>7.</strong></span> 
     </span>
    </p>
   </div>
   <div class='ocr_carea' id='block_1_53' title="bbox 546 1491 1377 1541">
    <p class='ocr_par' dir='ltr' id='par_1_53' title="bbox 546 1491 1377 1541">
     <span class='ocr_line' id='line_1_53' title="bbox 546 1491 1377 1541; baseline -0.004 0"><span class='ocrx_word' id='word_1_377' title='bbox 546 1493 610 1541; x_wconf 95' lang='lat' dir='ltr'><strong>IN</strong></span> <span class='ocrx_word' id='word_1_378' title='bbox 644 1492 946 1540; x_wconf 89' lang='lat' dir='ltr'><strong>HOMILIAS</strong></span> <span class='ocrx_word' id='word_1_379' title='bbox 979 1492 1044 1540; x_wconf 94' lang='lat' dir='ltr'><strong>IN</strong></span> <span class='ocrx_word' id='word_1_380' title='bbox 1079 1491 1377 1540; x_wconf 87' lang='lat' dir='ltr'><strong>PSALMOS.</strong></span> 
     </span>
    </p>
   </div>
   <div class='ocr_carea' id='block_1_54' title="bbox 143 1659 1810 1701">
    <p class='ocr_par' dir='ltr' id='par_1_54' title="bbox 143 1659 1810 1701">
     <span class='ocr_line' id='line_1_54' title="bbox 143 1659 1810 1701; baseline -0.002 -10"><span class='ocrx_word' id='word_1_381' title='bbox 143 1663 267 1692; x_wconf 76' lang='lat'><strong>001.211</strong></span> <span class='ocrx_word' id='word_1_382' title='bbox 285 1664 305 1692; x_wconf 94' lang='lat' dir='ltr'>B</span> <span class='ocrx_word' id='word_1_383' title='bbox 322 1663 354 1691; x_wconf 83' lang='grc'><strong>14</strong></span> <span class='ocrx_word' id='word_1_384' title='bbox 374 1664 426 1693; x_wconf 81' lang='lat' dir='ltr'><strong>Aut</strong></span> <span class='ocrx_word' id='word_1_385' title='bbox 446 1666 528 1693; x_wconf 81' lang='lat' dir='ltr'><strong>certe.</strong></span> <span class='ocrx_word' id='word_1_386' title='bbox 551 1665 580 1693; x_wconf 90' lang='lat' dir='ltr'><strong>S.</strong></span> <span class='ocrx_word' id='word_1_387' title='bbox 606 1664 786 1701; x_wconf 76' lang='lat' dir='ltr'><strong>Augustinus</strong></span> <span class='ocrx_word' id='word_1_388' title='bbox 807 1663 837 1691; x_wconf 89' lang='lat' dir='ltr'><strong>in</strong></span> <span class='ocrx_word' id='word_1_389' title='bbox 858 1666 928 1692; x_wconf 84' lang='lat' dir='ltr'><strong>Pro-</strong></span> <span class='ocrx_word' id='word_1_390' title='bbox 946 1665 967 1698; x_wconf 82' lang='lat' dir='ltr'><strong>C</strong></span> <span class='ocrx_word' id='word_1_391' title='bbox 985 1672 1090 1692; x_wconf 77' lang='lat' dir='ltr'><strong>xxxnzu</strong></span> <span class='ocrx_word' id='word_1_392' title='bbox 1100 1662 1274 1692; x_wconf 86' lang='lat' dir='ltr'><strong>Psalterium</strong></span> <span class='ocrx_word' id='word_1_393' title='bbox 1285 1663 1443 1690; x_wconf 89' lang='lat' dir='ltr'><strong>desursum</strong></span> <span class='ocrx_word' id='word_1_394' title='bbox 1454 1661 1543 1689; x_wconf 88' lang='lat' dir='ltr'><strong>habet</strong></span> <span class='ocrx_word' id='word_1_395' title='bbox 1557 1659 1810 1697; x_wconf 81' lang='lat' dir='ltr'><strong>cavsmen,przedi-</strong></span> 
     </span>
    </p>
   </div>
   <div class='ocr_carea' id='block_1_55' title="bbox 107 1708 931 1745">
    <p class='ocr_par' dir='ltr' id='par_1_55' title="bbox 107 1708 931 1745">
     <span class='ocr_line' id='line_1_55' title="bbox 107 1708 931 1745; baseline 0.001 -10"><span class='ocrx_word' id='word_1_396' title='bbox 107 1708 174 1744; x_wconf 89' lang='lat' dir='ltr'><strong>logo</strong></span> <span class='ocrx_word' id='word_1_397' title='bbox 191 1709 221 1736; x_wconf 86' lang='lat' dir='ltr'><strong>in</strong></span> <span class='ocrx_word' id='word_1_398' title='bbox 237 1708 372 1742; x_wconf 69' lang='lat' dir='ltr'><strong>Psalmos,</strong></span> <span class='ocrx_word' id='word_1_399' title='bbox 383 1708 428 1736; x_wconf 89' lang='lat' dir='ltr'><strong>vel</strong></span> <span class='ocrx_word' id='word_1_400' title='bbox 439 1709 575 1745; x_wconf 89' lang='lat' dir='ltr'><strong>quisquis</strong></span> <span class='ocrx_word' id='word_1_401' title='bbox 591 1709 638 1738; x_wconf 86' lang='lat' dir='ltr'><strong>ille</strong></span> <span class='ocrx_word' id='word_1_402' title='bbox 653 1709 761 1744; x_wconf 87' lang='lat' dir='ltr'><strong>est,qui</strong></span> <span class='ocrx_word' id='word_1_403' title='bbox 777 1708 931 1745; x_wconf 83' lang='lat' dir='ltr'><strong>Prologum</strong></span> 
     </span>
    </p>
   </div>
   <div class='ocr_carea' id='block_1_56' title="bbox 107 1752 933 1789">
    <p class='ocr_par' dir='ltr' id='par_1_56' title="bbox 107 1752 933 1789">
     <span class='ocr_line' id='line_1_56' title="bbox 107 1752 933 1789; baseline 0.001 -9"><span class='ocrx_word' id='word_1_404' title='bbox 107 1752 187 1781; x_wconf 90' lang='lat' dir='ltr'><strong>hunc</strong></span> <span class='ocrx_word' id='word_1_405' title='bbox 203 1761 218 1781; x_wconf 90' lang='lat' dir='ltr'><strong>e</strong></span> <span class='ocrx_word' id='word_1_406' title='bbox 233 1753 332 1781; x_wconf 68' lang='lat' dir='ltr'><strong>Graeco</strong></span> <span class='ocrx_word' id='word_1_407' title='bbox 348 1753 445 1781; x_wconf 78' lang='lat' dir='ltr'><strong>Basilii</strong></span> <span class='ocrx_word' id='word_1_408' title='bbox 470 1754 570 1782; x_wconf 83' lang='lat' dir='ltr'><strong>Latine</strong></span> <span class='ocrx_word' id='word_1_409' title='bbox 594 1753 777 1788; x_wconf 86' lang='lat' dir='ltr'><strong>convertit,et</strong></span> <span class='ocrx_word' id='word_1_410' title='bbox 792 1754 821 1781; x_wconf 89' lang='lat' dir='ltr'><strong>S.</strong></span> <span class='ocrx_word' id='word_1_411' title='bbox 840 1756 933 1789; x_wconf 72' lang='lat' dir='ltr'><strong>Augu-</strong></span> 
     </span>
    </p>
   </div>
   <div class='ocr_carea' id='block_1_57' title="bbox 107 1797 931 1834">
    <p class='ocr_par' dir='ltr' id='par_1_57' title="bbox 107 1797 931 1834">
     <span class='ocr_line' id='line_1_57' title="bbox 107 1797 931 1834; baseline 0 -9"><span class='ocrx_word' id='word_1_412' title='bbox 107 1797 177 1825; x_wconf 89' lang='lat' dir='ltr'><strong>stini</strong></span> <span class='ocrx_word' id='word_1_413' title='bbox 194 1797 367 1825; x_wconf 83' lang='lat' dir='ltr'><strong>tractatibus</strong></span> <span class='ocrx_word' id='word_1_414' title='bbox 389 1799 419 1826; x_wconf 81' lang='lat' dir='ltr'><strong>in</strong></span> <span class='ocrx_word' id='word_1_415' title='bbox 442 1798 565 1826; x_wconf 71' lang='lat' dir='ltr'><strong>Psalmos</strong></span> <span class='ocrx_word' id='word_1_416' title='bbox 579 1798 713 1834; x_wconf 54' lang='lat' dir='ltr'><strong>praeﬁxit,</strong></span> <span class='ocrx_word' id='word_1_417' title='bbox 731 1806 818 1834; x_wconf 89' lang='lat' dir='ltr'><strong>quem</strong></span> <span class='ocrx_word' id='word_1_418' title='bbox 833 1799 931 1825; x_wconf 85' lang='lat' dir='ltr'><strong>tamen</strong></span> 
     </span>
    </p>
   </div>
   <div class='ocr_carea' id='block_1_58' title="bbox 106 1841 932 1879">
    <p class='ocr_par' dir='ltr' id='par_1_58' title="bbox 106 1841 932 1879">
     <span class='ocr_line' id='line_1_58' title="bbox 106 1841 932 1879; baseline 0 -10"><span class='ocrx_word' id='word_1_419' title='bbox 106 1841 236 1877; x_wconf 87' lang='lat' dir='ltr'><strong>theologi</strong></span> <span class='ocrx_word' id='word_1_420' title='bbox 246 1841 440 1870; x_wconf 89' lang='lat' dir='ltr'><strong>Lovanienses</strong></span> <span class='ocrx_word' id='word_1_421' title='bbox 449 1841 478 1869; x_wconf 89' lang='lat' dir='ltr'><strong>in</strong></span> <span class='ocrx_word' id='word_1_422' title='bbox 488 1843 697 1879; x_wconf 85' lang='lat' dir='ltr'><strong>manuscriptis</strong></span> <span class='ocrx_word' id='word_1_423' title='bbox 707 1842 857 1870; x_wconf 88' lang='lat' dir='ltr'><strong>codicibus</strong></span> <span class='ocrx_word' id='word_1_424' title='bbox 868 1842 932 1877; x_wconf 87' lang='lat' dir='ltr'><strong>ejus</strong></span> 
     </span>
    </p>
   </div>
   <div class='ocr_carea' id='block_1_59' title="bbox 107 1886 932 1922">
    <p class='ocr_par' dir='ltr' id='par_1_59' title="bbox 107 1886 932 1922">
     <span class='ocr_line' id='line_1_59' title="bbox 107 1886 932 1922; baseline 0 -9"><span class='ocrx_word' id='word_1_425' title='bbox 107 1893 230 1922; x_wconf 91' lang='lat' dir='ltr'><strong>operum</strong></span> <span class='ocrx_word' id='word_1_426' title='bbox 246 1894 304 1913; x_wconf 91' lang='lat' dir='ltr'><strong>non</strong></span> <span class='ocrx_word' id='word_1_427' title='bbox 321 1886 586 1922; x_wconf 87' lang='lat' dir='ltr'><strong>receperunt,hunc</strong></span> <span class='ocrx_word' id='word_1_428' title='bbox 601 1886 697 1914; x_wconf 92' lang='lat' dir='ltr'><strong>locum</strong></span> <span class='ocrx_word' id='word_1_429' title='bbox 709 1886 751 1914; x_wconf 88' lang='lat' dir='ltr'><strong>ita</strong></span> <span class='ocrx_word' id='word_1_430' title='bbox 761 1886 932 1922; x_wconf 89' lang='lat' dir='ltr'><strong>interpreta-</strong></span> 
     </span>
    </p>
   </div>
   <div class='ocr_carea' id='block_1_60' title="bbox 106 1931 930 1966">
    <p class='ocr_par' dir='ltr' id='par_1_60' title="bbox 106 1931 930 1966">
     <span class='ocr_line' id='line_1_60' title="bbox 106 1931 930 1966; baseline 0 -8"><span class='ocrx_word' id='word_1_431' title='bbox 106 1933 157 1958; x_wconf 89' lang='lat' dir='ltr'><strong>tus</strong></span> <span class='ocrx_word' id='word_1_432' title='bbox 172 1932 236 1965; x_wconf 87' lang='lat' dir='ltr'><strong>est;</strong></span> <span class='ocrx_word' id='word_1_433' title='bbox 253 1939 311 1958; x_wconf 90' lang='lat' dir='ltr'><strong>non</strong></span> <span class='ocrx_word' id='word_1_434' title='bbox 327 1933 359 1958; x_wconf 87' lang='lat' dir='ltr'><strong>ut</strong></span> <span class='ocrx_word' id='word_1_435' title='bbox 369 1931 552 1966; x_wconf 86' lang='lat' dir='ltr'><strong>Tilmannus,</strong></span> <span class='ocrx_word' id='word_1_436' title='bbox 566 1942 580 1956; x_wconf 88' lang='lat'><strong>«</strong></span> <span class='ocrx_word' id='word_1_437' title='bbox 596 1931 639 1960; x_wconf 88' lang='lat' dir='ltr'><strong>vel</strong></span> <span class='ocrx_word' id='word_1_438' title='bbox 650 1933 727 1960; x_wconf 88' lang='lat' dir='ltr'><strong>certe</strong></span> <span class='ocrx_word' id='word_1_439' title='bbox 738 1940 852 1959; x_wconf 90' lang='lat' dir='ltr'><strong>morum</strong></span> <span class='ocrx_word' id='word_1_440' title='bbox 869 1939 930 1959; x_wconf 89' lang='lat' dir='ltr'><strong>ma-</strong></span> 
     </span>
    </p>
   </div>
   <div class='ocr_carea' id='block_1_61' title="bbox 106 1974 931 2012">
    <p class='ocr_par' dir='ltr' id='par_1_61' title="bbox 106 1974 931 2012">
     <span class='ocr_line' id='line_1_61' title="bbox 106 1974 931 2012; baseline 0.001 -10"><span class='ocrx_word' id='word_1_441' title='bbox 106 1974 227 2003; x_wconf 85' lang='lat' dir='ltr'><strong>turitate</strong></span> <span class='ocrx_word' id='word_1_442' title='bbox 242 1975 374 2003; x_wconf 88' lang='lat' dir='ltr'><strong>nondum</strong></span> <span class='ocrx_word' id='word_1_443' title='bbox 387 1975 602 2003; x_wconf 84' lang='lat' dir='ltr'><strong>incanuerunt:</strong></span> <span class='ocrx_word' id='word_1_444' title='bbox 617 1986 630 2000; x_wconf 89' lang='grc'><strong>››</strong></span> <span class='ocrx_word' id='word_1_445' title='bbox 641 1978 767 2012; x_wconf 90' lang='lat' dir='ltr'><strong>possunt</strong></span> <span class='ocrx_word' id='word_1_446' title='bbox 778 1975 856 2003; x_wconf 88' lang='lat' dir='ltr'><strong>enim</strong></span> <span class='ocrx_word' id='word_1_447' title='bbox 868 1983 931 2003; x_wconf 85' lang='lat' dir='ltr'><strong>ma-</strong></span> 
     </span>
    </p>
   </div>
   <div class='ocr_carea' id='block_1_62' title="bbox 107 2019 930 2056">
    <p class='ocr_par' dir='ltr' id='par_1_62' title="bbox 107 2019 930 2056">
     <span class='ocr_line' id='line_1_62' title="bbox 107 2019 930 2056; baseline 0 -9"><span class='ocrx_word' id='word_1_448' title='bbox 107 2019 229 2047; x_wconf 84' lang='lat' dir='ltr'><strong>turitate</strong></span> <span class='ocrx_word' id='word_1_449' title='bbox 244 2028 360 2047; x_wconf 90' lang='lat' dir='ltr'><strong>morum</strong></span> <span class='ocrx_word' id='word_1_450' title='bbox 376 2020 464 2048; x_wconf 84' lang='lat' dir='ltr'><strong>etiam</strong></span> <span class='ocrx_word' id='word_1_451' title='bbox 481 2029 539 2048; x_wconf 89' lang='lat' dir='ltr'><strong>non</strong></span> <span class='ocrx_word' id='word_1_452' title='bbox 556 2028 641 2048; x_wconf 87' lang='lat' dir='ltr'><strong>senes</strong></span> <span class='ocrx_word' id='word_1_453' title='bbox 657 2019 930 2056; x_wconf 83' lang='lat' dir='ltr'><strong>pollere,ctjuveni-</strong></span> 
     </span>
    </p>
   </div>
   <div class='ocr_carea' id='block_1_63' title="bbox 108 2063 930 2100">
    <p class='ocr_par' dir='ltr' id='par_1_63' title="bbox 108 2063 930 2100">
     <span class='ocr_line' id='line_1_63' title="bbox 108 2063 930 2100; baseline 0 -9"><span class='ocrx_word' id='word_1_454' title='bbox 108 2063 144 2092; x_wconf 86' lang='lat' dir='ltr'><strong>lis</strong></span> <span class='ocrx_word' id='word_1_455' title='bbox 165 2065 237 2091; x_wconf 74' lang='lat' dir='ltr'><strong>satas</strong></span> <span class='ocrx_word' id='word_1_456' title='bbox 260 2064 449 2100; x_wconf 83' lang='lat' dir='ltr'><strong>exprimenda</strong></span> <span class='ocrx_word' id='word_1_457' title='bbox 472 2064 537 2092; x_wconf 82' lang='lat' dir='ltr'><strong>fuit.</strong></span> <span class='ocrx_word' id='word_1_458' title='bbox 553 2064 710 2093; x_wconf 84' lang='lat' dir='ltr'><strong>Cornarius</strong></span> <span class='ocrx_word' id='word_1_459' title='bbox 725 2064 826 2097; x_wconf 87' lang='lat' dir='ltr'><strong>edidit,</strong></span> <span class='ocrx_word' id='word_1_460' title='bbox 841 2075 855 2089; x_wconf 85' lang='lat'><strong>«</strong></span> <span class='ocrx_word' id='word_1_461' title='bbox 873 2072 930 2099; x_wconf 93' lang='lat' dir='ltr'><strong>quo</strong></span> 
     </span>
    </p>
   </div>
   <div class='ocr_carea' id='block_1_64' title="bbox 107 2107 929 2144">
    <p class='ocr_par' dir='ltr' id='par_1_64' title="bbox 107 2107 929 2144">
     <span class='ocr_line' id='line_1_64' title="bbox 107 2107 929 2144; baseline 0.001 -9"><span class='ocrx_word' id='word_1_462' title='bbox 107 2107 190 2144; x_wconf 91' lang='lat' dir='ltr'><strong>pueri</strong></span> <span class='ocrx_word' id='word_1_463' title='bbox 203 2109 352 2141; x_wconf 66' lang='lat' dir='ltr'><strong>aetate,aut</strong></span> <span class='ocrx_word' id='word_1_464' title='bbox 366 2108 454 2136; x_wconf 87' lang='lat' dir='ltr'><strong>etiam</strong></span> <span class='ocrx_word' id='word_1_465' title='bbox 465 2108 585 2136; x_wconf 90' lang='lat' dir='ltr'><strong>omnino</strong></span> <span class='ocrx_word' id='word_1_466' title='bbox 601 2109 743 2136; x_wconf 76' lang='lat' dir='ltr'><strong>moribus.</strong></span> <span class='ocrx_word' id='word_1_467' title='bbox 756 2119 770 2133; x_wconf 73' lang='grc' dir='ltr'>ιι</span> <span class='ocrx_word' id='word_1_468' title='bbox 783 2110 876 2143; x_wconf 83' lang='lat' dir='ltr'><strong>Atque</strong></span> <span class='ocrx_word' id='word_1_469' title='bbox 887 2108 929 2135; x_wconf 75' lang='lat' dir='ltr'><strong>has</strong></span> 
     </span>
    </p>
   </div>
   <div class='ocr_carea' id='block_1_65' title="bbox 107 2151 929 2189">
    <p class='ocr_par' dir='ltr' id='par_1_65' title="bbox 107 2151 929 2189">
     <span class='ocr_line' id='line_1_65' title="bbox 107 2151 929 2189; baseline 0 -10"><span class='ocrx_word' id='word_1_470' title='bbox 107 2151 242 2188; x_wconf 72' lang='lat' dir='ltr'><strong>genuinae</strong></span> <span class='ocrx_word' id='word_1_471' title='bbox 258 2154 328 2180; x_wconf 86' lang='lat' dir='ltr'><strong>sunt</strong></span> <span class='ocrx_word' id='word_1_472' title='bbox 343 2154 371 2179; x_wconf 87' lang='lat' dir='ltr'><strong>et</strong></span> <span class='ocrx_word' id='word_1_473' title='bbox 392 2152 530 2189; x_wconf 63' lang='lat' dir='ltr'><strong>legitima</strong></span> <span class='ocrx_word' id='word_1_474' title='bbox 545 2152 672 2180; x_wconf 79' lang='lat' dir='ltr'><strong>homilias</strong></span> <span class='ocrx_word' id='word_1_475' title='bbox 687 2152 788 2181; x_wconf 85' lang='lat' dir='ltr'><strong>Basilii</strong></span> <span class='ocrx_word' id='word_1_476' title='bbox 803 2152 832 2180; x_wconf 91' lang='lat' dir='ltr'><strong>in</strong></span> <span class='ocrx_word' id='word_1_477' title='bbox 848 2152 929 2181; x_wconf 86' lang='lat' dir='ltr'><strong>Psal-</strong></span> 
     </span>
    </p>
   </div>
   <div class='ocr_carea' id='block_1_66' title="bbox 107 2196 930 2232">
    <p class='ocr_par' dir='ltr' id='par_1_66' title="bbox 107 2196 930 2232">
     <span class='ocr_line' id='line_1_66' title="bbox 107 2196 930 2232; baseline 0.001 -8"><span class='ocrx_word' id='word_1_478' title='bbox 107 2205 183 2231; x_wconf 89' lang='lat' dir='ltr'><strong>mos,</strong></span> <span class='ocrx_word' id='word_1_479' title='bbox 200 2203 234 2224; x_wconf 79' lang='lat' dir='ltr'><strong>ex</strong></span> <span class='ocrx_word' id='word_1_480' title='bbox 249 2196 358 2232; x_wconf 91' lang='lat' dir='ltr'><strong>quibus</strong></span> <span class='ocrx_word' id='word_1_481' title='bbox 379 2196 409 2224; x_wconf 92' lang='lat' dir='ltr'><strong>in</strong></span> <span class='ocrx_word' id='word_1_482' title='bbox 435 2197 543 2224; x_wconf 87' lang='lat' dir='ltr'><strong>Catena</strong></span> <span class='ocrx_word' id='word_1_483' title='bbox 565 2196 670 2225; x_wconf 62' lang='lat' dir='ltr'><strong>Nicetes</strong></span> <span class='ocrx_word' id='word_1_484' title='bbox 692 2197 887 2225; x_wconf 83' lang='lat' dir='ltr'><strong>Heracliensis</strong></span> <span class='ocrx_word' id='word_1_485' title='bbox 902 2199 930 2225; x_wconf 89' lang='lat' dir='ltr'><strong>et</strong></span> 
     </span>
    </p>
   </div>
   <div class='ocr_carea' id='block_1_67' title="bbox 106 2240 929 2278">
    <p class='ocr_par' dir='ltr' id='par_1_67' title="bbox 106 2240 929 2278">
     <span class='ocr_line' id='line_1_67' title="bbox 106 2240 929 2278; baseline 0.001 -10"><span class='ocrx_word' id='word_1_486' title='bbox 106 2240 173 2269; x_wconf 82' lang='lat' dir='ltr'><strong>aliis</strong></span> <span class='ocrx_word' id='word_1_487' title='bbox 187 2240 338 2269; x_wconf 87' lang='lat' dir='ltr'><strong>similibus</strong></span> <span class='ocrx_word' id='word_1_488' title='bbox 360 2241 497 2277; x_wconf 86' lang='lat' dir='ltr'><strong>decerpta</strong></span> <span class='ocrx_word' id='word_1_489' title='bbox 520 2241 684 2278; x_wconf 79' lang='lat' dir='ltr'><strong>fragmenta</strong></span> <span class='ocrx_word' id='word_1_490' title='bbox 710 2242 847 2276; x_wconf 83' lang='lat' dir='ltr'><strong>citantur,</strong></span> <span class='ocrx_word' id='word_1_491' title='bbox 871 2250 929 2269; x_wconf 92' lang='lat' dir='ltr'><strong>non</strong></span> 
     </span>
    </p>
   </div>
   <div class='ocr_carea' id='block_1_68' title="bbox 106 2285 927 2322">
    <p class='ocr_par' dir='ltr' id='par_1_68' title="bbox 106 2285 927 2322">
     <span class='ocr_line' id='line_1_68' title="bbox 106 2285 927 2322; baseline 0.001 -9"><span class='ocrx_word' id='word_1_492' title='bbox 106 2286 177 2314; x_wconf 81' lang='lat' dir='ltr'><strong>item</strong></span> <span class='ocrx_word' id='word_1_493' title='bbox 191 2285 244 2313; x_wconf 84' lang='lat' dir='ltr'><strong>illa</strong></span> <span class='ocrx_word' id='word_1_494' title='bbox 267 2285 378 2314; x_wconf 77' lang='lat' dir='ltr'><strong>scholia</strong></span> <span class='ocrx_word' id='word_1_495' title='bbox 400 2287 431 2314; x_wconf 86' lang='lat' dir='ltr'><strong>in</strong></span> <span class='ocrx_word' id='word_1_496' title='bbox 453 2286 591 2321; x_wconf 77' lang='lat' dir='ltr'><strong>Psalmos,</strong></span> <span class='ocrx_word' id='word_1_497' title='bbox 615 2286 688 2315; x_wconf 85' lang='lat' dir='ltr'><strong>falso</strong></span> <span class='ocrx_word' id='word_1_498' title='bbox 711 2287 754 2314; x_wconf 93' lang='lat' dir='ltr'><strong>illi</strong></span> <span class='ocrx_word' id='word_1_499' title='bbox 776 2287 927 2322; x_wconf 83' lang='lat' dir='ltr'><strong>attributa,</strong></span> 
     </span>
    </p>
   </div>
   <div class='ocr_carea' id='block_1_69' title="bbox 105 2329 968 2382">
    <p class='ocr_par' dir='ltr' id='par_1_69' title="bbox 105 2329 968 2382">
     <span class='ocr_line' id='line_1_69' title="bbox 105 2329 968 2382; baseline 0.003 -25"><span class='ocrx_word' id='word_1_500' title='bbox 105 2338 170 2382; x_wconf 54' lang='lat' dir='ltr'><strong>qu‘aa</strong></span> <span class='ocrx_word' id='word_1_501' title='bbox 183 2329 213 2382; x_wconf 72' lang='lat' dir='ltr'><strong>iu</strong></span> <span class='ocrx_word' id='word_1_502' title='bbox 227 2330 338 2358; x_wconf 82' lang='lat' dir='ltr'><strong>Latinis</strong></span> <span class='ocrx_word' id='word_1_503' title='bbox 353 2330 531 2382; x_wconf 53' lang='lat' dir='ltr'><strong>editio‘nibus</strong></span> <span class='ocrx_word' id='word_1_504' title='bbox 546 2331 582 2359; x_wconf 84' lang='lat' dir='ltr'><strong>ad</strong></span> <span class='ocrx_word' id='word_1_505' title='bbox 598 2331 706 2382; x_wconf 79' lang='lat' dir='ltr'><strong>calcem</strong></span> <span class='ocrx_word' id='word_1_506' title='bbox 721 2331 788 2382; x_wconf 75' lang='lat' dir='ltr'><strong>libri</strong></span> <span class='ocrx_word' id='word_1_507' title='bbox 804 2331 929 2382; x_wconf 45' lang='lat' dir='ltr'><strong>subiun-</strong></span> <span class='ocrx_word' id='word_1_508' title='bbox 944 2348 968 2381; x_wconf 85' lang='lat' dir='ltr'><strong>D</strong></span> 
     </span>
    </p>
   </div>
   <div class='ocr_carea' id='block_1_70' title="bbox 106 2374 929 2411">
    <p class='ocr_par' dir='ltr' id='par_1_70' title="bbox 106 2374 929 2411">
     <span class='ocr_line' id='line_1_70' title="bbox 106 2374 929 2411; baseline 0.002 -10"><span class='ocrx_word' id='word_1_509' title='bbox 106 2374 262 2410; x_wconf 84' lang='lat' dir='ltr'><strong>gebantur,</strong></span> <span class='ocrx_word' id='word_1_510' title='bbox 283 2383 406 2411; x_wconf 72' lang='lat' dir='ltr'><strong>quaeque</strong></span> <span class='ocrx_word' id='word_1_511' title='bbox 422 2375 492 2403; x_wconf 86' lang='lat' dir='ltr'><strong>alibi</strong></span> <span class='ocrx_word' id='word_1_512' title='bbox 513 2376 684 2405; x_wconf 87' lang='lat' dir='ltr'><strong>monuimus</strong></span> <span class='ocrx_word' id='word_1_513' title='bbox 700 2384 734 2404; x_wconf 90' lang='lat' dir='ltr'><strong>ex</strong></span> <span class='ocrx_word' id='word_1_514' title='bbox 754 2376 886 2405; x_wconf 91' lang='lat' dir='ltr'><strong>homiliis</strong></span> <span class='ocrx_word' id='word_1_515' title='bbox 901 2376 929 2404; x_wconf 84' lang='lat' dir='ltr'><strong>in</strong></span> 
     </span>
    </p>
   </div>
   <div class='ocr_carea' id='block_1_71' title="bbox 105 2418 929 2457">
    <p class='ocr_par' dir='ltr' id='par_1_71' title="bbox 105 2418 929 2457">
     <span class='ocr_line' id='line_1_71' title="bbox 105 2418 929 2457; baseline 0.004 -11"><span class='ocrx_word' id='word_1_516' title='bbox 105 2419 231 2447; x_wconf 72' lang='lat' dir='ltr'><strong>Psalmos</strong></span> <span class='ocrx_word' id='word_1_517' title='bbox 245 2418 277 2446; x_wconf 92' lang='lat' dir='ltr'><strong>B.</strong></span> <span class='ocrx_word' id='word_1_518' title='bbox 292 2419 377 2447; x_wconf 81' lang='lat' dir='ltr'><strong>Joan.</strong></span> <span class='ocrx_word' id='word_1_519' title='bbox 394 2419 593 2456; x_wconf 79' lang='lat' dir='ltr'><strong>Chrysostomi</strong></span> <span class='ocrx_word' id='word_1_520' title='bbox 609 2421 639 2448; x_wconf 89' lang='lat' dir='ltr'><strong>in</strong></span> <span class='ocrx_word' id='word_1_521' title='bbox 659 2421 867 2457; x_wconf 87' lang='lat' dir='ltr'><strong>compendium</strong></span> <span class='ocrx_word' id='word_1_522' title='bbox 883 2429 929 2448; x_wconf 88' lang='lat' dir='ltr'><strong>re—</strong></span> 
     </span>
    </p>
   </div>
   <div class='ocr_carea' id='block_1_72' title="bbox 106 2462 928 2497">
    <p class='ocr_par' dir='ltr' id='par_1_72' title="bbox 106 2462 928 2497">
     <span class='ocr_line' id='line_1_72' title="bbox 106 2462 928 2497; baseline 0.002 -7"><span class='ocrx_word' id='word_1_523' title='bbox 106 2462 212 2497; x_wconf 83' lang='lat' dir='ltr'><strong>dactis,</strong></span> <span class='ocrx_word' id='word_1_524' title='bbox 228 2465 256 2490; x_wconf 90' lang='lat' dir='ltr'><strong>et</strong></span> <span class='ocrx_word' id='word_1_525' title='bbox 270 2464 480 2492; x_wconf 81' lang='lat' dir='ltr'><strong>commentario</strong></span> <span class='ocrx_word' id='word_1_526' title='bbox 494 2464 663 2494; x_wconf 84' lang='lat' dir='ltr'><strong>TheodOreti</strong></span> <span class='ocrx_word' id='word_1_527' title='bbox 679 2466 708 2493; x_wconf 87' lang='lat' dir='ltr'><strong>in</strong></span> <span class='ocrx_word' id='word_1_528' title='bbox 723 2465 840 2494; x_wconf 88' lang='lat' dir='ltr'><strong>eosdem</strong></span> <span class='ocrx_word' id='word_1_529' title='bbox 855 2465 928 2493; x_wconf 87' lang='lat' dir='ltr'><strong>Psal-</strong></span> 
     </span>
    </p>
   </div>
   <div class='ocr_carea' id='block_1_73' title="bbox 105 2508 469 2537">
    <p class='ocr_par' dir='ltr' id='par_1_73' title="bbox 105 2508 469 2537">
     <span class='ocr_line' id='line_1_73' title="bbox 105 2508 469 2537; baseline 0.003 -2"><span class='ocrx_word' id='word_1_530' title='bbox 105 2515 164 2535; x_wconf 72' lang='lat' dir='ltr'><strong>mo:</strong></span> <span class='ocrx_word' id='word_1_531' title='bbox 178 2515 244 2535; x_wconf 89' lang='lat' dir='ltr'><strong>esse</strong></span> <span class='ocrx_word' id='word_1_532' title='bbox 259 2508 469 2537; x_wconf 82' lang='lat' dir='ltr'><strong>consarcinata.</strong></span> 
     </span>
    </p>
   </div>
   <div class='ocr_carea' id='block_1_74' title="bbox 140 2551 927 2590">
    <p class='ocr_par' dir='ltr' id='par_1_74' title="bbox 140 2551 927 2590">
     <span class='ocr_line' id='line_1_74' title="bbox 140 2551 927 2590; baseline 0.003 -10"><span class='ocrx_word' id='word_1_533' title='bbox 140 2551 203 2580; x_wconf 91' lang='lat' dir='ltr'><strong>Col.</strong></span> <span class='ocrx_word' id='word_1_534' title='bbox 218 2552 272 2579; x_wconf 76' lang='grc'><strong>214</strong></span> <span class='ocrx_word' id='word_1_535' title='bbox 286 2554 315 2580; x_wconf 87' lang='lat' dir='ltr'><strong>G.</strong></span> <span class='ocrx_word' id='word_1_536' title='bbox 333 2553 457 2590; x_wconf 72' lang='grc' dir='ltr'><strong>δίιμεν-ηε</strong></span> <span class='ocrx_word' id='word_1_537' title='bbox 476 2555 619 2584; x_wconf 78' lang='lat' dir='ltr'><strong>attactum.</strong></span> <span class='ocrx_word' id='word_1_538' title='bbox 635 2554 698 2582; x_wconf 91' lang='lat' dir='ltr'><strong>Non</strong></span> <span class='ocrx_word' id='word_1_539' title='bbox 720 2554 774 2582; x_wconf 90' lang='lat' dir='ltr'><strong>hoc</strong></span> <span class='ocrx_word' id='word_1_540' title='bbox 787 2554 849 2582; x_wconf 90' lang='lat' dir='ltr'><strong>vult</strong></span> <span class='ocrx_word' id='word_1_541' title='bbox 874 2555 927 2583; x_wconf 81' lang='lat' dir='ltr'><strong>Ba-</strong></span> 
     </span>
    </p>
   </div>
   <div class='ocr_carea' id='block_1_75' title="bbox 105 2596 926 2636">
    <p class='ocr_par' dir='ltr' id='par_1_75' title="bbox 105 2596 926 2636">
     <span class='ocr_line' id='line_1_75' title="bbox 105 2596 926 2636; baseline 0.002 -11"><span class='ocrx_word' id='word_1_542' title='bbox 105 2596 204 2630; x_wconf 86' lang='lat' dir='ltr'><strong>silius,</strong></span> <span class='ocrx_word' id='word_1_543' title='bbox 219 2596 251 2624; x_wconf 90' lang='lat' dir='ltr'><strong>iu</strong></span> <span class='ocrx_word' id='word_1_544' title='bbox 267 2597 409 2633; x_wconf 87' lang='lat' dir='ltr'><strong>superiori</strong></span> <span class='ocrx_word' id='word_1_545' title='bbox 432 2601 514 2635; x_wconf 86' lang='lat' dir='ltr'><strong>parte</strong></span> <span class='ocrx_word' id='word_1_546' title='bbox 537 2598 617 2636; x_wconf 84' lang='lat' dir='ltr'><strong>tangi</strong></span> <span class='ocrx_word' id='word_1_547' title='bbox 640 2597 771 2635; x_wconf 88' lang='lat' dir='ltr'><strong>psalterii</strong></span> <span class='ocrx_word' id='word_1_548' title='bbox 793 2599 926 2634; x_wconf 82' lang='lat' dir='ltr'><strong>chordas,</strong></span> 
     </span>
    </p>
   </div>
   <div class='ocr_carea' id='block_1_76' title="bbox 106 2641 926 2680">
    <p class='ocr_par' dir='ltr' id='par_1_76' title="bbox 106 2641 926 2680">
     <span class='ocr_line' id='line_1_76' title="bbox 106 2641 926 2680; baseline 0.004 -12"><span class='ocrx_word' id='word_1_549' title='bbox 106 2641 155 2669; x_wconf 83' lang='lat' dir='ltr'><strong>sed</strong></span> <span class='ocrx_word' id='word_1_550' title='bbox 172 2641 203 2668; x_wconf 90' lang='lat' dir='ltr'><strong>in</strong></span> <span class='ocrx_word' id='word_1_551' title='bbox 220 2641 364 2677; x_wconf 84' lang='lat' dir='ltr'><strong>superiori</strong></span> <span class='ocrx_word' id='word_1_552' title='bbox 390 2646 472 2678; x_wconf 86' lang='lat' dir='ltr'><strong>parte</strong></span> <span class='ocrx_word' id='word_1_553' title='bbox 496 2651 622 2672; x_wconf 83' lang='lat' dir='ltr'><strong>concava</strong></span> <span class='ocrx_word' id='word_1_554' title='bbox 643 2651 749 2672; x_wconf 90' lang='lat' dir='ltr'><strong>sonum</strong></span> <span class='ocrx_word' id='word_1_555' title='bbox 769 2643 926 2680; x_wconf 78' lang='lat' dir='ltr'><strong>eﬁ&#39;ormari,</strong></span> 
     </span>
    </p>
   </div>
   <div class='ocr_carea' id='block_1_77' title="bbox 106 2685 927 2717">
    <p class='ocr_par' dir='ltr' id='par_1_77' title="bbox 106 2685 927 2717">
     <span class='ocr_line' id='line_1_77' title="bbox 106 2685 927 2717; baseline 0.005 -5"><span class='ocrx_word' id='word_1_556' title='bbox 106 2687 138 2713; x_wconf 87' lang='lat' dir='ltr'><strong>ut</strong></span> <span class='ocrx_word' id='word_1_557' title='bbox 151 2693 186 2712; x_wconf 85' lang='lat' dir='ltr'><strong>ex</strong></span> <span class='ocrx_word' id='word_1_558' title='bbox 202 2685 279 2713; x_wconf 88' lang='lat' dir='ltr'><strong>Beda</strong></span> <span class='ocrx_word' id='word_1_559' title='bbox 302 2689 417 2715; x_wconf 82' lang='lat' dir='ltr'><strong>constat</strong></span> <span class='ocrx_word' id='word_1_560' title='bbox 434 2687 464 2715; x_wconf 87' lang='lat' dir='ltr'><strong>in</strong></span> <span class='ocrx_word' id='word_1_561' title='bbox 479 2688 695 2716; x_wconf 81' lang='lat' dir='ltr'><strong>Commentario</strong></span> <span class='ocrx_word' id='word_1_562' title='bbox 721 2689 752 2716; x_wconf 86' lang='lat' dir='ltr'><strong>in</strong></span> <span class='ocrx_word' id='word_1_563' title='bbox 779 2689 902 2717; x_wconf 79' lang='lat' dir='ltr'><strong>Psalmos</strong></span> <span class='ocrx_word' id='word_1_564' title='bbox 917 2698 927 2717; x_wconf 90' lang='lat'><em>:</em></span> 
     </span>
    </p>
   </div>
   <div class='ocr_carea' id='block_1_78' title="bbox 108 2729 926 2762">
    <p class='ocr_par' dir='ltr' id='par_1_78' title="bbox 108 2729 926 2762">
     <span class='ocr_line' id='line_1_78' title="bbox 108 2729 926 2762; baseline 0.006 -6"><span class='ocrx_word' id='word_1_565' title='bbox 108 2740 118 2753; x_wconf 84' lang='lat'><strong>-</strong></span> <span class='ocrx_word' id='word_1_566' title='bbox 136 2729 312 2758; x_wconf 76' lang='lat' dir='ltr'><strong>Psalterium</strong></span> <span class='ocrx_word' id='word_1_567' title='bbox 337 2731 484 2760; x_wconf 89' lang='lat' dir='ltr'><strong>musicum</strong></span> <span class='ocrx_word' id='word_1_568' title='bbox 507 2732 739 2760; x_wconf 90' lang='lat' dir='ltr'><strong>instrumentum</strong></span> <span class='ocrx_word' id='word_1_569' title='bbox 754 2733 790 2760; x_wconf 85' lang='lat' dir='ltr'><strong>ad</strong></span> <span class='ocrx_word' id='word_1_570' title='bbox 806 2734 926 2762; x_wconf 89' lang='lat' dir='ltr'><strong>modum</strong></span> 
     </span>
    </p>
   </div>
   <div class='ocr_carea' id='block_1_79' title="bbox 105 2772 926 2812">
    <p class='ocr_par' dir='ltr' id='par_1_79' title="bbox 105 2772 926 2812">
     <span class='ocr_line' id='line_1_79' title="bbox 105 2772 926 2812; baseline 0.007 -12"><span class='ocrx_word' id='word_1_571' title='bbox 105 2772 207 2801; x_wconf 79' lang='lat' dir='ltr'><strong>litteras</strong></span> <span class='ocrx_word' id='word_1_572' title='bbox 222 2773 316 2809; x_wconf 88' lang='lat' dir='ltr'><strong>Delta,</strong></span> <span class='ocrx_word' id='word_1_573' title='bbox 340 2783 403 2811; x_wconf 77' lang='lat' dir='ltr'><strong>quae</strong></span> <span class='ocrx_word' id='word_1_574' title='bbox 423 2776 602 2812; x_wconf 78' lang='lat' dir='ltr'><strong>triangulata</strong></span> <span class='ocrx_word' id='word_1_575' title='bbox 615 2779 670 2811; x_wconf 88' lang='lat' dir='ltr'><strong>est,</strong></span> <span class='ocrx_word' id='word_1_576' title='bbox 684 2777 857 2812; x_wconf 81' lang='lat' dir='ltr'><strong>formatum;</strong></span> <span class='ocrx_word' id='word_1_577' title='bbox 874 2787 926 2806; x_wconf 90' lang='lat' dir='ltr'><strong>su-</strong></span> 
     </span>
    </p>
   </div>
   <div class='ocr_carea' id='block_1_80' title="bbox 105 2817 925 2854">
    <p class='ocr_par' dir='ltr' id='par_1_80' title="bbox 105 2817 925 2854">
     <span class='ocr_line' id='line_1_80' title="bbox 105 2817 925 2854; baseline 0.006 -9"><span class='ocrx_word' id='word_1_578' title='bbox 105 2825 196 2854; x_wconf 84' lang='lat' dir='ltr'><strong>perne</strong></span> <span class='ocrx_word' id='word_1_579' title='bbox 211 2817 325 2846; x_wconf 79' lang='lat' dir='ltr'><strong>habens</strong></span> <span class='ocrx_word' id='word_1_580' title='bbox 337 2823 468 2848; x_wconf 84' lang='lat' dir='ltr'><strong>ventrem</strong></span> <span class='ocrx_word' id='word_1_581' title='bbox 484 2828 670 2849; x_wconf 63' lang='lat' dir='ltr'><strong>concavuma</strong></span> <span class='ocrx_word' id='word_1_582' title='bbox 684 2821 787 2850; x_wconf 87' lang='lat' dir='ltr'><strong>Ilsusit</strong></span> <span class='ocrx_word' id='word_1_583' title='bbox 798 2822 853 2851; x_wconf 89' lang='lat' dir='ltr'><strong>hoc</strong></span> <span class='ocrx_word' id='word_1_584' title='bbox 869 2823 925 2850; x_wconf 81' lang='lat' dir='ltr'><strong>for-</strong></span> 
     </span>
    </p>
   </div>
   <div class='ocr_carea' id='block_1_81' title="bbox 106 2862 927 2904">
    <p class='ocr_par' dir='ltr' id='par_1_81' title="bbox 106 2862 927 2904">
     <span class='ocr_line' id='line_1_81' title="bbox 106 2862 927 2904; baseline 0.006 -14"><span class='ocrx_word' id='word_1_585' title='bbox 106 2863 185 2891; x_wconf 87' lang='lat' dir='ltr'><strong>tasse</strong></span> <span class='ocrx_word' id='word_1_586' title='bbox 200 2862 277 2891; x_wconf 84' lang='lat' dir='ltr'><strong>Beda</strong></span> <span class='ocrx_word' id='word_1_587' title='bbox 288 2871 323 2892; x_wconf 80' lang='lat' dir='ltr'><strong>ex</strong></span> <span class='ocrx_word' id='word_1_588' title='bbox 333 2864 548 2894; x_wconf 81' lang='lat' dir='ltr'><strong>Commentario</strong></span> <span class='ocrx_word' id='word_1_589' title='bbox 565 2865 729 2902; x_wconf 76' lang='lat' dir='ltr'><strong>Hieronymi</strong></span> <span class='ocrx_word' id='word_1_590' title='bbox 747 2867 776 2894; x_wconf 83' lang='lat' dir='ltr'><strong>in</strong></span> <span class='ocrx_word' id='word_1_591' title='bbox 786 2865 927 2904; x_wconf 80' lang='lat' dir='ltr'><strong>psalmum</strong></span> 
     </span>
    </p>
   </div>
   <div class='ocr_carea' id='block_1_82' title="bbox 987 1705 1811 1742">
    <p class='ocr_par' dir='ltr' id='par_1_82' title="bbox 987 1705 1811 1742">
     <span class='ocr_line' id='line_1_82' title="bbox 987 1705 1811 1742; baseline -0.004 -6"><span class='ocrx_word' id='word_1_592' title='bbox 987 1707 1062 1736; x_wconf 84' lang='lat' dir='ltr'><strong>catio</strong></span> <span class='ocrx_word' id='word_1_593' title='bbox 1079 1707 1204 1736; x_wconf 75' lang='lat' dir='ltr'><strong>cmlestis</strong></span> <span class='ocrx_word' id='word_1_594' title='bbox 1218 1706 1262 1736; x_wconf 85' lang='lat' dir='ltr'><strong>vel</strong></span> <span class='ocrx_word' id='word_1_595' title='bbox 1275 1706 1414 1735; x_wconf 86' lang='lat' dir='ltr'><strong>mandata</strong></span> <span class='ocrx_word' id='word_1_596' title='bbox 1425 1705 1631 1742; x_wconf 89' lang='lat' dir='ltr'><strong>intelliguntur</strong></span> <span class='ocrx_word' id='word_1_597' title='bbox 1646 1705 1675 1733; x_wconf 90' lang='lat' dir='ltr'><strong>in</strong></span> <span class='ocrx_word' id='word_1_598' title='bbox 1686 1705 1811 1740; x_wconf 87' lang='lat' dir='ltr'><strong>sanctis,</strong></span> 
     </span>
    </p>
   </div>
   <div class='ocr_carea' id='block_1_83' title="bbox 988 1749 1810 1788">
    <p class='ocr_par' dir='ltr' id='par_1_83' title="bbox 988 1749 1810 1788">
     <span class='ocr_line' id='line_1_83' title="bbox 988 1749 1810 1788; baseline -0.004 -8"><span class='ocrx_word' id='word_1_599' title='bbox 988 1761 1051 1788; x_wconf 71' lang='lat' dir='ltr'><strong>quae</strong></span> <span class='ocrx_word' id='word_1_600' title='bbox 1076 1752 1111 1780; x_wconf 90' lang='lat' dir='ltr'><strong>de</strong></span> <span class='ocrx_word' id='word_1_601' title='bbox 1132 1752 1269 1788; x_wconf 87' lang='lat' dir='ltr'><strong>supernis</strong></span> <span class='ocrx_word' id='word_1_602' title='bbox 1283 1751 1405 1779; x_wconf 88' lang='lat' dir='ltr'><strong>veniunt</strong></span> <span class='ocrx_word' id='word_1_603' title='bbox 1420 1759 1426 1780; x_wconf 93' lang='lat'>:</span> <span class='ocrx_word' id='word_1_604' title='bbox 1443 1750 1555 1779; x_wconf 83' lang='lat' dir='ltr'><strong>cithara</strong></span> <span class='ocrx_word' id='word_1_605' title='bbox 1569 1750 1707 1778; x_wconf 86' lang='lat' dir='ltr'><strong>deorsum</strong></span> <span class='ocrx_word' id='word_1_606' title='bbox 1722 1749 1810 1777; x_wconf 82' lang='lat' dir='ltr'><strong>habet</strong></span> 
     </span>
    </p>
   </div>
   <div class='ocr_carea' id='block_1_84' title="bbox 987 1794 1809 1830">
    <p class='ocr_par' dir='ltr' id='par_1_84' title="bbox 987 1794 1809 1830">
     <span class='ocr_line' id='line_1_84' title="bbox 987 1794 1809 1830; baseline -0.004 -6"><span class='ocrx_word' id='word_1_607' title='bbox 987 1805 1137 1826; x_wconf 83' lang='lat' dir='ltr'><strong>cavamen.</strong></span> <span class='ocrx_word' id='word_1_608' title='bbox 1150 1808 1164 1822; x_wconf 83' lang='lat'>»</span> <span class='ocrx_word' id='word_1_609' title='bbox 1177 1795 1252 1830; x_wconf 86' lang='lat' dir='ltr'><strong>Quin</strong></span> <span class='ocrx_word' id='word_1_610' title='bbox 1266 1796 1355 1824; x_wconf 86' lang='lat' dir='ltr'><strong>etiam</strong></span> <span class='ocrx_word' id='word_1_611' title='bbox 1372 1795 1440 1823; x_wconf 86' lang='lat' dir='ltr'><strong>hinc</strong></span> <span class='ocrx_word' id='word_1_612' title='bbox 1456 1795 1563 1823; x_wconf 88' lang='lat' dir='ltr'><strong>allucet</strong></span> <span class='ocrx_word' id='word_1_613' title='bbox 1578 1794 1733 1830; x_wconf 81' lang='lat' dir='ltr'><strong>explicatio</strong></span> <span class='ocrx_word' id='word_1_614' title='bbox 1749 1801 1809 1822; x_wconf 87' lang='lat' dir='ltr'><strong>ver-</strong></span> 
     </span>
    </p>
   </div>
   <div class='ocr_carea' id='block_1_85' title="bbox 987 1839 1810 1877">
    <p class='ocr_par' dir='ltr' id='par_1_85' title="bbox 987 1839 1810 1877">
     <span class='ocr_line' id='line_1_85' title="bbox 987 1839 1810 1877; baseline -0.004 -9"><span class='ocrx_word' id='word_1_615' title='bbox 987 1841 1032 1868; x_wconf 84' lang='lat' dir='ltr'><strong>bis</strong></span> <span class='ocrx_word' id='word_1_616' title='bbox 1047 1841 1131 1870; x_wconf 85' lang='lat' dir='ltr'><strong>Joan.</strong></span> <span class='ocrx_word' id='word_1_617' title='bbox 1148 1840 1346 1877; x_wconf 81' lang='lat' dir='ltr'><strong>Chrysostomi</strong></span> <span class='ocrx_word' id='word_1_618' title='bbox 1362 1841 1393 1867; x_wconf 85' lang='lat' dir='ltr'><strong>in</strong></span> <span class='ocrx_word' id='word_1_619' title='bbox 1408 1840 1541 1873; x_wconf 75' lang='lat' dir='ltr'><strong>Psalmos,</strong></span> <span class='ocrx_word' id='word_1_620' title='bbox 1557 1847 1621 1874; x_wconf 71' lang='lat' dir='ltr'><strong>quae</strong></span> <span class='ocrx_word' id='word_1_621' title='bbox 1636 1839 1810 1874; x_wconf 88' lang='lat' dir='ltr'><strong>repetuntur</strong></span> 
     </span>
    </p>
   </div>
   <div class='ocr_carea' id='block_1_86' title="bbox 986 1881 1806 1921">
    <p class='ocr_par' dir='ltr' id='par_1_86' title="bbox 986 1881 1806 1921">
     <span class='ocr_line' id='line_1_86' title="bbox 986 1881 1806 1921; baseline -0.007 -8"><span class='ocrx_word' id='word_1_622' title='bbox 986 1885 1075 1913; x_wconf 78' lang='lat' dir='ltr'><strong>etiam</strong></span> <span class='ocrx_word' id='word_1_623' title='bbox 1101 1886 1137 1913; x_wconf 80' lang='lat' dir='ltr'><strong>ab</strong></span> <span class='ocrx_word' id='word_1_624' title='bbox 1161 1884 1316 1921; x_wconf 82' lang='lat' dir='ltr'><strong>Euthymio</strong></span> <span class='ocrx_word' id='word_1_625' title='bbox 1334 1893 1339 1912; x_wconf 94' lang='lat'><strong>:</strong></span> <span class='ocrx_word' id='word_1_626' title='bbox 1358 1882 1517 1919; x_wconf 78' lang='grc' dir='ltr'>Ψαλτήριον</span> <span class='ocrx_word' id='word_1_627' title='bbox 1541 1884 1595 1910; x_wconf 80' lang='grc' dir='ltr'><strong>τῶν</strong></span> <span class='ocrx_word' id='word_1_628' title='bbox 1620 1881 1735 1909; x_wconf 77' lang='grc' dir='ltr'><strong>ἐντατῶν</strong></span> <span class='ocrx_word' id='word_1_629' title='bbox 1759 1881 1806 1918; x_wconf 76' lang='grc' dir='ltr'><strong>μὶν</strong></span> 
     </span>
    </p>
   </div>
   <div class='ocr_carea' id='block_1_87' title="bbox 985 1925 1807 1966">
    <p class='ocr_par' dir='ltr' id='par_1_87' title="bbox 985 1925 1807 1966">
     <span class='ocr_line' id='line_1_87' title="bbox 985 1925 1807 1966; baseline -0.004 -10"><span class='ocrx_word' id='word_1_630' title='bbox 985 1929 1029 1964; x_wconf 74' lang='grc' dir='ltr'><strong>ἦν,</strong></span> <span class='ocrx_word' id='word_1_631' title='bbox 1045 1927 1118 1963; x_wconf 80' lang='grc' dir='ltr'>πλὴν</span> <span class='ocrx_word' id='word_1_632' title='bbox 1144 1927 1244 1966; x_wconf 66' lang='grc' dir='ltr'>ὄρθιον,</span> <span class='ocrx_word' id='word_1_633' title='bbox 1268 1928 1312 1955; x_wconf 87' lang='grc' dir='ltr'><strong>καί</strong></span> <span class='ocrx_word' id='word_1_634' title='bbox 1336 1927 1436 1955; x_wconf 76' lang='grc' dir='ltr'>ἄνωθεν</span> <span class='ocrx_word' id='word_1_635' title='bbox 1460 1927 1518 1965; x_wconf 80' lang='grc' dir='ltr'>εἶχε</span> <span class='ocrx_word' id='word_1_636' title='bbox 1541 1929 1594 1954; x_wconf 81' lang='grc' dir='ltr'><strong>τῶν</strong></span> <span class='ocrx_word' id='word_1_637' title='bbox 1616 1925 1743 1965; x_wconf 79' lang='grc' dir='ltr'><strong>φθόγγων</strong></span> <span class='ocrx_word' id='word_1_638' title='bbox 1759 1926 1807 1957; x_wconf 74' lang='grc' dir='ltr'><strong>τὰς</strong></span> 
     </span>
    </p>
   </div>
   <div class='ocr_carea' id='block_1_88' title="bbox 986 1972 1808 2012">
    <p class='ocr_par' dir='ltr' id='par_1_88' title="bbox 986 1972 1808 2012">
     <span class='ocr_line' id='line_1_88' title="bbox 986 1972 1808 2012; baseline -0.001 -12"><span class='ocrx_word' id='word_1_639' title='bbox 986 1973 1120 2012; x_wconf 79' lang='grc' dir='ltr'><strong>ἀφορμάς·</strong></span> <span class='ocrx_word' id='word_1_640' title='bbox 1137 1985 1147 1999; x_wconf 76' lang='grc' dir='ltr'>ι</span> <span class='ocrx_word' id='word_1_641' title='bbox 1162 1973 1335 2002; x_wconf 87' lang='lat' dir='ltr'><strong>Psalterium</strong></span> <span class='ocrx_word' id='word_1_642' title='bbox 1351 1973 1387 2001; x_wconf 85' lang='lat' dir='ltr'><strong>ad</strong></span> <span class='ocrx_word' id='word_1_643' title='bbox 1399 1973 1428 2000; x_wconf 90' lang='lat' dir='ltr'><strong>id</strong></span> <span class='ocrx_word' id='word_1_644' title='bbox 1438 1981 1532 2009; x_wconf 81' lang='lat' dir='ltr'><strong>genus</strong></span> <span class='ocrx_word' id='word_1_645' title='bbox 1543 1972 1808 2001; x_wconf 89' lang='lat' dir='ltr'><strong>instrumentorum</strong></span> 
     </span>
    </p>
   </div>
   <div class='ocr_carea' id='block_1_89' title="bbox 986 2018 1809 2054">
    <p class='ocr_par' dir='ltr' id='par_1_89' title="bbox 986 2018 1809 2054">
     <span class='ocr_line' id='line_1_89' title="bbox 986 2018 1809 2054; baseline -0.002 -8"><span class='ocrx_word' id='word_1_646' title='bbox 986 2019 1112 2054; x_wconf 88' lang='lat' dir='ltr'><strong>pertinet</strong></span> <span class='ocrx_word' id='word_1_647' title='bbox 1136 2027 1198 2054; x_wconf 75' lang='lat' dir='ltr'><strong>quas</strong></span> <span class='ocrx_word' id='word_1_648' title='bbox 1219 2018 1414 2046; x_wconf 85' lang='lat' dir='ltr'><strong>intenduntur</strong></span> <span class='ocrx_word' id='word_1_649' title='bbox 1430 2025 1436 2045; x_wconf 91' lang='lat'><strong>:</strong></span> <span class='ocrx_word' id='word_1_650' title='bbox 1453 2020 1498 2045; x_wconf 86' lang='lat' dir='ltr'><strong>est</strong></span> <span class='ocrx_word' id='word_1_651' title='bbox 1512 2019 1611 2045; x_wconf 84' lang='lat' dir='ltr'><strong>autem</strong></span> <span class='ocrx_word' id='word_1_652' title='bbox 1639 2019 1763 2050; x_wconf 74' lang='lat' dir='ltr'><strong>erctum,</strong></span> <span class='ocrx_word' id='word_1_653' title='bbox 1780 2018 1809 2044; x_wconf 90' lang='lat' dir='ltr'><strong>et</strong></span> 
     </span>
    </p>
   </div>
   <div class='ocr_carea' id='block_1_90' title="bbox 985 2060 1807 2099">
    <p class='ocr_par' dir='ltr' id='par_1_90' title="bbox 985 2060 1807 2099">
     <span class='ocr_line' id='line_1_90' title="bbox 985 2060 1807 2099; baseline -0.002 -8"><span class='ocrx_word' id='word_1_654' title='bbox 985 2071 1110 2099; x_wconf 68' lang='lat' dir='ltr'><strong>superne</strong></span> <span class='ocrx_word' id='word_1_655' title='bbox 1136 2071 1240 2091; x_wconf 80' lang='lat' dir='ltr'><strong>causas</strong></span> <span class='ocrx_word' id='word_1_656' title='bbox 1269 2062 1366 2097; x_wconf 85' lang='lat' dir='ltr'><strong>habet,</strong></span> <span class='ocrx_word' id='word_1_657' title='bbox 1393 2061 1471 2089; x_wconf 90' lang='lat' dir='ltr'><strong>unde</strong></span> <span class='ocrx_word' id='word_1_658' title='bbox 1496 2069 1580 2089; x_wconf 87' lang='lat' dir='ltr'><strong>voces</strong></span> <span class='ocrx_word' id='word_1_659' title='bbox 1604 2061 1758 2088; x_wconf 82' lang='lat' dir='ltr'><strong>emittat.»</strong></span> <span class='ocrx_word' id='word_1_660' title='bbox 1775 2060 1807 2088; x_wconf 88' lang='lat' dir='ltr'><strong>In</strong></span> 
     </span>
    </p>
   </div>
   <div class='ocr_carea' id='block_1_91' title="bbox 986 2104 1806 2144">
    <p class='ocr_par' dir='ltr' id='par_1_91' title="bbox 986 2104 1806 2144">
     <span class='ocr_line' id='line_1_91' title="bbox 986 2104 1806 2144; baseline -0.006 -8"><span class='ocrx_word' id='word_1_661' title='bbox 986 2107 1125 2144; x_wconf 72' lang='lat' dir='ltr'><strong>prooemio</strong></span> <span class='ocrx_word' id='word_1_662' title='bbox 1141 2107 1218 2143; x_wconf 88' lang='lat' dir='ltr'><strong>quod</strong></span> <span class='ocrx_word' id='word_1_663' title='bbox 1234 2107 1329 2135; x_wconf 85' lang='lat' dir='ltr'><strong>eidem</strong></span> <span class='ocrx_word' id='word_1_664' title='bbox 1341 2106 1547 2143; x_wconf 84' lang='lat' dir='ltr'><strong>Chrysostomo</strong></span> <span class='ocrx_word' id='word_1_665' title='bbox 1558 2104 1698 2133; x_wconf 91' lang='lat' dir='ltr'><strong>tribuitur</strong></span> <span class='ocrx_word' id='word_1_666' title='bbox 1708 2104 1806 2132; x_wconf 88' lang='lat' dir='ltr'><strong>obser-</strong></span> 
     </span>
    </p>
   </div>
   <div class='ocr_carea' id='block_1_92' title="bbox 984 2149 1805 2188">
    <p class='ocr_par' dir='ltr' id='par_1_92' title="bbox 984 2149 1805 2188">
     <span class='ocr_line' id='line_1_92' title="bbox 984 2149 1805 2188; baseline -0.005 -8"><span class='ocrx_word' id='word_1_667' title='bbox 984 2154 1083 2180; x_wconf 81' lang='lat' dir='ltr'><strong>vatum</strong></span> <span class='ocrx_word' id='word_1_668' title='bbox 1100 2154 1154 2188; x_wconf 83' lang='lat' dir='ltr'><strong>est,</strong></span> <span class='ocrx_word' id='word_1_669' title='bbox 1171 2152 1248 2188; x_wconf 90' lang='lat' dir='ltr'><strong>quod</strong></span> <span class='ocrx_word' id='word_1_670' title='bbox 1272 2151 1361 2179; x_wconf 85' lang='lat' dir='ltr'><strong>etiam</strong></span> <span class='ocrx_word' id='word_1_671' title='bbox 1377 2159 1393 2178; x_wconf 87' lang='lat' dir='ltr'><strong>a</strong></span> <span class='ocrx_word' id='word_1_672' title='bbox 1416 2150 1564 2186; x_wconf 85' lang='lat' dir='ltr'><strong>plerisque</strong></span> <span class='ocrx_word' id='word_1_673' title='bbox 1583 2149 1805 2183; x_wconf 87' lang='lat' dir='ltr'><strong>recentioribus,</strong></span> 
     </span>
    </p>
   </div>
   <div class='ocr_carea' id='block_1_93' title="bbox 985 2193 1804 2232">
    <p class='ocr_par' dir='ltr' id='par_1_93' title="bbox 985 2193 1804 2232">
     <span class='ocr_line' id='line_1_93' title="bbox 985 2193 1804 2232; baseline -0.006 -7"><span class='ocrx_word' id='word_1_674' title='bbox 985 2196 1035 2232; x_wconf 89' lang='lat' dir='ltr'><strong>qui</strong></span> <span class='ocrx_word' id='word_1_675' title='bbox 1051 2196 1282 2225; x_wconf 84' lang='lat' dir='ltr'><strong>Commentarios</strong></span> <span class='ocrx_word' id='word_1_676' title='bbox 1295 2196 1451 2224; x_wconf 87' lang='lat' dir='ltr'><strong>ediderunt</strong></span> <span class='ocrx_word' id='word_1_677' title='bbox 1466 2196 1498 2224; x_wconf 84' lang='lat' dir='ltr'><strong>in</strong></span> <span class='ocrx_word' id='word_1_678' title='bbox 1512 2195 1647 2228; x_wconf 70' lang='lat' dir='ltr'><strong>Psalmos,</strong></span> <span class='ocrx_word' id='word_1_679' title='bbox 1663 2193 1804 2230; x_wconf 81' lang='lat' dir='ltr'><strong>approba-</strong></span> 
     </span>
    </p>
   </div>
   <div class='ocr_carea' id='block_1_94' title="bbox 984 2237 1806 2277">
    <p class='ocr_par' dir='ltr' id='par_1_94' title="bbox 984 2237 1806 2277">
     <span class='ocr_line' id='line_1_94' title="bbox 984 2237 1806 2277; baseline -0.005 -8"><span class='ocrx_word' id='word_1_680' title='bbox 984 2243 1043 2276; x_wconf 90' lang='lat' dir='ltr'><strong>tur,</strong></span> <span class='ocrx_word' id='word_1_681' title='bbox 1060 2242 1137 2277; x_wconf 88' lang='lat' dir='ltr'><strong>quod</strong></span> <span class='ocrx_word' id='word_1_682' title='bbox 1153 2242 1231 2277; x_wconf 87' lang='lat' dir='ltr'><strong>apud</strong></span> <span class='ocrx_word' id='word_1_683' title='bbox 1241 2243 1355 2269; x_wconf 65' lang='lat' dir='ltr'><strong>Graecos</strong></span> <span class='ocrx_word' id='word_1_684' title='bbox 1372 2239 1592 2277; x_wconf 84' lang='lat' dir='ltr'><strong>psalterium,ab</strong></span> <span class='ocrx_word' id='word_1_685' title='bbox 1607 2237 1735 2267; x_wconf 71' lang='lat' dir='ltr'><strong>Hebrais</strong></span> <span class='ocrx_word' id='word_1_686' title='bbox 1751 2247 1806 2266; x_wconf 83' lang='lat' dir='ltr'><strong>na-</strong></span> 
     </span>
    </p>
   </div>
   <div class='ocr_carea' id='block_1_95' title="bbox 983 2278 1806 2322">
    <p class='ocr_par' dir='ltr' id='par_1_95' title="bbox 983 2278 1806 2322">
     <span class='ocr_line' id='line_1_95' title="bbox 983 2278 1806 2322; baseline -0.004 -9"><span class='ocrx_word' id='word_1_687' title='bbox 983 2286 1063 2313; x_wconf 87' lang='lat' dir='ltr'><strong>blam</strong></span> <span class='ocrx_word' id='word_1_688' title='bbox 1078 2286 1135 2314; x_wconf 90' lang='lat' dir='ltr'><strong>dici</strong></span> <span class='ocrx_word' id='word_1_689' title='bbox 1149 2286 1193 2314; x_wconf 85' lang='lat' dir='ltr'><strong>vel</strong></span> <span class='ocrx_word' id='word_1_690' title='bbox 1202 2286 1300 2322; x_wconf 89' lang='lat' dir='ltr'><strong>potius</strong></span> <span class='ocrx_word' id='word_1_691' title='bbox 1327 2278 1378 2317; x_wconf 67' lang='lat'><strong>5::</strong></span> <span class='ocrx_word' id='word_1_692' title='bbox 1392 2285 1469 2313; x_wconf 65' lang='lat' dir='ltr'><strong>novel</strong></span> <span class='ocrx_word' id='word_1_693' title='bbox 1479 2292 1485 2312; x_wconf 93' lang='lat'>:</span> <span class='ocrx_word' id='word_1_694' title='bbox 1497 2286 1526 2312; x_wconf 88' lang='lat' dir='ltr'><strong>et</strong></span> <span class='ocrx_word' id='word_1_695' title='bbox 1535 2292 1606 2312; x_wconf 84' lang='lat' dir='ltr'><strong>sane</strong></span> <span class='ocrx_word' id='word_1_696' title='bbox 1617 2283 1688 2312; x_wconf 83' lang='lat' dir='ltr'><strong>LXX</strong></span> <span class='ocrx_word' id='word_1_697' title='bbox 1698 2282 1806 2319; x_wconf 82' lang='lat' dir='ltr'><strong>saepius</strong></span> 
     </span>
    </p>
   </div>
   <div class='ocr_carea' id='block_1_96' title="bbox 984 2327 1806 2366">
    <p class='ocr_par' dir='ltr' id='par_1_96' title="bbox 984 2327 1806 2366">
     <span class='ocr_line' id='line_1_96' title="bbox 984 2327 1806 2366; baseline -0.005 -8"><span class='ocrx_word' id='word_1_698' title='bbox 984 2330 1135 2358; x_wconf 65' lang='lat' dir='ltr'><strong>Hebreum</strong></span> <span class='ocrx_word' id='word_1_699' title='bbox 1163 2338 1262 2358; x_wconf 89' lang='lat' dir='ltr'><strong>vocem</strong></span> <span class='ocrx_word' id='word_1_700' title='bbox 1290 2329 1371 2358; x_wconf 84' lang='lat' dir='ltr'><strong>illam</strong></span> <span class='ocrx_word' id='word_1_701' title='bbox 1386 2329 1417 2356; x_wconf 85' lang='grc' dir='ltr'><strong>τὸ</strong></span> <span class='ocrx_word' id='word_1_702' title='bbox 1441 2327 1592 2366; x_wconf 78' lang='grc' dir='ltr'><strong>ψαλτήριον</strong></span> <span class='ocrx_word' id='word_1_703' title='bbox 1621 2329 1749 2363; x_wconf 90' lang='lat' dir='ltr'><strong>vertunt,</strong></span> <span class='ocrx_word' id='word_1_704' title='bbox 1774 2329 1806 2355; x_wconf 89' lang='lat' dir='ltr'><strong>ut</strong></span> 
     </span>
    </p>
   </div>
   <div class='ocr_carea' id='block_1_97' title="bbox 983 2372 1804 2411">
    <p class='ocr_par' dir='ltr' id='par_1_97' title="bbox 983 2372 1804 2411">
     <span class='ocr_line' id='line_1_97' title="bbox 983 2372 1804 2411; baseline -0.005 -8"><span class='ocrx_word' id='word_1_705' title='bbox 983 2374 1098 2411; x_wconf 85' lang='lat' dir='ltr'><strong>psalmo</strong></span> <span class='ocrx_word' id='word_1_706' title='bbox 1126 2384 1182 2411; x_wconf 76' lang='lat' dir='ltr'><strong>va,</strong></span> <span class='ocrx_word' id='word_1_707' title='bbox 1213 2375 1256 2408; x_wconf 87' lang='lat'><strong>11,</strong></span> <span class='ocrx_word' id='word_1_708' title='bbox 1283 2373 1453 2411; x_wconf 73' lang='grc' dir='ltr'><strong>Ἐξεγὲροητι</strong></span> <span class='ocrx_word' id='word_1_709' title='bbox 1470 2395 1478 2408; x_wconf 94' lang='lat'><strong>,</strong></span> <span class='ocrx_word' id='word_1_710' title='bbox 1507 2372 1658 2410; x_wconf 79' lang='grc' dir='ltr'><strong>ψαλτήριον</strong></span> <span class='ocrx_word' id='word_1_711' title='bbox 1688 2372 1732 2399; x_wconf 68' lang='grc' dir='ltr'><strong>καὶ</strong></span> <span class='ocrx_word' id='word_1_712' title='bbox 1763 2382 1804 2399; x_wconf 85' lang='grc' dir='ltr'>κι-</span> 
     </span>
    </p>
   </div>
   <div class='ocr_carea' id='block_1_98' title="bbox 983 2417 1802 2456">
    <p class='ocr_par' dir='ltr' id='par_1_98' title="bbox 983 2417 1802 2456">
     <span class='ocr_line' id='line_1_98' title="bbox 983 2417 1802 2456; baseline -0.001 -10"><span class='ocrx_word' id='word_1_713' title='bbox 983 2419 1060 2456; x_wconf 81' lang='grc' dir='ltr'>Θάρα,</span> <span class='ocrx_word' id='word_1_714' title='bbox 1082 2420 1215 2454; x_wconf 49' lang='lat' dir='ltr'><strong>Exsurge,</strong></span> <span class='ocrx_word' id='word_1_715' title='bbox 1239 2419 1404 2454; x_wconf 80' lang='lat' dir='ltr'><strong>psalterium</strong></span> <span class='ocrx_word' id='word_1_716' title='bbox 1426 2422 1453 2447; x_wconf 75' lang='grc' dir='ltr'><strong>ει</strong></span> <span class='ocrx_word' id='word_1_717' title='bbox 1475 2418 1582 2446; x_wconf 81' lang='lat' dir='ltr'><strong>cithara</strong></span> <span class='ocrx_word' id='word_1_718' title='bbox 1598 2422 1646 2453; x_wconf 84' lang='lat' dir='ltr'><strong>;et</strong></span> <span class='ocrx_word' id='word_1_719' title='bbox 1669 2417 1743 2454; x_wconf 84' lang='lat' dir='ltr'><strong>psal.</strong></span> <span class='ocrx_word' id='word_1_720' title='bbox 1760 2425 1802 2450; x_wconf 86' lang='lat' dir='ltr'><strong>CL,</strong></span> 
     </span>
    </p>
   </div>
   <div class='ocr_carea' id='block_1_99' title="bbox 982 2461 1804 2500">
    <p class='ocr_par' dir='ltr' id='par_1_99' title="bbox 982 2461 1804 2500">
     <span class='ocr_line' id='line_1_99' title="bbox 982 2461 1804 2500; baseline -0.002 -9"><span class='ocrx_word' id='word_1_721' title='bbox 982 2464 1022 2498; x_wconf 90' lang='lat'><strong>3,</strong></span> <span class='ocrx_word' id='word_1_722' title='bbox 1053 2462 1158 2491; x_wconf 79' lang='grc' dir='ltr'>Αἴνιῖτε</span> <span class='ocrx_word' id='word_1_723' title='bbox 1181 2463 1262 2490; x_wconf 83' lang='grc' dir='ltr'><strong>αὐτὸν</strong></span> <span class='ocrx_word' id='word_1_724' title='bbox 1294 2461 1321 2490; x_wconf 71' lang='grc' dir='ltr'><strong>ἰν</strong></span> <span class='ocrx_word' id='word_1_725' title='bbox 1345 2461 1491 2500; x_wconf 78' lang='grc' dir='ltr'>ψαλτηρίῳ</span> <span class='ocrx_word' id='word_1_726' title='bbox 1514 2461 1560 2489; x_wconf 81' lang='grc' dir='ltr'><strong>καὶ</strong></span> <span class='ocrx_word' id='word_1_727' title='bbox 1583 2461 1702 2499; x_wconf 75' lang='grc' dir='ltr'>κιθάρᾳ,</span> <span class='ocrx_word' id='word_1_728' title='bbox 1731 2462 1804 2489; x_wconf 88' lang='lat' dir='ltr'><strong>Lau-</strong></span> 
     </span>
    </p>
   </div>
   <div class='ocr_carea' id='block_1_100' title="bbox 981 2505 1803 2544">
    <p class='ocr_par' dir='ltr' id='par_1_100' title="bbox 981 2505 1803 2544">
     <span class='ocr_line' id='line_1_100' title="bbox 981 2505 1803 2544; baseline -0.004 -8"><span class='ocrx_word' id='word_1_729' title='bbox 981 2508 1043 2536; x_wconf 75' lang='lat' dir='ltr'><strong>dale</strong></span> <span class='ocrx_word' id='word_1_730' title='bbox 1070 2517 1133 2536; x_wconf 81' lang='lat' dir='ltr'><strong>cum</strong></span> <span class='ocrx_word' id='word_1_731' title='bbox 1160 2509 1191 2536; x_wconf 84' lang='lat' dir='ltr'><strong>in</strong></span> <span class='ocrx_word' id='word_1_732' title='bbox 1216 2508 1349 2544; x_wconf 79' lang='lat' dir='ltr'><strong>psalterio</strong></span> <span class='ocrx_word' id='word_1_733' title='bbox 1373 2509 1400 2535; x_wconf 81' lang='lat' dir='ltr'><strong>et</strong></span> <span class='ocrx_word' id='word_1_734' title='bbox 1418 2507 1526 2535; x_wconf 79' lang='lat' dir='ltr'><strong>cithara</strong></span> <span class='ocrx_word' id='word_1_735' title='bbox 1541 2517 1548 2542; x_wconf 85' lang='lat'><strong>;</strong></span> <span class='ocrx_word' id='word_1_736' title='bbox 1564 2507 1594 2535; x_wconf 89' lang='lat' dir='ltr'><strong>in</strong></span> <span class='ocrx_word' id='word_1_737' title='bbox 1611 2506 1717 2542; x_wconf 90' lang='lat' dir='ltr'><strong>quibus</strong></span> <span class='ocrx_word' id='word_1_738' title='bbox 1731 2505 1803 2533; x_wconf 90' lang='lat' dir='ltr'><strong>locis</strong></span> 
     </span>
    </p>
   </div>
   <div class='ocr_carea' id='block_1_101' title="bbox 981 2545 1804 2589">
    <p class='ocr_par' dir='ltr' id='par_1_101' title="bbox 981 2545 1804 2589">
     <span class='ocr_line' id='line_1_101' title="bbox 981 2545 1804 2589; baseline -0.004 -9"><span class='ocrx_word' id='word_1_739' title='bbox 981 2553 1062 2589; x_wconf 90' lang='lat' dir='ltr'><strong>prius</strong></span> <span class='ocrx_word' id='word_1_740' title='bbox 1077 2545 1128 2584; x_wconf 66' lang='lat'><strong>5::</strong></span> <span class='ocrx_word' id='word_1_741' title='bbox 1137 2552 1242 2581; x_wconf 86' lang='lat' dir='ltr'><strong>deinde</strong></span> <span class='ocrx_word' id='word_1_742' title='bbox 1255 2557 1317 2584; x_wconf 67' lang='lat'><strong>&#39;11::</strong></span> <span class='ocrx_word' id='word_1_743' title='bbox 1325 2552 1424 2580; x_wconf 84' lang='lat' dir='ltr'><strong>kinnor</strong></span> <span class='ocrx_word' id='word_1_744' title='bbox 1451 2551 1579 2588; x_wconf 90' lang='lat' dir='ltr'><strong>ponitur.</strong></span> <span class='ocrx_word' id='word_1_745' title='bbox 1594 2550 1705 2586; x_wconf 63' lang='lat' dir='ltr'><strong>Sepius</strong></span> <span class='ocrx_word' id='word_1_746' title='bbox 1733 2549 1804 2583; x_wconf 86' lang='lat' dir='ltr'><strong>dixi,</strong></span> 
     </span>
    </p>
   </div>
   <div class='ocr_carea' id='block_1_102' title="bbox 982 2595 1803 2634">
    <p class='ocr_par' dir='ltr' id='par_1_102' title="bbox 982 2595 1803 2634">
     <span class='ocr_line' id='line_1_102' title="bbox 982 2595 1803 2634; baseline -0.005 -8"><span class='ocrx_word' id='word_1_747' title='bbox 982 2598 1052 2634; x_wconf 89' lang='lat' dir='ltr'><strong>quia</strong></span> <span class='ocrx_word' id='word_1_748' title='bbox 1067 2607 1125 2626; x_wconf 91' lang='lat' dir='ltr'><strong>non</strong></span> <span class='ocrx_word' id='word_1_749' title='bbox 1148 2605 1275 2634; x_wconf 85' lang='lat' dir='ltr'><strong>semper,</strong></span> <span class='ocrx_word' id='word_1_750' title='bbox 1291 2597 1342 2625; x_wconf 88' lang='lat' dir='ltr'><strong>sed</strong></span> <span class='ocrx_word' id='word_1_751' title='bbox 1357 2596 1516 2632; x_wconf 83' lang='lat' dir='ltr'><strong>aliquando</strong></span> <span class='ocrx_word' id='word_1_752' title='bbox 1531 2595 1592 2623; x_wconf 85' lang='lat' dir='ltr'><strong>vice</strong></span> <span class='ocrx_word' id='word_1_753' title='bbox 1604 2603 1697 2630; x_wconf 86' lang='lat' dir='ltr'><strong>versa,</strong></span> <span class='ocrx_word' id='word_1_754' title='bbox 1713 2595 1803 2630; x_wconf 90' lang='lat' dir='ltr'><strong>priori</strong></span> 
     </span>
    </p>
   </div>
   <div class='ocr_carea' id='block_1_103' title="bbox 981 2637 1801 2680">
    <p class='ocr_par' dir='ltr' id='par_1_103' title="bbox 981 2637 1801 2680">
     <span class='ocr_line' id='line_1_103' title="bbox 981 2637 1801 2680; baseline -0.005 -11"><span class='ocrx_word' id='word_1_755' title='bbox 981 2641 1044 2670; x_wconf 93' lang='lat' dir='ltr'><strong>loco</strong></span> <span class='ocrx_word' id='word_1_756' title='bbox 1071 2642 1148 2671; x_wconf 70' lang='lat' dir='ltr'><strong>novel</strong></span> <span class='ocrx_word' id='word_1_757' title='bbox 1174 2640 1272 2680; x_wconf 80' lang='grc' dir='ltr'>κιθάρα</span> <span class='ocrx_word' id='word_1_758' title='bbox 1289 2664 1296 2677; x_wconf 93' lang='grc'><strong>,</strong></span> <span class='ocrx_word' id='word_1_759' title='bbox 1325 2639 1479 2677; x_wconf 84' lang='lat' dir='ltr'><strong>posteriori</strong></span> <span class='ocrx_word' id='word_1_760' title='bbox 1516 2639 1618 2668; x_wconf 79' lang='lat' dir='ltr'><strong>kirmor</strong></span> <span class='ocrx_word' id='word_1_761' title='bbox 1650 2637 1801 2677; x_wconf 76' lang='grc' dir='ltr'><strong>ψαλτήριον</strong></span> 
     </span>
    </p>
   </div>
   <div class='ocr_carea' id='block_1_104' title="bbox 981 2683 1801 2723">
    <p class='ocr_par' dir='ltr' id='par_1_104' title="bbox 981 2683 1801 2723">
     <span class='ocr_line' id='line_1_104' title="bbox 981 2683 1801 2723; baseline -0.009 -6"><span class='ocrx_word' id='word_1_762' title='bbox 981 2687 1078 2716; x_wconf 71' lang='grc' dir='ltr'><strong>ϐιωοθ</strong></span> <span class='ocrx_word' id='word_1_763' title='bbox 1106 2688 1235 2723; x_wconf 85' lang='lat' dir='ltr'><strong>etl‘ertur,</strong></span> <span class='ocrx_word' id='word_1_764' title='bbox 1266 2689 1298 2715; x_wconf 88' lang='lat' dir='ltr'><strong>ut</strong></span> <span class='ocrx_word' id='word_1_765' title='bbox 1327 2685 1441 2723; x_wconf 87' lang='lat' dir='ltr'><strong>psalmo</strong></span> <span class='ocrx_word' id='word_1_766' title='bbox 1469 2694 1556 2720; x_wconf 82' lang='lat' dir='ltr'><strong>LXXX,</strong></span> <span class='ocrx_word' id='word_1_767' title='bbox 1583 2686 1612 2718; x_wconf 88' lang='lat'><strong>2,</strong></span> <span class='ocrx_word' id='word_1_768' title='bbox 1641 2683 1801 2721; x_wconf 78' lang='grc' dir='ltr'>Ψαλτήριον</span> 
     </span>
    </p>
   </div>
   <div class='ocr_carea' id='block_1_105' title="bbox 980 2729 1803 2770">
    <p class='ocr_par' dir='ltr' id='par_1_105' title="bbox 980 2729 1803 2770">
     <span class='ocr_line' id='line_1_105' title="bbox 980 2729 1803 2770; baseline -0.004 -10"><span class='ocrx_word' id='word_1_769' title='bbox 980 2732 1094 2770; x_wconf 75' lang='grc' dir='ltr'><strong>τερπνὸν</strong></span> <span class='ocrx_word' id='word_1_770' title='bbox 1122 2732 1188 2769; x_wconf 78' lang='grc' dir='ltr'><strong>μετὰ</strong></span> <span class='ocrx_word' id='word_1_771' title='bbox 1212 2731 1335 2770; x_wconf 84' lang='grc' dir='ltr'>κιθάρας,</span> <span class='ocrx_word' id='word_1_772' title='bbox 1359 2732 1528 2759; x_wconf 76' lang='lat' dir='ltr'><strong>Psalterium</strong></span> <span class='ocrx_word' id='word_1_773' title='bbox 1555 2729 1712 2766; x_wconf 75' lang='lat' dir='ltr'><strong>jucundum</strong></span> <span class='ocrx_word' id='word_1_774' title='bbox 1740 2738 1803 2757; x_wconf 83' lang='lat' dir='ltr'><strong>cum</strong></span> 
     </span>
    </p>
   </div>
   <div class='ocr_carea' id='block_1_106' title="bbox 980 2774 1804 2812">
    <p class='ocr_par' dir='ltr' id='par_1_106' title="bbox 980 2774 1804 2812">
     <span class='ocr_line' id='line_1_106' title="bbox 980 2774 1804 2812; baseline -0.004 -6"><span class='ocrx_word' id='word_1_775' title='bbox 980 2777 1090 2806; x_wconf 84' lang='lat' dir='ltr'><strong>cithara</strong></span> <span class='ocrx_word' id='word_1_776' title='bbox 1106 2786 1112 2805; x_wconf 93' lang='lat'><strong>:</strong></span> <span class='ocrx_word' id='word_1_777' title='bbox 1130 2779 1158 2805; x_wconf 87' lang='lat' dir='ltr'><strong>et</strong></span> <span class='ocrx_word' id='word_1_778' title='bbox 1173 2777 1295 2806; x_wconf 87' lang='lat' dir='ltr'><strong>Genesis</strong></span> <span class='ocrx_word' id='word_1_779' title='bbox 1311 2784 1347 2812; x_wconf 81' lang='lat' dir='ltr'><strong>iv,</strong></span> <span class='ocrx_word' id='word_1_780' title='bbox 1360 2776 1405 2811; x_wconf 84' lang='lat'><strong>21,</strong></span> <span class='ocrx_word' id='word_1_781' title='bbox 1422 2775 1473 2804; x_wconf 92' lang='lat' dir='ltr'><strong>ubi</strong></span> <span class='ocrx_word' id='word_1_782' title='bbox 1482 2774 1608 2811; x_wconf 82' lang='lat' dir='ltr'><strong>Vulgata</strong></span> <span class='ocrx_word' id='word_1_783' title='bbox 1620 2782 1626 2803; x_wconf 87' lang='lat'><strong>:</strong></span> <span class='ocrx_word' id='word_1_784' title='bbox 1638 2786 1652 2800; x_wconf 92' lang='grc'><strong>‹‹</strong></span> <span class='ocrx_word' id='word_1_785' title='bbox 1670 2776 1736 2812; x_wconf 85' lang='lat' dir='ltr'><strong>Ipse</strong></span> <span class='ocrx_word' id='word_1_786' title='bbox 1749 2775 1804 2803; x_wconf 75' lang='lat' dir='ltr'><strong>fuit</strong></span> 
     </span>
    </p>
   </div>
   <div class='ocr_carea' id='block_1_107' title="bbox 980 2819 1802 2859">
    <p class='ocr_par' dir='ltr' id='par_1_107' title="bbox 980 2819 1802 2859">
     <span class='ocr_line' id='line_1_107' title="bbox 980 2819 1802 2859; baseline -0.004 -9"><span class='ocrx_word' id='word_1_787' title='bbox 980 2824 1064 2859; x_wconf 84' lang='lat' dir='ltr'><strong>pater</strong></span> <span class='ocrx_word' id='word_1_788' title='bbox 1077 2823 1244 2850; x_wconf 88' lang='lat' dir='ltr'><strong>canentium</strong></span> <span class='ocrx_word' id='word_1_789' title='bbox 1270 2822 1382 2849; x_wconf 79' lang='lat' dir='ltr'><strong>cithara</strong></span> <span class='ocrx_word' id='word_1_790' title='bbox 1404 2823 1433 2849; x_wconf 88' lang='lat' dir='ltr'><strong>et</strong></span> <span class='ocrx_word' id='word_1_791' title='bbox 1455 2828 1575 2857; x_wconf 82' lang='lat' dir='ltr'><strong>organo.</strong></span> <span class='ocrx_word' id='word_1_792' title='bbox 1592 2831 1606 2846; x_wconf 82' lang='grc' dir='ltr'><strong>›ι</strong></span> <span class='ocrx_word' id='word_1_793' title='bbox 1621 2819 1702 2849; x_wconf 86' lang='lat' dir='ltr'><strong>LXX.</strong></span> <span class='ocrx_word' id='word_1_794' title='bbox 1715 2819 1802 2851; x_wconf 83' lang='grc' dir='ltr'>Οὗτος</span> 
     </span>
    </p>
   </div>
   <div class='ocr_carea' id='block_1_108' title="bbox 981 2863 1802 2902">
    <p class='ocr_par' dir='ltr' id='par_1_108' title="bbox 981 2863 1802 2902">
     <span class='ocr_line' id='line_1_108' title="bbox 981 2863 1802 2902; baseline 0 -8"><span class='ocrx_word' id='word_1_795' title='bbox 981 2866 996 2894; x_wconf 84' lang='grc'>6</span> <span class='ocrx_word' id='word_1_796' title='bbox 1029 2864 1186 2901; x_wconf 70' lang='grc' dir='ltr'><strong>καταδείξας</strong></span> <span class='ocrx_word' id='word_1_797' title='bbox 1223 2865 1376 2902; x_wconf 71' lang='grc' dir='ltr'>ψαλτήριον</span> <span class='ocrx_word' id='word_1_798' title='bbox 1412 2864 1457 2892; x_wconf 81' lang='grc' dir='ltr'><strong>καὶ</strong></span> <span class='ocrx_word' id='word_1_799' title='bbox 1494 2863 1605 2902; x_wconf 81' lang='grc' dir='ltr'>κιθάραν</span> <span class='ocrx_word' id='word_1_800' title='bbox 1632 2885 1640 2899; x_wconf 89' lang='grc'><em>,</em></span> <span class='ocrx_word' id='word_1_801' title='bbox 1671 2866 1721 2894; x_wconf 76' lang='lat' dir='ltr'><strong>[lic</strong></span> <span class='ocrx_word' id='word_1_802' title='bbox 1748 2867 1802 2902; x_wconf 74' lang='lat' dir='ltr'><strong>fuit</strong></span> 
     </span>
    </p>
   </div>
  </div>
