2011 3142
95 185 174 216 1013

677 185 729 215 AD
751 183 939 215 HOMILIAS
961 184 1002 214 IN
1024 185 1219 216 PSALMOS.

1726 184 1804 214 l0”

94 251 174 278 enim
191 250 333 286 temporis
354 249 569 286 longinquitate
584 249 756 278 confirmata
785 258 836 286 pro
860 249 923 285 lege
938 251 964 284 Α
980 249 1121 284 moribus,
1140 259 1212 286 quos
1238 259 1294 278 non
1318 251 1413 287 magis
1433 253 1572 283 mutaret,
1592 258 1681 286 quam
1707 253 1803 277 cutem

100 295 201 322 habita
217 297 270 322 est.
288 306 302 319 ››

132 340 193 367 Col.
209 340 262 366 223
279 341 300 366 D
314 340 340 366 6.
358 340 395 367 Ne
409 339 530 374 inﬁcias.
561 339 685 375 Interpr.
701 350 715 364 ιι
730 341 770 366 Ne
792 337 922 374 applices

95 383 214 411 oculum
223 386 337 411 tuum.»
349 383 451 411 Verbis
463 383 508 410 usi
520 391 624 411 sumus
636 383 774 411 editionis
786 383 923 410 Romanae

95 429 123 456 in
142 436 232 464 quam
253 427 385 455 Nobilius
406 427 567 461 annotavit,
592 428 724 455 Proverb.
745 436 784 461 ix,
802 428 845 459 18,
861 427 922 454 hac

94 474 199 501 abesse
215 481 232 500 a
248 471 371 508 Vulgata
387 472 501 505 Latina,
519 472 569 499 sed
586 472 686 500 haberi
703 472 778 507 apud
796 471 876 505 LXX,
894 473 922 499 et

93 517 178 546 citari
194 525 211 544 a
226 517 338 545 sanctis
351 517 486 544 Patribus
502 516 656 552 Gypriano,
673 518 702 544 et
719 516 872 544 Ambrosio
893 518 922 543 et

95 562 281 598 Hieronymo.
307 561 416 597 quibus
435 561 502 589 addi
518 564 546 589 et
560 563 587 588 S.
606 561 705 589 Basilii
721 561 854 589 calculus
871 569 920 597 po-

93 609 162 634 test.
180 606 264 641 Apud
281 606 452 634 Cornarium
469 613 610 641 perperan
626 605 806 633 Proverbior.
823 613 886 640 cap.
903 613 921 632 v

95 653 270 679 annotatum
292 652 355 678 erat
371 658 378 677 ε
404 650 454 678 sed
471 650 604 678 inversus
619 653 663 678 est
677 650 747 678 ordo
762 651 918 677 verborum

93 696 262 731 Scriptura,
276 692 340 721 ἀλλ’
352 691 542 729 ἀποπήδησον,
556 695 593 729 μὴ
608 693 736 731 χρονίσῃς
752 692 778 720 ἐν
788 694 827 728 τῷ
841 693 918 728 τόπῳ

93 738 188 774 αὐτῆς,
207 736 277 774 μηδὲ
292 737 440 774 ἐπιστήσῃς
451 737 483 764 τὸ
499 737 544 764 σὸν
563 735 641 773 ὄμμα
655 737 723 773 πρὸς
737 736 832 771 αὐτην.

128 783 190 811 Col.
206 784 260 810 225
275 783 297 810 D
312 783 338 810 5.
358 782 601 821 Συνεμφαίνουσιν.
618 782 690 810 Oliv.
713 781 801 810 codex
818 782 917 815 habet,

92 826 335 866 συνιμφανίζουσιν
368 826 493 856 ἑαυταῖς.
534 826 646 862 Anglici
679 824 916 864 συναναφαίνουσιν

90 873 198 903 ἑαυταῖς
210 871 255 898 καὶ
271 882 296 899 τ.
358 873 412 898 τῶν
426 868 658 908 περιϐλεπόντων.
673 880 687 896 ι
705 878 806 898 eorum
823 878 840 898 a
855 870 918 905 qui-

978 294 1121 331 Ethiops.
1139 295 1173 323 Et
1188 295 1294 324 mirum
1310 304 1379 324 sane
1389 295 1527 324 Basilium
1541 295 1588 324 hic
1601 295 1697 324 dicere
1708 302 1803 330 neque

977 339 1078 371 Chusi,
1104 347 1198 375 neque
1223 339 1313 368 alium
1342 340 1469 376 aliquem
1493 340 1521 367 in
1543 339 1668 368 historia
1689 339 1800 375 Regum

979 383 1072 411 filium
1081 384 1190 412 Jemini
1199 384 1400 421 reperiri,cum
1411 385 1505 413 Semei
1520 385 1721 413 nomineturll
1731 384 1801 420 Reg.

977 436 1035 461 XIX,
1053 429 1098 464 16,
1123 428 1184 459 Υἱὸς
1208 429 1292 467 Γηρᾶ,
1319 429 1378 456 υἱοῦ
1402 428 1519 465 Ἰεμινεί.
1545 431 1694 458 Postremo
1720 430 1802 456 notet

976 472 1132 506 hiclector,
1149 481 1236 510 quam
1254 473 1395 509 antiquus
1407 482 1488 502 error
1505 474 1574 502 huic
1590 474 1654 502 loco
1670 473 1802 501 adhaese-

977 517 1015 544 rit
1030 517 1059 544 in
1076 525 1144 546 voce
1159 517 1345 555 ἀρχιιταῖρος,
1367 519 1500 554 Princeps
1526 519 1662 546 sociorum
1684 517 1708 545 ll
1730 517 1800 554 Reg.

975 570 1023 594 xv,
1039 561 1082 589 32.
1096 562 1221 590 Omnino
1230 563 1308 591 enim
1317 563 1467 598 probabile
1477 563 1602 597 videtur,
1614 562 1691 598 quod
1704 561 1800 598 suspi-

975 608 1058 634 catur
1072 606 1116 634 vir
1130 606 1320 635 doctissimus
1331 607 1493 636 Flaminius
1505 607 1639 635 Nobilius
1649 606 1678 634 in
1692 606 1798 634 librum

976 651 999 678 II
1028 651 1110 686 Reg.,
1136 651 1210 679 duas
1230 651 1321 680 fuisse
1344 660 1428 680 voces
1452 651 1466 678 ὁ
1481 651 1591 689 Ἀραχὶ,
1609 651 1797 688 ἀρχιεταῖρος,

975 698 1008 722 ut
1024 695 1114 731 habgt
1128 695 1216 723 editio
1228 695 1508 732 Complutensis,vel
1524 704 1557 724 ex
1568 693 1798 732 duabus,’Apaxt

972 741 1000 767 et
1015 738 1133 775 ἑταῖρος,
1149 748 1237 768 unam
1253 749 1318 769 esse
1333 740 1489 769 conﬂatam
1505 739 1690 777 ἀρχιεταῗρος,
1701 739 1796 774 σΙιιιιςί,

971 784 1073 811 Arachi
1086 784 1172 819 ﬁlius,
1191 785 1277 813 racius
1293 785 1386 813 David.
1404 785 1449 813 Sic
1472 785 1550 813 enim
1567 785 1612 813 est
1627 785 1656 812 in
1672 783 1798 819 Vulgata

971 828 1073 857 Latina
1086 828 1108 856 ll
1119 829 1186 865 Reg.
1199 838 1257 864 XVI,
1282 830 1332 857 19:
1350 829 1453 858 σὴν,εαί
1467 830 1610 858 Arachifes
1623 829 1730 857 amicus
1744 829 1796 856 Da-

970 873 1032 907 vid;
1050 874 1127 902 unde
1144 874 1250 902 factum
1265 876 1310 902 est
1324 883 1421 903 errore
1436 873 1672 908 librariorum,ut
1686 881 1793 901 nomen

91 919 147 967 bus
159 916 467 967 circumspiciuntur.»
480 915 631 943 Pliniusin
643 916 823 968 Panegyriroz
839 915 917 968 «ll-ita
931 935 955 968 Β
973 918 1072 946 Arachi
1103 920 1293 955 repeteretur,
1323 918 1528 956 legereturque
1552 918 1566 946 ὁ
1587 917 1686 955 Ἀραχὶ
1715 917 1792 955 ἆρχι-

91 961 234 998 principis
245 969 369 989 censura
377 964 519 996 estesque
536 963 694 996 perpetua:
711 960 746 988 ad
763 960 840 987 hanc
849 959 916 987 diri-

93 1007 202 1042 gimus.
218 1017 229 1033 ι
247 1005 436 1040 Claudianus,
454 1006 490 1032 De
500 1006 600 1041 quarto
616 1005 733 1032 Honorii
745 1004 870 1033 consul;

558 1066 745 1103 .Componitur
759 1067 832 1094 orbis

126 1105 208 1139 Regis
222 1103 263 1131 ad
275 1103 443 1136 emplum,
457 1110 509 1130 nec
523 1103 562 1131 sic
576 1103 715 1138 inﬂectere
729 1111 826 1130 sensu:

126 1141 265 1168 Humano:
280 1139 368 1167 edicta
383 1139 484 1173 valent,
500 1147 583 1174 quam
599 1140 660 1166 vita
674 1139 804 1174 regentis.

126 1202 186 1230 Col.
202 1202 256 1229 226
271 1201 305 1229 D.
324 1201 377 1236 Qui
386 1201 514 1237 polentia
528 1201 627 1229 Graeca
653 1203 760 1228 sonant
774 1209 808 1228 ex
822 1199 917 1228 verbis

91 1246 236 1280 Cornarii,
253 1257 268 1272 ι(
285 1246 335 1282 qui
347 1253 467 1273 avarum
484 1245 618 1273 imitatur
633 1248 684 1273 aut
699 1245 801 1280 alium,
817 1244 867 1280 qui
884 1252 918 1272 ex

92 1291 150 1319 alia
165 1294 291 1327 quadam
307 1290 420 1318 malitia
435 1289 548 1318 civilem
565 1289 692 1325 aliquam
710 1289 852 1318 illustrem
866 1297 918 1325 po-

92 1338 230 1365 testatem
243 1335 366 1371 adeptus
377 1336 487 1369 est,aut
502 1334 634 1371 gentium
646 1335 802 1371 imperium
819 1333 917 1368 habet,

93 1384 144 1410 aut
158 1380 340 1409 exercituum
357 1380 415 1408 dux
430 1382 503 1407 est.¢
517 1378 814 1415 Omisitinterpresﬁﬁ
829 1377 918 1413 ἄλλης

93 1425 167 1456 τινὸς
197 1423 342 1462 πονηρίας·
378 1426 408 1452 et
432 1424 519 1460 paulo
545 1427 613 1460 post
640 1425 688 1450 τοῦ
718 1422 919 1459 ζηλονουμὲνου

94 1478 250 1507 perperam
277 1469 431 1505 expressit,
455 1480 469 1494 (ι
487 1477 573 1504 quem
595 1468 772 1496 imitatorem
789 1467 886 1501 habet,
907 1479 917 1491 ι

94 1523 164 1543 cum
177 1515 304 1542 scribere
317 1513 478 1547 debuisset,
493 1521 559 1541 cum
570 1513 738 1546 Curnario,«
753 1513 817 1548 ejus
833 1520 919 1548 quem

95 1559 242 1587 imitatur.
261 1569 275 1583 υ

129 1603 192 1637 Col,
208 1603 261 1630 227
277 1606 299 1630 A
326 1603 375 1654 10..
393 1602 453 1655 Etsi
475 1605 654 1655 alitem‘quaa.
676 1602 832 1651 Interpres,
853 1610 865 1624 ε
891 1600 921 1628 Si
937 1622 959 1655 C

96 1650 207 1679 antem,
228 1655 291 1683 qua:
304 1647 376 1683 ccepi
386 1647 483 1675 dicere
495 1647 529 1673 de
537 1646 664 1674 vitandis
675 1649 740 1674 ante
751 1645 849 1673 omnia
859 1653 921 1673 ma-

99 1693 147 1726 lis,
165 1693 260 1728 deque
271 1692 449 1728 profectione
461 1699 511 1726 per
522 1691 599 1718 bona
607 1699 695 1727 opera
705 1690 924 1725 oonsequenda,

99 1737 152 1765 hoc
169 1745 306 1764 sermone
320 1744 378 1764 non
395 1735 517 1763 absolvi.
536 1746 550 1760 »
565 1735 595 1763 In
610 1735 718 1771 quibus
733 1734 830 1763 verbis
844 1736 926 1762 trun-

98 1783 194 1809 catam
205 1780 296 1808 fuisse
304 1780 481 1808 sententiam
489 1778 927 1808 auctorislectoranimadvertit

134 1825 197 1854 Col.
217 1825 271 1852 230
285 1826 308 1853 A
330 1825 357 1852 7.
383 1825 468 1852 Irrita
481 1823 624 1860 faciendo.
642 1824 806 1860 Legebatur
829 1825 926 1857 antes,

99 1881 114 1895 «ι
128 1870 159 1897 in
181 1869 323 1898 irritando
339 1869 380 1897 ita
391 1871 541 1897 strenuam
553 1877 586 1897 ac
598 1869 700 1896 fortem
711 1876 860 1904 operam.»
870 1868 927 1896 Vo-

102 1916 270 1943 laterranos
286 1913 455 1950 scripserat,
474 1923 487 1938 ιι
503 1912 659 1941 consilium
681 1913 816 1947 irritavit,
841 1915 929 1948 atque

101 1959 143 1987 ita
159 1960 322 1987 strenuam.
340 1969 355 1983 η
378 1957 554 1986 Tilmannus
571 1958 694 1986 fortasse
709 1957 764 1985 hoc
776 1959 860 1993 pacto
871 1957 929 1984 im-

102 2005 255 2037 mutaret;
273 2013 287 2028 ι(
304 2002 425 2031 consilia
447 2002 616 2032 irritandoa
633 2003 710 2038 quod
725 2002 856 2030 Latinum
871 2010 930 2030 non

104 2050 159 2076 est.
178 2046 302 2075 Basilius
317 2047 407 2075 dixit:
426 2045 546 2074 διαλύων
563 2044 591 2073 δὲ
605 2046 653 2077 τὰς
669 2046 780 2084 βουλάς,
794 2058 808 2072 ‹‹
833 2047 929 2075 consi-

101 2092 141 2120 lia
151 2099 221 2119 vero
240 2091 441 2127 Achitophelis
451 2091 505 2119 viri
519 2091 652 2119 acerrimi
663 2094 692 2119 et
704 2091 842 2119 ductandi
853 2099 932 2119 exer-

106 2137 183 2165 citus
199 2136 373 2172 peritissimi
386 2136 513 2164 reddens
529 2135 612 2163 irrita
628 2138 777 2164 strenuam
795 2143 828 2164 ac
846 2136 897 2164 l'or.
914 2147 929 2162 ν

106 2183 193 2209 Porro
204 2180 282 2216 quod
291 2180 331 2208 ait
342 2179 389 2208 hic
400 2179 528 2208 Basilius
538 2179 628 2208 Chusi
639 2179 751 2208 socium
763 2183 792 2208 et
802 2180 931 2208 amicum

103 2225 223 2254 Davidis
235 2225 328 2253 filium
340 2225 431 2254 fuisse
443 2224 546 2253 Arachi
563 2233 619 2253 non
628 2225 855 2259 Jemeni,verum
866 2227 911 2253 est
924 2234 930 2253 :

104 2270 146 2298 sic
156 2269 238 2298 enim
251 2269 394 2306 scriptum
406 2269 586 2306 reperiturll
600 2269 671 2306 Reg,
690 2278 760 2304 xvn,
780 2270 798 2297 5
823 2279 829 2298 :
846 2269 932 2296 καλι-

970 972 1014 989 ετα
1020 972 1086 989 100(-

1005 973 1027 989 ιι
1047 972 1060 989 ο
1081 984 1086 989 .

1005 972 1132 1035 (1:1.‘231
1148 1007 1169 1035 C
1187 1008 1214 1035 3.
1243 1008 1316 1036 Vade
1337 1009 1366 1036 in
1381 1016 1454 1044 pace.
1478 1008 1543 1035 Haec
1559 1007 1658 1035 addita
1673 1008 1742 1034 sunt
1756 1013 1790 1034 ex

970 1051 1043 1080 Oliv.
1059 1054 1088 1079 et
1101 1052 1243 1088 Anglicis,
1257 1060 1320 1088 quae
1336 1052 1486 1080 adduntur
1497 1052 1586 1080 etiam
1598 1051 1681 1079 Lucas
1691 1050 1790 1085 vn,50;

971 1095 1042 1124 illud
1055 1104 1132 1131 vero,
1145 1097 1207 1124 Fiat
1217 1097 1279 1132 tibi,
1295 1097 1363 1124 sicut
1376 1097 1530 1129 credidisti,
1543 1095 1672 1124 Matthei
1682 1094 1794 1128 vux,t3.

1007 1145 1066 1173 Col.
1092 1146 1147 1173 234
1174 1147 1195 1172 Β
1224 1145 1250 1173 4.
1274 1147 1332 1173 Fon
1347 1146 1435 1174 solum
1450 1147 1559 1181 recepto
1572 1143 1796 1173 Emendandum

971 1190 1051 1218 hunc
1065 1189 1162 1218 locum
1179 1198 1243 1218 esse
1254 1198 1547 1225 monueramus,cum
1560 1189 1702 1217 edidisset
1711 1188 1800 1216 inter-

973 1243 1069 1270 pres,«
1085 1243 1143 1262 non
1155 1233 1250 1262 solum
1265 1235 1294 1262 in
1311 1234 1463 1271 praemium
1476 1233 1594 1270 aliquod
1606 1232 1675 1261 boni
1688 1233 1717 1260 et
1729 1231 1798 1260 mali

973 1279 1115 1314 accipere,
1129 1279 1180 1307 sed
1192 1278 1221 1306 in
1241 1279 1388 1307 actionum
1402 1278 1558 1315 principio,
1577 1277 1766 1312 ut,Re.‘rtbue,
1784 1287 1799 1301 »

973 1324 1048 1360 psal.
1062 1331 1156 1357 cxvm,
1170 1324 1212 1351 17.
1231 1323 1262 1351 In
1279 1332 1366 1360 quem
1387 1323 1483 1351 locum
1505 1325 1533 1351 et
1543 1322 1573 1350 in
1582 1322 1730 1358 psalmum
1745 1329 1798 1348 cxv

973 1368 1106 1396 scribens
1117 1368 1202 1396 Fran.
1213 1367 1354 1397 Vatablus
1376 1360 1586 1402 admonethn:
1600 1366 1722 1394 verbum
1740 1365 1796 1393 He-

974 1412 1116 1445 braicum,
1133 1412 1210 1448 quod
1229 1412 1386 1440 retribuere
1402 1414 1497 1447 sonat,
1513 1411 1591 1440 sumi
1606 1419 1657 1447 pro
1686 1409 1798 1438 beneﬁ-

975 1457 1053 1484 cium
1070 1457 1211 1490 oonl‘erre,
1227 1459 1256 1485 et
1271 1456 1494 1485 retributionem
1511 1464 1562 1492 pro
1578 1454 1727 1484 beneﬁciis
1738 1453 1799 1489 qui-

974 1501 1320 1537 busve.Euthymius;qui
1333 1500 1506 1537 plerumque
1515 1500 1591 1528 solet
1602 1499 1700 1527 Basilii
1711 1499 1800 1526 verba

975 1548 1114 1582 repetere,
1138 1545 1185 1572 hic
1207 1545 1279 1573 dicit
1296 1543 1474 1572 ἀνταπόδοσιν
1491 1545 1569 1573 sumi
1592 1543 1651 1571 ἀντὶ
1665 1546 1716 1578 τῆς
1731 1542 1800 1570 ἀπσ-

978 1588 1088 1625 δόσεως,
1097 1590 1319 1618 retributionem
1329 1598 1380 1626 pro
1391 1590 1556 1618 redditione
1568 1597 1574 1617 :
1594 1587 1632 1616 To‘
1649 1586 1678 1615 δὶ
1689 1589 1800 1625 πρῶτον

977 1637 1027 1669 τῆς
1057 1631 1262 1664 ἄνταποὸόσιιυς
1292 1634 1389 1670 ὄνομα,
1413 1634 1640 1671 καταχρηστικῶς
1666 1631 1724 1660 ἀντὶ
1750 1635 1802 1666 τῆς

979 1677 1135 1709 ἀποδόσεως
1152 1677 1291 1713 εἷ’ληπται.
1314 1678 1391 1710 Δόσις
1416 1678 1463 1715 μὶν
1484 1677 1534 1716 γάρ
1559 1679 1577 1713 ἡ
1603 1677 1728 1715 καταρχή
1753 1677 1802 1711 τῆς

980 1723 1100 1754 εὐποιίας
1115 1723 1133 1758 ἢ
1149 1722 1303 1755 κακώσεως,
1320 1722 1450 1754 ἀπόδοσις
1476 1721 1504 1750 δὲ
1530 1724 1548 1757 ἡ
1576 1724 1624 1750 τοῦ
1636 1721 1699 1750 *ίσου
1728 1721 1802 1749 ἐντι-

982 1768 1123 1806 μέτρησις,
1146 1766 1323 1798 ἀνταπόδοσις
1348 1766 1377 1795 δὲ
1399 1766 1508 1804 δευτέρα
1531 1777 1573 1798 τις
1596 1764 1737 1800 καταϐολὴ
1759 1775 1804 1793 κα·

980 1814 1034 1840 κῶν
1051 1812 1068 1846 ἢ
1084 1812 1175 1840 καλῶν
1200 1812 1253 1840 ἀπὸ
1280 1814 1335 1839 τῶν
1363 1811 1464 1840 δόντων
1494 1811 1532 1844 εἷς
1557 1811 1620 1842 τοὺς
1639 1809 1802 1841 ἆποδόντας’

984 1869 995 1882 ιι
1013 1857 1222 1885 Retributionis
1238 1857 1357 1885 nomine
1373 1857 1468 1892 primo
1483 1856 1547 1884 loco
1569 1855 1728 1892 improprie
1756 1855 1804 1882 hio

983 1910 1055 1929 usus
1071 1903 1180 1937 ast,pro
1192 1901 1439 1929 redditione.Nam
1451 1900 1500 1936 qui
1511 1901 1619 1928 bonum
1631 1901 1682 1928 aut
1691 1898 1803 1926 malum

984 1945 1100 1981 aliquod
1114 1944 1364 1981 primusinfert,is
1379 1945 1448 1973 dare
1464 1944 1591 1972 dicitur:
1608 1943 1805 1972 redderevero

983 1991 1010 2018 is
1024 1990 1072 2026 qui
1100 1989 1176 2017 datis
1204 1997 1303 2025 parem
1332 1989 1425 2017 vicem
1441 1988 1563 2016 tribuit:
1581 1987 1742 2016 retribuere
1756 1995 1806 2014 au-

984 2037 1055 2069 tem,
1070 2033 1115 2062 vel
1131 2032 1337 2069 ἀνταποδοῦναι,
1353 2036 1455 2061 contra
1468 2033 1639 2066 retribuere,
1651 2032 1676 2060 is
1687 2032 1806 2065 dicitur,

985 2079 1036 2116 qui
1049 2079 1209 2107 secundam
1219 2078 1427 2107 beneﬁciorum
1443 2079 1494 2106 aut
1507 2077 1682 2113 injuriarum
1693 2075 1807 2105 vicissi-

985 2124 1117 2152 tudinem
1133 2123 1238 2151 reddit.
1257 2134 1268 2148 ι

1021 2172 1077 2201 Csl.
1094 2173 1146 2200 238
1162 2172 1183 2200 Β
1199 2172 1243 2200 14.
1266 2172 1368 2200 Rursus
1391 2171 1504 2200 dictum.
1527 2170 1688 2207 Legebatur
1711 2169 1808 2204 antea,

987 2229 1001 2243 «
1011 2220 1126 2246 Rursus
1135 2216 1334 2251 dicit,Judicio
1349 2216 1505 2244 contendet
1514 2215 1658 2244 Dominus
1666 2214 1808 2242 adversus

987 2269 1102 2290 omnem
1121 2268 1247 2289 carnem.
1268 2272 1282 2285 η
1299 2261 1330 2289 In
1353 2261 1468 2289 olivarii
1495 2260 1604 2294 codice,
1633 2258 1807 2296 κριθήσεσθαι

107 2323 170 2341 cura
200 2313 246 2340 τὸν
274 2303 360 2341 Χουσὶ
390 2303 450 2340 τὸκί
469 2313 577 2351 Ἀραχί·
607 2303 702 2342 νοὲὰιθ
731 2303 815 2342 Chusi
842 2314 925 2349 ﬁlium

985 2304 1095 2342 Κύριον.
1112 2305 1245 2333 Arbitror
1260 2307 1359 2333 tamen
1375 2304 1508 2333 Jeremiaa
1524 2305 1622 2333 locum
1643 2303 1727 2332 citari
1743 2311 1809 2339 cap.

105 2358 229 2386 Arachi:
245 2358 295 2386 sed
322 2358 445 2386 dubium
469 2360 523 2394 est,
540 2367 577 2386 an
593 2358 643 2387 ille
658 2359 698 2387 sit
712 2358 765 2387 iste
780 2358 879 2393 Chusi,
896 2359 932 2387 de

106 2411 163 2439 quo
178 2403 212 2430 tit
228 2402 338 2430 mentio
351 2402 381 2430 in
397 2402 487 2439 hujus
504 2402 610 2439 psalmi
623 2403 728 2431 titulo:
745 2411 812 2431 cum
821 2403 870 2431 hic
880 2403 933 2431 He-

105 2447 205 2475 braice
220 2446 383 2483 appelletur
396 2451 453 2477 im:
468 2447 558 2482 Chns,
574 2455 625 2484 per
644 2447 733 2483 Caph,
744 2448 821 2476 unde
844 2447 932 2476 Scho-

106 2491 180 2520 linm
197 2491 331 2520 Giaacum
356 2501 373 2520 a
390 2491 506 2521 Nobilio
530 2492 652 2520 citatum
680 2492 768 2520 vertit
790 2490 932 2526 Αἰθίοπος,

106 2537 258 2573 Ειὴἰορίε,
272 2536 316 2565 vel
331 2537 433 2573 putius
450 2545 528 2565 unus
535 2545 570 2565 ex
584 2536 679 2564 tribus
695 2536 826 2573 antiquis
841 2537 933 2564 inter-

107 2581 253 2618 pretibus,
269 2581 384 2617 Aquila,
400 2581 588 2618 Symmacho,
614 2583 644 2609 et
657 2581 866 2616 Theodotione,
882 2589 934 2617 pro

106 2625 191 2654 Xouat
218 2627 306 2654 vertit
329 2627 378 2653 τοῦ
404 2625 548 2662 Λῖθίοπος,
576 2627 608 2654 ut
631 2627 746 2654 constat
765 2634 799 2654 ex
813 2625 935 2653 homilia

107 2670 314 2708 Chrysostomi
326 2670 356 2698 in
368 2670 448 2698 hunc
463 2671 612 2707 psalmum
626 2679 632 2699 :
650 2673 679 2699 at
690 2670 738 2699 ille
748 2670 821 2699 alter
831 2670 857 2698 ΙΙ
867 2669 936 2698 libri

109 2715 222 2752 Regum
243 2720 328 2749 nam,
351 2723 403 2751 per
426 2715 507 2750 Ceth,
530 2715 638 2744 Chusai
654 2715 798 2744 'dicitur:
816 2714 936 2744 tametsi

110 2759 307 2796 Septuaginta
322 2759 478 2796 utrobique
496 2760 678 2796 scripserunt
698 2759 792 2788 Χουσί.
809 2760 864 2788 Sed
880 2759 935 2787 Va-

109 2804 210 2832 tablus
225 2803 344 2832 Saulem
357 2806 440 2840 putat
450 2803 498 2832 bio
507 2804 604 2833 vocari
623 2805 713 2838 Chus,
728 2804 757 2832 id
770 2807 814 2833 est
827 2804 935 2833 Ethio-

111 2856 176 2885 pem
193 2847 289 2877 ﬁlium
304 2848 425 2884 Jcmini,
449 2848 461 2877 Ι
478 2849 545 2885 Reg.
564 2857 602 2885 IX,
617 2849 664 2882 21,
683 2849 758 2885 quod
774 2849 847 2878 atris
859 2850 936 2878 esset

985 2358 1048 2383 xxv,
1062 2349 1107 2385 31,
1122 2348 1242 2386 κρίνεται
1256 2348 1336 2380 αὐτὸς
1364 2349 1432 2386 πρὸς
1460 2351 1546 2376 πᾶσαν
1577 2348 1671 2386 σάρκα·
1697 2355 1765 2376 nam
1781 2349 1811 2375 et

986 2393 1071 2422 illum
1087 2393 1170 2422 video
1190 2393 1283 2422 notari
1301 2394 1330 2421 in
1346 2393 1478 2430 margine
1506 2394 1621 2422 Catenae
1644 2395 1810 2421 Graecorum

986 2438 1104 2466 Patrum
1118 2439 1147 2465 in
1161 2438 1416 2474 Psalmo:,Daniele
1431 2438 1559 2466 Barbare
1574 2438 1744 2474 interprete,
1759 2435 1811 2472 qui

987 2482 1066 2510 haud
1082 2482 1155 2510 satis
1165 2483 1297 2518 apposite
1310 2483 1424 2518 vertit,«
1436 2483 1594 2511 Dominum
1607 2482 1811 2518 judicaturum

988 2535 1104 2555 omnem
1120 2535 1268 2554 carnem.»
1283 2527 1336 2556 Sed
1353 2529 1382 2556 et
1397 2527 1457 2556 illic
1468 2530 1495 2555 et
1511 2528 1588 2564 apud
1598 2526 1739 2554 Basilium
1754 2533 1813 2552 mo-

988 2572 1048 2600 lius
1071 2571 1194 2600 fortasse
1220 2571 1366 2608 legeretur
1382 2571 1487 2609 εἵρηται
1500 2571 1635 2608 κρίνασθαι
1651 2569 1761 2606 Κύριον,
1777 2571 1811 2596 ut

989 2617 1024 2644 ad
1053 2616 1152 2653 ipsum
1181 2616 1366 2653 prophetam,
1395 2625 1462 2644 cum
1485 2618 1625 2652 sequatur
1641 2615 1688 2642 hic
1717 2612 1810 2640 ἑαυτὸν

990 2657 1141 2689 ὑποϐάλλει
1156 2661 1190 2698 τῇ
1207 2661 1304 2698 κρίσει,
1323 2673 1333 2687 ι
1350 2663 1414 2690 acta
1429 2663 1509 2695 sunt,
1535 2659 1648 2696 judicio
1679 2657 1811 2694 seipsum

990 2705 1302 2742 subjicit.»Delendum
1309 2706 1388 2734 enim
1397 2705 1521 2734 estillud
1529 2703 1811 2739 «uniuscujusque.»

1025 2759 1085 2787 Col.
1100 2759 1154 2787 239
1179 2760 1201 2787 D
1217 2760 1244 2788 9.
1273 2760 1366 2793 Multa,
1397 2760 1498 2796 inquit.
1528 2759 1588 2786 lmo
1608 2757 1663 2786 hoc
1678 2757 1734 2786 sibi
1749 2755 1812 2785 vult

990 2802 1117 2832 Basilius
1134 2811 1140 2831 :
1157 2815 1171 2829 ι(
1186 2804 1287 2837 Multa,
1303 2804 1408 2840 inquit,
1424 2804 1459 2832 de
1471 2802 1589 2838 justitia
1603 2802 1661 2830 dici
1675 2803 1811 2838 possunt,

991 2849 1020 2876 et
1036 2847 1170 2884 perfecta;
1180 2848 1303 2884 justitiaa
1317 2848 1390 2877 lines
1402 2847 1617 2884 comprehenso
1627 2849 1697 2876 sunt
1710 2846 1812 2876 (111⁵1ἰοὶ-
