2011 3142
209 174 287 205 10115

803 176 920 207 NOTAE
941 176 1162 207 FRONTONIS
1183 176 1315 208 DUCIEl

1830 177 1907 207 1016

208 239 277 268 les.»
293 239 426 268 Similem
437 240 526 268 habes
538 240 713 269 locutionem
722 243 799 277 apud
812 242 980 278 Apostolum
993 243 1029 270 ad

1095 242 1191 270 )salmi
1208 243 1282 278 fuit;
1298 242 1412 277 Ὀμιλία
1440 242 1507 269 κατᾶ
1534 241 1709 278 τοκιζόντων,
1738 242 1784 268 καὶ
1810 241 1848 272 εἷς
1875 242 1908 269 τὸ.

208 284 357 319 Hebraeos,
370 293 398 318 v,
417 285 468 313 11:
488 285 552 322 Περί
573 284 604 312 οὗ
628 284 716 317 πολὺς
737 286 804 322 ἡμῖν
826 286 839 312 ὁ
862 285 956 323 λογος,
985 286 1030 313 καὶ

210 326 425 364 δυσερμήνευτος
441 327 539 366 λέγειν·
560 342 569 354 ι
582 330 620 358 De
630 339 687 367 quo
697 331 781 359 nobis
792 332 913 368 grandi!z
923 339 1030 364 sermo,

209 375 238 400 et
251 373 512 410 ininterpretahilis
529 375 563 403 ad
580 375 748 403 dicendum.
767 387 777 400 ι
795 377 882 404 Paulo
899 378 964 412 post
979 385 1030 412 pro

209 420 325 455 γεννητῇ
342 418 416 456 φύσει
431 420 587 456 aliquando
599 421 739 457 suspicati
755 430 858 450 sumus
868 421 963 456 aptius
974 421 1030 457 legi

211 471 297 499 posse
318 465 429 500 γενητῇ,
457 476 471 489 ‹‹
497 467 600 492 (ποιήσι
626 468 748 498 naturae,
773 477 786 491 ››
817 466 894 501 quod
914 466 1030 502 γεννητῇ

211 519 225 532 ‹‹
238 511 419 544 generatam,
435 519 446 533 ι
458 509 501 537 vel
513 521 527 535 «ι
541 510 729 546 generatione
741 511 912 546 productam
923 522 937 535 »
947 513 1032 539 sonat

212 560 269 588 qua
277 553 402 587 ratione,
413 561 480 581 cum
489 553 525 581 de
535 554 668 590 personis
680 554 835 583 Trinitatis
847 555 952 591 agitur,
969 565 1031 592 γεν-

210 596 321 632 νητός,‹‹
335 597 480 633 genitus,»
492 598 600 627 dicitur
609 599 710 633 Filius,
722 608 779 628 non
791 599 913 636 γενητός,
926 611 940 625 ‹‹
951 608 1031 628 crea-

212 644 271 674 tus,
282 652 296 666 »
317 644 345 670 et
355 642 438 670 Pater
450 641 608 680 ὰγὲννητος,
623 655 637 669 ‹‹
651 652 708 671 ιιοιι
720 644 837 680 genitus
849 652 856 673 :
875 656 888 669 ››
904 652 970 672 cum
987 647 1031 672 ta-

213 695 280 714 men
295 686 324 714 in
340 687 412 723 Oliv,
428 690 456 716 et
477 688 542 716 aliis
564 697 633 716 mss.
660 689 707 716 hic
729 692 897 718 constanter
919 690 1033 727 legatur

211 731 338 767 γεννητῇ,
355 731 428 758 nihil
440 732 614 760 mutandum
630 741 795 769 censemus,
811 742 878 762 cum
892 735 969 770 apud
983 734 1034 762 Ju-

213 775 325 802 stinum
341 775 499 812 Martyrem
515 785 549 804 ex
566 777 718 806 Aristotele
740 776 875 815 ἄφθαρτος
898 778 943 805 καὶ
970 777 1033 815 ἆγε-

213 829 293 853 νητος
309 818 362 854 ὕλη
374 820 417 848 vel
434 820 478 847 καὶ
494 820 639 858 ἀγέννητος
656 823 780 858 dicatur,
800 823 1034 858 incorruptibilis

213 863 257 891 vel
273 864 404 900 ingenita
420 865 480 894 sive
503 866 632 894 increata
655 867 788 901 materia,
803 869 832 895 et
850 867 880 894 in
897 867 1033 895 Exhorta-

211 909 286 937 tione
301 909 335 937 ad
350 911 472 962 ‘Grascos:
501 911 551 938 Τὸν
569 911 616 948 μὲν
638 911 784 948 ἀγέννητον
801 910 887 938 ἀΐδιον
905 911 972 939 εἶναι
989 911 1034 938 λὲ-
1050 929 1074 962 Β

211 963 302 990 γοντα,
315 954 381 985 τοὺς
395 953 423 982 δὲ
437 955 583 993 γεννητοὺς
598 956 615 990 ἢ
633 955 868 994 δημιουργητούς.
885 970 898 983 ιι
916 957 1032 994 Ingeni-

212 999 275 1025 tum
291 998 411 1033 quidem
426 1000 639 1036 sempiternum
651 1008 726 1033 esse,
736 1000 850 1037 genitos
864 1004 962 1028 autem
974 1001 1035 1029 sive

214 1040 357 1069 conditos.
375 1052 390 1067 ››
407 1042 506 1077 Itaque
521 1043 636 1079 γεννητά
656 1052 868 1080 nonnunquam
884 1044 1034 1079 dicuntur,

214 1094 278 1121 quae
292 1086 395 1121 quovis
409 1087 496 1115 modo
511 1090 664 1123 procreata
677 1091 756 1116 sunt.

250 1139 310 1167 Col.
325 1140 379 1167 243
393 1139 414 1167 C
438 1140 481 1168 lli.
508 1141 560 1174 Qui
581 1142 654 1169 eruit
669 1150 720 1170 me.
739 1142 787 1170 Sio
801 1141 987 1170 restituimus
1003 1150 1037 1169 ex

215 1183 335 1212 Genesis
348 1193 428 1220 XLIII,
446 1185 581 1213 16.Paulo
598 1188 664 1222 post
676 1186 760 1220 illud,
780 1198 793 1211 ιε
806 1186 965 1222 Obliquum
978 1195 1035 1214 non

216 1226 369 1263 dirigetur,
386 1239 400 1253 ιι
418 1228 552 1256 nonnihil
565 1230 754 1258 immutatum
770 1233 814 1258 est
829 1239 846 1258 α
859 1231 974 1258 Basilio.
991 1231 1036 1258 Sic

217 1271 294 1299 cnim
311 1271 418 1308 legitur
433 1273 612 1302 Ecclesiaste:
635 1283 654 1309 ι,
680 1276 732 1303 15;
759 1274 975 1312 Διεστραμμὲνον
1006 1274 1037 1302 οὗ

217 1314 360 1351 δυνήσεται
383 1317 610 1354 ἐπικοσμηθῆναι*
637 1331 651 1346 (ι
680 1320 850 1348 Perversum
872 1329 929 1349 non
955 1323 1037 1357 pote-

217 1361 255 1389 rit
268 1362 404 1390 adornari
417 1371 423 1391 :
441 1374 456 1388 ››
470 1363 596 1400 Vulgata
611 1364 722 1399 Latina,
748 1376 762 1390 «
777 1366 903 1393 Perversi
920 1365 1038 1393 difﬁcile

217 1407 422 1444 corriguntur:
439 1419 453 1434 ιτ
469 1411 499 1436 at
512 1408 625 1444 psalmo
640 1418 752 1445 cxxxnx,
769 1411 820 1437 l2:
838 1410 918 1446 Ἀνὴρ
946 1409 1037 1448 γλωσ-

217 1449 308 1486 σώδης
328 1452 359 1479 οὐ
375 1453 627 1488 κατωθυνθήσεται”
651 1466 665 1480 ι(
682 1455 733 1483 Vir
747 1455 902 1491 linguosus
917 1464 974 1483 non
993 1456 1038 1483 di-

217 1495 339 1532 rigetur.
356 1508 370 1522 ››

254 1553 327 1582 lbid.
343 1555 366 1583 D
382 1555 408 1583 1.
423 1556 496 1584 Nam
509 1557 814 1592 quisquisﬂornarius,
830 1568 842 1584 ι
859 1558 912 1590 Qui
928 1557 1006 1586 enim
1022 1567 1039 1586 a

1085 284 1235 322 λειπόμενα
1248 288 1297 314 τοῦ
1314 285 1350 313 ιδ’
1363 286 1485 323 ψαλμοῦ.

1121 331 1178 358 Col.
1196 332 1249 358 278
1263 332 1285 359 A
1298 332 1321 359 1.
1340 331 1485 360 Creditore.
1501 331 1675 360 Addendum
1689 333 1743 364 est,
1757 332 1861 367 inquit,
1877 332 1907 358 ut

1086 378 1200 404 constet
1210 385 1275 404 esse
1285 377 1374 404 verba
1384 377 1499 412 Scriptu
1505 384 1620 412 remque
1631 376 1760 412 reperies
1770 375 1907 403 Proverb.

1086 429 1161 455 XXIX,
1187 421 1239 448 i3:
1270 422 1414 448 Δανειστοῦ
1445 420 1489 447 καὶ
1525 419 1729 458 χρεωφειλέτου
1768 417 1908 454 ἀλλήλοις

1087 463 1278 498 συνελθόντων,
1296 464 1383 492 ἐπισκ.
1402 477 1416 490 ‹‹
1434 466 1506 493 Dum
1523 465 1679 500 fenerator,
1696 465 1804 500 inquit,
1816 468 1845 492 et
1860 464 1911 492 de-

1085 509 1163 537 bitor
1178 508 1254 537 inter
1269 518 1300 538 se
1324 510 1511 538 conveniunt.
1537 520 1550 534 »
1572 509 1729 537 Carnarius
1756 516 1793 536 ex
1809 508 1911 536 Grrco

1086 554 1198 589 Basilii,
1215 566 1229 580 α
1245 554 1319 582 Dum
1338 555 1481 582 fenerator
1495 556 1524 582 et
1539 553 1654 582 debitor
1665 554 1743 581 inter
1752 561 1785 581 se
1792 552 1911 581 obviam

1085 598 1453 634 venerunt,inrpectionem
1461 601 1652 634 utrorumque
1658 597 1727 625 facit
1737 597 1912 625 Dominus.»

1088 643 1199 679 Excipit
1210 643 1288 671 hunc
1300 643 1396 671 locum
1406 643 1480 671 alter
1490 651 1524 671 ex
1535 643 1636 671 eodem
1647 642 1721 670 libro
1733 642 1872 670 Proverb.
1885 650 1912 675 ν,

1087 688 1139 715 15ι
1157 688 1222 716 Bibe
1241 687 1342 724 aqudm
1365 696 1402 716 ea:
1416 689 1489 716 vasi:
1504 688 1544 715 Ex
1559 688 1658 715 eadem
1674 686 1824 715 sententia
1848 687 1912 714 Pla-

1088 732 1166 760 tonis
1180 732 1272 768 legem
1284 733 1401 768 exponit
1414 732 1587 760 Plutarchus
1598 732 1627 759 in
1638 731 1736 759 libello
1748 733 1788 759 De
1798 732 1914 759 vitando

1087 784 1144 806 aere
1159 776 1325 813 alz'eno,qua
1340 777 1455 805 vetabat
1469 777 1547 804 cives
1558 785 1627 804 suos
1635 776 1736 804 aliens;
1747 784 1832 811 aquae
1845 784 1914 812 par-

1088 821 1191 856 ticipes
1204 820 1263 848 fieri
1276 822 1461 856 prius,quam
1472 820 1551 848 domi
1562 819 1624 848 solo
1635 827 1729 855 usque
1740 820 1775 846 ad
1788 818 1914 855 argilam

1088 866 1240 898 exhausto,
1257 874 1340 901 aquae
1356 865 1383 893 id
1415 865 1514 893 sterile
1542 864 1816 900 deprehendissent.
1845 863 1917 900 Ἀρα

1089 907 1221 936 δέδεικται
1234 909 1296 947 περὶ
1316 909 1469 947 χρημάτων
1485 909 1551 936 εἶναι
1566 908 1660 942 νόμον,
1676 908 1751 939 ὅπως
1769 908 1808 944 μή
1826 906 1916 934 δανεί-

1088 954 1185 989 Εωνται
1211 954 1274 992 παρ’
1290 954 1397 991 ἑτέρων,
1417 951 1481 990 μηδ’
1498 953 1539 981 ἐπ’
1553 951 1702 988 ἀλλοτρίας
1717 952 1809 989 πηγὰς
1833 950 1915 990 βαδί-

1089 1008 1167 1034 σωσι,
1200 999 1237 1034 μὴ
1266 998 1398 1035 πρότερον
1428 997 1499 1025 οἷ’κοι
1531 998 1579 1029 τὰς
1606 997 1694 1024 αὐτῶν
1715 996 1844 1035 ἀφορμὰς
1875 996 1916 1031 ἐξ-

1090 1042 1253 1080 ελέγξαντες·
1272 1053 1286 1070 ε
1302 1043 1404 1071 Nonne
1419 1043 1539 1071 evidens
1555 1045 1600 1071 est
1611 1051 1675 1070 eam
1688 1042 1782 1078 legem
1799 1042 1835 1070 ad
1854 1049 1916 1069 rem

1091 1087 1290 1123 pecuniariam
1301 1087 1495 1123 pertinere,ne
1504 1087 1539 1115 ab
1555 1087 1621 1116 aliis
1631 1088 1768 1115 mutuum
1784 1088 1916 1119 sumant,

1091 1131 1261 1168 alienosque
1283 1132 1377 1160 fontes
1405 1133 1520 1167 adeant,
1549 1140 1606 1159 non
1631 1134 1698 1159 ante
1713 1130 1792 1159 domi
1824 1130 1919 1166 copiis

1091 1176 1154 1204 snis
1168 1176 1365 1204 examinatis?
1382 1187 1396 1201 »

1126 1229 1184 1258 Col.
1201 1231 1255 1257 274
1269 1231 1292 1258 Α
1308 1231 1350 1257 15.
1370 1230 1438 1258 Vasa
1452 1237 1566 1265 quoque.
1592 1229 1673 1266 Legit
1705 1227 1851 1260 ἐσθιόντων
1878 1228 1921 1256 in-

1092 1277 1204 1310 terpres
1220 1277 1253 1302 ut
1265 1283 1299 1302 ex
1314 1273 1443 1310 Anglicis
1458 1274 1654 1302 substitutum
1674 1276 1739 1307 est;
1763 1273 1859 1309 magis
1875 1275 1919 1300 ta-

1093 1327 1159 1346 men
1175 1319 1284 1347 arridet
1292 1319 1464 1347 Basiliensis
1475 1318 1613 1347 editionis
1623 1320 1652 1346 et
1662 1317 1772 1357 codicis
1782 1317 1919 1345 ms.0liv.

1092 1363 1188 1397 lectio,
1205 1363 1363 1398 ἑστιώντων,
1379 1371 1414 1391 ex
1429 1372 1487 1399 qua
1512 1363 1590 1399 apud
1616 1361 1800 1397 Cornerium,
1820 1373 1835 1388 ι
1850 1370 1922 1390 vasa

1093 1411 1121 1436 et
1136 1407 1348 1444 supellectilem
1363 1416 1464 1436 eorum
1485 1417 1502 1435 a
1523 1408 1633 1444 quibus
1654 1406 1785 1435 convivio
1808 1407 1920 1442 excipi-

1092 1455 1150 1480 tur.
1169 1463 1183 1476 »
1199 1452 1306 1480 Eorum
1317 1452 1395 1480 enim
1412 1452 1519 1488 potius,
1535 1452 1585 1488 qui
1601 1451 1731 1480 convivio
1755 1451 1919 1487 excipiunt,

1093 1499 1164 1525 sunt
1177 1505 1256 1533 vasa,
1273 1505 1361 1532 quam
1376 1497 1577 1525 convivarum.

1128 1550 1203 1578 Ibid.
1218 1550 1239 1577 B
1252 1550 1296 1578 M.
1312 1549 1342 1576 Τί
1361 1547 1532 1585 πολυπλόκῳ
1547 1549 1647 1586 θηρίῷ.
1664 1547 1747 1576 Unde
1770 1548 1920 1583 expressit

217 1598 388 1627 fortitudine
413 1600 490 1628 infra
511 1601 649 1636 declinat,
670 1603 831 1630 secundum
850 1602 1037 1630 timiditatem

1095 1594 1262 1628 Carnarius,
1273 1605 1287 1620 «
1300 1594 1373 1627 Quid
1387 1594 1541 1630 multiplici
1552 1593 1650 1622 bestiae
1666 1592 1795 1629 teipsum
1812 1592 1921 1628 adjun-

217 1643 421 1677 pervertitur.»
437 1645 634 1673 Montacutius
649 1654 716 1673 vero
728 1647 857 1682 corrigit,
870 1657 880 1671 α
894 1646 947 1679 Qui
960 1647 1038 1674 enim

218 1687 248 1713 in
262 1687 375 1714 defectu
391 1687 519 1716 declinat
534 1698 550 1716 a
565 1689 823 1718 fortitudine.Nam
839 1692 868 1718 et
883 1691 979 1718 audax
989 1692 1040 1719 de-

219 1730 309 1759 clinat
323 1740 340 1759 a
355 1732 537 1767 fortitudine,
552 1733 602 1761 sed
620 1733 649 1760 in
665 1742 795 1762 excessu.
813 1745 827 1759 »

253 1788 313 1816 Col.
332 1789 386 1816 246
401 1791 423 1816 Β
437 1791 464 1816 2.
480 1790 538 1818 Non
551 1791 694 1819 irascitur.
710 1792 806 1826 Verte,
825 1802 836 1816 ε
851 1794 881 1821 et
894 1801 952 1821 non
966 1793 1041 1821 iram

217 1833 368 1861 adducens
386 1842 438 1869 per
446 1834 580 1871 singulos
591 1835 664 1863 dies.
678 1847 692 1861 ››
702 1836 750 1864 Sic
761 1836 839 1864 enim
851 1837 910 1865 ista
920 1845 1040 1865 conver-

217 1879 322 1905 tuntur
338 1886 354 1906 e
371 1877 469 1906 Graeco
490 1879 554 1907 LXX
574 1881 651 1916 apud
667 1880 696 1908 S.
708 1881 906 1917 Augustinum
917 1883 947 1909 in
961 1882 1041 1910 Psal-

216 1929 283 1955 mos,
295 1923 363 1950 etin
377 1925 501 1959 utraque
516 1923 670 1952 Basilicusi
683 1924 811 1953 editione
821 1925 984 1961 legiturpuxt
1002 1926 1040 1962 μὴ

220 1964 302 2002 ὀργὴν
319 1965 439 2003 ἐπάγων,
461 1967 556 2003 primo
573 1968 654 1996 loco:
680 1970 811 1997 secundo
826 1978 894 1998 vero
917 1971 1041 2006 conjun-

222 2011 279 2039 ctio
293 2010 338 2038 καί
365 2012 523 2046 omittitur,
551 2014 629 2049 quod
645 2014 769 2042 fortasse
784 2015 813 2042 in
829 2023 920 2043 causa
932 2016 997 2048 fuit,
1009 2018 1042 2044 ut

221 2056 381 2085 Flaminius
387 2057 519 2086 Nobilius
525 2061 764 2095 annotaretapud
772 2060 909 2088 Basilium
917 2069 974 2089 non
984 2061 1040 2098 legi

218 2100 262 2127 καὶ
280 2101 331 2137 μή,
348 2101 424 2129 sicut
439 2102 516 2137 apud
533 2103 748 2132 Theodoretum
773 2107 801 2132 et
823 2105 1038 2140 Nicephorum:

220 2148 250 2173 at
263 2145 293 2173 in
309 2154 381 2174 mss.
397 2146 470 2174 Oliv.
485 2147 514 2174 in
531 2149 654 2183 utroque
669 2148 731 2176 loco
747 2149 901 2184 reperitur.

255 2206 315 2234 Col.
333 2207 385 2234 266
401 2209 423 2234 B
436 2209 463 2234 2.
480 2208 537 2236 Non
547 2209 697 2244 fmerabis.
715 2210 808 2238 Locus
823 2212 867 2238 est
884 2211 1039 2240 Deuteron.

220 2259 302 2285 xxm,
320 2252 364 2286 19,
380 2252 431 2280 ubi
445 2252 573 2289 Vulgata
586 2254 696 2287 Latina,
712 2255 772 2282 Non
789 2256 929 2290 [onerabis
955 2257 1042 2291 fratri

1095 1639 1140 1675 gis
1151 1639 1165 1666 ?
1178 1639 1341 1674 eodemque
1356 1639 1442 1666 modo
1457 1639 1487 1666 in
1503 1638 1576 1666 Oliv.
1592 1637 1736 1673 scriptum
1750 1637 1817 1665 fuit.
1843 1637 1924 1665 Sane

1094 1681 1280 1710 πολυπλόκων
1293 1683 1381 1712 etiam
1398 1683 1532 1711 meminit
1554 1683 1714 1718 Scriptura,
1739 1681 1794 1709 Job
1815 1690 1843 1714 ν,
1873 1681 1920 1714 13,

1097 1726 1200 1764 βουλήν
1226 1725 1254 1754 δὲ
1273 1725 1457 1754 πολυπλόκων
1478 1726 1627 1762 ἐξέστησεν,
1649 1727 1796 1754 consilium
1824 1728 1923 1753 autem

1095 1775 1250 1800 astutarum
1263 1772 1383 1806 disiecit.
1401 1772 1457 1800 Sed
1477 1772 1573 1807 aptior
1585 1773 1630 1799 est
1652 1771 1737 1799 lectio
1756 1769 1871 1806 Anglic.
1890 1773 1922 1798 et

1095 1816 1262 1852 interpretis
1276 1815 1431 1852 πολυτόχῳ,
1449 1827 1463 1842 ‹‹
1478 1816 1618 1848 fecundas,
1634 1826 1649 1840 n
1666 1815 1742 1851 quod
1753 1814 1920 1850 epithetum

1096 1860 1207 1888 nomini
1218 1862 1246 1888 et
1256 1862 1366 1888 natura;
1388 1861 1483 1896 magis
1494 1859 1639 1892 convenit,
1663 1859 1741 1887 unde
1753 1861 1783 1886 et
1793 1859 1829 1887 de
1838 1858 1920 1894 lepo-

1095 1905 1177 1932 ribus
1201 1905 1450 1941 superfetantibus
1467 1904 1598 1940 subjicit.
1623 1906 1667 1932 Ita
1680 1902 1754 1940 psal.
1770 1911 1868 1935 cxuu,
1884 1903 1921 1930 ιΙὸ

1094 1949 1128 1976 τὰ
1168 1945 1292 1984 πρόϐατα
1330 1948 1419 1976 αὐτῶν
1458 1947 1609 1984 πολύτοκα,
1639 1956 1701 1977 oue:
1740 1955 1839 1976 eorum
1872 1948 1919 1982 fe-

1095 1999 1174 2023 10³8.

1130 2038 1190 2066 Col.
1206 2039 1259 2066 275
1274 2039 1293 2066 A
1310 2039 1352 2066 15.
1371 2038 1448 2066 Liber
1461 2037 1616 2075 Ἐλιύθιρον
1634 2046 1692 2074 pra
1704 2045 1735 2065 se
1747 2037 1802 2065 fert
1827 2036 1918 2064 etiam

1095 2091 1152 2111 ms.
1163 2082 1247 2118 Oliv.,
1263 2085 1294 2110 at
1303 2083 1520 2111 emendandum
1534 2085 1579 2111 est
1593 2080 1741 2119 ἂλεύθερος.
1757 2081 1800 2109 Ab
1816 2081 1919 2109 eadem

1096 2130 1193 2155 mente
1203 2127 1275 2155 illud
1285 2129 1330 2155 est
1340 2127 1487 2155 Plutarchi
1503 2127 1578 2155 libro
1587 2128 1651 2162 jam
1664 2126 1752 2154 citato
1765 2133 1834 2162 pag.
1845 2125 1898 2153 8'28
1911 2133 1918 2154 :

1094 2171 1189 2207 Ἡμεῖς
1205 2169 1233 2198 δὲ
1247 2171 1297 2205 τήν
1326 2170 1485 2209 αὐτάρκειαν
1509 2169 1704 2208 αἷσχυνόμενοι
1728 2167 1920 2197 καταδουλοῦ-

1097 2226 1144 2252 μεν
1173 2215 1284 2247 ἑαυτοὺς
1312 2215 1461 2251 ὑποθήκαις
1491 2215 1536 2242 καὶ
1570 2212 1763 2251 συμϐολαίοις,
1791 2212 1852 2241 δέον
1879 2213 1920 2244 εἰς

1095 2259 1162 2288 αὐτὰ
1188 2260 1221 2287 τὰ
1252 2261 1380 2297 χρήσιμα
1408 2259 1585 2290 συσταλέντας
1608 2259 1653 2286 καὶ
1682 2259 1919 2296 συσπειραθέντας,

221 2298 268 2323 tuo
287 2295 322 2323 ad
343 2304 460 2324 usuram
476 2297 601 2326 Verbum
625 2299 703 2327 enim
729 2300 866 2327 Latinum
891 2301 1037 2329 fenerandi

1097 2304 1126 2332 ἐκ
1160 2306 1215 2331 τῶν
1243 2305 1389 2342 ἀχρήστων
1423 2304 1468 2332 καὶ
1499 2305 1633 2342 πιριττῶν
1662 2303 1872 2330 κατακοπέντων
1901 2302 1918 2335 ἢ

222 2339 318 2368 solum
334 2342 470 2369 mutuum
482 2342 639 2378 aliquando
650 2343 798 2380 signiﬁcat
812 2353 818 2372 :
835 2347 868 2372 ut
878 2347 1041 2381 Deutsr.xv,

222 2394 257 2420 9:
275 2386 421 2414 Fenerabis
444 2387 570 2422 gentibus
597 2388 704 2422 multis,
726 2391 752 2416 et
777 2389 833 2424 ipse
847 2398 864 2417 a
879 2390 959 2419 nullo
973 2392 1042 2419 τιθεί-

220 2431 282 2466 pie:
297 2435 424 2458 mutuum
439 2441 447 2465 ;
465 2432 542 2467 quod
557 2432 625 2460 LXX
639 2432 737 2461 Graece
747 2433 902 2462 dixerunt:
917 2434 966 2462 Καὶ
995 2433 1044 2462 δα-

222 2473 320 2505 νείσεις
334 2473 418 2502 ἔθνεσι
447 2473 578 2509 πολλοῖς,
608 2475 639 2503 σὺ
666 2475 695 2504 δὲ
723 2478 755 2505 οὐ
789 2477 892 2515 δανειῇ.
923 2479 1043 2508 Hebrai-

220 2527 288 2548 cum
300 2522 346 2548 est
359 2525 434 2552 τοις.
460 2521 496 2547 At
507 2521 562 2549 hoc
584 2520 647 2549 loco
667 2522 788 2550 verbum
812 2525 858 2551 est
879 2530 948 2559 ’ΠΕ-Ἰ,
965 2525 1042 2560 quod

222 2576 235 2589 ιι
254 2565 387 2593 mordere
402 2576 417 2590 η
434 2564 590 2602 signiﬁcat,
607 2568 636 2594 et
666 2578 680 2592 «
702 2568 848 2601 arrodere,
867 2578 881 2593 ι)
897 2570 926 2596 et
939 2566 1043 2596 ὲκτοκι-

222 2611 286 2644 ζειν,
303 2610 359 2638 hoc
373 2612 428 2645 est,
445 2622 458 2636 «
485 2611 520 2639 ad
537 2619 659 2640 usuram
686 2614 824 2640 mutuum
839 2613 917 2641 dare.
931 2624 944 2638 ››
961 2613 1042 2645 Quod

220 2662 287 2683 vero
298 2656 433 2692 sequitur
442 2664 477 2684 ex
483 2656 616 2685 Jeremias
627 2665 665 2690 ix,
677 2657 704 2691 6,
716 2657 850 2685 nonnihil
859 2658 1043 2687 immutatum

221 2702 266 2728 est
281 2701 317 2728 ab
331 2703 459 2736 auctore,
476 2709 543 2729 cum
559 2702 636 2738 apud
649 2702 821 2738 prophetam
838 2703 1044 2739 legaturgréxoq

220 2742 265 2770 ἐπὶ
280 2744 363 2782 τόκῳ,
382 2744 465 2776 δόλος
482 2744 526 2772 ἐπὶ
542 2744 627 2782 δόλῳ.
647 2746 839 2783 Manuscripti
863 2756 930 2775 cum
955 2749 1043 2777 editis

221 2790 419 2818 consentiunt.
435 2791 552 2819 Tertius
564 2791 646 2819 locus
661 2794 707 2820 est
720 2791 937 2827 psalm.uv,l2.
953 2795 1041 2822 Caete-

221 2840 287 2860 rum
303 2833 332 2861 in
348 2835 446 2862 codice
461 2835 533 2864 Oliv.
560 2835 712 2873 inscriptio
738 2836 829 2872 hujus
851 2837 1042 2874 expositionis

1096 2349 1251 2386 πραθέντων
1269 2370 1276 2383 ,
1317 2348 1471 2387 ἒλιυθερίας
1505 2348 1597 2380 αὐτοῖς
1635 2348 1707 2385 ἱερὸν
1749 2346 1918 2385 ἱδρύσασθαι·

1096 2394 1155 2422 Nos
1182 2394 1252 2422 dum
1282 2396 1435 2422 contentos
1464 2401 1528 2422 esse
1557 2394 1668 2422 nostris
1697 2393 1786 2421 rebus
1817 2393 1919 2428 pudet,

1097 2438 1202 2466 dandis
1229 2437 1403 2474 pignoribus
1431 2438 1686 2474 oontractibusque
1711 2436 1920 2465 subeundisin

1098 2482 1268 2511 servitutem
1285 2485 1401 2512 nosmet
1415 2483 1532 2518 damus,
1547 2483 1597 2510 ubi
1614 2484 1748 2519 pareret,
1761 2481 1922 2510 contractis

1098 2528 1133 2556 ad
1150 2527 1235 2556 utilia
1250 2527 1589 2564 cupiditatibus,inutilia
1604 2535 1656 2555 nos
1671 2528 1699 2555 et
1713 2525 1809 2554 otiosa
1822 2526 1920 2554 conci-

1097 2572 1166 2600 dere
1194 2574 1245 2600 aut
1260 2572 1427 2606 divendere,
1442 2572 1541 2608 itaque
1555 2571 1641 2600 nobis
1656 2569 1802 2599 libertatis
1819 2570 1920 2598 fanum

1097 2620 1256 2646 exstruere.
1272 2628 1286 2642 ι)
1302 2617 1442 2653 Sequitur
1455 2616 1537 2645 locus
1563 2616 1640 2653 apud
1657 2615 1799 2644 Basiliam
1815 2615 1921 2652 partim

1097 2663 1133 2690 ad
1148 2662 1268 2690 verbum
1285 2662 1393 2698 partim
1407 2662 1572 2690 imitatione
1585 2669 1752 2697 expressus,
1769 2668 1804 2688 ex
1818 2660 1919 2688 eodem

1097 2706 1172 2735 libro
1188 2706 1333 2734 Plutarchi
1349 2706 1515 2742 descriptus
1529 2714 1595 2742 pag;
1616 2705 1688 2734 830:
1719 2705 1783 2735 Πῶς
1799 2702 1846 2731 οὗν
1863 2702 1918 2731 δια-

1096 2753 1208 2790 τραφῶ;
1240 2751 1327 2779 Τοῦτο
1356 2749 1467 2788 ἐρωτᾷς,
1491 2747 1563 2788 ἔχων
1587 2752 1693 2787 χεῖρας,
1723 2748 1795 2786 ἔχων
1822 2747 1917 2781 πόδας,

1097 2793 1169 2832 ἔχων
1186 2795 1290 2834 φωνὴν,
1306 2793 1447 2832 ἅνθρωπος
1464 2792 1510 2831 ὥν,
1526 2795 1550 2830 ᾦ
1563 2794 1595 2822 τὸ
1610 2793 1701 2833 φιλεῖν
1716 2793 1782 2820 lctis
1807 2793 1854 2820 καὶ
1878 2802 1918 2830 φι-

1098 2838 1226 2874 λεῖσθαι,
1263 2838 1307 2867 καὶ
1343 2839 1376 2866 τὸ
1404 2838 1574 2878 χαρίζεσθαι,
1600 2838 1647 2866 καὶ
1673 2838 1706 2865 τὸ
1734 2837 1916 2876 ιῦχαριπεῖν,
