2011 3142
131 196 209 227 101⁸1

725 197 776 226 AD
799 191 989 225 HOMILIAS
1011 191 1050 222 IN
1071 191 1265 222 PSALMOS.

1759 189 1836 220 lOl8

129 261 281 298 γράμματα
296 259 443 296 διδάσκων,
463 261 509 289 καὶ
532 260 716 299 παιδαγωγων
731 271 737 289 :
755 273 768 287 (‹
793 261 894 289 Dices:
921 262 957 288 At

1015 257 1215 292 Pentecosten,
1232 258 1356 289 stantes,
1373 264 1429 284 non
1445 255 1570 292 genibus
1594 255 1675 283 ﬂexis
1699 255 1831 283 orabant.

130 306 277 341 quomodo
293 306 378 334 alar?
394 306 704 342 Hoccine,inquam,te
720 313 822 342 rogare
838 312 954 340 aequum

131 353 186 385 est,
203 350 254 385 qui
268 350 378 378 habeas
393 359 511 386 manus,
528 351 628 387 pedes,
646 359 744 379 vocem
756 351 769 378 ?
785 359 842 386 quo
868 349 955 377 homo

131 393 183 429 sis,
197 394 248 430 qui
264 397 291 423 et
305 403 404 423 amare
420 396 516 431 possis
533 397 561 423 et
571 395 675 430 amari,
691 395 865 423 beneﬁcium
881 393 956 421 acci-

130 447 199 475 pere
215 441 243 467 et
257 448 342 475 agere
357 440 466 475 gratias
479 441 490 468 ?
505 439 621 468 litteras
641 440 782 475 docendo,
799 447 904 476 pueros
919 437 954 465 li-

129 483 270 511 beraliter
284 484 437 512 formando
451 485 486 512 Ps

165 527 227 556 Col.
240 528 295 556 282
310 529 329 557 C
342 529 368 556 4.
382 529 440 557 Non
455 530 530 557 enim
551 529 666 557 munda.
691 529 893 566 Expunximus
907 527 958 556 illa

129 573 311 609 interpretis,
327 584 341 598 «
356 573 418 601 Non
435 573 514 601 enim
527 575 614 602 castae
630 575 699 602 sunt
714 581 825 609 preces,
843 581 895 600 nec
911 581 957 600 ac-

130 620 225 653 cepta.
244 628 258 642 »
281 617 420 653 Spectant
444 618 522 646 enim
538 618 599 646 hmo
619 618 654 646 ad
680 620 857 654 praceptnm
883 617 956 644 illud

129 662 286 691 Deuteron.
304 671 386 698 χχιιι,
413 663 463 692 18;
489 663 529 692 Οὐ
552 663 709 700 προσοίσεις
733 662 861 700 μίσθωμα
889 662 957 699 πόρ-

128 717 176 740 νης
206 706 276 743 πρὸς
305 709 391 734 πᾶσαν
436 707 534 745 εὐχήν.
576 709 636 736 Non
673 709 768 744 offeres
806 707 957 736 mercedem

128 752 287 780 meretricis
298 752 334 779 ad
348 760 427 781 omne
440 757 544 780 votum.
562 755 647 781 Porro
672 752 741 789 εὐχή
759 761 817 780 non
833 755 876 780 est
899 752 957 779 He-

130 796 233 824 braice
249 789 412 833 nthAuas
426 798 596 835 προσευχήν,
621 798 650 825 id
667 800 721 833 est,
747 797 955 834 precationem,

131 841 292 877 signiﬁcat,
310 842 360 869 sed
377 848 438 875 ΤΠ,
454 850 517 878 quae
531 840 694 880 ὁμολογίαν,
710 844 809 870 votum
826 844 876 870 aut
890 850 957 878 pro-

129 885 268 920 missum,
284 887 317 913 ut
330 885 465 914 Jeremise
479 895 554 920 XLIV,
584 887 637 915 25:
654 887 810 923 Ποιήσομεν
824 886 873 917 τὰς
889 885 955 921 ὁμο-

1009 301 1202 337 Hieronymus
1213 301 1243 328 in
1254 301 1360 336 Dialog.
1377 300 1507 328 adversus
1527 300 1736 334 Luciferlanos:
1755 311 1766 324 ι
1784 299 1835 327 Die

1010 345 1163 373 Dominico
1180 347 1208 373 et
1223 353 1274 381 per
1289 353 1405 372 omnem
1433 346 1619 372 Pentecosten
1636 353 1687 372 nec
1702 345 1737 372 de
1752 344 1835 380 geni-

1011 390 1086 417 culis
1102 391 1234 424 adorare,
1251 392 1279 417 et
1290 389 1438 425 jejunium
1456 388 1577 423 solvere,
1601 388 1752 424 multoque
1767 388 1835 422 alia,

1012 443 1075 471 quae
1092 435 1201 470 scripta
1216 443 1274 462 non
1291 436 1371 468 sunt,
1393 433 1575 461 rationabilis
1600 433 1655 460 sibi
1672 433 1835 461 observatio

1011 479 1199 506 vindicavit.»
1211 479 1290 506 Idem
1302 479 1474 506 Ambrosius
1486 478 1609 505 serm.6t
1621 478 1656 505 de
1668 477 1836 505 Pentecoste

1012 532 1047 550 ex
1075 522 1198 551 concilio
1226 523 1343 551 Nicaeno
1372 531 1435 550 can.
1465 523 1520 549 20:
1549 521 1684 552 Ἑστῶτας
1713 520 1787 556 ἔδοξε
1801 522 1835 558 τῇ

1012 566 1076 604 ἁγίᾳ
1100 565 1204 602 συνόδῳ
1227 567 1275 598 τὰς
1301 566 1385 604 εὐχὰς
1408 563 1567 593 ἀποδιδόναι
1593 567 1633 602 τῷ
1656 568 1733 601 Θεῖν’
1763 578 1776 591 (ι
1801 566 1837 594 Ut

1012 614 1125 640 stantes
1142 613 1176 640 ad
1193 612 1354 640 orationem
1371 613 1436 639 vota
1450 610 1574 639 Domino
1592 611 1759 639 reddamus.
1779 622 1789 635 ι

1048 665 1109 693 Col.
1139 665 1188 692 291
1214 666 1237 693 A
1259 665 1286 692 7.
1315 666 1368 699 Qui
1389 665 1523 701 aspirarit.
1552 664 1776 692 Emendandum
1805 664 1834 692 in

1012 710 1110 738 Graeco
1129 718 1164 738 ex
1178 719 1233 738 ms.
1251 709 1335 744 Oliv.,
1352 708 1559 745 τελειουμένων,
1580 721 1589 733 ιι
1608 709 1637 737 in
1658 709 1773 737 animas
1788 717 1835 736 eo-

1012 763 1078 782 rum
1094 754 1144 790 qui
1155 755 1217 790 jam
1233 754 1341 782 initiati
1358 756 1437 782 sunt.
1449 767 1454 779 ι
1468 754 1623 782 Cornarius
1635 753 1766 789 scripsit,
1776 764 1790 778 ι(
1805 753 1835 780 in

1012 799 1120 827 animis
1136 807 1237 826 eorum
1254 799 1304 834 qui
1317 798 1379 834 jam
1392 798 1595 834 perﬁciuntur.
1612 809 1626 823 »
1644 800 1680 825 At
1695 798 1773 833 quod
1790 805 1833 825 se~

1012 843 1127 879 quitur,
1143 842 1217 879 παρὰ
1230 843 1278 868 τοῦ
1295 840 1394 878 Κυρίου
1418 840 1675 878 μετονομασθέντες,
1690 840 1835 877 interpres

1012 887 1170 922 ediderat,«
1186 895 1237 922 per
1248 886 1448 922 metaphoram
1461 885 1513 914 ﬁlii
1529 885 1650 914 tonitrui
1661 884 1799 921 appellati
1809 896 1836 919 ς»

129 927 225 966 λογίας
254 929 284 960 ἃς
310 928 544 968 ὡμολογήσαμεν·
575 931 717 959 Faciamus
742 935 813 966 vota,
836 938 895 967 quae
910 938 955 958 vo-

1015 931 1177 965 Cornarius,
1195 942 1209 957 «
1224 939 1275 967 per
1290 930 1512 959 translationem
1539 929 1693 966 appellati;
1713 941 1723 954 ι
1750 929 1837 965 quasi

131 975 245 1006 vimus;
260 976 306 1001 et:
336 974 506 1011 Ἐνεμείνατε
519 977 580 1006 ταῖς
611 974 772 1013 ὁμολογίαις
799 975 884 1012 ὑμῶν·
903 976 954 1003 Im-

133 1018 231 1054 plestis
243 1022 304 1046 vota
317 1023 419 1047 vestra.
445 1019 571 1048 Basilius
597 1022 694 1048 autem
724 1020 811 1049 verba
831 1028 956 1056 usurpa-

133 1062 174 1090 vit
203 1062 370 1092 Salomonis
395 1064 616 1092 Proverhiorum
642 1073 701 1098 nx,
729 1065 786 1093 t3:
825 1063 877 1091 Καὶ
906 1062 959 1101 οὐχ

133 1106 209 1144 ἁγναὶ
227 1106 319 1153 εοχαί,
349 1108 398 1135 ubi
424 1108 515 1136 altera
536 1117 591 1136 vox
606 1111 650 1136 est
662 1109 783 1137 Hebrzsa
809 1101 877 1153 ἺΒἹ,
894 1116 957 1144 quae

131 1154 232 1180 votum
246 1152 313 1180 item
330 1153 496 1188 sonat,lieet
511 1154 618 1190 saepius
634 1156 747 1190 guttam
761 1166 768 1188 ;
785 1152 862 1181 unde
877 1153 958 1189 Sym<

132 1197 257 1224 machus
272 1197 381 1224 ibidem
398 1196 525 1234 σταγόνες
541 1198 640 1234 vertit,
655 1200 684 1226 et
697 1197 823 1234 Vulgata
844 1197 957 1230 Latina,

133 1242 239 1269 ellecta
264 1242 367 1278 iugiter
380 1242 516 1270 stillantia
543 1242 667 1277 litigiosa
695 1243 808 1270 mulier.
825 1241 903 1270 Alter
919 1241 959 1269 lo-

134 1294 186 1313 cus
216 1288 262 1313 est
286 1286 419 1314 Jeremie:
446 1288 556 1321 x1,15:
583 1287 630 1321 Μὴ
653 1286 732 1324 εὐχαὶ
752 1287 795 1314 καὶ
818 1286 883 1323 κρέα
895 1286 959 1322 ἅγια

133 1329 280 1368 ἆφελοῦσιν
322 1330 375 1357 ἀπὸ
417 1332 465 1358 σοῦ
504 1331 552 1362 τὰς
579 1329 673 1362 κακίας
705 1341 763 1366 σου,
792 1331 809 1366 ἢ
847 1330 959 1361 ταύταις

134 1372 262 1413 διαφεύξῃ
278 1383 285 1410 ;
303 1375 352 1403 ubi
369 1376 445 1412 quod
461 1376 605 1412 propheta
620 1376 703 1411 dixit,
720 1380 768 1404 aut
778 1380 891 1412 propter
906 1376 960 1404 ista

133 1420 267 1456 eﬂugies;
296 1420 424 1449 Basilius
452 1421 680 1449 circumlocutus
707 1423 775 1449 est:
805 1419 822 1455 ἢ
849 1419 957 1451 τούτοις

134 1461 180 1501 ἔσῃ
194 1464 333 1500 καθαρόςς
351 1476 366 1490 ‹‹
381 1467 432 1493 aut
451 1465 579 1502 per-haec
599 1475 693 1502 purus
717 1466 798 1494 eris?
826 1477 840 1491 n
871 1465 959 1493 Paulo

136 1511 200 1544 post
219 1507 255 1535 δι’
283 1508 418 1546 ἆγιασμοῦ
447 1509 591 1546 interpres
615 1512 751 1545 verterat,
782 1521 796 1536 ‹‹
826 1518 878 1546 per
894 1509 959 1538 vitae

133 1553 211 1581 enim
227 1555 454 1583 sanctimoniam
471 1555 559 1583 nobis
569 1556 688 1592 pervius
698 1557 742 1584 est
757 1556 793 1584 ad
810 1564 876 1583 eum
893 1563 959 1583 san-

135 1600 212 1626 ctum
229 1607 263 1627 ac
278 1599 432 1627 familiaris
446 1599 562 1635 aditus;
581 1611 594 1624 υ
611 1602 640 1628 at
655 1600 722 1637 plus
738 1600 848 1637 aliquid
864 1601 908 1628 est
919 1598 959 1626 ot-

133 1643 282 1677 κειοῦσθαι,
299 1651 388 1680 quam
401 1644 514 1672 aditum
529 1644 648 1673 habere.

170 1691 230 1720 Col.
245 1692 298 1720 286
311 1695 335 1720 Α
347 1693 372 1721 1.
388 1693 453 1721 Post
472 1693 555 1728 huius
575 1695 646 1722 vitae.
663 1694 858 1722 Restituimus
884 1693 961 1721 hanc

134 1736 320 1772 sententiam,
337 1741 424 1773 prout
445 1747 461 1766 a
482 1737 673 1766 Volaterrano
692 1747 830 1774 expressa
855 1738 960 1765 luerat.

136 1780 389 1816 Dispensationem
405 1782 482 1810 enim
498 1785 581 1811 vocat
597 1783 684 1811 istius
699 1783 765 1811 vitae
781 1791 914 1818 cursum,
931 1784 960 1812 in

136 1833 194 1860 qua
210 1824 321 1853 scelera
334 1827 488 1861 permittit,
506 1829 534 1854 et
544 1827 628 1862 quasi
645 1827 814 1855 dissimulat
828 1828 914 1856 Deus.

171 1869 230 1896 Col.
249 1870 300 1897 186
314 1870 334 1898 C
348 1871 375 1898 8.
391 1872 537 1899 Praeterito
558 1876 693 1899 creatore.
715 1872 894 1907 Scripsimus
909 1873 960 1900 de-

136 1912 203 1942 letis
218 1913 288 1950 illis,
306 1925 320 1939 ‹‹
335 1917 441 1951 praeter
456 1918 630 1952 creatorem,
646 1928 658 1942 υ
679 1925 714 1945 ne
743 1916 868 1945 obn0xia
882 1919 961 1946 esset

137 1957 186 1985 illa
200 1959 294 1986 versio
309 1967 439 1988 censura
460 1960 566 1988 Theod.
592 1961 680 1996 Besae,
707 1961 757 1996 qui
774 1961 877 1989 merito
890 1962 960 1990 Era-

136 2010 234 2030 smum
249 2003 436 2040 reprehendit
451 2004 530 2033 hunc
545 2005 682 2033 eumdem
697 2004 793 2033 locum
809 2006 852 2034 sic
868 2006 962 2042 expri-

136 2048 262 2075 mentem
279 2047 314 2075 ad
333 2048 417 2076 Rom.
430 2056 450 2082 ι,
464 2049 510 2085 25,
539 2057 624 2085 supra
649 2057 722 2084 eum,
751 2051 800 2086 qui
826 2050 959 2079 condidit.

135 2090 208 2118 Nam
239 2091 290 2127 qui
317 2091 391 2128 παρὰ
411 2092 457 2120 τὸν
474 2092 602 2120 κτίσαντα
617 2093 670 2122 hoc
684 2094 771 2122 modo
787 2095 882 2128 vertit,
898 2097 959 2130 aut,

136 2146 150 2160 «
166 2137 272 2172 praeter
287 2138 479 2171 creatorem,»
489 2137 606 2166 videtur
616 2138 747 2166 conﬁteri
760 2138 892 2167 homines
902 2139 960 2168 Deo

136 2188 253 2216 quoque
267 2179 379 2209 cultum
396 2181 525 2218 aliquem
541 2181 776 2216 exhibuisse,sed
787 2182 828 2211 ita
839 2185 872 2212 ut
880 2191 960 2211 crea-

136 2227 219 2253 turas
229 2225 316 2254 etiam
329 2225 458 2255 colerent
470 2235 476 2254 :
493 2229 522 2255 at
532 2226 690 2263 Apostolus
702 2227 764 2256 vult
774 2236 823 2256 eos
834 2228 958 2262 cultum,

137 2271 187 2306 qui
206 2271 261 2299 Deo
276 2271 447 2308 debebatur,
464 2273 500 2300 ad
516 2275 665 2301 creaturas
681 2272 880 2302 transtulisse.
892 2274 960 2302 Vul-

138 2301 213 2350 gata;
226 2315 334 2343 Latium
347 2301 449 2344 auctor
463 2316 546 2351 dixit,
562 2321 587 2345 et
601 2318 757 2345 servierunt
771 2322 906 2346 creature
914 2301 962 2354 po-
976 2301 999 2334 Β

137 2359 193 2387 tiu:
209 2364 292 2395 quam
314 2360 444 2388 creatori.
467 2360 525 2388 Nec
552 2361 638 2389 aliter
663 2361 855 2398 Hieronymus
882 2362 961 2398 apud

138 2403 292 2439 Origenem
303 2404 331 2431 in
344 2405 560 2433 Commentario
572 2405 708 2441 Epistolas
724 2407 752 2434 S.
780 2406 906 2435 Hilarius
920 2415 961 2435 xu

138 2447 175 2475 De
189 2448 332 2484 Trinitate,
338 2459 352 2474 «
359 2451 388 2477 et
395 2449 560 2478 servierunt
569 2453 717 2484 creaturae,
722 2451 867 2486 praeterito
880 2459 962 2479 crea-

137 2494 213 2520 tore.
226 2492 588 2529 nSubindescripaimus,«
598 2494 810 2531 ordinabitur,»
819 2504 877 2523 non
889 2507 903 2521 «
915 2504 962 2524 or~

139 2536 296 2565 dinabatur
308 2546 316 2572 ;
333 2548 347 2562 υ
359 2537 464 2565 alludit
478 2538 556 2566 enim
568 2538 604 2566 ad
615 2538 687 2566 illud
696 2539 776 2567 Luce
790 2540 896 2574 1111,46:
910 2539 963 2568 Καὶ

137 2579 167 2607 τὸ
185 2579 267 2618 μέρος
295 2581 379 2608 αὐτοῦ
404 2580 471 2618 μετᾶ
493 2583 546 2609 τῶν
569 2581 688 2610 ἀπίστων
704 2583 791 2618 Θήσιι⁵
806 2585 839 2613 Et
850 2587 962 2621 partem

137 2625 196 2661 ejus
209 2633 273 2653 cum
289 2625 446 2661 inﬁdelibus
459 2631 552 2663 ponat.

172 2669 233 2698 Col.
257 2669 312 2698 287
324 2673 343 2697 Β
369 2671 414 2699 tt.
440 2671 525 2700 Multi
548 2673 633 2700 enim.
656 2671 801 2701 Omiserat
829 2673 960 2710 corporis

139 2716 249 2742 statum
262 2715 417 2751 interpres,
436 2716 561 2744 «Plures
576 2716 654 2745 enim
679 2717 805 2754 speciem
822 2719 962 2746 orationis

140 2759 277 2794 praferre
292 2759 439 2793 videntur,
456 2761 506 2796 qui
522 2762 621 2790 tamen
637 2761 666 2790 in
683 2761 736 2790 hac
755 2763 833 2791 aula.
846 2774 860 2787 »
875 2763 962 2792 Stans

141 2803 228 2831 etiam
242 2803 408 2832 Pharisaaue
424 2805 536 2839 orabat,
553 2805 635 2834 Lucas
652 2815 731 2840 xvm,
755 2807 798 2842 12,
825 2809 854 2835 et
877 2807 962 2836 Chri-

141 2847 228 2876 stiani
246 2848 515 2884 quondam,diebus
525 2849 686 2879 Dominicis
698 2853 727 2879 et
740 2859 757 2879 a
773 2851 912 2880 Paschate
925 2853 961 2881 ad

1013 976 1219 1012 metaphoram
1236 975 1265 1003 in
1282 975 1378 1003 locum
1404 975 1586 1011 metonymia:
1610 974 1835 1002 substituerent.

1014 1023 1075 1048 lmo
1091 1020 1138 1048 hic
1151 1020 1279 1048 nominis
1291 1019 1483 1048 mutationem
1496 1018 1736 1055 intelligit,quam
1749 1026 1838 1054 agno-

1012 1066 1052 1093 vit
1068 1064 1156 1093 etiam
1178 1065 1207 1093 S.
1237 1064 1430 1100 Hieronymus
1458 1064 1487 1091 in
1501 1072 1511 1090 1
1526 1063 1675 1091 Danielis:
1705 1074 1719 1088 «
1746 1062 1835 1090 Porro

1012 1109 1157 1138 Dominus
1168 1109 1197 1137 in
1208 1109 1315 1137 bonam
1332 1111 1445 1144 partem
1461 1108 1582 1136 nomina
1598 1109 1693 1135 mutat
1704 1106 1836 1143 antiqua,

1014 1157 1042 1182 et
1057 1163 1091 1182 ex
1106 1154 1195 1182 rebus
1209 1153 1335 1190 imponit
1350 1154 1491 1181 virtutum
1514 1151 1666 1186 vocabula,
1682 1154 1714 1179 ut
1729 1151 1836 1179 Abram

1013 1199 1174 1235 appellaret
1189 1198 1348 1234 Abraham,
1364 1200 1393 1226 et
1408 1197 1436 1225 in
1453 1196 1607 1233 Evangelio
1637 1196 1689 1223 ﬁlii
1710 1195 1838 1223 Zebedazi

1013 1243 1151 1279 appellati
1177 1244 1245 1270 sunt
1262 1242 1314 1270 ﬁlii
1337 1241 1458 1270 tonitrui
1475 1241 1573 1277 (Marci
1591 1250 1632 1274 ιιι,
1651 1241 1704 1277 17).
1721 1251 1731 1265 ι
1749 1241 1834 1276 Ejus-

1013 1287 1093 1315 modi
1108 1289 1151 1315 est
1166 1289 1372 1323 argumentum
1388 1286 1455 1314 libri
1476 1285 1611 1313 Philonis
1638 1284 1747 1312 Judai:
1773 1283 1838 1321 Περὶ

1012 1334 1065 1358 τῶν
1097 1330 1370 1368 μετονομαζομὲνων,
1400 1330 1445 1357 καὶ
1471 1330 1507 1357 ὧν
1538 1327 1612 1357 ἕνεκα
1641 1327 1837 1365 μετονομᾶζον-

1012 1387 1066 1404 ται·
1086 1389 1099 1402 α
1112 1378 1207 1410 Quare
1216 1376 1413 1413 quorumdam
1431 1376 1460 1404 in
1476 1375 1635 1411 Scripturis
1651 1376 1765 1402 mutata
1777 1374 1836 1402 sint

1014 1422 1146 1450 nomina.
1165 1432 1179 1447 »
1194 1422 1237 1449 Ab
1253 1421 1355 1449 eadem
1372 1423 1469 1448 mente
1484 1422 1529 1447 est
1544 1419 1615 1447 illud
1634 1418 1763 1455 Gregorii
1779 1418 1836 1446 Na-

1013 1466 1143 1494 zianzeni
1159 1469 1234 1494 orat.
1257 1466 1289 1492 19
1303 1465 1333 1492 in
1349 1464 1466 1492 laudem
1483 1463 1586 1498 Patris,
1609 1472 1673 1500 pag.
1698 1463 1745 1490 30l
1761 1472 1768 1490 ε
1803 1462 1836 1490 Ol.

1012 1512 1060 1537 τοῦ
1076 1507 1221 1537 Ζεϐεδαίου
1232 1519 1264 1536 το
1282 1507 1489 1547 μεγαλόφωνον,
1513 1505 1527 1534 li
1549 1506 1593 1534 καὶ
1623 1507 1739 1545 βροντῆς
1760 1505 1836 1537 υἱοὺς

1013 1553 1111 1585 αὐτοὺς
1126 1553 1339 1591 προσηγόρευσε·
1359 1565 1370 1578 α
1388 1552 1452 1581 Filii
1468 1552 1596 1581 Zebedei
1611 1551 1838 1589 grandiloquen-

1014 1599 1086 1627 tiam
1103 1599 1181 1626 unde
1196 1601 1225 1626 et
1238 1598 1290 1626 ﬁlii
1300 1597 1422 1626 tonitrui
1434 1596 1571 1634 appellati
1587 1599 1674 1625 sunt:
1692 1607 1707 1622 ν»
1721 1599 1749 1625 et
1763 1598 1836 1624 orat.

1015 1645 1060 1678 20,
1087 1652 1153 1680 pag.
1178 1643 1241 1676 369,
1268 1643 1452 1671 commendat
1476 1642 1564 1670 etiam
1587 1643 1641 1668 τῶν
1662 1641 1729 1668 υἱῶν
1762 1637 1838 1667 2:6:-

1016 1687 1093 1716 81loo
1107 1688 1139 1714 τὸ
1161 1686 1365 1726 μεγαλόφωνον.
1382 1687 1417 1714 At
1432 1686 1500 1715 licet
1515 1686 1604 1715 nimis
1626 1686 1730 1714 stolide
1745 1685 1836 1714 Theo-

1015 1734 1078 1761 dor.
1095 1735 1167 1761 Beza
1182 1732 1212 1760 in
1228 1732 1316 1760 Marci
1329 1740 1361 1760 In
1373 1731 1505 1760 scribens
1515 1731 1614 1759 minus
1623 1730 1812 1767 probabiliter
1822 1738 1839 1757 a

1016 1778 1154 1814 Gregorio
1170 1777 1247 1805 dicat
1263 1777 1291 1804 id
1305 1776 1512 1812 excogitatum,
1533 1776 1726 1804 confirmatur
1738 1777 1837 1802 tamen

1016 1822 1187 1850 auctoritate
1202 1823 1230 1850 S.
1247 1821 1355 1855 Basilii,
1372 1821 1422 1856 qui
1437 1821 1491 1848 hac
1507 1820 1659 1847 nominum
1676 1819 1838 1846 mutatione

1015 1866 1162 1903 designari
1175 1866 1237 1893 vult
1251 1865 1452 1901 Evangelium,
1469 1865 1544 1900 quod
1564 1863 1668 1900 grandi
1693 1871 1761 1891 voce
1785 1863 1837 1890 lilii

1013 1910 1143 1939 Zebedai
1158 1909 1394 1946 promulgarunt,
1407 1908 1517 1937 tonitru
1533 1908 1681 1944 quoddam
1691 1914 1765 1935 esse.

1050 1964 1123 1992 Ibid.
1140 1964 1161 1991 B
1176 1963 1202 1991 9.
1219 1965 1287 1991 Rota
1310 1962 1469 1990 Ezechielis
1490 1971 1510 1997 ι,
1535 1962 1579 1996 15,
1606 1961 1648 1989 sic
1677 1960 1783 1995 legitur
1809 1960 1837 1987 in

1014 2008 1148 2045 Vulgatis
1179 2007 1296 2036 Bibliis:
1329 2006 1478 2044 Ἐχόμινος
1506 2007 1559 2032 τῶν
1592 2005 1668 2040 ζώων
1693 2006 1752 2035 τοῖς
1776 2004 1838 2031 τίσ-

1016 2063 1112 2090 σαρσι,
1151 2051 1198 2079 καὶ
1226 2051 1256 2078 τὸ
1285 2049 1356 2082 εἶδος
1383 2052 1437 2078 τῶν
1466 2051 1576 2088 τροχῶν
1606 2049 1642 2080 ὡς
1671 2048 1740 2080 εἶδος
1768 2051 1838 2085 Θαρ-

1014 2100 1081 2128 σεῖς’
1105 2098 1188 2126 Juxta
1210 2096 1350 2125 animalia
1378 2097 1444 2131 ipsi:
1469 2099 1598 2131 quatuor,
1625 2098 1650 2122 et
1674 2094 1775 2129 species
1794 2101 1838 2121 ro-

1015 2145 1108 2170 tarum
1132 2142 1212 2178 quasi
1238 2142 1340 2178 species
1369 2141 1488 2169 Tharsis.
1507 2140 1637 2168 Annotat
1651 2147 1716 2166 vero
1744 2137 1837 2165 Flam.

1013 2186 1148 2215 Nobilius
1159 2186 1189 2214 in
1203 2186 1379 2222 quihusdam
1392 2184 1475 2213 libris
1491 2183 1558 2212 addi
1573 2182 1617 2210 καὶ
1632 2183 1650 2217 ἡ
1666 2181 1841 2216 «amomum

1014 2230 1122 2266 ποίημα
1135 2229 1235 2265 αὐτῶν,
1252 2231 1331 2266 quod
1349 2230 1429 2266 apud
1441 2232 1468 2256 S.
1485 2229 1697 2264 Hieronymum
1708 2227 1737 2254 in
1754 2226 1837 2262 LXX,

1015 2287 1029 2300 ‹‹
1041 2277 1069 2303 et
1080 2276 1192 2302 factura
1200 2282 1318 2308 earum;
1331 2284 1343 2300 υ
1355 2273 1501 2309 quomodo
1513 2276 1540 2301 et
1551 2272 1597 2299 hic
1608 2269 1687 2307 apud
1697 2271 1838 2299 Basilium

1016 2319 1176 2352 ndditur,et
1191 2318 1314 2355 requirit
1328 2318 1531 2353 Hebrzsum,ex
1545 2325 1602 2353 quo
1618 2316 1744 2352 Vulgata
1759 2315 1838 2344 Lati—

1017 2372 1082 2397 na,«
1094 2365 1123 2391 et
1138 2365 1274 2398 aspectus
1284 2364 1458 2396 rotarum,et
1465 2370 1539 2398 opus
1551 2360 1755 2396 earum,quasi
1766 2360 1838 2388 visio

1018 2407 1118 2436 maris.
1134 2418 1148 2433 ››
1166 2407 1322 2435 Cornarius
1334 2406 1382 2435 hic
1399 2407 1498 2434 minus
1514 2409 1581 2442 apte
1596 2405 1691 2439 vertit,
1704 2415 1714 2430 ι
1725 2405 1838 2433 haerens

1017 2461 1051 2480 ex
1059 2454 1186 2488 quatuor
1195 2451 1384 2480 animalibus.
1399 2463 1413 2476 »

1052 2495 1111 2525 Col.
1122 2496 1175 2523 205
1185 2498 1203 2522 Β
1216 2496 1258 2524 13.
1279 2496 1310 2524 ω
1324 2496 1399 2524 enim
1416 2497 1446 2523 in
1458 2496 1517 2524 Job.
1533 2495 1615 2528 Quod
1639 2496 1683 2522 est
1693 2494 1723 2521 in
1735 2492 1840 2521 Latina

1017 2541 1146 2577 Vulgata
1159 2541 1215 2569 Job
1238 2549 1336 2574 xxnx,
1353 2540 1386 2568 10
1399 2549 1406 2568 :
1422 2539 1553 2576 Nunquid
1567 2539 1697 2574 alligabis
1712 2537 1837 2565 rhinoce-

1017 2592 1078 2615 rota
1092 2586 1127 2614 ad
1141 2585 1281 2614 arandum
1296 2586 1328 2613 in
1343 2585 1400 2613 loco
1413 2587 1482 2613 tuo?
1498 2584 1540 2612 sic
1564 2583 1642 2619 apud
1667 2581 1739 2610 LXX
1766 2581 1838 2618 legi-

1018 2640 1102 2665 mus;
1143 2628 1312 2664 Βουλήσεται
1342 2627 1370 2656 δέ
1402 2639 1444 2655 σοι
1489 2627 1645 2664 μονόκερῶς
1681 2623 1836 2652 δουλεῦσαι·

1020 2676 1091 2704 Volet
1115 2679 1205 2704 autem
1230 2674 1373 2703 unicornis
1388 2674 1492 2702 servire
1507 2673 1567 2700 tibi.
1580 2672 1642 2704 Quo
1658 2671 1767 2698 factum
1782 2672 1837 2705 est,

1016 2721 1047 2748 ut
1064 2720 1092 2748 in
1117 2722 1225 2748 Catena
1251 2720 1416 2748 Grecorum
1439 2727 1456 2746 a
1471 2717 1571 2746 Niceta
1586 2715 1765 2744 Heraclienei
1782 2714 1839 2742 col-

1016 2764 1166 2801 lecta,quw
1181 2765 1212 2792 in
1229 2764 1317 2800 Regia
1333 2762 1513 2790 bibliotheca
1524 2759 1838 2796 servatur,exscriptus

1017 2808 1104 2836 fuerit
1113 2811 1193 2837 totus
1204 2808 1252 2836 hic
1263 2807 1362 2836 Basilii
1380 2807 1461 2835 locus
1472 2805 1606 2834 nonnihil
1616 2805 1704 2834 etiam
1715 2804 1839 2841 amplifi-

1016 2855 1119 2882 catus;
1142 2851 1213 2881 Οὐδὲ
1227 2852 1426 2888 κοιμηθήσεται
1441 2850 1485 2878 ἐπὶ
1510 2851 1624 2890 φάτνης,
1649 2847 1711 2877 οὐδὲ
1740 2847 1836 2885 ὁμαλί-
