2011 3142
191 167 270 198 1019

787 167 903 198 ΝΟΤΑΞ
924 167 1145 198 FBONTONIS
1168 168 1298 199 DUCJEI

1816 166 1895 197 1020

190 243 228 260 σει
258 231 410 266 κοιλάδας,
441 231 599 264 ἀκολουθων
629 243 670 259 σοι
688 254 695 267 ,
723 232 784 260 οὐδὲ
811 232 1012 270 ἐγκαταλείψεις

1074 233 1208 261 diluvium
1224 233 1371 268 inhabitat,
1388 235 1416 261 et
1431 233 1523 261 citant
1537 232 1586 260 alii
1602 241 1635 260 ex
1651 232 1767 268 Aquila,
1794 230 1894 268 Κύριος

192 276 265 312 αὐτῷ
287 276 320 303 τὰ
347 277 481 315 γεώργια,
503 275 565 304 οὐδὲ
589 278 806 312 ἀποκαταστήσει
827 287 869 304 σοι
883 277 929 304 τὸν
946 277 1014 303 σπό-

191 331 248 358 ρον,
264 320 327 349 οὐδὲ
342 321 451 357 σονάξεε
470 322 503 349 τὰ
518 320 679 357 ἆλοηθέντά,
696 321 740 349 καὶ
766 320 858 348 πολλὰ
880 321 941 357 περὶ
967 323 1013 347 τοῦ

191 365 386 403 ἐλευθεριάζειν
409 367 440 394 τὸ
467 369 546 402 ζῶον,
571 367 616 394 καὶ
640 367 678 403 μὴ
705 367 822 394 ὑπείκειν
850 365 1013 403 ἀνθρώποις,

190 409 216 436 ἐν
233 410 322 447 τούτῳ
336 413 375 446 τῷ
392 410 466 448 μέρει
482 413 531 446 τῆς
547 411 715 450 προφητείας
734 410 849 448 ι’ίρηται’
880 421 890 436 ι
914 411 1014 447 Neque

190 456 219 482 in
236 456 358 491 preesepi
375 457 510 490 dormiet,
522 465 617 492 neque
627 456 772 484 convalles
784 456 911 492 aequabit
926 458 954 483 te
969 463 1014 483 se-

190 508 283 534 quens
296 507 389 535 neque
401 499 441 527 illi
455 508 522 528 arva
533 500 711 534 committes,
730 508 825 535 neque
833 499 885 527 tibi
898 508 1014 527 semen-

189 546 248 571 tem
264 545 407 580 restituet,
425 553 519 581 neque
540 553 573 572 ea
590 553 654 581 quae
671 545 808 572 triturata
817 547 887 572 sunt
901 545 930 572 in
948 552 1015 572 arca

190 588 328 623 colliget:
345 592 374 616 et
385 589 477 616 multa
488 590 523 616 de
535 589 626 624 hujus
637 589 736 617 bestias
747 589 865 617 licentia
875 593 903 617 et
913 592 1014 616 contu-

191 633 374 669 macia,quod
390 633 553 661 humanum
570 636 737 661 contemnat
750 634 949 670 imperium,in
960 633 1014 661 hac

191 677 348 712 prophetiae
365 681 444 713 parte
460 681 531 706 sunt
546 679 633 706 dicta.
650 689 664 703 ››
680 681 821 706 Caeterum
839 679 869 706 in
885 678 1013 706 editione

189 722 299 749 Veneta
314 730 377 757 quae
394 726 558 758 sequuntur
569 724 604 751 ab
616 723 675 751 iiiis
685 724 799 751 verbis:
816 733 830 749 ιι
842 723 935 758 Hujus
944 731 1013 758 ergo

189 766 234 793 vis
251 766 388 794 animalis
404 767 530 802 ultrix,»
548 776 604 795 non
620 768 718 795 Basilii
734 771 814 802 sunt,
840 768 890 795 sed
919 767 1013 804 Olym-

189 810 313 846 piodori,
329 813 361 838 ut
376 819 410 838 ex
424 812 525 839 eodem
543 812 632 848 Regio
648 813 746 840 codice
763 821 816 840 ms.
833 815 958 840 constat.

228 863 288 891 Col.
303 864 355 891 298
367 864 387 891 Β
402 865 427 891 4.
442 865 523 892 Facta
536 868 576 892 est
591 865 821 900 ﬂamma.Vocem
835 877 848 891 «
866 865 985 893 ﬂamma
996 876 1009 890 »

1070 276 1109 308 sic
1150 276 1342 313 κατακλυσμὸν
1384 276 1515 309 ἐκάθισεν,
1550 277 1694 305 Dominus
1721 277 1750 304 in
1783 276 1894 304 diluvio

1069 322 1154 349 sedit.
1173 334 1188 347 »
1204 321 1369 356 Κατοικίζειν
1386 324 1430 350 est
1444 334 1458 347 «
1476 321 1636 349 habitabile
1649 322 1781 354 reddere,
1800 332 1814 345 n
1830 330 1892 347 κατ-

1070 369 1166 399 οικεῖν,
1181 378 1195 391 ‹‹
1212 366 1356 401 habitare,
1373 377 1387 391 »
1403 366 1480 402 quod
1495 366 1610 393 videtur
1625 366 1724 401 potius
1740 365 1894 401 amplexus

1069 419 1132 439 esse
1148 411 1286 445 Basilius,
1302 419 1366 438 cum
1384 411 1473 438 addat
1487 410 1616 438 animam
1636 410 1699 438 ﬁeri
1725 410 1895 443 κατοικητή-

1069 464 1127 491 ριον
1143 456 1192 481 τοῦ
1207 456 1273 481 Θεοῦ
1289 453 1315 481 ἓν
1331 454 1477 489 Πνεύματι.

1103 507 1163 536 Col.
1181 508 1234 535 306
1252 508 1274 535 A
1288 507 1316 535 9.
1346 507 1546 543 Adi'mpleatur,
1575 505 1752 541 πληθυνθείη.
1783 506 1894 534 Corna-

1068 552 1130 580 rius
1159 551 1276 580 ﬁdelius
1300 560 1334 579 ex
1366 554 1375 579 Ι
1403 552 1477 580 Petri
1507 560 1527 585 ι,
1552 551 1579 584 3,
1596 551 1691 578 Gratia
1705 551 1781 579 vobis
1795 552 1822 578 et
1837 558 1894 585 pax

1067 596 1291 633 multiplicetur:
1307 596 1443 632 idemque
1459 595 1603 632 reperitur
1617 595 1643 624 II
1661 595 1737 624 Petri
1765 603 1787 629 1,
1811 596 1840 629 2,
1865 597 1894 622 et

1067 642 1150 669 Judas
1164 643 1191 668 2.
1208 642 1269 669 Sub
1282 641 1369 669 ﬁnem
1387 640 1514 669 homilia:
1529 640 1630 668 omisit
1647 639 1792 675 interpres
1806 638 1893 672 illud,

1067 684 1093 712 ἐν
1110 684 1212 723 εἰρήνῃ,
1241 697 1255 711 ‹‹
1284 685 1498 714 benedictionis
1527 684 1604 713 offici
1619 685 1649 712 in
1676 692 1747 721 pace
1770 683 1892 720 partici-

1067 738 1129 766 pes.
1145 740 1159 754 »

1103 774 1175 802 Ibid.
1194 774 1215 802 B
1229 775 1257 808 6,
1282 775 1334 801 τοῦ
1354 772 1541 811 ἐγκαινισμοῦ.
1565 775 1596 801 In
1618 772 1823 809 inscriptionis
1849 772 1890 799 in-

1065 819 1272 855 terpretatione
1288 819 1469 855 superﬂuum
1477 818 1628 852 estillud,u
1637 817 1812 852 innovate,»
1823 824 1889 844 cum

1067 862 1239 900 ἐγκαινισμός
1262 863 1478 891 renovationem
1500 865 1584 891 sonet
1598 865 1647 890 aut
1674 861 1888 890 dedicationem

188 908 224 935 de
239 916 293 935 suo
308 908 422 935 addidit
436 909 591 944 interpres;
607 910 765 937 Carnarius
778 910 914 945 scripsit:
932 920 947 936 «
963 910 1011 938 Fa-
1026 916 1048 948 Β
1065 909 1197 943 cujusvis
1208 908 1247 936 rei
1261 916 1318 936 non
1331 908 1416 936 modo
1430 907 1640 941 reuovataa,sed
1648 909 1737 943 etiam
1752 908 1815 934 tum
1832 906 1890 941 pri-

189 954 236 980 cta
251 954 295 980 est
310 953 400 986 enim,
416 953 522 989 inquit,
535 953 613 981 velut
629 953 750 990 spiritus
761 954 835 982 roris
849 954 972 982 sibilans
984 964 1007 989 ;n

191 1005 243 1032 ego
273 996 383 1030 malim,
401 1008 415 1022 «
433 997 537 1025 Faclus
553 1000 598 1025 est
617 998 696 1026 velut
711 999 833 1034 spiritus
848 1000 923 1027 roris
938 1000 1010 1026 sibi-

188 1041 272 1075 lans;
295 1052 308 1065 ›ι
325 1043 440 1070 tantum
456 1043 534 1071 enim
550 1042 676 1079 legimus
693 1043 820 1071 Danielis
833 1052 859 1079 v,
875 1044 928 1071 50:
945 1043 1011 1080 Ἀγ-

189 1084 271 1121 γελος
292 1084 390 1122 Κυρίου
419 1085 531 1121 ἐποίησε
557 1087 589 1113 τὸ
620 1087 703 1123 μὲσον
723 1090 774 1122 τῆς
813 1087 930 1124 καμίνου
973 1087 1010 1118 ὡς

188 1130 296 1165 πνεῦμα
312 1127 410 1166 δρόσου
440 1128 603 1168 διασυρίζον.
623 1143 636 1157 ιι
666 1132 795 1168 Angelus
825 1133 938 1160 Domini
969 1132 1012 1160 fe-

188 1173 227 1201 cit
242 1174 372 1202 medium
388 1175 515 1204 fornacis
528 1176 612 1211 quasi
628 1179 748 1204 ventum
764 1177 838 1204 roris
852 1185 1012 1205 susurram-

189 1219 258 1246 tem.
277 1229 291 1243 ››

225 1263 299 1290 Ibid.
321 1263 341 1290 D
368 1263 394 1290 3.
423 1264 666 1299 Sanctiﬁcalionis.
696 1265 752 1292 Τοῦ
780 1265 913 1301 ἀγιασμοΰ
942 1265 1013 1301 legit

188 1307 352 1343 interpres;
383 1310 412 1335 at
426 1308 599 1337 Basiliensis
626 1309 715 1337 editio
745 1311 861 1346 prastert
874 1309 919 1336 τὸν
936 1309 1012 1346 ἁγια-

190 1350 268 1386 σμόν,
285 1352 329 1379 cui
347 1353 527 1389 suffragatur
541 1362 597 1381 ms.
613 1353 685 1381 Oliv.
703 1356 798 1386 Corn.,
815 1366 829 1379 n
853 1355 1013 1382 sanctiﬁca—

188 1396 309 1424 tionem.
328 1407 342 1422 υ
360 1398 534 1433 Euthymius
550 1407 666 1434 quoque
681 1399 749 1427 huic
776 1398 891 1427 lectioni
918 1400 1011 1427 favet:

191 1439 310 1467 Συσσιίει
335 1439 374 1474 δὲ,
398 1441 493 1479 φησὶν,
519 1442 549 1468 οὐ
573 1444 658 1470 πᾶσαν
680 1443 729 1476 τήν
746 1441 861 1480 ἔρημον,
877 1441 950 1470 ἀλλὰ
963 1443 1012 1477 τήν

190 1482 291 1519 Κάδης·
321 1485 454 1521 τουτέστι,
481 1487 530 1521 τὴν
558 1487 647 1524 ἁγίαν,
674 1488 724 1522 τὴν
754 1487 946 1526 ἀφωρισμένην
969 1487 1013 1514 καὶ

190 1528 264 1564 ἀξίαν
279 1528 372 1557 αὐτοῦ.
390 1529 480 1566 Κάδης
495 1531 547 1568 γὰρ
564 1531 642 1568 ἁγίαν
658 1531 802 1568 ἓρμηνεύει
825 1533 884 1559 καθ’
905 1531 1014 1567 Ἓλλη-

190 1581 247 1603 νας·
264 1584 278 1599 κ
301 1574 454 1603 Concutiet
474 1580 569 1604 autem
592 1585 650 1604 non
673 1585 760 1605 omne
776 1578 936 1610 desertum,
961 1578 1011 1605 sed

189 1619 340 1646 desertum
367 1619 457 1648 Gades
470 1629 476 1647 :
491 1620 545 1648 hoc
559 1623 614 1653 est,
631 1623 767 1649 sanctum
782 1624 810 1649 et
825 1624 1012 1658 segregatum

191 1665 219 1690 et
234 1663 298 1698 ipso
314 1663 446 1698 dignum.
462 1665 553 1692 Cades
568 1665 645 1692 enim
663 1668 797 1693 sanctum
815 1666 905 1694 Graeci
921 1666 1012 1694 inter-

191 1709 353 1742 pretantur.
371 1718 386 1732 »
403 1708 483 1739 Quod
500 1711 596 1736 autem
613 1709 647 1737 de
663 1710 754 1737 cervis
771 1710 891 1744 subjicit
901 1709 1014 1745 viperas

190 1751 410 1784 devorantibus,
426 1754 552 1780 testatur
565 1754 652 1781 etiam
669 1753 782 1781 Piinius
798 1762 849 1789 eos
862 1756 1014 1789 serpentes

191 1796 329 1824 mandere
344 1796 502 1830 solere,lib.
514 1806 577 1833 νιιι,
593 1806 656 1834 cap.
674 1798 727 1825 32:
745 1809 758 1823 «
769 1799 820 1826 Est
828 1798 863 1825 iis
874 1806 940 1826 cum
953 1807 1014 1826 ser-

190 1842 278 1876 pente
288 1849 401 1876 pugna:
414 1841 560 1877 vestigant
569 1842 897 1879 cavernas,nariumque
908 1843 1013 1879 spiritu

192 1884 350 1912 extrahunt
374 1886 555 1919 renitentes;
571 1897 586 1911 »
602 1889 630 1914 et
645 1886 696 1914 lib.
711 1895 773 1920 Vill,
788 1895 851 1922 cap.
871 1887 912 1916 9;
926 1897 940 1912 «
965 1895 1014 1915 ex-

192 1931 302 1957 tractas
317 1930 448 1957 cavernis
457 1931 640 1958 mandentes.
650 1941 664 1956 »
679 1931 756 1958 Idem
768 1931 900 1959 [Elianus
910 1931 960 1959 lib.
970 1940 1014 1967 ιιι,

194 1973 296 2009 cap.9,
313 1973 350 2000 De
360 1974 540 2008 animalibus,
565 1973 687 2013 Ἔλαφος
712 1972 772 2013 ὅφιν
800 1977 862 2011 νικᾷ
889 1974 956 2002 κατά
978 1985 1016 2002 τι-

192 2026 239 2047 νος
255 2015 359 2053 φύσεως
375 2015 477 2054 δωρεὰν
499 2018 667 2054 θαυμαστῆς·
697 2031 712 2045 ι(
742 2020 863 2047 Miriﬁco
887 2021 1015 2055 quodam

194 2069 315 2090 munere
331 2065 441 2090 natura
462 2071 565 2091 cervus
581 2066 748 2100 serpentem
764 2064 872 2099 vincit;
890 2075 904 2089 ι»
919 2067 948 2092 et
962 2064 1014 2092 lib.

195 2114 255 2141 xm,
267 2114 292 2134 c.
303 2107 349 2139 35,
361 2107 457 2135 simile
468 2108 540 2143 quid
550 2108 586 2136 de
596 2107 653 2136 alia
662 2108 835 2144 purgatione
846 2116 995 2136 cervorum
1008 2117 1015 2136 :

195 2150 309 2188 Λέγουσι
325 2150 433 2189 φυσικοὶ
458 2150 554 2188 ἄνδρες
575 2152 621 2179 τὸν
651 2150 750 2190 ἔλαφον
778 2152 929 2189 καθάρσεως
959 2151 1017 2180 δεό-

197 2205 275 2231 μενον
293 2194 381 2222 σέσελι
397 2195 506 2223 ἐσθίειν·
525 2195 684 2234 φαλαγγίων
715 2195 744 2224 δὲ
772 2197 922 2233 κνήσμασιν
953 2196 1017 2234 ἐχό-

198 2249 276 2275 μενον
293 2239 448 2277 καρκίνους.
467 2252 477 2266 ι
490 2241 606 2277 Pbysici
626 2241 729 2269 dicunt
750 2250 864 2270 cervum
888 2242 1018 2277 indigen-

1064 960 1145 979 mum
1162 953 1284 980 conditae
1300 955 1389 988 atque
1402 953 1540 980 fundatae.
1558 951 1645 979 Paulo
1661 953 1728 987 post
1740 951 1889 978 mendosae

1064 996 1148 1024 lectio
1158 997 1215 1022 κατ’
1233 993 1357 1033 ὄργανον,
1372 997 1545 1024 mendosam
1560 996 1630 1024 item
1645 995 1758 1031 peperit
1779 994 1887 1022 versio-

1065 1048 1132 1068 nem
1149 1041 1226 1077 apud
1241 1041 1442 1076 Cornarium,«
1459 1040 1632 1069 Psalterium
1648 1040 1765 1076 quidem
1778 1039 1888 1075 ﬁgura-

1065 1087 1093 1112 te
1102 1085 1188 1120 juxta
1200 1085 1431 1113 instrumentum
1441 1094 1448 1113 :
1467 1096 1477 1109 ι
1489 1084 1707 1112 emendandum
1716 1086 1804 1112 estex
1814 1083 1887 1111 Oliv.

1064 1128 1110 1156 καὶ
1134 1126 1259 1166 ὄργανον,
1286 1140 1300 1154 ››
1321 1129 1496 1157 Psalterium
1521 1129 1639 1165 quidem
1654 1136 1688 1156 ac
1703 1128 1817 1156 musice
1841 1127 1889 1155 ad-

1067 1176 1197 1209 aptatum
1205 1174 1436 1202 instrumentum
1443 1173 1577 1209 ,ﬂgurate
1585 1175 1628 1201 est
1635 1175 1784 1201 structura
1792 1180 1892 1208 corpo~

1067 1219 1116 1245 ris.
1126 1229 1140 1243 »
1147 1220 1190 1246 Ita
1196 1226 1286 1254 supra
1292 1217 1464 1254 psalterium
1472 1219 1705 1246 instrumentum
1712 1216 1871 1252 appellavit
1883 1223 1890 1243 :

1065 1262 1111 1289 καὶ
1126 1264 1216 1300 σοφῶς
1232 1260 1276 1289 διὰ
1290 1265 1340 1297 τῆς
1357 1263 1406 1289 τοῦ
1435 1261 1553 1300 ὀργάνου
1576 1264 1742 1295 κατασκευῆς
1771 1258 1890 1287 ἐνδεδεῖ-

1066 1312 1142 1344 χΘαι.

1102 1351 1162 1380 Col.
1179 1352 1231 1379 307
1245 1353 1408 1387 Expuncta.
1439 1351 1591 1380 Observat.
1621 1350 1783 1379 doctissim.
1814 1352 1890 1377 Mon-

1067 1397 1196 1424 tacutius
1211 1396 1433 1424 Volaterranum
1451 1396 1593 1432 scriptum
1609 1396 1752 1432 reperisse
1767 1395 1798 1422 in
1827 1395 1890 1422 suis

1067 1441 1217 1469 codicibus
1233 1463 1241 1476 ,
1271 1440 1297 1467 οἱ
1320 1437 1500 1471 ἐκϐάλλοντες
1529 1443 1578 1474 τῆς
1613 1441 1724 1476 μνήμης
1751 1438 1798 1466 τὸν
1824 1439 1888 1466 Θεὸν

1067 1484 1152 1512 οἱονεὶ
1168 1484 1267 1520 λήθην·
1298 1485 1368 1513 Nam
1397 1485 1567 1513 Basiliensis
1596 1485 1685 1513 editio
1708 1485 1743 1512 ad
1766 1484 1888 1512 verbum

1067 1532 1164 1565 sonat,
1194 1541 1208 1555 «
1237 1530 1322 1565 ejecti
1349 1538 1365 1558 e
1389 1530 1531 1557 memoria
1542 1529 1604 1557 Dei.
1632 1539 1646 1556 ι
1675 1529 1834 1557 Carnarius
1848 1528 1890 1555 id-

1068 1575 1144 1602 circo
1168 1574 1271 1607 edidit,
1298 1585 1312 1600 «
1341 1574 1391 1610 qui
1416 1574 1510 1610 ejecta
1524 1573 1666 1602 memoria
1681 1573 1742 1602 Dei.
1773 1584 1787 1598 η
1817 1572 1889 1601 Oliv.

1069 1628 1125 1654 ms,
1141 1621 1310 1647 constanter
1324 1619 1430 1647 retinet
1444 1621 1591 1655 receptam
1606 1618 1773 1652 lectionem,
1790 1614 1891 1651 ἂκϐλη-

1068 1663 1167 1694 θέντες.

1103 1707 1164 1736 Col.
1179 1707 1232 1735 309
1261 1710 1292 1736 B.
1320 1707 1459 1744 Ὑψώσιιν.
1488 1707 1560 1735 Oliv.
1590 1710 1617 1736 et
1647 1707 1758 1744 Anglia.
1788 1706 1892 1743 ὕψωσιν

1067 1750 1262 1789 ἐπαγγελλέτω
1277 1751 1316 1787 τῷ
1333 1753 1401 1788 Θιῷ,
1418 1763 1432 1776 ‹‹
1456 1760 1507 1788 per
1530 1752 1606 1780 bona
1630 1760 1719 1788 opera
1742 1751 1894 1779 exultatio-

1069 1805 1136 1824 nem
1164 1796 1222 1824 Deo
1246 1796 1409 1832 pollicetur.
1436 1807 1451 1822 »
1480 1797 1606 1832 Recepta
1621 1796 1706 1824 lectio
1722 1796 1893 1824 concinnior

1068 1844 1124 1869 est.
1139 1840 1252 1868 Citatnr
1266 1840 1349 1868 initio
1372 1840 1484 1877 paginae
1505 1841 1656 1877 sequentis
1671 1840 1753 1869 locus
1769 1840 1892 1869 Genesis

1067 1894 1143 1920 xux,
1158 1885 1204 1913 25.
1219 1885 1314 1914 Verba
1329 1888 1399 1913 sunt
1413 1885 1503 1914 Jacob
1527 1885 1732 1914 benedicentis
1753 1885 1813 1914 ﬁlio
1839 1893 1892 1914 suo

1067 1930 1188 1966 Josepb.

1105 1980 1165 2008 Coi.
1181 1981 1232 2008 354
1246 1980 1267 2008 Β
1283 1981 1310 2008 4.
1326 1981 1396 2008 Dum
1411 1981 1559 2016 particeps.
1574 1981 1750 2017 Interpres,«
1766 1989 1824 2016 quo
1839 1989 1892 2008 nu-

1070 2025 1169 2058 tritur,
1186 2025 1322 2060 quisquis
1337 2025 1484 2061 particeps
1500 2025 1590 2053 divini
1605 2025 1638 2053 fit
1648 2025 1794 2061 verbi,qui
1811 2025 1893 2061 panis

1070 2070 1106 2097 de
1119 2069 1189 2097 ctelo
1200 2069 1362 2097 descendit.
1378 2080 1391 2094 υ
1404 2069 1491 2097 Verbi
1501 2070 1565 2097 vitae
1579 2069 1612 2097 fit
1622 2069 1732 2097 mentio
1742 2069 1893 2105 Ephesior.

1069 2121 1097 2148 ν,
1109 2114 1155 2146 26,
1170 2114 1334 2142 secundum
1350 2113 1506 2150 Vulgatam
1520 2124 1527 2148 ;
1544 2114 1595 2142 sed
1607 2114 1705 2142 Graece
1719 2116 1836 2142 tantum
1852 2116 1895 2142 est

1071 2156 1098 2184 ἐν
1114 2156 1226 2195 ῥήματι·
1244 2158 1329 2194 panis
1345 2166 1424 2194 vero,
1440 2158 1491 2194 qui
1504 2159 1540 2186 de
1554 2158 1625 2186 ccelo
1638 2159 1791 2187 descendit
1810 2158 1893 2186 Joan.

1071 2210 1110 2235 vt,
1127 2203 1172 2230 33.

1107 2246 1167 2274 Col.
1182 2247 1236 2274 2:5
1253 2249 1274 2274 Α
1286 2247 1314 2274 2.
1328 2247 1418 2283 Neque
1431 2248 1505 2275 enim
1520 2248 1575 2276 illi.
1591 2247 1721 2284 Τεχνῖται
1737 2247 1821 2283 dixit,
1838 2255 1893 2276 n0n

195 2287 255 2311 tem
270 2284 444 2320 purgatione
459 2285 544 2313 seseli
562 2285 723 2319 comedere,
740 2285 921 2313 laborantem
950 2293 1017 2313 vero
1031 2284 1056 2317 D
1071 2289 1174 2327 τέχναι,
1196 2293 1228 2318 ut
1243 2290 1351 2327 legisse
1363 2291 1479 2320 videtur
1493 2291 1668 2327 interpres,“
1680 2294 1743 2320 Non
1753 2292 1832 2320 enim
1849 2300 1893 2320 ar-

195 2336 230 2356 ex
244 2328 468 2364 pbalaugiorum
484 2330 643 2364 morsibus,
665 2338 795 2358 cancros.
809 2341 823 2354 ››
852 2330 915 2358 Alia
933 2330 1018 2358 lectio

196 2380 253 2408 prae
269 2380 300 2400 se
316 2372 372 2401 fert
387 2371 489 2409 cum,
497 2375 547 2402 sed
560 2374 635 2402 hanc
650 2377 770 2402 tuentur
782 2374 951 2403 Aristoteles
966 2374 1016 2402 lib.

195 2425 225 2444 ix
237 2417 350 2452 Histor.,
368 2426 431 2454 cap.
447 2418 474 2454 5,
491 2420 520 2445 et
535 2419 646 2447 Plinius
661 2418 712 2446 lib.
728 2428 789 2454 vm,
807 2428 832 2447 c.
848 2419 892 2447 32.

231 2469 291 2497 Col.
309 2470 362 2497 302
376 2470 405 2498 G.
421 2470 500 2498 Alius
519 2479 554 2498 ea:
567 2471 678 2508 affectu.
706 2472 747 2499 Ad
778 2472 900 2500 verbum
929 2473 956 2500 et
980 2472 1016 2500 ad

197 2516 324 2543 mentem
339 2515 461 2551 propius
477 2516 668 2552 Cornarius,«
685 2516 753 2548 Quis
769 2525 803 2544 ex
818 2516 933 2552 atfectu,
949 2517 1017 2552 quis

195 2559 287 2595 perite
303 2560 430 2588 coelestia
444 2559 577 2596 inquirit,
601 2560 668 2596 quis
691 2561 870 2589 defunctorie
892 2560 1018 2589 summis

195 2605 296 2634 labris.
313 2617 328 2631 »

231 2651 288 2678 Col.
301 2652 354 2679 303
368 2653 390 2678 Β
404 2651 448 2679 10.
464 2651 636 2679 Inhabilara.
664 2650 744 2687 Legit
772 2650 916 2687 interpres
941 2651 1017 2686 quod

195 2695 283 2724 habet
294 2697 382 2725 etiam
400 2696 681 2730 ΟΙὶν.κατοικιιῖ,ιιοιι
698 2697 731 2723 ut
746 2695 916 2724 Basilienais
946 2696 1016 2724 edit.

194 2743 325 2774 κατοικεῖ,
341 2753 355 2767 ‹‹
372 2741 527 2775 inhabitat,
546 2752 560 2766 ››
577 2749 636 2777 quo
651 2742 736 2777 pacto
752 2742 780 2768 et
791 2740 822 2768 in
837 2741 1016 2776 quibusdam

194 2784 296 2813 Bibliis
311 2786 455 2822 scriptum
471 2788 516 2814 est
530 2788 563 2814 ut
575 2786 708 2823 agnoscit
716 2785 805 2814 etiam
812 2785 1016 2822 Hieronymus,

196 2829 247 2865 qui
262 2831 359 2858 tamen
376 2830 411 2858 ad
426 2831 548 2859 verbum
565 2839 598 2859 ex
622 2830 739 2859 Hebraeo
761 2830 857 2866 vertit,
885 2831 1017 2859 Dominus

1073 2337 1118 2363 tes
1133 2335 1199 2370 illaa,
1216 2343 1278 2370 quae
1294 2335 1396 2363 meniae
1412 2338 1491 2370 sunt,
1511 2338 1540 2364 et
1567 2336 1761 2364 indiﬂ'erentis
1784 2339 1894 2364 natura:

1073 2387 1170 2407 veram
1182 2380 1292 2408 habent
1301 2379 1419 2408 laudem
1431 2388 1455 2407 ε»
1463 2380 1665 2409 etCornarius:
1680 2391 1695 2406 (ι
1705 2380 1807 2417 Neque
1817 2381 1894 2408 enim

1073 2426 1161 2459 artes,
1173 2432 1239 2460 quae
1249 2424 1278 2452 in
1291 2425 1388 2452 medio
1399 2427 1565 2458 versantur,
1577 2425 1655 2461 quod
1674 2433 1740 2453 vere
1749 2424 1896 2454 laudabile

1074 2471 1118 2497 est
1130 2468 1249 2497 habent.
1267 2479 1281 2494 ››
1307 2470 1344 2496 At
1367 2469 1509 2505 exempla,
1529 2477 1593 2504 quas
1620 2469 1741 2504 subjicit
1763 2469 1897 2502 Basilius,

1073 2514 1311 2550 gubernatorum,
1328 2513 1567 2547 architectorum,
1583 2513 1758 2542 latomorum
1772 2517 1844 2542 sunt
1853 2522 1898 2542 ar-

1072 2558 1199 2592 tiﬁcum,
1215 2566 1273 2586 non
1293 2558 1412 2586 artium.

1109 2607 1168 2635 Col.
1184 2606 1237 2635 358
1253 2607 1274 2634 Ι)
1290 2607 1317 2634 Ιι.
1335 2606 1400 2634 Plus
1409 2607 1495 2634 enim.
1516 2606 1741 2634 Emendandum
1770 2615 1806 2635 ex
1834 2607 1896 2636 cod.

1075 2651 1181 2680 Olivar.
1195 2650 1292 2678 πλεῖον
1308 2649 1359 2688 γάρ
1374 2660 1412 2678 τι.
1429 2651 1585 2679 Cornorius
1599 2660 1605 2679 :
1622 2662 1637 2676 «
1652 2651 1792 2687 Amplius
1817 2652 1893 2680 enim

1074 2696 1217 2733 quiddam
1233 2704 1323 2732 supra
1340 2695 1512 2731 simpliciter
1528 2703 1657 2732 querere
1679 2695 1830 2732 signiﬁcat
1850 2704 1894 2723 ex-

1073 2742 1199 2778 quirere.
1212 2752 1226 2767 υ

1108 2786 1167 2814 Col.
1189 2786 1241 2814 359
1260 2788 1291 2814 Β.
1308 2785 1367 2814 Νοη
1381 2786 1486 2814 sineris.
1515 2786 1587 2819 Imo,
1618 2787 1651 2812 ut
1666 2787 1743 2813 recte
1756 2785 1892 2813 admonet

1073 2829 1465 2865 Montacutius,contrarium
1480 2829 1543 2857 vult
1557 2829 1692 2862 Basilius,
1709 2840 1722 2855 ι(
1736 2831 1800 2858 Non
1816 2829 1890 2866 quod
