2011 3142
92 185 166 216 1091

677 179 728 209 AD
750 173 939 208 HOMILIAS
961 172 1001 203 IN
1022 172 1215 203 PSALMOS.

1719 171 1797 201 {022

95 259 285 287 nequaquam
303 258 348 278 me
370 249 498 286 patiatur
513 245 658 279 tribulari,
673 244 723 272 sed
740 250 806 271 cum
824 243 916 287 tenta-

989 246 1031 266 ιοη
1048 239 1239 273 expresserat,
1255 237 1272 271 ἢ
1289 236 1314 263 εἴ
1338 235 1511 271 ἐκζητοῦντες
1534 236 1719 273 ἀπετύγχανον
1741 237 1798 263 τῶν

93 296 175 324 tione
188 286 298 323 exitum
315 295 457 331 prmhens.
469 304 483 319 »
499 293 556 320 Nec
572 293 671 318 tamen
685 289 715 316 in
729 296 762 316 eo
778 286 922 315 assentior

96 341 152 374 illi,
171 340 248 375 quod
261 348 294 367 ex
307 330 419 375 Anglic.
430 339 469 372 τῷ
485 334 612 363 δύνασθαι
627 331 790 366 substituit,
808 339 860 366 pro
874 330 922 355 τοῦ

98 384 240 420 δύνασθαι,
269 386 303 412 ut
331 385 394 412 erat
425 382 455 409 in
493 378 648 409 Basiliensi
685 377 823 405 editione.
849 377 923 401 Sunt

96 429 174 457 enim
192 418 384 464 exiApostolo
406 427 563 461 desumpta
577 423 675 456 verba,
687 421 763 456 apud
780 427 867 455 quem
883 418 924 445 ita

95 474 205 510 legitur
233 473 244 501 Ι
272 463 335 500 Cor.
366 481 394 505 ι,
411 472 455 507 13,
483 471 531 496 τοῦ
559 467 684 495 δύνασθαι
710 465 779 502 ὑμᾶς
811 463 922 498 ὑπενεγ-

95 527 164 546 κειν.

131 575 193 605 Col.
209 575 263 603 362
277 575 299 603 A
313 575 341 602 6.
359 574 389 602 Et
403 573 533 601 revelare.
547 571 684 599 Edidorat
694 569 923 604 interpres,«ac-

96 620 199 648 cedere
213 622 242 648 et
257 617 438 647 munifestari
453 615 536 650 velle,
554 626 568 640 »
584 614 668 651 quasi
684 612 803 649 legisset
818 610 922 637 ἀποκα-

95 664 259 692 λύπτεσθαι.
288 663 448 699 Propterea
472 668 506 689 ex
537 659 674 688 Cornario
704 656 922 692 rescripsimus,

100 719 111 734 ι
128 711 158 737 et
171 708 309 737 revelare.
329 719 339 734 ι
358 706 424 734 Jam
453 707 551 733 tamen
581 703 722 731 arrideret
736 702 831 736 magis
846 699 922 736 quod

96 753 169 790 legit
182 753 337 787 interpres,
351 751 375 779 si
392 750 518 786 alicujus
534 747 642 776 codicis
665 744 855 780 manuscripti
872 752 923 771 au-

99 797 235 826 ctoritate
270 796 431 828 fulciretur,
456 802 521 821 cum
553 792 687 820 videatur
714 790 842 818 alludere
871 790 923 815 Bu-

99 842 186 870 silius
216 841 251 868 ad
280 840 353 867 illud
378 839 461 867 Isaiae
489 846 562 872 xux,
576 837 603 869 9,
621 835 739 872 Λέγοντα
762 835 820 864 τοῖς
837 832 864 860 ἰν
880 830 925 859 δε-

99 888 192 923 σμοῖς,
221 882 366 920 Ἐξέλθετξ,
394 882 438 910 καὶ
461 884 520 913 τοῖς
550 881 576 908 ἐν
604 881 643 916 τῷ
673 879 762 906 σκότει
793 875 926 905 ἀνακαλυ-

99 931 214 970 φθῆναι·
232 929 308 966 quod
330 929 522 964 Hieronymus
545 926 633 954 vertit
658 933 665 953 :
695 935 706 951 ι
733 924 849 952 Diceres
878 922 925 949 his

99 967 149 1012 qui
174 975 204 1002 in
233 970 357 1002 vinculis
383 975 453 1000 sunt
470 980 476 1000 :
494 971 593 1004 Exite;
614 971 643 997 et
658 969 707 1006 qui
723 969 753 996 in
770 967 900 995 tenebris
917 975 924 995 :

99 1011 291 1048 Revelumini.
309 1029 323 1042 ››
340 1017 378 1045 Ad
404 1017 527 1044 verbum
557 1016 643 1047 esset,
660 1025 674 1039 ‹‹
700 1011 894 1046 manifestari,
911 1023 922 1037 ι

98 1063 144 1092 vel
172 1065 261 1097 certe,
278 1074 292 1088 «
307 1063 340 1090 ut
369 1060 607 1095 munifestentur,
623 1070 638 1084 »
655 1060 706 1086 aut
734 1069 748 1083 «
774 1057 926 1085 illustren-

99 1110 159 1136 tur.
179 1118 194 1132 »

135 1161 195 1190 Col.
212 1160 265 1188 363
280 1161 301 1187 Α
332 1160 358 1187 4.
378 1157 636 1187 Castrametabitur.
653 1156 816 1192 Scripserat
835 1155 926 1183 inter-

101 1214 181 1242 pres,
199 1216 213 1230 (ι
227 1204 371 1233 Immittet
392 1211 423 1231 se
445 1202 505 1231 sive
524 1203 678 1230 interseret
691 1200 813 1237 angelus
829 1199 927 1228 Domi-

102 1250 131 1278 ni
142 1258 151 1278 :
163 1261 177 1276 n
191 1258 244 1278 nec
255 1249 340 1277 aliter
348 1247 540 1276 doctissimus
550 1246 677 1275 Basilius
691 1245 767 1282 apud
777 1245 861 1273 Joan.
870 1245 926 1273 Da-

101 1302 274 1323 mascenum
283 1293 335 1321 lib.
347 1291 625 1327 IParallel.,cap.12,
638 1290 716 1318 hunc
727 1289 927 1318 Basiliilocum

103 1339 266 1375 proferens.
274 1337 427 1365 Enimvero
437 1336 466 1363 iu
476 1334 601 1371 vulgatis
614 1330 701 1362 etiam
712 1334 813 1362 lexicis
823 1343 927 1371 παρεμ-

102 1381 217 1411 ϐάλλειν
241 1382 397 1419 exponitur
411 1381 548 1409 «diversi
574 1380 689 1417 generis
719 1379 828 1408 milites
851 1381 928 1408 certo

103 1428 207 1456 ordine
222 1427 396 1455 interserere
409 1427 438 1454 et
452 1425 595 1454 collocare
609 1437 616 1458 ;
635 1435 649 1449 »
664 1424 715 1452 sed
731 1426 759 1452 et
774 1436 786 1449 ι(
803 1424 929 1452 tentoria

102 1472 246 1500 collocare
259 1483 273 1497 ι)
291 1471 369 1507 apud
384 1470 537 1506 Polybium
553 1471 648 1503 sonat,
661 1471 691 1497 et
706 1480 720 1494 «
739 1471 928 1496 castrameta-

103 1518 137 1551 ri,
159 1529 169 1542 ι
188 1519 222 1545 ut
246 1517 371 1544 Budeus
395 1515 532 1544 observat
552 1515 582 1541 in
611 1509 773 1547 Comment,
790 1515 822 1541 ut
840 1513 870 1540 in
899 1521 929 1541 ιιι

102 1562 245 1597 Historia,
260 1559 316 1595 Τήν
333 1558 361 1587 δὶ
377 1558 492 1596 δύναμιν
507 1558 560 1596 πρὸ
575 1561 625 1592 τῆς
653 1557 761 1588 πόλεως
788 1554 929 1596 παρεμϐα-

104 1605 172 1639 λών,
187 1618 202 1632 ‹‹
214 1614 281 1634 cum
298 1607 365 1633 ante
377 1605 479 1632 urbem
496 1605 593 1631 castra
603 1603 760 1639 posuisset.
770 1614 783 1628 ››
796 1603 846 1631 Usi
862 1606 930 1631 sunt
946 1605 968 1638 (ξ,

105 1652 194 1679 etiam
216 1651 271 1678 hoc
285 1649 373 1678 verbo
389 1648 469 1683 LXX,
487 1651 519 1676 ut
536 1648 730 1676 Numerorum
757 1656 794 1682 Ix,
813 1648 846 1675 18
862 1656 869 1675 ;
885 1648 934 1675 Διᾶ

106 1695 317 1733 προστάγματος
353 1693 454 1731 Κυρίου
485 1689 710 1730 παρεμϐαλοῦσιν
740 1692 766 1719 οἱ
802 1693 856 1720 υἱοὶ
885 1695 934 1721 τοῦ

108 1739 233 1778 Ἰσραήλ·
250 1743 307 1768 Per
320 1741 486 1775 praceptum
509 1739 619 1766 Domini
648 1742 737 1765 castra
761 1737 935 1766 collocabant

109 1786 165 1821 ﬁlii
181 1785 274 1813 Israel.
289 1784 375 1813 Joan.
391 1783 564 1819 Campensis
580 1783 626 1810 hic
640 1782 725 1810 verlit
749 1791 783 1811 ex
805 1783 933 1819 Hebraeo,

111 1841 124 1856 ι
140 1830 374 1858 Castrametatur
401 1827 536 1864 angelus,
564 1838 574 1851 ι
601 1829 630 1855 et
655 1827 684 1854 S.
716 1827 933 1863 Hieronymus:

112 1873 302 1902 «Circumdut
313 1872 435 1909 angelus
447 1872 562 1900 Domini
574 1871 603 1899 in
611 1879 681 1907 gyro
692 1871 831 1899 timentes
837 1879 932 1900 eum.»

109 1918 237 1946 Omnino
253 1919 350 1945 autem
366 1916 453 1952 exigit
468 1916 545 1944 hanc
561 1915 724 1943 versionem
740 1923 824 1944 mens
840 1917 936 1943 aucto-

108 1964 162 1996 ris,
175 1962 225 1999 qui
237 1962 346 1990 idcirco
356 1963 458 1998 postea
471 1960 631 1989 assimilari
649 1960 754 1988 castris
766 1960 935 1995 angelorum

109 2007 193 2040 dicit,
221 2005 279 2042 ὅλῳ
308 2003 483 2043 στρατοπέδῳ
508 2003 553 2031 καὶ
581 2001 746 2041 παρεμϐολῇ
781 2003 938 2041 παρεικάζε-

108 2060 162 2079 ται·
181 2051 372 2087 quamobrem
384 2050 565 2083 addidimus,
584 2060 595 2074 ι
612 2051 641 2077 et
655 2048 826 2084 angelorum
843 2051 938 2077 custo-

109 2096 159 2124 diu
174 2098 202 2124 te
228 2095 353 2131 muniat,
369 2105 384 2121 ››
401 2095 479 2131 quod
496 2094 636 2122 omiserat
651 2093 804 2130 interpres.
822 2093 937 2130 Repeti-

109 2142 159 2169 tur
173 2140 223 2168 hic
238 2139 320 2168 locus
344 2141 373 2168 et
396 2139 572 2167 exscribitur
587 2138 623 2166 ab
638 2137 794 2174 Euthymio
809 2137 838 2165 in
854 2139 936 2166 Com-

111 2184 269 2219 mentario,
289 2184 367 2220 apud
383 2192 470 2220 quem
497 2190 651 2220 perperam
668 2182 752 2210 vertit
767 2182 912 2218 interpres
929 2191 936 2210 :

110 2240 123 2254 a
132 2232 206 2257 Nam
219 2237 286 2257 cum
300 2237 376 2256 unus
389 2236 510 2256 numero
522 2229 635 2256 tantum
648 2226 697 2261 sit,
706 2227 842 2255 universo
851 2228 938 2262 atque

110 2274 224 2320 integro
239 2272 548 2320 hostium‘exercitut
563 2271 685 2300 resistit.
702 2283 717 2297 »
733 2272 781 2303 Et;
806 2271 858 2308 γὰρ
888 2270 936 2307 ὢν,
952 2287 976 2320 D

109 2317 170 2354 ὅλῳ
186 2319 293 2356 στρατῷ
307 2317 494 2355 παριίκασται.
507 2328 521 2342 ‹‹
538 2317 612 2345 Nam
638 2325 704 2345 cum
723 2325 799 2345 unus
824 2316 874 2351 sit,
890 2316 936 2344 in~

108 2365 190 2399 tegro
205 2363 343 2391 exercitui
359 2364 557 2398 comparatur.
575 2373 589 2387 »

144 2425 206 2454 Col.
222 2425 275 2453 366
295 2426 319 2453 A
341 2425 369 2453 5.
386 2425 547 2453 Suavitatis.
563 2424 721 2452 Gornarius
744 2423 855 2458 itidem,
872 2434 887 2449 «
910 2425 938 2451 et

110 2470 158 2498 hic
172 2469 317 2498 bonitatis
332 2471 449 2506 gustus,
466 2479 481 2494 »
496 2469 583 2505 quasi
596 2468 710 2504 legerit,
722 2470 773 2496 aut
788 2468 937 2504 corrigen-

110 2514 182 2542 dum
199 2513 358 2547 censuerit,
369 2513 488 2541 tametsi
500 2521 573 2541 mss.
585 2513 777 2546 reluctantur,
787 2521 844 2540 non
855 2512 936 2550 χάρι-

109 2567 168 2591 τος,
200 2558 253 2586 sed
282 2556 482 2595 χρηστότητος,
513 2557 653 2593 quoniam
683 2557 758 2584 dixit
780 2558 876 2590 antea,
892 2556 937 2583 καὶ

108 2599 182 2629 ἴδετε
197 2599 239 2628 ὅτι
255 2601 377 2639 χρηστὸς
396 2601 507 2639 Κύριος,
523 2605 549 2629 ει
564 2601 650 2629 videte
674 2601 806 2637 quoniam
833 2601 937 2635 suavis,

109 2647 152 2674 vel
169 2647 256 2674 bonus
269 2648 309 2674 ut
325 2647 461 2674 Dominus
479 2654 486 2674 :
504 2645 632 2681 alioquin
655 2645 691 2673 ad
708 2645 828 2673 verbum
848 2647 936 2680 esset,

109 2692 213 2725 gratim
242 2690 362 2719 arrhabo
377 2693 402 2719 et
417 2691 626 2727 qualiscunque,
640 2690 717 2726 quod
741 2697 812 2718 sane
837 2689 937 2717 minus

110 2735 258 2764 convenit.

145 2793 205 2821 Col.
222 2793 274 2821 367
289 2795 311 2821 B
324 2793 352 2820 5.
369 2793 423 2828 Qui
436 2793 510 2821 enim
534 2793 670 2829 corporal.
687 2792 831 2821 Omiserat
845 2791 938 2819 inter-

109 2845 188 2873 pres,
205 2837 358 2874 σωματικά,
365 2837 532 2874 corporalia,
548 2839 577 2866 et
591 2837 678 2872 paulo
692 2839 759 2873 post
773 2836 823 2864 illa
838 2835 938 2864 omnia

976 281 1109 309 τοιούτων
1127 282 1245 318 ἀγαθῶν.

1013 326 1071 354 Col.
1088 327 1140 353 370
1156 329 1177 352 A
1193 327 1220 353 8.
1241 327 1294 354 νοω
1314 328 1355 353 est
1378 326 1512 360 magistri.
1530 325 1686 352 Cornarius
1712 325 1799 352 inter-

978 374 1115 406 pretatur,
1137 382 1149 398 α
1164 370 1285 406 Benigni
1306 369 1493 405 praeceptoris
1509 377 1563 396 vox
1578 371 1633 397 est.
1646 379 1659 393 »
1672 369 1726 396 Alii
1739 377 1798 397 ma-

976 415 1052 451 luut,
1065 415 1209 448 «interni,
1222 425 1236 439 η
1258 413 1310 448 vel,
1322 425 1336 438 «
1349 414 1429 441 intus
1444 413 1602 441 residentis
1618 412 1751 448 magistri
1764 422 1770 441 :
1784 424 1798 437 ››

977 461 1027 488 sed
1044 460 1198 496 exponitur
1211 462 1309 486 tamen
1333 456 1488 487 ἐνδιαοέτως
1513 465 1726 492 nonnunquam
1751 455 1799 491 ἐμ-

976 501 1082 537 παθῦἱς,
1102 514 1113 528 α
1129 511 1196 531 cum
1212 511 1319 538 magno
1333 503 1450 536 aﬂ‘ectu,
1468 513 1481 527 υ
1498 504 1530 529 ut
1554 499 1704 532 ἐνδιάθετος
1722 498 1798 527 διδά-

977 547 1078 579 σκαλος
1107 549 1231 582 dicatur,
1249 557 1263 572 «
1288 547 1337 582 qui
1368 554 1474 582 magno
1500 546 1606 573 all'ectu
1634 545 1802 581 complecti~

977 597 1027 622 tur
1037 593 1211 629 discipulos,
1228 604 1242 618 »
1257 592 1313 620 nisi
1335 592 1401 628 quis
1418 591 1502 619 malit
1516 591 1660 627 corrigere
1681 588 1800 616 εὐδιαθὲ-

977 649 1034 666 του.
1051 639 1226 666 Constanter
1252 639 1350 665 tamen
1379 636 1451 664 Oliv.
1469 638 1498 664 et
1524 636 1573 663 alii
1597 643 1669 663 mss.
1698 634 1797 670 vulga-

977 686 1038 711 tam
1068 682 1194 710 retinent
1218 681 1393 714 lectionem,
1420 680 1470 708 sed
1504 678 1730 716 προκαλουμένου
1759 679 1798 706 le-

978 727 1021 763 git
1035 727 1107 755 Oliv.
1125 735 1180 754 non
1206 723 1446 763 προκαλουμένου,
1459 724 1514 752 hoc
1537 727 1592 758 est,
1605 735 1619 749 «
1644 723 1799 751 cohortan-

979 773 1027 800 tis.
1044 783 1058 797 η

1015 817 1088 845 Ibid.
1103 819 1122 844 Ο
1137 817 1180 844 10.
1200 815 1376 851 Salisfacere.
1395 815 1480 842 Recte
1509 814 1583 841 Oliv.
1607 813 1687 849 ἡμῶν
1712 812 1801 840 corri-

980 863 1022 898 git
1037 870 1088 897 pro
1105 860 1191 896 ὐμῶν.
1207 859 1374 893 Cornarius,
1391 870 1404 885 ι
1421 862 1450 886 et
1465 858 1587 886 Domino
1602 857 1733 885 debitum
1752 865 1802 884 ex-

941 922 964 954 B
980 906 1102 940 solvere,
1117 905 1166 941 qui
1197 912 1248 940 pro
1275 903 1360 931 nobis
1388 905 1433 930 est
1457 905 1601 930 mortuus.
1620 912 1634 926 »
1660 901 1800 934 Subinde,

983 951 1105 987 «ignem
1121 952 1241 985 aspectu
1257 949 1423 976 reddentes.
1441 958 1455 972 ››
1473 949 1515 975 Ila
1543 945 1698 974 substituit
1718 945 1801 972 Mon-

979 995 1118 1030 tacutius,
1134 993 1287 1029 expunctis
1301 993 1361 1020 illis
1373 992 1541 1028 interpretis
1553 991 1659 1024 verbis,
1673 1000 1687 1015 «
1702 990 1802 1025 Ignem

980 1042 1115 1076 paratum
1132 1040 1314 1066 contuentes.
1332 1048 1346 1062 ι)
1361 1037 1517 1065 Coruarius
1543 1036 1613 1063 item
1638 1035 1736 1062 minus
1753 1041 1804 1069 ap~

980 1089 1018 1121 te,
1036 1096 1050 1111 «
1074 1085 1193 1120 igneam
1217 1083 1322 1111 faciem
1351 1091 1409 1119 pne
1440 1090 1470 1110 se
1498 1082 1634 1109 ferentes.
1663 1091 1677 1105 η
1701 1078 1804 1107 Solum

981 1131 1059 1158 enim
1075 1139 1109 1158 ex
1117 1129 1210 1157 oculis
1225 1127 1441 1165 quodammodo
1450 1127 1575 1154 emicare
1586 1126 1684 1161 ignem
1696 1123 1804 1151 innuit.

981 1175 1082 1203 Simile
1094 1175 1171 1210 quod
1183 1174 1304 1201 all‘ertur
1318 1180 1353 1200 ex
1371 1171 1572 1207 Aristophane,
1589 1167 1724 1206 ἀστραπὰς
1742 1166 1804 1204 βλὲ-

982 1229 1053 1252 πειν,
1072 1230 1086 1244 ‹‹
1100 1221 1139 1246 Ex
1163 1218 1256 1246 oculis
1279 1217 1439 1253 quamdam
1460 1215 1549 1242 veluti
1572 1212 1804 1242 coruscationem

983 1265 1127 1296 emittere,
1153 1264 1326 1291 coruscante
1361 1262 1482 1296 aspectu
1510 1266 1590 1286 esse.
1619 1269 1634 1283 ι)
1661 1257 1805 1285 Homerus

983 1307 1090 1337 Ὀδυσσ.
1107 1308 1128 1336 Τ
1145 1316 1152 1336 ;

1019 1379 1121 1417 Φρίξας
1144 1378 1172 1406 εὗ
1197 1377 1308 1416 λοφιὴν,
1333 1378 1386 1413 πῦρ
1412 1373 1435 1402 δ’
1459 1372 1626 1413 ὀφθαλμοῖσι
1660 1370 1805 1409 δεδορκώς.

986 1427 1068 1455 Valde
1089 1425 1238 1454 exhorrem
1252 1428 1342 1451 setosa
1360 1422 1473 1454 cervice,
1489 1421 1583 1456 ignem
1606 1418 1694 1487 oculils
1706 1417 1805 1458 _in.spi-

1685 1460 1768 1480 ciens.

1685 1460 1768 1480 ειεπε.

1020 1535 1216 1564 Philostratus
1231 1533 1260 1560 in
1277 1531 1409 1564 leonibus,
1435 1537 1501 1565 pag.
1515 1527 1579 1562 771,
1595 1525 1718 1561 vestigia
1733 1524 1808 1552 rele-

986 1589 1058 1618 gens
1086 1578 1214 1613 Homeri,
1231 1577 1290 1618 opai
1317 1573 1345 1602 δὲ
1369 1573 1449 1602 αὐτὸν
1472 1571 1517 1599 καὶ
1538 1571 1588 1605 τὴν
1617 1569 1716 1618 χαίτην
1732 1568 1809 1607 φρίτ-

987 1613 1078 1658 ξοντα,
1093 1623 1138 1650 καὶ
1162 1624 1214 1658 πῦρ
1241 1613 1422 1657 ἱμὸλὲποντα.
1439 1630 1453 1644 u
1468 1617 1559 1644 Video
1588 1618 1684 1643 autem
1709 1613 1808 1650 ipsum

988 1672 1017 1698 et
1031 1669 1101 1697 setis
1117 1657 1293 1699 horrentem,
1310 1668 1338 1692 et
1353 1664 1450 1700 ignem
1465 1660 1651 1690 vibrantibus
1665 1658 1758 1686 oculis
1769 1657 1811 1684 in-

988 1717 1154 1743 tuentem.»
1170 1713 1213 1739 lta
1228 1710 1386 1746 Gregorius
1399 1707 1611 1740 Nazianzenus,
1627 1705 1701 1732 orat.
1719 1703 1765 1737 20,
1781 1711 1810 1738 p.

988 1761 1052 1791 261,
1064 1759 1146 1792 dixit,
1161 1756 1198 1793 μὴ
1215 1756 1356 1789 πιθήκειον
1388 1751 1489 1790 βλέπῃ,
1506 1749 1579 1778 ἀλλὰ
1606 1747 1740 1786 βλοσυρὸν
1764 1747 1810 1774 καὶ

991 1802 1132 1842 βασιλιγόν
1159 1810 1166 1829 :
1191 1812 1206 1827 ι(
1229 1801 1290 1828 Non
1313 1799 1405 1826 simiai
1428 1798 1590 1832 aspectum,
1620 1793 1670 1821 sed
1696 1795 1810 1820 torvum

990 1836 1146 1886 quemdam
1160 1848 1188 1874 et
1202 1844 1373 1873 horrificum
1388 1850 1422 1869 ac
1437 1841 1550 1876 regium
1567 1838 1710 1874 praeferat.
1723 1847 1737 1861 »
1750 1836 1811 1864 Sub

990 1883 1078 1923 tinem
1094 1893 1207 1930 paginas
1223 1898 1275 1927 pro
1291 1887 1395 1925 μακρὰν
1409 1884 1592 1913 ἀποπεσόντας
1618 1883 1744 1910 fortasse
1768 1889 1812 1908 rc-

990 1940 1065 1968 ctius
1092 1927 1238 1973 legeretur
1266 1932 1370 1969 μακρὰν
1388 1930 1515 1962 ἀπόντας,
1530 1940 1544 1954 ‹‹
1559 1928 1643 1962 longe
1659 1927 1779 1955 absunt.
1798 1937 1812 1950 υ

991 1986 1101 2015 Ibidem
1118 1971 1342 2010 immutavimus
1352 1977 1449 2005 locum
1460 1975 1545 2003 illum
1556 1972 1754 2009 interpretis,«
1763 1971 1811 2007 qui

991 2039 1044 2067 per
1052 2027 1230 2064 baptismum
1243 2026 1271 2052 et
1281 2022 1467 2058 adoptionem
1480 2019 1531 2048 Dei
1542 2018 1610 2046 facti
1626 2019 1697 2045 sunt
1711 2017 1811 2043 dome-

992 2074 1068 2104 stici.
1086 2084 1100 2098 »

1027 2118 1086 2147 Col.
1102 2117 1155 2145 378
1183 2116 1206 2143 A
1232 2115 1259 2142 3.
1289 2113 1366 2141 Nunc
1392 2111 1481 2146 igitur
1506 2107 1666 2144 potentiam.
1700 2103 1812 2132 Omise-

992 2166 1038 2192 rut
1052 2163 1197 2198 interpres
1212 2159 1296 2190 illud,
1311 2157 1356 2185 καὶ
1382 2155 1432 2188 τὴν
1460 2155 1513 2180 τῶν
1536 2151 1625 2189 εὐχῶν
1652 2147 1812 2198 ἀνῖιληιξηι-

992 2209 1053 2243 χήν.
1066 2193 1223 2235 Cornarius
1233 2202 1372 2240 appellat,
1387 2211 1400 2227 I
1409 2198 1601 2236 inspectivam
1610 2193 1702 2223 nostri
1715 2195 1814 2243 poten-

992 2237 1074 2287 tiam,
1091 2254 1119 2280 et
1133 2237 1261 2287 precum‘
1274 2237 1443 2276 nostrarum
1466 2241 1676 2277 susceptricem
1699 2246 1709 2266 τ
1723 2249 1737 2263 ‹‹
1748 2237 1815 2287 μοο

992 2300 1046 2331 est,
1056 2281 1118 2333 quas
1130 2281 1251 2331 adjuvat
1261 2300 1362 2329 preces
1381 2292 1507 2322 nostrrs,
1517 2289 1550 2315 ut
1560 2285 1675 2333 dicebat
1685 2281 1814 2333 Raphae-l

991 2325 1088 2370 'I‘obiie
1116 2325 1180 2376 cap:
1213 2325 1270 2371 xu;
1291 2338 1325 2365 12
1355 2345 1361 2364 :
1386 2335 1451 2363 ’Ὁτι
1474 2331 1620 2370 προσηύξω
1651 2328 1693 2376 οἱ),
1722 2325 1767 2354 καὶ

991 2385 1084 2425 νύμφη
1115 2371 1162 2412 cod
1193 2381 1308 2419 Σάῤῥα,
1337 2379 1392 2425 ἐγὼ
1419 2378 1596 2425 προςήγαῖον
1634 2371 1813 2425 ⁵τοι-μνημό-

992 2419 1083 2458 ante?
1098 2431 1148 2463 τῆς
1176 2428 1333 2465 προσευχῆς
1361 2423 1451 2460 ὐμῶν·
1467 2421 1580 2457 Quando
1609 2419 1703 2465 orasti
1723 2419 1763 2449 tu,
1788 2423 1813 2443 et

991 2483 1080 2503 nurus
1108 2462 1155 2502 tua
1179 2462 1297 2504 δάν-ναξ
1312 2477 1360 2505 ego
1386 2467 1532 2504 offerebam
1558 2462 1721 2492 memoriale
1750 2469 1814 2489 ora-

991 2521 1076 2548 tionis
1111 2519 1214 2546 vestrm.
1246 2516 1288 2543 Ita
1315 2504 1423 2542 citetur
1457 2520 1491 2540 ex
1515 2510 1618 2537 eodem
1648 2505 1754 2534 Basilio
1783 2504 1814 2531 in

993 2564 1106 2593 Lexicis
1130 2572 1136 2591 :
1162 2560 1230 2599 πρὸς
1254 2560 1285 2587 τὸ
1312 2554 1557 2594 ἀντιλαμϐάνεσθαι
1585 2554 1635 2584 τῆς
1660 2548 1812 2599 ἀδελφότη-

991 2620 1049 2645 τος,
1072 2608 1108 2637 ad
1134 2594 1246 2635 marium
1269 2604 1435 2641 adjutricem
1458 2598 1653 2638 porrigendum
1679 2594 1814 2631 fraterni-

993 2656 1053 2682 tali.

1027 2699 1087 2728 Col.
1104 2699 1156 2726 384
1170 2699 1192 2726 A
1208 2697 1251 2725 12.
1267 2695 1346 2731 Quid
1357 2695 1459 2722 autem.
1472 2691 1538 2719 Haec
1553 2687 1701 2726 periodus,
1721 2692 1814 2721 usque

993 2744 1028 2772 ad
1045 2743 1094 2771 illa
1109 2743 1207 2776 verba,
1226 2752 1239 2767 (ι
1254 2741 1292 2768 Ad
1309 2747 1358 2768 eos
1373 2739 1454 2770 item,
1472 2747 1486 2761 η
1498 2744 1514 2764 a
1530 2734 1615 2762 nobis
1629 2731 1744 2767 adjecta
1758 2732 1813 2763 est,

993 2789 1028 2816 ab
1044 2788 1202 2823 interprete
1219 2784 1433 2822 prmtermissa:
1450 2781 1531 2810 locus
1542 2778 1672 2816 proxime
1687 2783 1814 2812 sequens

993 2837 1036 2862 est
1053 2833 1132 2861 Isaiae
1148 2840 1216 2866 XLII,
1234 2832 1277 2859 18.
