2011 3142
197 171 275 202 1023

791 177 910 207 NOTAE
932 177 1155 208 FRONTONIS
1178 177 1306 209 DUCEI

1822 185 1900 214 1024

233 237 291 265 Col.
307 238 359 265 387
374 238 394 266 B
410 240 435 266 8.
459 240 516 274 Qui
536 241 715 276 juvenilibus.
737 243 880 271 Admonet
899 244 1018 272 doctiss.
1035 245 1063 278 Α
1077 244 1192 279 vimus;
1209 247 1238 272 at
1265 245 1408 282 interpres
1436 247 1576 283 ediderat,
1592 257 1626 276 ex
1653 236 1752 278 codice
1778 250 1902 279 fortasse

198 283 394 311 Montacutius
410 284 527 312 fidelius
553 287 635 320 verti,
652 298 666 312 «
682 287 731 323 qui
749 287 865 323 aggredi
882 288 1024 323 juvenilia

194 327 257 361 jam
285 329 392 362 potest,
408 328 451 355 vel
482 330 581 365 potius
612 331 697 359 fortia
725 331 810 360 facta.
830 344 839 357 ιν
856 333 1022 366 Cornarius,

201 381 212 397 α
230 371 316 399 fortia
328 372 390 407 jam
406 381 494 408 opera
510 375 680 411 contingere
697 378 811 412 potens.
830 388 843 402 ››
860 377 920 405 Sub
936 378 1022 405 ﬁnem

200 416 311 450 paginae
341 418 558 446 emendandum
588 419 725 457 ὑφαίρεσιν
753 420 903 458 ὑπομείνῃ,
933 424 966 449 ut
994 421 1023 449 in

198 459 282 496 Oliv.,
299 469 356 489 non
373 464 405 489 ut
420 462 449 490 in
467 463 555 491 Basil.
575 464 710 502 ὑπομένῃ.
949 486 959 496 .

235 513 294 541 Col.
313 515 365 541 395
379 515 400 543 C
414 516 440 542 3.
453 516 484 543 Et
498 516 638 545 dedecoris
657 519 750 553 plena.
765 519 950 555 Addendum,
967 532 980 545 «
996 522 1025 548 et

199 558 338 586 deﬁciens
368 568 425 595 prae
456 561 523 589 ﬁliis
550 562 703 590 hominum
721 571 755 590 ε»
772 563 813 591 sic
843 564 920 592 enim
946 565 1024 600 apud

200 603 306 631 Isaiam
334 613 402 638 LIII,
431 606 448 632 3
474 606 561 634 vertit
585 607 794 644 Hieronymus.
825 609 884 637 Non
911 609 1025 637 habebat

198 648 314 682 speciem
329 657 416 684 neque
431 649 563 686 decorem,
578 651 624 679 sed
638 654 742 685 species
756 654 814 689 ejus
844 653 1023 687 inhonorata],

199 694 224 719 ct
233 692 364 728 deﬁciens
378 702 438 729 prw
452 694 521 729 ﬁliis
536 695 687 724 hominum.
705 697 783 725 Idem
802 697 883 725 Isaia:
897 698 978 726 locus
995 699 1023 726 in

198 737 332 764 eamdem
345 739 518 766 sententiam
531 740 566 767 ab
579 741 735 776 Euthymio
746 742 892 778 profertur
905 743 934 770 in
947 743 1024 770 hunc

199 780 357 815 psalmum,
387 782 461 819 παρὰ
485 782 549 814 τοὺς
579 783 654 815 υἱοὺς
681 787 734 812 τῶν
764 785 933 823 ἀνθρώπων·
961 786 1023 824 περὶ

197 825 245 851 τοῦ
272 825 398 860 σώματος
422 826 508 864 λέγει,
522 829 580 855 οἷον
604 829 637 863 ἦν
664 828 689 856 ἐν
706 831 745 866 τῷ
759 832 807 857 τοῦ
820 829 919 862 πάθους
935 833 1023 869 καιρῷ

199 867 497 907 προπηλακιζόμενον,
537 872 581 899 καὶ
621 874 837 910 μαστιζόμενον,
863 875 907 902 χαὶ
941 867 1023 913 μυρία

197 914 316 950 πάσχον.
333 915 365 943 Et
389 915 525 950 deﬁciens
551 926 634 954 super
664 918 732 947 ﬁlios
758 919 901 948 hominum
916 930 925 948 :

197 966 317 994 corpore
333 960 463 995 (Christi)
478 961 618 997 loquitur,
634 964 720 999 quale
735 964 875 992 nimirum
890 968 1021 1002 temporc

198 1004 346 1038 passionis
361 1009 432 1040 erat,
448 1014 514 1033 cum
536 1007 651 1042 probris
674 1010 702 1036 et
725 1009 821 1045 plagis
844 1009 1020 1044 afﬁceretur,

199 1049 226 1074 et
242 1048 398 1077 innumera
412 1050 664 1087 malapateretur.
691 1064 706 1078 »
722 1054 802 1086 Quod
814 1062 848 1082 ex
863 1055 1020 1090 Aquilahic

197 1092 356 1128 profertur,
374 1093 471 1121 κάλλει
487 1093 709 1132 ἐκαλλιυπίσθης,
725 1099 800 1134 apud
817 1099 974 1128 Eusebium
990 1100 1019 1128 in

197 1139 303 1164 Catena
327 1137 369 1165 sic
398 1147 429 1166 se
451 1139 549 1175 habet,
565 1139 662 1168 κάλλει
687 1141 861 1178 ἐκαλλιώθης
885 1143 938 1170 ἀπὸ
953 1144 1018 1171 υἱῶν

197 1180 359 1218 ἀνθρώπων.

231 1225 289 1253 Col.
307 1227 358 1253 398
382 1229 406 1254 Α
431 1229 459 1256 5.
475 1228 661 1258 Sel-trionibus.
681 1231 745 1268 Περὶ
770 1234 899 1269 Χριστοῦ,
916 1244 931 1258 ‹‹
957 1242 1019 1261 ser-

197 1270 336 1298 monibus
351 1272 387 1299 de
400 1272 525 1301 Christo.
543 1285 557 1299 n
573 1274 731 1305 Carnarius
745 1276 828 1312 dixit,
846 1288 860 1302 «
877 1278 1019 1307 doctrinis

196 1315 232 1343 de
242 1314 366 1343 Christo.
385 1327 395 1341 ι

233 1359 293 1387 Col.
323 1360 375 1387 406
401 1360 422 1388 Β
452 1362 495 1389 10.
524 1362 584 1390 Odi.
615 1363 809 1393 Scribendum
842 1374 876 1394 ex
904 1367 1019 1403 psalmo

197 1413 331 1440 cxxxvm,
356 1406 388 1433 21
408 1414 414 1434 :
433 1406 561 1441 Oderam,
587 1410 614 1435 et
632 1416 714 1444 super
737 1410 866 1439 inimicos
889 1415 948 1440 tuo:
975 1416 1019 1440 la-

198 1450 343 1478 bescebam.
361 1451 482 1486 Perfecto
497 1451 567 1480 odio.
580 1452 678 1481 Graeca
693 1454 771 1482 enim
787 1456 872 1483 verba
885 1463 919 1483 ex
945 1456 1017 1485 Oliv.

197 1496 226 1521 et
241 1494 355 1530 Anglic.
383 1497 454 1523 sunt
477 1496 577 1525 addita
600 1497 754 1526 Basiliensi
779 1499 912 1536 editioni,
928 1510 945 1529 ει
961 1509 1019 1538 qua

199 1538 330 1566 aberant.
343 1539 374 1566 In
384 1539 475 1568 Oliva.
487 1542 585 1569 tamen
601 1541 762 1576 legebatur,
773 1542 817 1570 ἐπὶ
831 1546 891 1576 τοῖς
906 1544 1017 1582 ἐχθροῖς

199 1591 258 1616 σου,
273 1591 343 1618 non,
358 1585 390 1612 ut
405 1584 434 1612 in
456 1584 584 1621 vulgatis
599 1586 712 1623 Bibliis,
727 1585 772 1614 ἐπὶ
799 1587 863 1620 τοὺς
891 1588 1016 1627 ἐχθρούς.

198 1635 256 1654 σου.

234 1671 293 1699 Col.
309 1672 370 1700 411.
388 1672 410 1700 D
433 1673 461 1700 5.
492 1675 681 1709 Perﬁciundz.
700 1677 771 1711 Imo,
788 1688 803 1703 «
832 1678 964 1714 perfectas
992 1681 1020 1707 et

199 1715 349 1751 acquisita
364 1716 492 1746 virtutis.
510 1729 524 1743 »
539 1719 639 1755 Itaque
660 1720 816 1749 Cornarius
842 1722 962 1759 propius
984 1724 1019 1752 ad

198 1768 330 1796 sensum,
346 1760 412 1789 licet
440 1761 518 1790 haud
543 1763 615 1791 satis
643 1764 755 1800 Latine,
777 1777 791 1791 ‹‹
817 1767 867 1794 sed
898 1775 961 1803 quae
989 1768 1020 1796 in

197 1803 298 1833 laetitia
312 1807 341 1833 et
355 1806 551 1835 exsultatione
574 1808 610 1836 ob
634 1809 797 1838 virtuosum
827 1811 881 1839 hoc
911 1813 1019 1840 factum

197 1850 337 1885 gaudent.
355 1861 369 1874 ν
393 1851 487 1879 Codex
506 1851 579 1880 Oliv.
603 1855 773 1882 constanter
801 1854 950 1891 vulgatam
979 1857 1019 1884 le-

198 1895 325 1923 ctionem
336 1895 442 1923 retinet
457 1894 500 1922 ὶπὶ
516 1897 556 1932 τῷ
567 1896 684 1934 τοιούτῳ
699 1899 890 1937 κατορθώματι
905 1900 1019 1938 χαίρου-

199 1947 253 1970 σαι,
266 1940 300 1966 ut
314 1939 413 1967 minus
427 1941 594 1969 necessaria
609 1942 648 1969 sit
663 1943 827 1971 doctissimi
849 1944 904 1972 viri
923 1946 1019 1981 conje-

199 1984 292 2016 ctura,
308 1982 356 2010 hic
371 1984 586 2013 emendandum
603 1986 783 2022 suspicantis
802 1987 846 2015 ἐπὶ
866 1988 898 2016 τὸ
911 1992 1019 2017 τοιοῦτο

198 2025 363 2063 κατόρθωμα
378 2029 528 2065 χωροῦσαι.
546 2031 670 2066 Exponit
686 2032 764 2059 enim
791 2033 925 2068 Basilius,
943 2035 1020 2063 unde

198 2071 249 2100 illa
272 2071 311 2100 sit
335 2070 485 2110 εὐφροσύνη
513 2073 557 2100 καὶ
581 2073 754 2111 ἀγαλλίασις,
779 2086 813 2105 ex
840 2079 1020 2107 conscientia

199 2117 275 2144 recte
296 2116 439 2145 factorum
465 2126 517 2146 seu
546 2118 690 2147 bonorum
704 2129 837 2156 operum.
851 2122 951 2159 Neque
975 2124 1018 2151 in-

199 2160 301 2188 terseri
339 2169 414 2196 opus
442 2164 497 2196 est,
527 2166 595 2198 post
636 2163 686 2191 illa
718 2165 806 2193 verba
840 2166 865 2192 ot
903 2166 1020 2195 ἀπαιτο-

200 2203 255 2231 λοιο
271 2213 339 2232 nam
363 2213 457 2241 neque
476 2207 566 2234 codex
577 2216 632 2235 ms.
645 2208 717 2236 Oliv.
729 2208 802 2237 illud
817 2210 910 2244 addit,
927 2220 1020 2248 neque

199 2248 306 2276 Catena
329 2249 429 2277 Graeca
452 2252 652 2288 manuscripts
675 2254 705 2280 in
721 2254 854 2290 Psalmos,
871 2264 933 2291 qum
948 2256 1021 2285 inte-

199 2300 285 2328 grum
301 2292 380 2321 hunc
393 2294 493 2322 Basilii
518 2295 613 2324 locum
639 2297 816 2334 exscriptum
838 2300 964 2329 exhibet.
981 2304 1020 2330 De
1034 2297 1058 2330 D

199 2337 340 2373 apostolis
355 2339 454 2366 tamen
470 2348 486 2367 a
500 2340 604 2368 Basilio
620 2340 803 2378 intelligitur,
811 2345 839 2372 et
854 2345 1018 2382 exponitur,

199 2384 233 2409 ut
247 2384 276 2410 et
291 2382 326 2410 ab
342 2383 507 2427 Euthymio,
526 2385 611 2420 cujus
626 2385 686 2414 haec
700 2388 786 2416 verba
802 2391 871 2417 sunt
885 2399 920 2418 ex
931 2391 1019 2427 Regio

199 2435 255 2470 ms.
271 2427 370 2455 codice
386 2436 392 2456 :
409 2427 467 2454 Υἱοὶ
488 2426 517 2455 δὲ
531 2429 556 2455 οἱ
573 2429 838 2466 ἀπόστολοι,ο⁹ίτινες
852 2426 1018 2470 ἐπανέϐηὰαν

198 2469 236 2501 εἰς
258 2471 289 2498 τὸ
314 2470 420 2508 ἀξίωμα
442 2474 497 2500 τῶν
520 2473 642 2512 πατέρων
677 2475 770 2512 αὐτοῦ,
794 2479 962 2516 πατριάρχαι
990 2490 1019 2506 τι

197 2515 351 2553 γενόμενοι,
368 2516 394 2543 ἰν
410 2518 450 2552 τῷ
465 2521 592 2555 γεννῆσαι
609 2517 654 2547 διὰ
680 2522 728 2548 τοῦ
754 2515 940 2559 βαπτίσματος
953 2524 1018 2550 πάν-

196 2570 229 2587 τα
257 2560 290 2588 τὰ
314 2559 387 2597 ἔθνη,
412 2561 456 2588 καί
481 2561 636 2597 ἀξιωθέντες
666 2566 714 2591 τοῦ
739 2569 910 2604 προφητικοῦ
938 2567 1019 2606 χαρί-

199 2614 309 2641 σματος·
323 2617 337 2631 ι(
355 2605 420 2634 Filii
435 2615 501 2634 vero
517 2608 651 2643 apostoli.
663 2609 713 2644 qui
731 2610 766 2637 ad
783 2611 955 2647 dignitatem
967 2621 1019 2649 pa-

198 2651 277 2678 trum
293 2650 358 2685 ejus
372 2651 499 2687 provecti
514 2654 594 2686 sunt,
609 2653 701 2681 eﬁ‘eoti
717 2654 859 2683 nimirum
870 2658 898 2684 et
908 2657 963 2693 ipsi
973 2666 1019 2694 pa-

198 2695 341 2730 triarchae,
349 2696 420 2724 dum
429 2704 531 2725 omnes
541 2699 643 2733 gentes
658 2706 710 2734 per
724 2698 904 2736 baptismum
915 2710 1021 2739 genue-

200 2741 277 2773 runt,
293 2742 321 2767 et
334 2740 493 2777 prophetiae
509 2742 620 2770 donum
635 2743 837 2774 obtinuerunt.
856 2757 870 2771 »

234 2791 293 2819 Col.
309 2793 361 2819 423
377 2794 405 2820 C.
422 2793 476 2828 Qui
488 2802 538 2830 per
550 2796 704 2826 victoriam.
720 2797 786 2827 Haec
800 2801 845 2828 est
865 2809 947 2830 mens
961 2805 1018 2831 Ba-

198 2834 328 2864 siliensis
335 2836 483 2874 editionis,
489 2847 577 2875 quam
588 2841 717 2871 Cornarii
729 2845 825 2874 verbis
833 2849 1020 2883 representa-

1079 288 1190 317 calamo
1202 292 1330 326 exorato,
1342 294 1457 319 vertens
1471 301 1478 319 :
1491 303 1505 317 α
1516 292 1659 326 Diluculo,
1671 294 1726 321 hoc
1739 297 1794 329 est,
1811 295 1902 323 victo-

1078 333 1152 361 riam
1168 336 1270 362 contra
1284 337 1408 363 mortem
1422 336 1468 364 die
1483 337 1569 365 tertia
1584 339 1730 367 matutina
1744 339 1899 368 confecit..

1078 379 1152 406 Sane
1169 379 1197 406 in
1214 379 1313 407 codice
1328 380 1420 415 Oliva,
1441 381 1482 409 sic
1498 384 1569 415 erat,
1587 381 1717 419 βοηθήσει
1734 383 1748 409 ὁ
1764 383 1830 415 Θεὸς
1855 385 1903 418 τήν

1079 421 1156 457 νίκην
1171 423 1262 460 πρωίᾳ
1276 425 1310 460 τῇ
1326 423 1405 461 τρίτῃ
1429 424 1520 463 ἡμέρᾳ
1546 426 1596 461 τῆς
1626 426 1796 459 ἀναστάσεως
1825 427 1904 467 ἐργα-

1079 467 1204 503 σάμενος’
1223 471 1252 496 at
1276 470 1304 496 in
1330 469 1439 498 Catena
1463 471 1562 499 Graeca
1591 471 1684 508 Regia;
1709 473 1905 509 bibliothecae,

1081 512 1211 549 βοηθήσει
1239 512 1307 550 αὐτῇ
1323 514 1336 541 ὁ
1350 514 1415 545 Θεὸς
1429 516 1462 551 τῇ
1488 515 1568 543 πόλει
1586 515 1618 543 τὸ
1641 517 1710 554 πρὸς
1733 517 1808 554 πρωὶ
1834 518 1905 555 πρωὶ

1081 557 1094 583 ὁ
1109 557 1158 590 τὴν
1184 557 1252 585 κατὰ
1275 560 1324 586 τοῦ
1345 558 1460 587 θανάτου
1483 560 1561 596 νίκην
1584 560 1689 598 πρωίας
1709 562 1790 599 τρίτῃ
1815 563 1907 600 ἡμέρᾳ

1078 605 1128 636 τῆς
1156 602 1326 635 ἀναστάσεως
1355 603 1550 642 ἐργασάμενος.
1570 607 1637 639 Quae
1666 609 1793 643 utraque
1819 607 1905 636 lectio

1079 655 1145 675 cum
1164 655 1196 675 eo
1213 647 1297 683 libro,
1310 657 1367 685 quo
1377 658 1449 678 usus
1461 650 1677 688 l'uitinterpres,
1689 652 1903 681 convenit.0b-

1079 692 1255 720 servandum
1271 693 1319 721 hic
1334 696 1378 722 est
1388 694 1529 722 Basilium
1546 695 1641 732 legere
1655 695 1724 732 πρὸς
1732 696 1807 734 πρωὶ
1818 697 1904 734 πρωί,

1079 745 1136 764 non
1153 739 1186 764 ut
1200 737 1230 765 in
1244 737 1310 765 aliis
1334 738 1417 766 libris
1432 739 1616 767 Psalmorum
1644 740 1775 778 βοηθήσει
1795 740 1866 778 αὐτῇ
1890 742 1904 769 ὁ

1078 781 1143 812 Θεὸς
1154 783 1194 816 τῷ
1209 782 1360 818 προσώπῳ,
1375 795 1385 807 ι
1403 783 1561 819 Adjuvabit
1575 793 1639 813 eam
1656 785 1734 814 Deus
1748 787 1867 821 vultu,»
1878 790 1905 814 et

1078 829 1234 862 utramque
1246 827 1397 855 lectionem
1405 829 1540 864 junxisse
1551 829 1763 866 Apollinarium
1774 831 1805 859 in
1816 833 1906 859 metu.

1078 871 1115 907 ph
1121 872 1189 907 rasi,
1205 871 1260 900 hoc
1275 881 1372 906 versu,

943 932 956 946 (ί
982 921 1022 949 De
1038 931 1060 963 Β
1076 930 1117 966 Ἐξ
1132 929 1200 964 ἠοῦς
1215 928 1359 969 ἐπίδιουρον
1373 928 1430 969 ἔχει
1445 931 1646 969 πανεπίσκοπον
1660 930 1739 969 ὄμμα
1751 943 1757 950 ·

1075 967 1112 993 Ab
1127 974 1233 994 aurora
1242 966 1485 1002 adiutorem'habet
1490 966 1901 1006 oculumomnia‘speculantem.

1110 1024 1188 1052 Idem
1226 1025 1422 1060 Apollinarius
1456 1027 1486 1054 in
1519 1027 1628 1055 Catena
1664 1027 1784 1056 Barbari
1822 1028 1899 1056 vide-

1073 1071 1123 1096 tur
1148 1071 1303 1105 utramque
1326 1069 1481 1098 lectionem
1497 1071 1604 1099 iterum
1632 1072 1823 1108 conjungere,
1849 1073 1898 1101 sed

1075 1114 1178 1142 merito
1194 1113 1310 1142 dubitat
1322 1113 1483 1143 Flaminius
1498 1115 1632 1144 Nobilius
1647 1124 1684 1144 an
1700 1118 1824 1151 utraque
1852 1125 1899 1145 ex-

1075 1159 1181 1194 positio
1195 1159 1234 1186 sit
1247 1158 1419 1195 Apollinarii
1437 1167 1443 1186 :
1460 1159 1608 1195 siquidem
1625 1160 1654 1188 in
1678 1161 1787 1188 Catena
1809 1161 1900 1197 Regia

1075 1202 1277 1237 manuscripts.
1301 1201 1383 1229 alteri
1413 1202 1525 1230 auctori
1548 1203 1690 1231 tribuitur
1717 1203 1768 1231 illa
1786 1212 1793 1232 :
1811 1203 1899 1240 Πρόσ-

1074 1257 1149 1274 ωπον
1165 1245 1328 1280 Ἐκκλησίας
1342 1247 1463 1281 νοηθεῖεν
1478 1246 1508 1273 ἂν
1520 1247 1546 1274 οἱ
1576 1247 1647 1284 ἅγιοι
1676 1246 1840 1282 ἀπόστολοι,
1857 1248 1901 1275 καὶ

1074 1291 1100 1318 οἱ
1123 1291 1191 1318 κατὰ
1211 1289 1346 1328 διαδοχὴν
1371 1290 1522 1328 ἡγούμενοι
1546 1290 1640 1326 αὐτῆς,
1671 1291 1718 1323 οὓς
1739 1291 1785 1319 καὶ
1811 1295 1902 1329 νευροῖ

1072 1335 1140 1373 πρὸς
1163 1335 1194 1362 τὸ
1219 1333 1344 1366 δύνασθαι
1369 1334 1486 1366 εὐτόνως
1510 1333 1756 1372 ἀντιλαμϐάνεσθαι
1778 1338 1828 1363 τοῦ
1847 1346 1902 1372 κη-

1074 1379 1222 1417 ρύγματος·
1240 1391 1255 1405 ‹‹
1270 1379 1376 1408 Vultus
1392 1380 1528 1408 Ecclesiae
1545 1383 1669 1417 possunt
1689 1381 1816 1418 intelligi
1831 1390 1901 1410 san-

1073 1426 1110 1453 cti
1128 1424 1263 1460 apostoli,
1279 1426 1308 1452 et
1317 1425 1367 1460 qui
1382 1425 1484 1452 ordine
1499 1425 1556 1453 sibi
1571 1426 1734 1454 succedunt
1749 1426 1816 1461 ejus
1827 1434 1901 1462 pras-

1073 1469 1163 1504 sules,
1180 1477 1255 1504 quos
1278 1469 1365 1497 etiam
1389 1470 1569 1503 corroborat,
1594 1472 1626 1498 ut
1651 1469 1764 1498 fortiter
1785 1470 1902 1507 possint

1072 1513 1221 1550 Evangelii
1238 1513 1473 1548 praedicationem
1490 1522 1651 1550 capessere.
1669 1525 1683 1539 ι)

1107 1558 1168 1586 Col.
1184 1558 1237 1585 435
1257 1560 1280 1584 Β
1294 1558 1320 1585 3.
1337 1558 1490 1594 Sapientia.
1508 1559 1598 1587 Locus
1627 1561 1673 1587 est
1700 1558 1901 1587 Ecolesiastici

1035 1613 1056 1647 α
1075 1602 1164 1637 xx,32
1175 1611 1182 1630 :
1195 1612 1209 1628 ι
1219 1601 1368 1638 Sapientia
1378 1603 1760 1639 abscondita,etthesaurus
1771 1603 1902 1637 invisus,

1075 1655 1139 1683 quae
1155 1646 1268 1675 utilitas
1283 1647 1312 1674 in
1335 1647 1489 1683 utrisque?
1506 1659 1517 1673 ι
1533 1648 1616 1680 Quod
1642 1648 1789 1684 sequitur,
1806 1647 1845 1678 εἰς
1868 1647 1902 1675 τὸ

1075 1692 1173 1728 ὲτιρων
1213 1689 1365 1730 ὠφέλιμον,
1396 1694 1474 1720 recto
1509 1694 1634 1721 verterat
1674 1692 1900 1720 Volaterranus.

1077 1747 1090 1763 ι
1106 1736 1300 1768 Quamobrem
1316 1735 1352 1763 ad
1367 1735 1492 1764 aliorum
1505 1745 1603 1765 usum.
1613 1747 1624 1763 ι
1642 1736 1820 1764 Tilmannus
1830 1737 1902 1765 scri-

1074 1782 1135 1817 psit
1151 1790 1165 1806 ι
1180 1780 1345 1816 utriusque,
1359 1791 1373 1805 ››
1391 1781 1475 1816 quasi
1500 1783 1577 1809 esset
1599 1779 1772 1818 ἀμφοτέρων.
1788 1781 1902 1810 ϐαι-ιιι-

1074 1826 1147 1859 rius,
1156 1835 1170 1849 «
1182 1826 1360 1860 quapropter
1374 1825 1410 1852 ad
1426 1824 1552 1853 aliorum
1568 1825 1687 1861 quidem
1704 1825 1874 1853 utilitatem.
1885 1837 1900 1851 υ

1110 1869 1169 1897 Col.
1199 1869 1252 1896 436
1276 1870 1298 1895 Β
1326 1869 1372 1897 13.
1402 1868 1585 1906 Ἐναγγέλλω.
1612 1869 1693 1898 Oliv.
1720 1872 1749 1897 et
1786 1870 1899 1906 Anglic.

1074 1911 1244 1951 ἆναγγέλλω,
1261 1911 1336 1940 οὐδὶν
1354 1912 1430 1949 ἰμὸν,
1448 1912 1525 1941 οὐδὲν
1539 1913 1660 1952 ἀνθρωπ.
1674 1913 1771 1952 λίγων.

1110 1958 1182 1986 Ibid.
1213 1960 1244 1986 D.
1270 1957 1306 1984 Οὐ
1333 1956 1481 1986 κυκλώσει.
1499 1959 1626 1987 Delenda
1653 1961 1699 1987 est
1727 1959 1844 1995 negatio
1870 1960 1899 1987 in

1074 2003 1183 2037 Graeco,
1196 2005 1229 2030 ut
1244 2003 1274 2030 in
1288 2002 1471 2031 Volaterrani
1487 2003 1724 2039 interpretatione
1739 2012 1756 2032 a
1768 2003 1900 2032 Tilman-

1074 2056 1112 2075 no
1128 2046 1223 2075 deleta
1237 2049 1291 2078 est.
1309 2055 1377 2075 cum
1392 2048 1469 2076 absit
1483 2057 1499 2076 ιι
1516 2048 1596 2082 LXX,
1614 2050 1642 2076 et
1666 2048 1702 2076 ab
1724 2048 1855 2084 Hebrmo,
1871 2051 1900 2076 et

1074 2100 1091 2120 a
1107 2100 1164 2119 ms.
1182 2090 1255 2119 Oliv.
1272 2091 1352 2120 Isaiae
1375 2100 1438 2126 xm,
1460 2093 1487 2128 9,
1503 2092 1645 2129 scriptum
1666 2095 1711 2121 est
1726 2101 1733 2122 :
1749 2090 1822 2121 Ἰδοὺ
1846 2091 1897 2130 γὰρ

1073 2135 1164 2173 ἡμέρα
1192 2135 1293 2173 Κυρίου
1316 2132 1436 2173 ἔρχεται,
1463 2135 1581 2172 ἀνίατος,
1607 2135 1694 2174 θυμοῦ
1725 2136 1771 2164 καὶ
1801 2137 1898 2175 ὀργῆς,

1075 2181 1160 2207 θεῖναι
1174 2180 1223 2214 τὴν
1241 2180 1326 2217 ὀργὴν
1343 2178 1456 2218 ἔρημον.
1472 2192 1486 2208 α
1500 2182 1572 2210 Ecce
1595 2182 1674 2210 enim
1699 2182 1762 2210 dies
1783 2182 1897 2210 Domini

1073 2224 1355 2260 venit,insanabilis,
1371 2225 1477 2254 furoris
1492 2228 1520 2254 et
1535 2226 1594 2260 ire,
1610 2226 1646 2254 ad
1662 2227 1833 2262 ponendum
1851 2235 1897 2254 or-

1074 2270 1141 2297 hem
1160 2271 1244 2297 terra:
1260 2270 1444 2298 desertum.»
1457 2271 1537 2304 Quod
1551 2279 1618 2299 vero
1633 2271 1778 2307 sequitur,
1790 2279 1825 2299 ex
1840 2271 1896 2299 alio

1075 2313 1218 2349 propheta
1239 2314 1429 2351 desumptum
1444 2317 1505 2348 est;
1518 2316 1590 2343 Osee
1604 2324 1654 2350 vn,
1669 2316 1687 2342 2
1701 2323 1707 2343 :
1725 2314 1896 2343 Ἐκύκλωσιν

1073 2356 1170 2388 αὐτοὺς
1198 2357 1231 2384 τὰ
1273 2355 1418 2386 διαϐούλια
1445 2357 1551 2386 αὐτῶν·
1583 2359 1826 2388 Circumdederunt
1854 2367 1898 2388 eo:

1072 2402 1250 2437 cogitatione:
1277 2410 1382 2432 eorum.
1400 2402 1488 2431 Paulo
1504 2406 1571 2439 post
1585 2403 1690 2440 scribe,
1708 2414 1723 2429 ‹‹
1737 2404 1803 2432 Non
1817 2404 1896 2432 enim

1074 2454 1121 2474 me
1136 2449 1332 2482 peccatorum,
1349 2458 1363 2472 ››
1375 2446 1406 2474 οὐ
1420 2447 1471 2485 γὰρ
1486 2448 1627 2485 περιστήσ.

1109 2490 1168 2518 Col.
1184 2491 1236 2518 439
1251 2491 1272 2519 Β
1289 2491 1332 2519 11.
1348 2492 1438 2527 Neque
1452 2493 1537 2520 enim.
1555 2492 1618 2522 Non
1642 2492 1717 2521 dixit
1742 2494 1828 2528 ζητεῖ,
1844 2493 1896 2521 sed

1075 2535 1158 2569 ζήτει.
1189 2536 1360 2564 Audiendus
1381 2537 1481 2572 potius
1501 2537 1670 2573 Carnarius,
1689 2547 1705 2565 α
1718 2545 1814 2574 neque
1842 2538 1897 2574 igi-

1073 2581 1121 2608 tur
1136 2580 1254 2609 fratrem
1270 2589 1366 2617 quaare
1380 2581 1411 2609 in
1424 2582 1665 2618 redemptionem,
1681 2583 1733 2610 sed
1747 2591 1817 2610 eum
1846 2582 1895 2618 qui

1073 2625 1202 2653 extendit
1230 2628 1367 2654 naturam
1388 2628 1480 2654 tuam.
1497 2637 1512 2653 κ
1537 2627 1703 2662 Subjicitur
1722 2627 1829 2655 deinde
1850 2627 1896 2654 hi-

1073 2670 1165 2698 storia
1192 2670 1282 2698 Exodi
1307 2679 1396 2705 xxxix,
1408 2672 1454 2706 28,
1470 2673 1499 2699 et
1517 2671 1619 2705 altera,
1644 2680 1712 2699 cum
1737 2669 1893 2705 δια-τατιχὴν

1073 2715 1165 2753 φωνήν
1182 2715 1302 2744 dubiam
1318 2717 1346 2744 et
1357 2715 1540 2745 hmsitantem
1554 2716 1652 2745 emisit
1665 2716 1894 2750 vocem,Nume-

1072 2768 1131 2789 ror.
1146 2770 1193 2795 xx,
1210 2761 1253 2788 10.

1109 2805 1169 2833 Col.
1194 2806 1247 2833 446
1267 2808 1289 2834 Β
1316 2806 1342 2834 9.
1367 2805 1555 2842 Incipientem.
1573 2805 1638 2833 Haec
1666 2805 1708 2834 ita
1733 2807 1807 2835 verti
1835 2815 1893 2835 ma-

1071 2849 1134 2879 vult
1148 2851 1354 2887 Montacutius,
1367 2853 1399 2879 ut
1408 2852 1507 2879 Graeca
1517 2853 1632 2886 sonant,
1644 2862 1659 2876 ‹‹
1671 2850 1780 2880 Poterit
1795 2854 1892 2880 autem
