2011 3142
101 148 179 179 1025

681 149 734 179 ΑΒ
756 147 942 178 HOMILIAS
965 148 1004 178 IN
1029 148 1219 180 PSALMOS.

1725 149 1804 181 1028

101 215 250 252 quispiam
267 216 371 250 dicere,
387 215 574 252 insipientem
594 215 678 244 illum
699 214 856 250 nominari,
871 215 921 251 qui
936 216 963 250 Α
980 227 994 241 ‹‹
1009 215 1092 244 Illam
1117 216 1245 252 Apostoli
1273 217 1434 255 περικοπήν,
1457 217 1488 245 ἱιι
1511 225 1570 253 qua
1585 218 1621 246 rle
1634 217 1801 254 virginitate

99 261 216 289 ethuico
243 268 323 288 more
351 260 431 295 vivit,
460 263 618 296 amentem,
647 260 697 297 qui
725 259 848 288 Jndaico
864 267 924 288 mo-

102 313 143 333 re.
162 317 174 331 ι
193 306 295 333 Postea
316 304 397 333 locus
419 305 526 333 citatur
549 313 584 333 ex
609 305 680 333 Osee
702 313 754 340 vn,
771 305 799 333 lt
816 313 823 339 ;
852 313 924 339 non,

102 352 264 377 utnotarat
282 349 449 383 Carnarius,
476 349 547 378 Osee
572 358 609 377 ix.
634 350 713 378 ldem
744 349 830 386 paulo
858 350 926 384 post

101 394 288 422 commodius
311 393 534 423 Volaterranum
562 394 603 422 ait
630 394 762 428 vertisse,
792 392 828 420 ὦν
843 392 922 431 γὰρὸ

102 438 161 476 βίος
174 439 287 476 νεκρῶν·
302 450 316 464 (ι
332 440 460 472 Quorum
472 438 550 466 enim
575 438 635 467 vita
651 438 774 466 mortuis
787 439 925 474 operibus

100 485 136 512 ab
153 483 249 512 omnis
264 483 380 520 generis
398 486 515 519 peccato
539 483 751 511 resultantibus
764 482 925 518 adimpleta

100 530 156 562 est,
171 527 297 556 istorum
319 527 426 556 domus
450 527 481 555 iu
496 529 638 556 aeternum
655 527 789 563 sepulcra
805 527 891 555 ﬁunt.
910 537 924 552 »

102 573 194 601 Locus
209 573 245 600 de
260 572 351 600 Jacob
365 574 411 600 est
424 571 495 600 Gen.
511 580 577 606 xxv,
593 572 638 600 27.

136 625 265 654 (101.454
280 627 299 652 Β
321 626 350 654 9.
374 625 432 662 Qui
456 626 614 662 imperiam,
640 625 797 654 Carnarius
822 625 925 664 edidit,

102 682 116 697 ι(
133 672 254 707 propter
268 678 335 698 sum
359 670 412 706 qui
437 670 533 706 ipsam
555 670 710 703 destruxit,
723 672 751 698 et
766 669 925 706 imperium

101 715 207 744 mortis
221 714 320 742 habet.
342 725 356 739 η
383 714 509 750 Uterque
535 714 680 750 interpres
708 723 725 743 a
756 722 845 742 sensu
870 714 925 742 Ba-

101 760 162 788 silii
178 761 208 787 et
221 759 258 788 ab
274 759 406 795 Apostoli
430 759 575 787 sententia
597 759 760 793 aberravit;
786 761 816 786 at
843 758 927 786 Vola-

101 807 240 832 terranos
255 803 284 831 in
301 803 460 839 antiquiori
476 803 604 831 editione
619 805 696 831 recte
715 804 926 839 interpretatus

99 850 173 882 erat,
192 850 225 876 ut
239 848 369 884 suggerit
384 847 611 882 Montacutius,«
628 850 746 884 propter
761 856 828 875 eum
840 856 857 876 a
867 856 925 883 quo

978 262 1006 287 et
1021 261 1134 296 nuptiis
1149 261 1289 298 disputat,
1312 262 1397 290 aliter
1411 261 1554 290 disserere
1569 262 1765 298 compelleris.
1787 275 1798 290 ι

978 304 1106 333 Basilius
1135 306 1295 341 quaestione
1322 306 1357 334 de
1378 307 1524 342 baptismo
1540 307 1565 342 4,
1581 305 1626 333 καὶ
1641 305 1801 343 ὀλόκληρον

977 349 1027 382 τὴν
1048 348 1216 386 περιέκοπήν
1238 349 1472 388 ἀναγινώσκοντες.
1496 351 1539 379 Ita
1561 351 1679 379 demum
1689 351 1802 388 legitur

979 394 1008 422 in
1024 394 1131 422 Catena
1146 394 1244 423 Graeca
1259 403 1315 424 ms.
1332 396 1361 423 in
1375 404 1433 432 qua
1448 397 1526 424 totus
1542 395 1589 423 hic
1603 395 1703 424 Basilii
1718 396 1801 424 locus

979 439 1143 474 exscriptus
1158 442 1214 468 est.

1015 492 1077 520 Ibid
1107 493 1127 520 C
1156 494 1182 520 3.
1225 494 1331 530 Viginti
1368 493 1470 522 millia.
1514 494 1723 529 Corrigendum
1767 502 1802 521 ex

979 536 1107 564 editione
1120 537 1273 566 Basilicus.
1289 540 1317 565 et
1331 537 1421 566 Oliva.
1441 549 1454 562 α
1476 537 1577 574 viginti
1594 538 1653 566 duo
1669 538 1773 567 millia.
1789 547 1804 565 ι

979 580 1024 608 Sic
1045 581 1124 609 enim
1149 582 1292 618 scriptum
1315 584 1360 610 est
1381 584 1405 610 ll
1428 583 1593 618 Regnorum
1603 591 1667 617 vm,
1681 583 1719 611 5:
1750 582 1801 610 Καὶ

979 624 1091 660 ἐπάταξε
1123 623 1204 652 Δαυὶδ
1233 625 1259 653 ἐν
1286 628 1326 662 τῷ
1354 625 1435 662 Σύρῳ
1462 625 1547 653 εἴκοσι
1585 624 1632 654 δύο
1668 625 1798 664 χιλιάδας

979 667 1093 706 ἀνδρῶν·
1108 671 1139 698 Et
1151 671 1285 706 percussit
1303 671 1388 699 David
1409 672 1439 699 in
1463 671 1533 707 Syro
1547 672 1649 706 uiginti
1662 671 1717 700 duo
1731 672 1800 700 mil-

980 714 1020 742 lia
1034 715 1166 743 virorum.

1016 758 1075 787 Col.
1091 760 1143 786 464
1154 760 1175 787 Β
1185 761 1211 787 8.
1227 761 1284 786 Τῶν
1298 759 1458 797 ἀνθρώπων.
1474 758 1558 787 ἐίκοσι
1574 760 1665 789 Oliva.
1681 761 1735 787 τῶν
1749 770 1802 788 πα-

979 801 1076 839 τέρων,
1097 814 1112 828 (ι
1128 805 1254 838 paternas
1270 804 1418 832 vanitatis.
1434 815 1444 829 ι
1471 804 1533 832 Νοιι
1549 805 1735 840 aspernanda
1755 813 1803 832 va-

981 847 1024 874 ria
1038 847 1132 881 lectio,
1149 855 1217 875 cum
1239 848 1276 876 de
1289 848 1450 884 gentilibus
1463 850 1578 884 agatur,
1599 849 1648 884 qui
1671 849 1802 885 paternis

99 892 272 921 vastabatur
300 893 336 926 is,
365 892 416 928 qui
446 892 549 920 mortis
573 892 699 920 habebat
722 892 890 928 imperium.
909 903 923 920 ι
942 899 965 931 Β
981 892 1240 928 superstitionibus
1257 893 1452 921 adhaerebant.
1470 893 1547 920 Dixit
1570 895 1669 921 tamen
1693 894 1801 930 pagina

102 938 199 965 Locus
227 939 271 965 est
299 936 434 965 Hebrasor
461 941 492 970 ιι,
519 937 566 964 tri:
593 937 651 964 Ἵνα
673 934 718 962 διὰ
738 938 788 963 τοῦ
811 937 926 968 θανάτου

102 982 262 1020 καταργήσῃ
295 982 342 1009 τὸν
381 981 413 1008 τὸ
450 981 549 1019 κράτος
586 979 686 1019 ἔχοντα
717 983 766 1009 τοῦ
801 982 927 1018 θανάτου,

104 1026 229 1054 τουτέστι
257 1026 302 1054 τὸν
333 1023 476 1053 διάϐολον·
515 1027 546 1055 Ul
574 1035 621 1062 per
656 1029 770 1054 mortem
805 1027 926 1056 destrue-

104 1077 146 1100 νει
161 1080 235 1105 eum,
251 1072 300 1108 qui
313 1071 429 1099 habebat
442 1072 539 1099 mortis
558 1072 718 1107 imperium,
745 1072 774 1099 id
801 1076 841 1100 est
867 1073 928 1101 dia-

106 1116 212 1145 bolum.
228 1116 272 1144 Ita
293 1116 380 1144 vertit
407 1118 436 1144 et
462 1116 647 1150 Ambrosius,
677 1115 728 1143 lib.
745 1125 776 1144 ιιι
803 1117 838 1145 Dc
864 1117 927 1152 ﬁde,

105 1170 171 1198 cap.
201 1161 229 1197 5,
258 1162 392 1189 addens:
426 1172 441 1187 «ι
472 1163 526 1190 Per
558 1169 647 1197 quam
685 1161 741 1189 nisi
779 1170 830 1197 per
869 1171 930 1190 cor-

105 1206 186 1242 poris
215 1207 352 1239 mortem,
379 1205 483 1233 mortis
510 1205 627 1233 vincula
654 1205 839 1233 dissolvit?»
856 1207 928 1235 Cum

105 1258 175 1287 ergo
205 1252 335 1286 potestas
361 1249 419 1278 ista
446 1250 549 1278 mortis
587 1249 703 1277 dicatur
737 1250 858 1284 abolita,
897 1253 930 1279 ut

106 1295 215 1322 fatetur
234 1296 316 1329 Beza,
340 1294 439 1330 inepte
460 1293 626 1322 censendus
648 1296 693 1321 est
708 1294 928 1330 interpretatus,

105 1339 151 1365 τὸν
166 1337 276 1376 ἔχοντα,
294 1349 309 1364 ‹‹
325 1346 386 1366 eum
415 1338 465 1374 qui
491 1338 580 1366 habet
601 1338 769 1375 imperium,
793 1350 808 1364 ι)
824 1348 880 1368 non
897 1342 930 1368 ut

105 1383 242 1419 Vulgata,
258 1394 273 1408 (ι
288 1383 338 1418 qui
353 1382 486 1410 habebat.
503 1393 518 1408 »

143 1427 217 1456 Ibid.
233 1428 253 1454 C
269 1427 311 1454 10.
335 1427 380 1454 Ἐν
396 1427 436 1462 τῷ
451 1424 514 1463 ᾅῦῃ.
540 1427 579 1454 Ad
597 1426 717 1454 verbum
733 1428 788 1460 est,
805 1438 819 1451 ‹‹
838 1427 868 1454 in
884 1426 928 1455 in-

107 1472 188 1500 ferno
205 1471 404 1507 protendatur,
422 1482 436 1495 »ι
452 1479 509 1499 non
527 1473 558 1498 ut
572 1470 715 1498 Volaterr.
732 1473 759 1498 et
774 1472 931 1499 Carnarius

108 1527 122 1541 ι(
138 1517 175 1544 ad
190 1515 340 1543 infernum
352 1523 463 1551 usque;
481 1518 527 1543 «at
540 1515 617 1551 quod
634 1513 931 1550 sequiturmlnmeib-

983 936 1156 972 praecedenti
1181 936 1209 964 id
1239 945 1324 972 posse
1352 938 1388 975 _de
1415 937 1495 965 omni
1524 938 1644 965 omnino
1673 937 1802 965 humano

982 988 1088 1016 genere
1113 980 1247 1017 intelligi,
1274 981 1337 1017 πιρὶ
1370 981 1470 1010 παντὸς
1498 983 1545 1008 τοῦ
1573 980 1724 1017 ἀνθρώπων
1753 981 1803 1019 γί-

982 1033 1055 1055 νους.

1019 1068 1076 1096 σοι.
1099 1069 1153 1096 470
1173 1070 1192 1096 Β
1221 1070 1248 1096 7.
1281 1069 1405 1098 ldithum
1434 1077 1496 1098 vero
1528 1072 1724 1098 consecratam.
1761 1071 1804 1099 Ad

983 1113 1103 1140 verbum
1127 1121 1143 1141 e
1158 1114 1254 1141 Graeco
1270 1114 1357 1142 vertit
1378 1114 1546 1147 Carnarius,
1567 1126 1581 1139 «
1608 1115 1735 1142 ldithum
1753 1115 1805 1143 da-

983 1158 1044 1184 tam
1059 1165 1124 1185 esse
1139 1157 1169 1185 in
1186 1157 1341 1186 utilitatem
1367 1158 1472 1194 ipsius.
1503 1169 1518 1184 ››
1546 1159 1619 1188 Nam
1645 1162 1678 1187 ut.
1702 1159 1806 1188 scribit

982 1204 1010 1230 Β.
1027 1203 1200 1232 Ambrosius
1216 1204 1245 1232 in
1257 1205 1285 1232 in
1300 1205 1400 1240 psalm.
1415 1213 1522 1233 xxxvm
1535 1214 1541 1233 :
1556 1216 1570 1230 ‹‹
1586 1204 1734 1233 Psalmum
1750 1205 1806 1233 Da-

983 1247 1029 1275 vid
1057 1248 1184 1284 scripsit,
1207 1251 1237 1276 et
1261 1249 1390 1277 ldithum
1424 1249 1486 1278 viro
1519 1249 1685 1286 disciplinis
1711 1250 1804 1278 leviti-

983 1292 1025 1319 cis
1049 1294 1078 1320 et
1114 1293 1344 1322 sacerdotalibus
1372 1294 1486 1322 erudito
1515 1294 1682 1322 canendum
1712 1294 1804 1322 dedit.

983 1337 1114 1373 Denique
1140 1338 1227 1365 etiam
1256 1338 1285 1365 in
1308 1338 1497 1367 saecularibus
1513 1338 1641 1374 scriptis,
1657 1338 1707 1366 alii
1723 1340 1806 1366 erant

985 1381 1035 1417 qui
1064 1381 1251 1416 scribebant,
1280 1382 1328 1410 alii
1363 1383 1414 1418 qui
1442 1383 1472 1410 in
1503 1391 1590 1411 scena
1618 1383 1662 1410 vel
1691 1382 1806 1410 cantica

983 1425 1028 1453 vel
1057 1427 1215 1454 commdias
1243 1426 1285 1454 vel
1318 1427 1474 1463 tragcedias
1503 1435 1604 1454 canere
1643 1435 1804 1455 consueve-

985 1473 1061 1498 rant.
1091 1481 1105 1495 ››
1130 1471 1163 1498 Et
1191 1471 1392 1499 Theodoretus
1421 1472 1450 1498 in
1480 1471 1558 1499 hunc
1585 1471 1722 1507 psalmum
1738 1480 1804 1500 LXI:
1829 1492 1833 1495 -

985 1513 1075 1548 Δῆλον
1100 1514 1188 1541 τοίνυν
1215 1515 1252 1546 ὡς
1276 1516 1324 1542 τοῦ
1342 1515 1476 1552 μακαρίου
1491 1515 1537 1552 μὶν
1555 1513 1637 1542 Δαϐἲδ
1656 1516 1669 1543 ὁ
1684 1515 1806 1552 ψαλμόςο

107 1570 149 1587 σιν
165 1560 190 1587 οἱ
219 1559 429 1598 προειληφότις,
459 1561 567 1588 rectius
595 1560 739 1595 expressit
761 1560 928 1593 Carnarius,

987 1557 1066 1595 ᾔδετο
1083 1557 1111 1586 δὲ
1128 1559 1178 1586 ὑπὸ
1192 1558 1239 1586 τοῦ
1255 1557 1387 1594 Ἰδιθοὺμ,
1407 1558 1437 1590 ὃς
1454 1559 1541 1596 χόρου
1565 1559 1754 1598 προστατεύων
1779 1560 1805 1588 ἐν

108 1617 122 1630 ιι
138 1605 190 1641 qui
207 1604 359 1641 praagressi
373 1607 482 1632 essent.
499 1615 513 1629 ››
531 1603 615 1632 Hebr.
632 1612 670 1631 xu.
687 1604 732 1631 40.

142 1650 204 1683 Col,
229 1650 281 1677 458
304 1652 327 1676 Α
354 1650 398 1676 10.
425 1649 565 1677 Ιηινοίὺίε.
595 1649 794 1676 Theodoretus
829 1649 930 1677 admo-

108 1696 156 1722 net
181 1696 241 1722 tres
263 1694 377 1722 Grecae
397 1693 583 1729 interpretes,
612 1692 748 1728 Aquilam
778 1692 930 1726 nimirum,

107 1738 328 1775 Symmachum,
343 1740 372 1766 et
385 1737 626 1772 Theodotionem,
648 1737 787 1770 edidisse,
811 1735 929 1763 ιὶσιλεύ-

108 1793 172 1820 σῃ,ι‹
183 1782 330 1815 introibis,
339 1793 353 1807 »
366 1785 394 1810 et
402 1782 443 1810 ita
451 1781 560 1817 legisse
573 1781 651 1817 apud
663 1781 805 1809 Basiliam
817 1781 931 1810 videtur

107 1828 262 1864 interpres,
279 1836 336 1855 non
353 1829 385 1855 ut
395 1827 484 1854 habet
493 1826 582 1854 Oliva.
596 1829 624 1854 et
639 1826 792 1854 Basilicus.
813 1824 931 1853 εἷ’σελεύ-

108 1883 194 1906 σιται,
213 1882 225 1897 α
241 1871 383 1900 introibit.
401 1882 415 1896 ››
430 1871 585 1899 Carnarius
605 1871 692 1898 etiam
709 1871 838 1906 scripsit,
857 1881 871 1896 α
887 1872 930 1898 in-

107 1916 222 1950 troibis,
240 1927 255 1941 »
266 1916 343 1952 quod
359 1915 515 1944 adverterit
529 1915 558 1942 id
574 1913 688 1950 exigere
696 1914 930 1950 explanationem

108 1961 209 1990 Basilii
222 1970 229 1989 :
242 1963 394 1997 propterea
414 1960 559 1995 sequitur,
583 1959 720 1986 Τοσοῦτον
737 1958 784 1985 οὖν
798 1958 931 1996 παραγένῃ

109 2006 152 2042 σὺ,
168 2005 183 2033 ὸ
199 2004 274 2036 Θεός·
291 2016 305 2030 ‹‹
321 2005 447 2032 Tantum
464 2004 554 2039 igitur
575 2003 689 2031 accedis
717 2005 760 2037 tu,
785 2006 873 2036 Deus,
903 2005 931 2031 et

108 2054 191 2079 tanta
206 2050 289 2078 estin
303 2050 367 2085 ipso
382 2049 417 2076 de
431 2050 461 2076 te
476 2047 575 2076 notio:
594 2057 607 2072 »
630 2049 658 2075 et
685 2048 726 2075 ita
751 2047 931 2075 restituenda

109 2098 154 2124 est
169 2093 380 2130 interpretatio-

144 2139 206 2167 Col.
223 2139 275 2166 460
291 2140 308 2164 Β
326 2137 367 2165 13.
384 2135 449 2164 Εἶτα
464 2133 508 2162 διὰ
522 2133 647 2173 φιλανθρ.
663 2135 729 2163 Hinc
744 2135 843 2163 addita
862 2137 932 2163 sunt

109 2192 143 2212 ex
157 2182 272 2218 Anglic.
298 2184 327 2209 et
341 2180 413 2208 Oliv.
428 2188 434 2207 :
453 2190 466 2205 «
483 2179 572 2207 Iidem
590 2187 693 2207 rursus
713 2181 832 2215 propter
847 2179 932 2207 mise-

109 2226 266 2255 ricordiam
284 2225 332 2253 Dei
346 2224 468 2252 admissi
482 2232 515 2251 ac
531 2223 649 2258 recepti.
667 2234 681 2248 ››

147 2271 221 2299 Ibid.
238 2271 257 2298 C
286 2270 330 2298 41.
362 2266 512 2299 Βασιλέως.
543 2267 766 2295 Emendandum
795 2276 829 2295 ex
855 2267 928 2296 Oliv.
946 2260 968 2292 D

110 2324 139 2349 et
160 2319 246 2356 Angl.
279 2316 391 2356 βασιλέα
418 2313 500 2343 Σωϐἇ
528 2324 619 2352 regem
640 2315 720 2344 Saba.
751 2316 832 2352 Apud
861 2315 931 2344 LXX

110 2365 217 2401 legitur
249 2361 361 2400 βασιλέα
395 2357 495 2394 Σουϐἅ,
525 2361 674 2396 iidemque
700 2360 850 2396 appellant
879 2360 932 2386 2-3-

110 2419 155 2445 ρον
176 2404 268 2442 ¹Ραά6,
298 2407 400 2443 Syrum
423 2405 528 2435 Rhaab.
571 2405 649 2440 quod
677 2405 802 2433 Basilius
832 2403 930 2441 Συρίαν

118 2449 204 2526 Potiati:
218 2495 266 2524 464
286 2498 308 2522 Δ
323 2495 350 2522 9.
367 2493 563 2531 Ηαρετάξαντο.
580 2492 791 2528 Carrigendum
809 2500 843 2520 ex
857 2493 931 2521 Oliv.

106 2545 134 2570 et
148 2541 264 2578 Anglic.
280 2538 456 2576 παρετάξατο,
474 2541 506 2565 ut
520 2537 614 2565 versio
631 2537 761 2572 requirit.

141 2594 201 2622 Col.
219 2594 271 2621 462
286 2594 308 2620 Α
325 2593 366 2620 12.
384 2591 588 2626 Progressioni.
606 2590 648 2618 lta
672 2589 838 2624 Carnarius,
857 2602 870 2615 ι(
886 2591 931 2618 hi-

107 2639 201 2667 storia:
219 2645 384 2674 processus,
403 2648 416 2661 ›ι
433 2637 482 2664 sed
501 2636 529 2663 in
545 2635 615 2663 Oliv.
634 2636 663 2662 et
678 2634 764 2670 Angl.
790 2643 847 2662 non
862 2645 931 2671 προ-

107 2684 192 2719 κοπῇ,
210 2683 262 2710 sed
275 2682 414 2718 περικοπῇ
430 2680 548 2717 legitur,
565 2691 579 2704 ‹‹
595 2679 686 2714 hujus
700 2678 828 2706 historiae
845 2680 930 2715 parti,

108 2737 159 2756 seu
178 2729 353 2764 fragmento
369 2738 382 2750 η
410 2726 527 2758 Suidas,
549 2723 696 2760 περικοπή,
726 2723 807 2760 μέρος
832 2733 857 2750 τι
883 2727 932 2759 τῆς

109 2772 276 2804 lineatam,
306 2779 409 2807 «pars
438 2770 538 2805 aliqua
566 2767 776 2804 disputationis
803 2768 931 2804 inlegre,

111 2817 153 2846 vel
179 2816 368 2846 narrationis.
400 2826 414 2839 ››
438 2814 631 2850 Hieronymus
647 2813 682 2841 ad
700 2813 931 2849 Pammachium,

984 1605 1024 1639 τῷ
1039 1603 1102 1640 θιίῳ
1116 1605 1168 1639 νεῷ
1183 1603 1259 1639 ὕμνει
1273 1602 1320 1631 τὸν
1336 1605 1388 1630 τῶν
1404 1602 1477 1631 ὀλων
1493 1604 1568 1632 Θεόν·
1586 1617 1600 1630 ι(
1624 1605 1727 1641 Liquet
1750 1606 1807 1642 igi-

984 1651 1033 1676 tur
1051 1649 1197 1685 psalmum
1222 1649 1341 1684 quidem
1357 1649 1434 1677 beati
1451 1649 1568 1678 Davidis
1583 1658 1659 1684 esse,
1677 1650 1806 1679 ldithum

984 1701 1051 1721 vero
1066 1701 1131 1721 eum
1147 1694 1357 1729 cecinisse,qui
1371 1694 1453 1722 chori
1469 1694 1623 1730 praefectus
1637 1702 1702 1722 cum
1720 1698 1806 1729 esset,

985 1739 1075 1766 Deum
1092 1737 1294 1765 universorum
1312 1738 1341 1765 in
1367 1746 1450 1766 sacro
1478 1738 1586 1774 templo
1617 1738 1775 1774 laudabat;
1794 1751 1807 1764 ι)

984 1784 1013 1810 et
1036 1783 1067 1810 in
1089 1782 1191 1818 psalm.
1215 1791 1320 1810 xxxvm
1334 1792 1340 1810 :
1369 1783 1425 1810 Τοῦ
1440 1782 1487 1818 μὶν
1505 1780 1587 1809 Δαϐὶδ
1603 1783 1617 1810 ὁ
1632 1781 1754 1819 ψαλμός·
1768 1785 1808 1818 τῷ

985 1825 1014 1854 δὲ
1029 1824 1151 1863 Ἰδιθοὺμ
1166 1826 1203 1857 ὡς
1218 1826 1264 1853 τὸν
1284 1828 1337 1853 τῶν
1355 1825 1473 1861 ᾀδόντων
1489 1827 1573 1864 χορὸν
1591 1825 1808 1864 ἐμπιπιστευμὲ-

984 1881 1024 1906 νῳ
1040 1870 1077 1901 εἱς
1092 1870 1123 1897 τὸ
1138 1869 1254 1906 ψάλΛειν
1266 1869 1357 1906 ἐδόθη·
1377 1882 1391 1896 (ι
1405 1871 1539 1899 Psalmus
1555 1871 1673 1907 quidem
1690 1872 1809 1900 Davidis

985 1917 1039 1949 est,
1057 1914 1184 1942 ldithum
1199 1923 1266 1942 vero
1282 1915 1317 1942 ad
1333 1915 1498 1942 canendum
1516 1916 1601 1943 datus
1618 1916 1682 1948 fuit,
1699 1916 1744 1943 cui
1761 1924 1809 1944 ca-

986 1960 1119 1987 nentium
1137 1959 1244 1986 ehorus
1255 1959 1432 1987 commissus
1447 1961 1519 1987 erat.
1537 1971 1550 1985 ››
1567 1962 1653 1988 Porro
1668 1960 1697 1988 in
1709 1961 1808 1989 codice

987 2011 1041 2031 ms.
1058 2003 1164 2031 Olivar.
1185 2005 1355 2031 constanter
1370 2003 1521 2039 legebatur
1540 2003 1638 2039 Δῖμάν,
1655 2013 1713 2032 non
1730 2008 1762 2032 ut
1778 2005 1807 2033 in

986 2048 1099 2084 Anglic.
1132 2046 1223 2081 Altiaiv,
1248 2050 1277 2075 et
1301 2048 1342 2075 ita
1364 2048 1375 2075 Ι
1396 2047 1569 2084 Paralipom.
1586 2057 1651 2082 xx‘I,
1669 2050 1681 2076 t
1696 2057 1703 2076 ε
1719 2048 1807 2087 Ἀσᾶφ

986 2092 1031 2119 καὶ
1061 2091 1151 2127 Αἱμέιν
1172 2091 1215 2118 καί
1241 2090 1364 2127 Ἱδιθοὺμ
1398 2091 1462 2123 τοὺς
1493 2091 1749 2130 ἀποφθεγγομένους
1779 2093 1806 2119 iv

985 2135 1118 2174 κινύραις,
1147 2135 1192 2163 καὶ
1217 2136 1243 2162 ἓν
1269 2133 1393 2171 νάϐλαις,
1417 2135 1461 2162 καί
1484 2135 1510 2163 ἐν
1538 2133 1702 2172 κυμϐάλοις·
1718 2138 1808 2173 Amph

984 2185 1012 2208 et
1029 2182 1135 2209 Aimam
1149 2185 1176 2209 et
1199 2181 1320 2208 ldithum
1341 2183 1520 2215 personantes
1546 2182 1577 2208 in
1599 2181 1714 2209 citharis
1738 2183 1808 2209 etin

984 2226 1124 2262 psalleriis
1139 2227 1164 2254 ct
1180 2227 1210 2252 in
1223 2225 1358 2262 cymbalis
1371 2236 1377 2260 ;
1393 2228 1480 2262 atque
1496 2225 1550 2253 hoc
1564 2226 1651 2254 etiam
1668 2229 1752 2262 pacto
1767 2227 1808 2254 le-

984 2270 1113 2306 gendum
1129 2270 1183 2297 hoc
1199 2269 1344 2304 loeo,non,
1361 2271 1391 2297 in
1406 2269 1546 2306 cymbalis
1561 2275 1587 2298 et
1598 2271 1810 2305 oryani:.Basi-

986 2314 1043 2342 lius
1059 2314 1171 2341 addidit
1185 2313 1229 2340 καὶ
1251 2313 1277 2340 ἐν
1293 2313 1454 2350 τυμπάνοις,
1471 2315 1547 2350 quod
1566 2315 1626 2342 illic
1650 2323 1708 2343 non
1725 2316 1810 2343 habe-

986 2361 1044 2392 tur,
1074 2358 1147 2385 illud
1174 2361 1272 2386 autem
1299 2357 1448 2395 σάλπιγγὲς
1473 2368 1503 2385 τε
1526 2358 1571 2385 καὶ
1595 2356 1734 2396 κύμϐαλα,
1760 2362 1809 2386 τοῦ

987 2403 1147 2441 ἀναφωνεῖν,
1165 2404 1209 2430 est
1222 2411 1256 2430 ex
1272 2403 1282 2430 l
1299 2402 1541 2438 Paralipomenon
1557 2412 1615 2439 xvx,
1631 2404 1675 2432 42.

1022 2456 1081 2484 Col.
1100 2456 1151 2483 473
1165 2457 1188 2483 Α
1202 2456 1228 2483 8.
1246 2454 1486 2492 Περιδονούμενοι.
1504 2458 1547 2485 lta
1563 2465 1635 2485 mss.
1653 2457 1767 2494 Anglici
1782 2460 1811 2486 et

986 2501 1188 2528 Olivariauus:
1214 2501 1331 2529 retineri
1356 2504 1452 2529 tamen
1479 2504 1574 2538 potest
1603 2505 1690 2529 vetus
1723 2502 1808 2530 lectio

986 2546 1055 2573 edit.
1073 2545 1226 2573 Basiliens.
1239 2543 1463 2582 περιδονούμενα.
1478 2546 1645 2579 Carnarius,
1663 2557 1677 2570 ιι
1691 2545 1808 2582 plantae,

987 2599 1050 2626 quae
1064 2599 1081 2618 a
1094 2590 1152 2617 leni
1169 2598 1240 2617 aura
1256 2590 1414 2626 agitantur.
1435 2602 1448 2615 ››

1022 2635 1080 2662 Col.
1122 2635 1172 2662 476
1199 2635 1219 2661 C
1252 2635 1296 2661 12.
1334 2634 1364 2660 Οἱ
1397 2633 1442 2661 καὶ
1475 2634 1507 2660 τὸ
1538 2633 1669 2672 φονεύειν.
1708 2634 1808 2670 Angli-

987 2679 1011 2706 ci
1052 2687 1124 2706 mss.
1157 2678 1182 2704 οἱ
1218 2678 1420 2716 καταφονεύων,
1457 2678 1530 2706 Oliv.
1569 2678 1594 2704 οἱ
1632 2677 1662 2704 τὸ
1688 2687 1810 2716 καταφο-

985 2722 1082 2749 νεύειψ
1111 2723 1246 2759 sequitur
1270 2726 1366 2750 tamen
1393 2723 1502 2758 absque
1519 2722 1578 2750 ulla
1593 2723 1810 2758 praepositionis

986 2767 1135 2796 additione
1150 2767 1274 2804 simplex
1289 2767 1358 2794 κατὰ
1374 2766 1421 2800 τήν
1445 2768 1492 2793 τοῦ
1509 2765 1628 2804 φονεύειν
1643 2766 1809 2803 περιουσίαν.

1021 2811 1080 2839 Col.
1097 2811 1148 2839 479
1163 2814 1186 2840 Δ
1200 2813 1227 2839 7.
1250 2812 1380 2840 Delicias.
1405 2813 1513 2849 Τρυφῆς
1537 2810 1617 2847 legit,
1644 2814 1675 2839 ut
1695 2812 1811 2848 praefert
