2029 3143
221 150 298 182 1021

814 145 931 175 ΝΟΤίΕ
952 145 1174 176 FRONTONIS
1197 146 1327 178 DUGxEl

1846 152 1930 183 1038

219 214 294 243 Oliv.
320 222 378 242 una
404 221 472 241 cum
500 211 586 247 Angl.
615 211 651 238 At
665 218 699 238 ex
714 209 864 238 Basiliensi
881 211 953 255 ζῳῆς
974 210 1038 238 (ἴοι-⁴

1098 210 1192 245 aliter,
1224 212 1269 246 Μὴ
1307 213 1417 251 μὲταιρε
1449 213 1510 252 ὅρια
1543 215 1652 250 αἶώνία,
1679 217 1744 246 Νοιὶ
1771 220 1928 255 transferre

221 259 322 288 narius
337 258 498 294 expressit:
529 267 543 282 «
573 258 617 283 An
639 255 731 283 electa
758 254 788 281 in
817 254 935 283 virtutis
963 263 1045 282 exer-

219 304 288 332 citio
317 303 469 331 affectione
505 309 556 337 per
584 300 673 335 hujus
702 299 875 327 beneﬁcium
904 299 1045 335 consequi

218 352 357 377 aeternam
388 348 487 375 vitam.
514 357 528 371 ››
554 345 639 372 Paulo
656 346 722 380 post
750 343 877 372 occurrit
892 343 1045 380 Epicureo-

218 403 284 422 rum
299 393 343 421 vel
357 392 516 428 impiorum
530 399 545 418 e
561 391 637 418 circo
654 389 745 424 petita
763 388 929 416 sententia:
947 400 961 413 ιι
973 388 1044 416 Mihi

218 438 374 475 prasentia
389 437 504 470 dentur,
522 448 532 461 ι
550 434 598 462 cui
619 433 746 462 similem
766 433 904 469 adjungit
918 433 948 460 in
965 441 1044 460 mar-

219 484 287 519 gine
303 483 476 510 Tilmannus
491 489 526 508 ex
537 480 567 508 S.
582 480 668 507 Joan.
693 478 912 514 Chrysostomo,
939 477 1044 505 homil.

220 529 237 554 9
262 527 291 554 in
313 527 338 554 ll
364 526 449 561 Epist.
479 524 514 552 ad
552 522 728 551 Corinthios:
770 519 821 549 Καί
850 521 900 558 γὰρ
930 519 1043 548 πολλῶν

223 570 313 598 ἀκούω
351 568 485 607 λεγόντων
522 567 556 595 τὰ
596 565 784 603 καταγέλαστα
816 567 899 592 ταῦτα
923 565 1043 603 ῥήματα·

224 613 273 646 Δός
289 624 335 650 μοι
349 614 398 647 τὴν
429 613 560 649 σήμερον,
585 610 630 638 καὶ
651 607 718 637 λάϐε
731 611 781 644 τὴν
798 608 904 646 αὔριον.
929 610 979 636 "Av
997 609 1045 645 μὶν

222 659 271 696 γὰρ
285 660 397 686 τοιαῦτα
425 658 455 692 ἦ,
483 656 574 695 φησὶν,
604 657 648 682 οἶα
674 655 718 681 καί
745 664 812 693 φατε
843 653 908 688 ἐκεῖ,
935 652 962 680 ἓν
987 653 1044 685 ἀνθ’

218 695 276 734 ἑνὸς
289 702 409 741 γέγονεν’
440 701 469 729 ἂν
499 700 527 728 δὲ
557 698 642 736 μηδὲν
672 697 745 729 δλως
770 697 800 735 ᾖ,
817 697 866 724 δύο
882 697 939 724 ἀντ’
966 695 1044 725 οὐδε-

218 749 275 779 νός-
293 759 306 774 ‹‹
324 748 437 775 Etenim
453 745 621 781 complures
638 744 735 778 audio,
749 743 800 779 qui
816 742 950 771 ridiculis
964 743 1044 771 hisce

219 793 315 820 verbis
340 794 472 825 utuntur,
497 791 540 818 Da
563 789 636 817 mihi
661 788 836 816 hodiernum
862 788 953 822 diem,
969 790 997 816 et
1012 789 1043 815 tu

219 837 382 866 crastinum
398 844 491 864 sume.
504 835 576 862 Nam
594 834 619 861 si
633 833 700 861 telis
714 835 743 861 et
758 834 787 860 in
802 833 900 860 futuro
922 840 981 860 levo
998 841 1042 859 re-

220 890 285 909 rum
300 883 406 915 status,
423 879 540 916 qualem
555 878 664 910 dicitis,
690 885 781 904 unum
799 885 849 912 pro
864 885 921 904 uno
937 876 1041 911 fuerit;
1057 898 1081 931 Β

234 926 239 931 .
405 925 422 930 ..
577 923 584 931 .
668 921 739 931 ,...,
765 924 1027 931 μμμωηημη

217 926 241 954 si
257 934 323 954 vero
346 933 381 953 ex
405 925 452 958 iis,
477 932 540 959 quis
568 923 604 950 de
618 930 677 950 avo
695 921 744 949 illo
762 924 1039 954 commemorantur,

218 971 291 998 nihil
307 969 426 998 omnino
441 971 495 1003 est,
511 968 568 995 duo
583 975 634 1003 pro
650 966 743 994 nihilo
758 967 855 993 erunt.
874 977 884 991 ι
904 966 971 997 Quae
988 966 1040 993 do-

216 1015 368 1043 ctissimus
384 1013 498 1045 Billius,
515 1012 566 1039 lib.
581 1020 601 1045 ι,
617 1019 683 1046 cap.
700 1011 743 1045 14,
760 1009 1041 1044 Observationum,sic

216 1059 353 1094 exponit:
373 1070 383 1083 ι
401 1058 469 1085 sine
485 1065 531 1084 me
551 1055 704 1092 praesentis
729 1055 793 1082 vitae
816 1054 1041 1082 oblectamentis

218 1103 285 1137 frui,
306 1107 337 1130 tu
362 1110 428 1130 vero
453 1102 552 1129 futura
567 1101 645 1128 bona
660 1099 710 1127 tibi
728 1099 813 1127 habe.
828 1099 857 1126 Si
873 1099 951 1127 enim
972 1107 1040 1127 vera

217 1150 296 1181 sunt,
313 1155 376 1183 quae
392 1147 427 1174 de
438 1147 588 1182 justorum
605 1143 731 1180 praemiis
747 1146 775 1171 et
791 1143 957 1179 iniquorum
974 1151 1040 1178 sup-

216 1192 313 1228 pliciis
327 1192 608 1222 commemorantur,
630 1197 713 1224 aequa
734 1187 900 1216 conditione
915 1188 1037 1215 erimus.

215 1237 274 1264 Nos
289 1236 367 1264 enim
384 1234 537 1271 pressantis
552 1233 792 1267 habebimus,vos
807 1232 969 1260 futura.Sin
985 1232 1038 1260 fal-

215 1290 248 1309 sa
259 1283 287 1308 et
300 1279 509 1312 commentitia,
522 1287 575 1306 nos
591 1278 709 1313 quidem
721 1276 1038 1312 duplicinominebeati

213 1325 335 1358 erimus,
357 1326 390 1351 ut
404 1323 455 1359 qui
471 1325 499 1350 et
514 1323 542 1349 in
559 1322 612 1349 hac
626 1321 685 1349 vita
698 1321 728 1348 in
751 1322 831 1348 omni
853 1320 1036 1356 voluptatum

213 1377 319 1406 genere
343 1368 449 1396 versati
473 1366 628 1400 fuerimus,
654 1368 683 1393 et
708 1366 737 1393 in
759 1365 849 1393 altero
864 1374 923 1393 aevo
940 1365 1035 1393 nullas

215 1422 314 1450 posnas
328 1411 455 1440 subituri
480 1411 594 1444 simus;
612 1418 662 1438 vos
678 1412 779 1437 contra
794 1409 902 1445 duplici
920 1410 1037 1437 nomine

216 1457 317 1485 miseri
338 1459 370 1484 ut
388 1457 436 1491 qui
452 1458 480 1483 et
492 1455 520 1482 in
532 1455 585 1482 hac
602 1454 660 1481 vita
675 1462 799 1490 magnos
810 1453 924 1482 labores
936 1461 1035 1482 susce-

215 1502 327 1538 peritis,
341 1503 370 1529 et
384 1500 413 1528 in
430 1501 529 1528 futura
543 1499 635 1527 nihilo
651 1498 769 1526 meliore
789 1498 956 1526 conditione
970 1498 1035 1526 sitis

214 1547 315 1574 futuri.
337 1557 350 1570 ι)
367 1545 477 1573 lbidem
493 1547 570 1572 recte
585 1552 601 1571 a
616 1543 788 1571 doctissimo
813 1543 918 1570 Snvilio
943 1551 1036 1578 nuper

214 1591 326 1619 editum
355 1592 409 1624 est,
435 1588 508 1616 ἀλλὰ
533 1587 580 1615 δύο
605 1588 660 1615 ἀντ’
682 1586 790 1618 οὐδενὸς
813 1585 886 1614 ἔσται
910 1589 968 1617 τοῖς
993 1585 1032 1613 δι-
1051 1580 1072 1613 C

213 1633 348 1670 xalot<,ut
358 1634 522 1668 conjecerat
532 1632 747 1660 emendandum
760 1632 836 1659 idem
849 1631 959 1659 Billius.
973 1632 1034 1659 Sub

215 1680 302 1707 tinem
314 1679 428 1714 paginae
439 1685 489 1713 pro
500 1675 677 1714 προσφέρεται
695 1675 763 1712 ζυγά
776 1675 885 1712 legitur
907 1676 935 1702 in
961 1675 1033 1703 Oliv.

214 1726 243 1752 et
257 1722 370 1758 Anglic.
387 1719 560 1757 προφέρεται,
580 1731 592 1744 ι(
608 1720 788 1756 producitur.
807 1732 818 1746 ιι

248 1767 308 1795 Col.
325 1767 377 1794 482
392 1768 417 1794 Α
432 1766 474 1792 14.
491 1765 546 1792 Par
560 1765 658 1800 recipe.
674 1764 842 1798 Cornarius,
860 1775 874 1789 ‹‹
899 1767 1035 1800 exspecta

214 1811 421 1847 aequilibrium.
439 1821 452 1835 »
470 1809 678 1842 Montacutius,
693 1819 706 1834 α
717 1811 854 1844 exspecta
869 1817 932 1845 par,
949 1820 962 1834 ››
980 1809 1035 1837 hoc

213 1859 268 1890 est,
285 1858 317 1884 ut
329 1864 381 1892 par
396 1854 457 1890 pari
474 1854 627 1881 referatur.
644 1852 734 1881 Aaulo
751 1856 826 1888 post,
849 1864 862 1878 ιι
880 1853 1034 1881 Terminos

211 1909 280 1928 eane
293 1903 508 1935 transgressus,
526 1909 539 1922 υ
556 1906 613 1925 non
636 1897 710 1924 satis
726 1897 863 1933 exprimit
877 1897 1033 1933 Scriptura:

213 1952 343 1977 sensum,
366 1952 401 1971 ex
424 1951 482 1978 qua
502 1943 560 1969 ista
581 1942 736 1977 desumpta
752 1941 886 1969 Proverb.
903 1950 971 1976 xxu,
987 1943 1031 1977 28,

212 1988 261 2016 ubi
276 1988 411 2023 quamvis
426 1986 502 2022 apud
515 1985 646 2021 Vulgatze
662 1987 809 2012 auctorem
825 1985 966 2022 legamus,
996 1987 1034 2014 Ne

211 2032 423 2068 transgrediaris
443 2031 574 2058 terminos
590 2030 718 2065 antiquos
734 2037 741 2056 :
758 2032 855 2057 tamen
871 2031 949 2066 apud
967 2031 1031 2059 LXX

1098 257 1234 283 termino:
1248 261 1376 291 κίεν-ηας,
1406 260 1530 288 Basilius
1557 261 1641 296 dixit,
1672 262 1836 297 μετέθηκας.
1858 263 1930 290 Cor-

1100 300 1201 328 narius
1227 311 1240 326 ιι
1265 303 1409 331 terminos
1434 307 1552 340 patrum
1581 307 1803 342 transposuisti.
1823 319 1834 332 ι
1863 307 1933 335 Plus

1099 344 1175 371 enim
1193 347 1238 373 est
1252 345 1314 374 loco
1331 355 1446 376 movere
1471 348 1580 377 limites
1602 351 1682 385 agris
1708 352 1834 387 positos,
1850 352 1932 379 litem

1100 391 1131 416 ut
1145 389 1316 418 discernunt
1327 391 1508 428 arvis,quam
1520 393 1739 423 deambulando
1752 395 1819 423 illos
1835 398 1930 423 trans-

1098 434 1193 469 gredi.

1134 477 1195 505 Col.
1212 478 1264 506 483
1279 482 1298 506 Β
1313 479 1341 507 8.
1371 481 1402 509 Ut
1416 481 1537 510 debitum
1559 482 1632 511 illis.
1662 483 1819 520 Interpres,
1852 496 1867 510 «
1898 487 1927 512 ut

1099 522 1228 550 debitam
1245 523 1304 551 illis
1329 523 1481 561 liturgiam
1506 527 1692 562 expleverim.
1726 539 1740 555 ιι
1758 529 1932 562 Carnarius,

1100 577 1113 591 ι(
1131 569 1162 594 ut
1177 570 1205 594 et
1216 568 1293 603 apud
1305 568 1372 597 illos
1384 569 1581 598 ministerium
1594 571 1806 608 impleverim.»
1816 573 1931 601 Similis

1098 611 1231 646 Apostoli
1259 611 1367 641 locutio
1394 614 1419 641 ΙΙ
1443 614 1572 643 Timoth.
1600 624 1638 649 1v,
1662 617 1696 644 5:
1717 617 1776 650 Τήν
1792 615 1932 644 διακονίαν

1099 664 1146 681 σου
1161 654 1388 694 πληροφόρησον·
1405 658 1591 687 Ministerium
1604 661 1683 688 tuum
1695 662 1791 697 imple.

1133 699 1193 728 Col.
1209 701 1260 728 487
1275 701 1352 729 C12.
1378 703 1430 736 Qui
1454 704 1484 731 in
1505 708 1628 740 peccato.
1660 706 1707 733 Sic
1729 706 1931 741 restituimus,

1099 752 1165 772 cum
1186 745 1327 774 edidisset
1350 746 1512 784 interpres:
1540 760 1554 774 ‹‹
1581 749 1635 782 Qui
1657 752 1755 778 autem
1779 760 1879 787 usque
1894 755 1930 781 ad

1099 791 1222 817 mortem
1239 789 1268 817 in
1284 790 1382 826 aliquo
1395 795 1514 827 peccato
1530 793 1712 822 constitutus
1726 795 1848 823 fuerit.»
1865 799 1929 826 Non

1097 833 1175 860 enim
1188 833 1235 861 hic
1246 834 1344 870 agitur
1358 836 1394 863 de
1408 845 1452 870 eo,
1469 837 1520 872 qui
1533 837 1569 865 ad
1580 840 1744 866 extremum
1757 847 1856 875 usque
1864 841 1928 869 vita:

1097 877 1232 912 spiritum
1246 879 1276 906 in
1287 884 1405 914 peccato
1418 881 1505 909 fuerit
1515 882 1758 917 constitutus,sed
1774 884 1811 911 de
1826 892 1862 912 eo
1878 887 1927 921 qui

1096 924 1250 956 peccatum
1265 923 1301 950 ad
1314 926 1437 952 mortem
1453 925 1616 961 admiserit,
1633 927 1720 962 cujus
1744 929 1926 958 mentionem

1097 965 1165 993 facit
1192 966 1295 995 beatus
1320 968 1448 997 Joannes
1473 970 1565 1005 Epist.
1590 970 1612 1005 Ι,
1629 979 1693 1007 cap.
1709 980 1737 1005 v,
1755 973 1809 1000 16:
1835 973 1927 1002 Ἐσ-τιν

1095 1009 1213 1046 ἁμαρτία
1241 1011 1309 1048 πρὸς
1337 1012 1459 1043 θάνατον·
1491 1016 1537 1042 Est
1563 1017 1705 1050 peccatum
1733 1016 1769 1044 ad
1791 1023 1920 1047 mortem.

1096 1055 1136 1082 Ex
1157 1064 1214 1091 qua
1228 1057 1318 1085 etiam
1336 1058 1462 1094 Epistola
1477 1062 1521 1087 est
1534 1059 1606 1088 illud
1622 1061 1697 1096 quod
1714 1062 1863 1097 sequitur,
1879 1067 1924 1091 ta-

1095 1100 1187 1145 metsi
1201 1101 1334 1145 nonnihil
1360 1102 1562 1145 immutatum,
1588 1104 1618 1132 '0
1643 1106 1730 1132 ποιῶν
1753 1106 1804 1139 τὴν
1835 1106 1924 1145 ἀμαρ-

1093 1143 1151 1170 τίσιν
1179 1142 1209 1171 ἐκ
1236 1147 1285 1172 τοῦ
1315 1143 1447 1174 διαϐόλου
1476 1146 1557 1175 ἐστίν·
1593 1148 1647 1183 Qui
1671 1151 1739 1185 [acii
1764 1142 1921 1187 peccatum,

1092 1197 1128 1217 ea:
1138 1189 1249 1217 diabolo
1264 1193 1314 1219 est.
1331 1191 1387 1219 Sed
1400 1191 1429 1219 in
1442 1192 1562 1227 Olivar.,
1578 1193 1738 1230 γεγέννηται
1753 1194 1919 1231 legebatur,

1094 1241 1151 1260 non
1165 1232 1317 1271 γεγένηται,
1352 1237 1603 1272 quemadmodum
1631 1241 1660 1265 et
1687 1239 1765 1274 apud
1791 1242 1917 1276 Aposto-

1092 1277 1154 1305 lum
1171 1299 1178 1312 ,
1203 1278 1263 1306 Ὅτι
1292 1277 1321 1305 ἐκ
1353 1281 1420 1307 Θεοῦ
1447 1280 1605 1318 εγέννηται,
1636 1283 1773 1316 Quoniam
1799 1293 1836 1312 ex
1867 1286 1918 1314 Deo

1091 1324 1171 1350 natus
1186 1328 1235 1351 est.
1252 1324 1407 1353 Carnarius
1432 1326 1590 1362 scripserat
1605 1327 1659 1355 hoc
1676 1327 1750 1362 loco,
1767 1339 1782 1354 ιι
1806 1329 1862 1361 Qui
1889 1331 1918 1358 in

1091 1370 1209 1403 peccato
1224 1368 1321 1404 aliquo
1336 1369 1453 1397 mortali
1469 1370 1568 1398 haeret.
1587 1381 1601 1395 n

1127 1411 1194 1440 Col.
1224 1413 1275 1440 489
1307 1413 1327 1442 G
1355 1415 1403 1442 10.
1432 1415 1562 1452 ’Ἑχουσιν
1590 1415 1745 1451 ἀναπνοήν.
1776 1417 1916 1446 Additum

1093 1456 1202 1483 variam
1218 1456 1373 1486 lectionem
1390 1459 1514 1494 arripuit
1528 1460 1740 1496 typographus,
1756 1462 1808 1489 sed
1824 1462 1918 1491 verior

1091 1500 1260 1529 Basiliensis
1284 1501 1420 1531 editionis
1437 1503 1498 1536 illa,
1515 1512 1604 1540 quam
1619 1506 1647 1532 et
1661 1505 1805 1541 expressit
1824 1507 1917 1535 inter-

1090 1552 1167 1580 pres,
1185 1547 1212 1573 et
1231 1545 1414 1575 Olivariauus
1443 1548 1532 1576 codex
1555 1548 1750 1584 conﬁrmavit,
1779 1550 1916 1588 ἀναστρο-

1089 1588 1153 1626 φήν,
1170 1589 1224 1617 hoc
1240 1592 1293 1624 est,
1311 1590 1343 1617 οὐ
1366 1589 1492 1618 δύνανται
1519 1591 1737 1631 ἀναστρέφεσθαι.
1754 1594 1795 1622 Ex
1810 1596 1912 1624 eodem

1090 1634 1290 1670 manuscripto
1306 1635 1490 1664 restituimus
1510 1640 1681 1672 sequentem
1706 1637 1816 1672 locum,
1847 1640 1915 1666 κατά

1089 1677 1168 1714 χάριν
1184 1679 1232 1704 τοῦ
1250 1677 1391 1716 μεγαλοδ.,
1409 1688 1477 1708 nam
1493 1681 1529 1708 ab
1549 1681 1663 1709 excusis
1688 1682 1789 1711 aberat
1816 1684 1910 1721 χάριν.

1124 1722 1182 1750 Col.
1215 1723 1267 1750 493
1290 1723 1310 1751 C
1334 1724 1361 1751 8.
1386 1723 1559 1761 Ἀλγήματα.
1585 1726 1640 1754 Ms.
1666 1726 1771 1755 Olivar.
1798 1726 1849 1754 οὐκ
1872 1727 1912 1755 ἔνι

1089 1763 1210 1802 ἄλγημα·
1228 1775 1285 1802 quo
1301 1771 1385 1803 pacto
1400 1769 1543 1805 scriptum
1559 1770 1716 1799 otl‘endisse
1734 1771 1853 1800 videtur
1869 1773 1912 1801 in-

1088 1812 1211 1846 terpres.
1227 1811 1258 1839 In
1274 1813 1376 1840 eodem
1389 1813 1464 1841 libro
1485 1813 1610 1850 legimus
1640 1813 1771 1851 ἐμπορίαι,
1801 1818 1852 1845 sed
1880 1826 1914 1845 ex

1089 1854 1219 1890 Anglicis
1234 1856 1345 1884 editum
1362 1860 1415 1893 est,
1432 1856 1587 1895 ἐμπορεῖαι,
1610 1867 1698 1895 quam
1719 1869 1821 1889 vocem
1838 1862 1911 1890 omi-

1088 1902 1165 1926 serat
1181 1900 1347 1929 Basiliensis
1362 1902 1460 1930 editio.
1478 1902 1626 1930 Postremo
1638 1903 1717 1931 idem
1732 1905 1824 1933 codex
1839 1905 1911 1933 Oliv.

1088 1946 1153 1979 post
1165 1943 1255 1978 Ἰησοῦ
1271 1946 1455 1982 subjiciebat,
1469 1948 1508 1982 τῷ
1523 1946 1616 1984 Κυρίῳ
1636 1947 1727 1982 ἡμῶν,
1744 1959 1760 1973 (ι
1787 1949 1911 1977 Domino

1088 1991 1199 2016 nostro.
1217 2000 1231 2014 »

211 2111 1912 2125 .—————————_—————_——_—_—__

726 2178 764 2208 ΙΝ
789 2177 929 2207 LIBROS
944 2178 1149 2210 ADVERSUS
1175 2181 1399 2212 EUNOMlUM.

246 2341 381 2368 Adversus
397 2340 563 2366 Eunomium
578 2338 747 2366 haereticum
773 2337 927 2373 scripsisse
942 2338 1033 2366 libros
1047 2339 1071 2373 D
1087 2347 1176 2375 quam
1201 2340 1279 2368 enim
1301 2341 1329 2368 S.
1351 2341 1478 2370 Basilius
1493 2341 1523 2369 in
1539 2341 1687 2370 caelestem
1704 2343 1916 2380 commigravit

210 2385 325 2421 aliquos
341 2385 370 2412 S.
388 2383 528 2411 Basilium
544 2385 670 2410 testatur
690 2386 713 2409 ς.
730 2382 924 2418 Hieronymus
939 2383 968 2410 in
985 2384 1034 2411 Ca-

211 2430 300 2464 lalogo
322 2429 490 2464 scriptorum
513 2427 686 2455 ecclesiastic.
711 2426 758 2454 his
779 2427 894 2455 verbis:
919 2436 930 2450 ι
954 2427 1034 2455 Basi-

211 2475 268 2502 lius
284 2474 418 2501 Czesareae
435 2471 622 2507 Cappadociae
639 2471 794 2507 episcopus
810 2471 942 2507 egregios
970 2480 1034 2499 con-

210 2521 254 2546 tra
270 2518 437 2545 Eunomium
452 2516 613 2543 elaboravit
626 2515 728 2547 libros,
750 2517 778 2542 et
805 2516 842 2542 De
854 2516 957 2551 spiritu
971 2524 1034 2543 san-

209 2565 250 2589 cto
265 2562 412 2590 volumen.
435 2571 448 2585 ι)
470 2559 652 2596 Sophronius
676 2559 770 2594 vertit,
801 2559 869 2586 κατὰ
896 2559 1034 2596 Εὐνομίου

209 2606 359 2644 ἐξαιρέτους
387 2604 510 2639 συνέταξε
531 2603 640 2640 λόγους·
664 2604 715 2631 sed
741 2606 813 2639 quot
832 2611 954 2631 numero
971 2605 1034 2632 fue-

211 2653 278 2687 rint,
296 2660 350 2679 non
367 2650 440 2678 satis
454 2649 566 2684 liquido
583 2650 709 2676 constat.
720 2650 760 2675 Ex
773 2648 865 2675 Photii
883 2649 1034 2678 Bibliothe-

209 2705 251 2730 ca,
268 2703 390 2722 numero
405 2702 516 2727 exxxu,
542 2693 610 2720 licet
626 2692 762 2727 colligere
779 2695 837 2719 tres
853 2693 981 2728 primum
999 2694 1034 2721 ab

210 2749 242 2767 eo
256 2740 347 2767 fuisse
362 2737 746 2774 exaratos,quandoquidem
764 2737 887 2764 totidem
906 2737 989 2765 libris
1004 2747 1035 2766 se

211 2784 351 2812 adversus
363 2783 446 2811 illum
462 2783 538 2810 tueri
555 2784 677 2810 conatus
693 2783 737 2809 est
762 2781 934 2809 Eunomius.
952 2784 1036 2810 Post-

1089 2383 1299 2420 haareditatem,
1324 2387 1352 2413 et
1376 2385 1486 2422 ingenti
1503 2389 1581 2414 metu
1599 2386 1740 2415 liberatus
1756 2389 1802 2416 est
1817 2388 1917 2416 Euno-

1089 2427 1178 2461 mius,
1203 2437 1290 2456 suum
1315 2438 1388 2466 opus
1404 2430 1561 2467 evulgavit,
1591 2431 1620 2458 in
1649 2432 1726 2466 quod
1751 2432 1916 2461 incidentes

1092 2472 1266 2501 Theodorus
1297 2474 1506 2508 Antiochenus,
1534 2475 1692 2511 Gregorius
1707 2478 1872 2512 Nyssenus,
1888 2480 1916 2505 et

1089 2516 1285 2552 Sophronius.
1316 2517 1435 2549 πολλαῖς
1463 2517 1563 2550 minimc
1588 2518 1676 2556 λόγων
1705 2517 1913 2557 λωϐησάμενοι,

1090 2558 1168 2587 οὐδὲν
1182 2562 1262 2596 ἧττον
1292 2564 1340 2589 τοῦ
1365 2563 1509 2600 προτέρου,
1524 2563 1618 2600 vncva
1644 2563 1688 2590 καὶ
1704 2564 1794 2599 πάσης
1813 2565 1913 2599 ἀπόζον

1090 2605 1252 2642 ἀκαθαρσίας
1285 2608 1324 2641 τῷ
1358 2604 1528 2644 γεγεννηκότι
1559 2607 1724 2645 ἀπὲῥριψαν·
1761 2621 1774 2633 ι‹
1815 2610 1914 2637 Multis

1090 2650 1244 2678 verborum
1260 2651 1362 2687 plagis,
1381 2660 1437 2679 non
1454 2660 1540 2680 secus
1556 2661 1588 2680 ac
1604 2653 1730 2687 priorem
1749 2653 1834 2681 illum
1851 2655 1913 2689 ejus

1091 2693 1222 2722 libellum
1238 2695 1372 2729 Basilius,
1385 2696 1570 2724 conﬁcientes
1581 2696 1806 2733 vulgatumjam
1820 2701 1848 2725 et
1859 2707 1913 2734 pra

1090 2738 1262 2775 impuritate
1273 2739 1383 2767 olidum
1396 2740 1424 2768 in
1437 2743 1583 2768 auctorem
1596 2749 1683 2769 suum
1696 2743 1915 2777 conjecerunt.»

1091 2782 1314 2812 Illustrissimus
1340 2784 1498 2814 cardinalis
1522 2785 1716 2814 Bellarminus
1740 2786 1770 2814 in
1788 2787 1914 2823 Catalogo
