2029 3143
123 162 202 193 1029

657 161 710 191 AD
732 160 872 191 LIBROS
895 159 1052 189 CONTRA
1076 159 1299 189 EUNOMIUM.

1751 159 1831 189 1030

119 230 286 265 scriptorum
300 229 549 257 ecclesiasticarum
576 228 617 256 ait
644 228 674 256 in
697 227 826 256 secundo
851 226 949 259 Basilii

1012 224 1151 261 Ἁνόμοιον
1179 225 1247 252 κατὰ
1275 225 1324 259 τὴν
1349 224 1443 252 οὐσίαν
1469 225 1596 252 meum
1620 225 1762 263 Μονογενῆ
1789 227 1830 261 τῷ

121 282 244 310 operum
259 276 337 302 tomo
353 274 422 309 poni
450 273 542 301 libros
567 276 627 301 tres
654 274 748 301 contra
773 272 950 306 Eunomium,

122 319 172 346 sed
199 319 230 345 in
258 318 388 346 editione
418 317 624 353 Antuerpiensi
651 317 742 345 libros
772 317 910 352 quinque,
925 317 953 343 et

124 363 260 399 quamvis
276 363 349 390 duos
367 362 486 390 ultimos
497 361 589 389 libros
599 363 738 389 Erasmus
750 361 912 394 sustulerit,
922 361 954 388 ut

125 407 265 443 indignos
281 406 400 438 Basilio,
416 406 491 434 alios
506 409 603 434 tamen
628 414 746 434 censere
769 405 873 433 Basilio
895 413 952 432 non

125 451 275 488 indignos.
290 453 371 478 Certe
400 451 478 478 idem
507 451 536 478 in
566 451 628 479 suis
647 451 685 478 De
708 450 900 478 controversiis
915 449 952 476 li-

125 497 200 531 bris,
217 499 250 524 ut
265 496 316 523 lib.
330 504 351 523 11
368 496 404 523 De
419 495 536 530 Christo,
548 495 705 529 c.25,citat
719 503 753 522 ex
768 493 842 522 libro
851 494 953 529 quinto

126 541 182 569 tria
197 541 271 574 loca,
285 541 393 576 quibus
409 539 544 568 Ecclesiae
561 539 669 567 Latinas
694 538 869 567 sententiam
885 546 953 566 con-

128 586 228 613 ﬁrmat
252 585 288 613 de
313 584 499 620 processione
519 584 645 620 Spiritus
665 583 768 612 sancti.
786 585 852 619 Ipsa
865 582 953 610 etiam

126 633 225 658 Greca
241 628 369 657 Ecclesia
383 628 412 656 in
431 628 552 656 concilio
567 627 744 661 Florentino,
762 636 828 655 cum
845 635 896 663 pro
921 634 955 654 ea

126 675 215 703 verba
232 674 339 702 faceret
350 673 470 701 Marcus
481 673 637 710 Ephesius,
648 675 756 701 etcum
772 671 880 700 Latinis
895 671 955 699 dis-

85 745 91 752 ,
126 721 255 755 putaret,
271 727 306 746 ex
326 718 400 746 libro
423 718 527 754 quinto
544 717 745 746 testimonium
767 716 878 753 profert
895 724 955 743 ses-

126 765 210 793 sione
226 764 269 797 18,
287 771 315 799 p.
333 763 386 790 436
402 762 541 791 editionis
557 763 695 790 Romane
711 770 718 790 :
736 762 764 788 ’0
792 760 876 798 μέγας
905 763 954 787 Βα-

126 807 230 838 σίλιιος
260 806 287 834 ἐν
311 809 370 837 τοῖς
393 806 461 844 πρὸς
497 806 634 843 Εὐνόμιον
662 805 865 843 ἀντιῤῥητικοῖς
893 803 955 841 περὶ

126 856 176 887 τῆς
192 852 222 879 ὲκ
236 853 285 879 τοῦ
301 851 406 888 Harpe:
422 849 542 889 προόδου
557 853 606 878 τοῦ
631 851 708 887 ἁγίου
725 849 881 886 Πνεύματος
909 848 955 876 τὸν

128 897 212 935 λόγον
230 895 395 932 ποιούμενος
423 894 515 923 τοιάδε
540 895 624 934 φησί·
646 897 728 930 Γεννᾷ
743 895 756 921 ὁ
770 894 834 924 Θεὸς
849 893 903 931 οὐχ
918 893 955 925 ὦς

129 941 284 980 ἄνθρωπος,
301 944 381 979 γεννᾷ
394 940 423 968 δὲ
438 941 559 976 ἀληθῶς·
575 953 589 967 ‹‹
618 941 747 969 Basilius
775 941 901 976 Magnus
925 940 954 968 in

128 987 326 1020 sermonibus,
341 987 449 1022 quibus
460 985 634 1014 Eunomium
648 985 819 1020 confutavit,
831 985 955 1020 loquens

129 1033 165 1060 de
180 1031 373 1068 productione
389 1031 517 1067 Spiritus
534 1031 628 1058 sancti
643 1038 677 1058 ex
693 1030 785 1065 Patre,
802 1029 848 1058 his
865 1030 957 1057 utitur

127 1077 223 1105 verbis
236 1085 243 1104 :
254 1078 380 1104 Generat
388 1075 465 1103 Deus
483 1083 542 1102 non
555 1077 587 1102 ut
597 1075 696 1108 homo,
706 1082 771 1102 vere
789 1077 886 1101 tamen
906 1081 955 1109 ge-

128 1123 222 1149 nerat.
238 1130 252 1146 ι
271 1120 426 1156 Reperitur
440 1119 522 1147 locus
546 1118 596 1146 lib.
613 1127 640 1146 v.
658 1118 808 1146 Bessarion
839 1125 956 1153 quoque

127 1165 265 1193 Nicmnus
276 1164 513 1199 archiepiscopus
525 1163 554 1190 in
566 1163 701 1191 Oratione
712 1162 956 1197 dogmatica,sive

127 1210 164 1237 de
176 1208 285 1236 unione
295 1208 330 1236 ad
352 1207 511 1235 Ecclesiam
531 1206 720 1240 Orientalem,
736 1214 761 1234 ο.
777 1207 804 1239 8,
823 1214 888 1242 pag.
903 1206 956 1233 544

127 1256 265 1281 Romana
281 1252 365 1285 edit.,
380 1261 415 1280 ex
428 1252 530 1279 eodem
547 1251 597 1278 lib.
610 1260 625 1278 ν
641 1250 712 1278 citat
726 1259 752 1278 c.
768 1251 795 1284 9,
808 1258 873 1286 pag.
887 1251 954 1278 118:

130 1309 141 1321 ι
156 1297 282 1332 Magnus
296 1296 397 1331 itaque
412 1295 538 1323 Basilius
555 1303 684 1323 consona
696 1295 833 1330 praadicto
845 1295 957 1326 doctori

127 1341 240 1375 dicens,
252 1342 315 1368 tum
323 1339 465 1375 Spiritum
484 1339 594 1367 homini
611 1348 628 1367 a
639 1339 781 1375 principio
794 1338 955 1372 sufﬂatum,

130 1388 194 1413 tum
211 1393 227 1412 a
241 1383 388 1412 Salvatore
404 1383 558 1419 discipulis
579 1384 692 1416 datum,
708 1383 802 1418 ipsam
819 1383 957 1418 hyposta-

131 1429 188 1456 sim
204 1428 330 1464 Spiritus
346 1428 438 1455 fuisse
462 1427 568 1455 asserit
597 1430 697 1455 contra
717 1427 893 1454 Eunomium
928 1427 957 1454 in

133 1472 274 1509 capitulo,
292 1472 339 1499 cui
356 1471 471 1507 titulus,
486 1472 567 1503 Quod
582 1472 708 1508 Spiritus
732 1471 831 1499 divina
854 1474 959 1499 natura

133 1519 190 1545 est.
208 1527 222 1542 n
239 1516 279 1544 Ex
295 1516 402 1552 quibus
418 1518 533 1543 constat
554 1516 664 1551 passim
694 1516 771 1552 apud
792 1516 958 1543 Grecorum

133 1561 330 1589 bibliothecas
355 1560 537 1588 circumferri
560 1559 672 1595 solitos,
689 1561 717 1587 et
731 1559 814 1587 citari
830 1560 960 1595 quinque

131 1605 207 1633 istos
220 1606 317 1632 contra
333 1604 499 1632 Eunomium
514 1603 615 1632 libros.
631 1605 680 1638 Ac,
694 1604 762 1631 licet
777 1603 806 1631 in
828 1604 957 1632 editione

132 1649 252 1683 Veneta,
269 1649 348 1684 apud
371 1648 552 1684 Stephanum
576 1649 695 1676 Sabium
715 1657 783 1676 ann.
802 1648 880 1682 1535,
897 1651 956 1676 tres

130 1696 246 1721 tantum
262 1693 375 1729 priores
391 1692 490 1720 excusi
507 1692 624 1725 fuerint,
642 1694 739 1720 tamen
756 1693 785 1720 in
802 1691 955 1719 Basiliensi

130 1738 291 1774 posteriore
306 1736 377 1764 anni
387 1737 453 1764 1551
471 1737 602 1772 quinque
614 1741 681 1764 sunt
691 1737 772 1769 editi,
783 1745 855 1772 quos
867 1737 955 1764 etiam

126 1781 236 1818 Regius
260 1782 351 1809 codex
375 1781 492 1809 Henriei
515 1782 540 1809 II
564 1781 707 1817 agnoscit,
724 1789 759 1809 ex
780 1789 838 1816 quo
860 1780 956 1808 multa

127 1827 192 1855 loca
207 1825 440 1854 emendavimus.
454 1826 590 1854 Facessat
599 1825 808 1861 igilurErasmi
819 1833 954 1860 censura,

126 1873 156 1898 et
170 1870 316 1898 Theodori
333 1872 410 1897 Bezaa
427 1870 531 1897 merito
548 1870 718 1906 castiganda
743 1870 877 1902 audacia,
893 1869 955 1905 qui,

127 1923 195 1943 cum
213 1916 340 1950 quatuor
357 1914 448 1942 libros
474 1914 628 1942 Latinitate
654 1914 804 1946 donasset,
820 1914 956 1949 quintum

128 1962 228 1987 tamen
245 1959 428 1994 supprimere
443 1966 534 1986 ausus
549 1960 604 1992 est,
612 1961 641 1985 et
656 1961 791 1993 quartum
809 1960 957 1994 postrema

127 2004 174 2032 sui
191 2005 273 2039 parte
288 2005 436 2035 truncare,
452 2010 613 2038 suppressa
628 2003 691 2038 ejus
707 2002 798 2038 partis
812 2002 955 2037 interpre-

127 2047 250 2082 tatione,
267 2055 330 2082 qua
348 2047 487 2075 nimirum
503 2046 645 2075 catholico
661 2055 694 2074 ac
708 2054 774 2074 vero
788 2047 822 2074 de
842 2046 955 2074 meritis

128 2099 252 2127 operum
278 2091 409 2127 dogmati
431 2091 658 2127 suﬁragahatur.
674 2093 768 2118 Janus
787 2091 954 2126 Cornarius,

125 2138 154 2163 et
169 2136 233 2171 ipse
248 2136 283 2163 de
300 2144 422 2163 numero
432 2135 672 2168 Protestantium,
684 2135 813 2171 quinque
825 2135 955 2170 integros

126 2180 229 2207 Latine
241 2180 393 2213 convertit,
403 2179 489 2214 cujus
501 2179 772 2215 interpretationem
789 2187 855 2206 cum
877 2178 954 2206 Bezza

126 2223 255 2252 editione
271 2224 348 2259 apud
364 2223 521 2252 Henricum
534 2223 716 2260 Stephanum
732 2232 779 2251 an.
797 2223 867 2251 1570
879 2231 956 2251 com-

1008 269 1103 307 Πατρί,
1122 281 1136 295 1(
1151 270 1285 298 Essentia
1300 269 1474 298 dissimilem
1491 278 1556 298 esse
1571 270 1757 306 Unigenitum
1775 272 1829 298 Pa-

1009 315 1057 343 tri.
1071 327 1081 339 n
1096 315 1178 343 Unde
1196 315 1323 342 Anommi
1339 315 1410 346 dicti
1427 317 1584 342 sectatores
1600 315 1684 342 Aetii.
1704 315 1831 351 Epipha-

1009 360 1076 387 nius
1091 359 1194 387 hmresi
1209 368 1310 387 LXXXVI
1327 368 1333 386 :
1350 359 1492 395 Ἀνόμοιοι
1507 358 1591 386 πάλιν
1614 358 1685 389 τινές
1701 358 1766 386 sicut
1781 369 1831 386 κα-

1010 401 1152 439 λούμενοι,
1177 403 1251 430 οὗτοι
1279 401 1307 430 δὲ
1330 402 1500 441 πρόσφατοι.
1525 404 1626 440 Ἑσχον
1655 401 1683 430 δὲ
1708 403 1830 441 ἀρχηγὸν

1008 446 1113 474 Ἀἐτιόν
1142 457 1202 474 τινα
1230 446 1353 474 διάκονον
1381 447 1553 485 προαχθέντα
1581 445 1626 474 διὰ
1662 448 1711 482 τήν
1750 447 1831 474 αὐτοῦ

1009 490 1142 530 φλυαρίαν
1173 491 1223 518 ὑπὸ
1253 492 1391 530 Γεωργίου
1423 494 1471 518 τοῖ’)
1499 491 1705 528 ’Δλεξανδρέως.
1723 492 1833 520 «Sunt

1011 544 1113 564 rursus
1129 537 1261 572 quidam,
1279 537 1327 572 qui
1347 536 1534 572 appellantur
1547 536 1691 570 Auommi,
1707 536 1762 564 hoc
1777 539 1834 570 est,

1009 580 1179 609 dissimiles.
1197 581 1230 608 Hi
1248 583 1345 608 autem
1361 584 1494 609 recentes
1510 581 1770 609 sunt.Habuerunt
1785 589 1835 608 au-

1009 628 1068 652 tem
1084 625 1188 653 ducem
1206 626 1317 653 Aetium
1334 626 1490 661 quemdam
1517 625 1686 659 diaconum,
1700 628 1833 654 evectum

1010 672 1128 705 propter
1143 678 1237 706 nugas
1253 678 1321 698 suas
1335 678 1352 698 a
1363 670 1486 706 Georgio
1500 670 1705 698 Alexandrino.
1723 681 1737 695 »
1755 670 1834 698 Idem

1008 713 1214 750 corrigendum
1228 716 1273 742 est
1287 714 1372 749 infra,
1382 726 1396 740 «
1411 715 1532 742 alterius
1548 723 1611 742 esse
1626 714 1832 743 substantias.»

1045 767 1105 796 Col.
1130 769 1183 796 505
1210 770 1232 795 Β
1247 769 1273 796 3.
1291 770 1345 797 Cui
1357 769 1438 796 nulla
1451 776 1577 804 persona.
1594 769 1642 796 Sic
1670 767 1833 806 ἀπρόσωπον

1009 812 1081 840 verti
1098 812 1220 848 placuit,
1237 821 1294 840 non
1313 816 1344 840 ut
1358 813 1503 848 interpres
1530 813 1697 849 scripserat,
1719 824 1733 838 «
1751 821 1835 840 accu-

1010 857 1118 884 satoris
1132 865 1257 892 persona
1282 857 1426 885 relicta.»
1453 857 1609 885 Carnarius
1638 865 1705 885 vero
1733 857 1834 892 edidit,

970 914 993 946 Β
1010 912 1024 925 ‹‹
1041 900 1178 936 apologizs
1194 904 1292 929 actum
1309 901 1372 929 sine
1389 910 1512 937 persona
1528 901 1619 929 subit.
1635 912 1648 926 n
1665 904 1747 937 Beza,
1765 901 1836 929 «cui

1010 945 1090 973 nulla
1106 954 1231 981 persona
1246 946 1359 980 subest,
1377 957 1391 970 ››
1405 945 1467 974 sive
1487 946 1667 974 accusatoris
1687 946 1747 974 sive
1763 946 1835 973 alte-

1010 989 1071 1017 rius
1088 992 1136 1018 :at
1152 989 1238 1026 paulo
1254 994 1320 1026 post
1335 990 1448 1018 addidit
1464 990 1588 1018 Basilius
1603 999 1701 1018 vocem
1718 990 1836 1027 κατηγό-

1011 1043 1076 1071 ρων,
1093 1045 1106 1059 ι(
1124 1036 1338 1062 accusatorum.
1356 1045 1369 1059 ι)
1386 1033 1525 1071 Πρόσωπα
1548 1033 1709 1071 κατηγόρων
1737 1033 1835 1071 αἰσχύ-

1009 1088 1092 1105 νεται.
1119 1079 1342 1114 Trapezuntius,
1367 1091 1380 1104 «
1408 1082 1611 1107 accusatorum
1640 1087 1780 1115 personas
1805 1079 1835 1106 in

1011 1123 1141 1151 medium
1157 1123 1303 1151 adducere
1319 1123 1446 1151 dedecus
1462 1123 1517 1151 sibi
1532 1124 1656 1159 putavit.
1674 1134 1689 1149 »

1046 1175 1120 1203 Ibid.
1136 1178 1167 1203 Ι).
1195 1177 1326 1212 Alloquor
1354 1177 1438 1204 enim.
1469 1178 1626 1212 Interpres.
1655 1188 1665 1201 ι
1690 1177 1838 1204 Habeatur

1011 1220 1088 1247 enim
1106 1220 1177 1247 mihi
1195 1221 1303 1256 pariter
1314 1221 1349 1247 ad
1361 1221 1532 1248 universum
1548 1220 1632 1248 illum
1649 1221 1754 1248 cmlum
1770 1229 1837 1249 ora-

1010 1265 1061 1292 tio.
1080 1275 1090 1289 ο
1109 1264 1229 1300 Δημίους
1245 1273 1363 1301 quoqne
1379 1276 1394 1290 «
1411 1265 1563 1293 ministros
1575 1265 1708 1301 publicos
1724 1268 1838 1293 nverte-

1012 1311 1066 1342 rat,
1078 1309 1129 1336 sed
1141 1310 1330 1345 postjudices
1348 1318 1406 1337 nou
1427 1310 1503 1337 servi
1521 1309 1642 1345 publici,
1655 1312 1706 1337 aut
1719 1310 1837 1338 lictores

1012 1353 1117 1389 quivis,
1132 1356 1181 1381 aut
1195 1354 1331 1386 viatores,
1349 1362 1449 1382 verum
1466 1354 1620 1382 carniﬁces
1636 1354 1835 1390 subjiciendos

1012 1406 1077 1425 esse
1093 1397 1216 1434 intelligi
1231 1399 1337 1434 potuit.

1046 1442 1104 1469 Col.
1129 1442 1182 1469 506
1204 1443 1233 1469 Α.
1264 1442 1369 1470 Pulsus
1395 1442 1546 1470 Eudoxius.
1564 1444 1595 1470 In
1624 1441 1723 1470 codice
1747 1442 1837 1478 Regio

1012 1486 1172 1521 legebatur,
1190 1487 1266 1521 quod
1292 1487 1321 1513 in
1338 1486 1471 1522 margine
1500 1486 1671 1514 Basiliensis
1700 1487 1838 1514 editionis

1013 1529 1341 1565 ascripseramus,xaté
1371 1529 1499 1565 Εὐδόξιος
1529 1530 1576 1566 μὲν
1602 1532 1655 1557 τῶν
1686 1529 1712 1557 ἐν
1741 1529 1835 1567 Συρίᾳ.

1012 1574 1224 1610 Trapezuntius
1239 1575 1396 1610 scripserat
1412 1583 1446 1602 ex
1463 1576 1751 1611 manascriptc(nam
1767 1579 1835 1603 ante

1012 1627 1122 1646 annum
1152 1619 1231 1654 1530,
1246 1627 1303 1655 quo
1327 1620 1455 1655 primum
1481 1619 1611 1647 Venetiis
1630 1620 1700 1647 editi
1717 1623 1786 1648 sunt
1805 1620 1836 1647 hi

1010 1663 1088 1696 libri,
1118 1671 1133 1690 e
1160 1663 1234 1691 vivis
1262 1663 1399 1699 excessit)
1416 1671 1422 1691 :
1440 1667 1508 1691 tunc
1522 1672 1538 1691 ο
1553 1663 1636 1700 Syria
1659 1663 1752 1691 etiam.
1771 1664 1836 1700 qui-

1010 1707 1078 1734 dam
1094 1707 1245 1743 expulsus,
1258 1707 1540 1744 Constantinopolim
1558 1708 1643 1744 quasi
1656 1708 1691 1736 ad
1707 1709 1837 1744 tyranni-

1010 1752 1076 1779 dem
1093 1752 1233 1787 pervenit.
1253 1763 1266 1777 »
1281 1752 1428 1787 Socrates,
1445 1752 1495 1780 lib.
1512 1761 1532 1779 11
1549 1753 1675 1781 Historias
1689 1754 1794 1786 coclea,
1811 1761 1836 1781 c.

1009 1796 1044 1824 34
1060 1805 1066 1824 :
1082 1795 1151 1823 Τότε
1176 1794 1208 1822 δὲ
1235 1793 1416 1830 ἐκϐληθέντος
1441 1795 1622 1831 Μακεδονίου,
1652 1795 1780 1831 Εὐδόξιος
1810 1796 1835 1824 ἓν

1011 1838 1127 1877 δευτέρῳ
1152 1840 1197 1867 τὸν
1219 1840 1386 1877 Ἀντιοχείας
1410 1839 1523 1876 θέμενος
1552 1840 1659 1877 θρόνον,
1679 1842 1730 1872 τῆς
1757 1841 1835 1868 Κων-

1010 1883 1259 1914 σταντινουπόλεως
1275 1883 1433 1921 ἀναδέχεται
1454 1885 1507 1918 (sic
1533 1884 1588 1920 legi
1615 1884 1728 1919 malim,
1745 1893 1835 1920 quam

1010 1926 1216 1964 ἀναδείκνυται),
1233 1929 1286 1954 τῶν
1312 1927 1374 1964 περὶ
1399 1928 1530 1955 Ἀκάκιον
1555 1927 1762 1965 ἔνθρονισάντων
1788 1929 1836 1956 αὖ·

1009 1972 1065 1999 τόν·
1084 1984 1097 1997 u
1109 1973 1140 2000 Id
1157 1973 1299 2008 temporis
1315 1981 1381 2000 vero
1401 1973 1554 2001 exturbato
1579 1973 1759 2008 Macedonio,
1776 1974 1835 2001 Eu-

1010 2017 1115 2045 doxius
1134 2017 1234 2045 sedem
1249 2017 1409 2045 Antiochiae
1425 2017 1617 2052 posteriorem
1635 2018 1744 2046 ducens
1762 2020 1835 2047 Con-

1010 2061 1202 2097 stantinopoli
1217 2062 1286 2089 sede
1310 2062 1465 2098 episcopus
1487 2062 1757 2098 Constantinopolis
1786 2071 1838 2098 per

1009 2107 1147 2133 Acacium
1163 2109 1192 2133 et
1202 2107 1266 2141 ejus
1279 2105 1441 2133 familiares
1453 2106 1637 2133 renuntiatus
1653 2109 1707 2133 est.
1719 2115 1732 2132 ιι
1752 2106 1834 2134 Nice-

1010 2151 1121 2186 phorus
1141 2158 1258 2186 quoque
1275 2150 1349 2178 libro
1368 2159 1406 2185 ix,
1419 2158 1482 2185 cap.
1500 2150 1544 2185 36,
1555 2150 1717 2178 Eudoxium
1735 2150 1837 2178 scribit

1010 2194 1161 2222 Antiochia
1179 2197 1320 2230 occupata
1335 2194 1484 2230 propalam
1499 2194 1572 2222 Aetii
1589 2195 1756 2231 opinionem
1769 2203 1836 2231 pro-

1011 2247 1169 2274 pugnasse,
1181 2241 1269 2274 atque
1284 2239 1367 2267 illum
1380 2239 1518 2274 adjuvare
1530 2241 1668 2267 conatum
1680 2247 1753 2267 esse.
1766 2240 1836 2267 Vide

128 2266 412 2319 εεταδίωυξεείουιξί
425 2267 509 2295 nobis
522 2267 795 2319 subsidiqemgad
812 2270 958 2319 recepram
974 2280 998 2311 υ
1011 2266 1101 2310 es...
1119 2266 1345 2318 modum,
1362 2266 1452 2311 ubi.
1468 2266 1573 2312 mea,
1590 2266 1739 2317 εεέίεξςξίεξ
1749 2284 1795 2319 25,
1806 2266 1836 2312 ’e;

125 2311 314 2347 Trapezuntii
325 2311 488 2339 versionem
502 2312 722 2339 recensendam.
734 2311 842 2347 Siquis
857 2314 954 2339 autem

126 2356 329 2392 disparitatem
345 2355 425 2392 styli,
436 2358 466 2383 et
479 2355 623 2383 diversam
641 2356 782 2384 rationem
801 2364 956 2392 argumen-

125 2400 208 2428 tandi
221 2400 249 2427 in
262 2399 378 2427 duobus
390 2399 602 2436 posterioribus
614 2400 696 2428 libris
708 2401 956 2434 animadvertens,

125 2452 232 2472 causas
257 2452 358 2472 earum
388 2444 519 2479 requirat
544 2452 551 2471 :
577 2453 611 2472 ex
638 2444 773 2481 Prologo,
802 2445 852 2481 qui
880 2445 954 2472 libro

125 2491 231 2524 quarto
248 2488 384 2524 praﬁxus
408 2491 454 2516 est
478 2489 513 2515 ab
537 2488 600 2524 ipso
616 2488 774 2524 interprete
787 2489 830 2517 vel
846 2489 881 2517 ab
898 2489 954 2516 alio

123 2533 264 2569 quopiam
282 2532 354 2567 viro,
371 2532 467 2566 docto,
483 2541 533 2560 eas
549 2533 663 2560 discere
678 2533 794 2568 poterit.

160 2594 221 2623 Col.
239 2594 292 2622 499
308 2597 329 2621 Β
346 2594 390 2622 Η.
406 2594 538 2622 Alterum
556 2595 663 2622 dicitur
677 2595 778 2629 etiam,
796 2595 873 2631 quod
900 2604 954 2623 nu-

128 2647 206 2667 mero
219 2641 334 2666 tantum
348 2639 496 2666 diversum
515 2641 570 2675 est,
581 2639 648 2667 licet
662 2638 771 2674 alioqui
783 2638 878 2666 simile
899 2639 952 2674 sit;

128 2685 157 2712 at
173 2691 231 2711 non
258 2682 332 2710 dixit
346 2681 508 2719 ὲτιρούσιον.
526 2685 625 2719 Itaque
651 2683 758 2711 melius
783 2683 952 2718 Cornarius,

129 2739 142 2753 «
157 2726 333 2763 inaequalem
349 2734 413 2754 esse
438 2727 599 2755 secundum
619 2727 789 2756 essentiam.
806 2738 820 2752 »
838 2727 954 2763 Optime

129 2773 165 2800 ad
182 2772 304 2800 verbum
322 2771 486 2807 scripseris,
501 2772 696 2800 «dissimilem
713 2772 876 2800 secundum
888 2772 954 2800 sub-

129 2817 280 2846 stantiam.
298 2826 312 2841 ιι
329 2816 371 2844 Ita
386 2816 474 2852 paulo
495 2818 562 2852 post
583 2816 613 2844 in
633 2816 734 2845 eodem
756 2816 830 2845 libro
857 2816 951 2845 dixit:

1011 2336 1035 2354 c.
1051 2329 1096 2354 27.
1113 2329 1152 2355 Ex
1167 2328 1267 2355 eodem
1292 2328 1392 2355 codice
1408 2327 1497 2364 Regio
1522 2328 1693 2356 addidimus
1718 2337 1835 2362 excuso,

1011 2374 1077 2407 post
1105 2380 1202 2399 vocem
1227 2371 1412 2409 λογογράφος,
1430 2381 1494 2408 quae
1520 2376 1698 2408 sequuntur,
1714 2371 1758 2399 διὰ
1785 2376 1834 2406 τῆς

1009 2415 1109 2442 τούτου
1137 2414 1301 2453 προστασίας
1333 2414 1440 2445 ἱδρῦσαι
1467 2416 1499 2442 τὸ
1529 2414 1617 2453 δόγμα
1648 2416 1835 2455 ἐπειγομένου.

1010 2460 1121 2487 Ibidem
1138 2468 1190 2496 pro
1207 2471 1220 2485 «
1234 2459 1402 2488 Sardiensis
1432 2461 1561 2488 Ecclesia
1589 2461 1726 2489 devorata
1749 2464 1794 2490 est
1822 2473 1835 2485 n

1010 2505 1183 2540 scripsimus
1200 2513 1214 2532 θ
1230 2504 1330 2532 Grceco
1346 2504 1498 2542 προεπόθη,
1516 2516 1530 2530 ιι
1545 2506 1698 2541 propinata
1713 2508 1768 2541 est,
1781 2517 1795 2530 υ
1808 2509 1836 2534 et

1011 2549 1050 2577 ita
1066 2552 1148 2583 Bcza,
1165 2557 1251 2584 quem
1268 2551 1366 2576 tamen
1393 2549 1550 2577 admodum
1578 2549 1748 2585 imperitum
1766 2559 1836 2586 geo-

1010 2593 1139 2629 graphiae
1155 2594 1247 2621 fuisse
1263 2595 1390 2626 constat,
1401 2602 1468 2621 cum
1485 2593 1531 2620 hic
1548 2593 1699 2629 scripserit
1724 2594 1751 2621 in
1778 2595 1836 2623 edi-

1010 2639 1089 2666 tione
1101 2638 1286 2674 Stcphanaea,
1306 2649 1316 2663 ι
1335 2638 1516 2666 Sardiccnsis
1538 2638 1667 2666 Ecclesia
1682 2640 1836 2675 propinata

1010 2686 1061 2710 est.
1073 2694 1087 2708 ››
1105 2683 1194 2718 Atqui
1212 2682 1340 2715 Sardica,
1354 2682 1438 2716 cujus
1455 2683 1526 2709 civis
1551 2683 1746 2718 Sardicensis,
1764 2685 1835 2712 urbs

1009 2730 1054 2754 est
1068 2727 1198 2755 Thracias
1223 2727 1455 2760 mediterranea;
1472 2726 1570 2753 Sardis
1586 2731 1683 2754 autem
1704 2727 1749 2755 vel
1768 2730 1835 2755 Sar-

1009 2772 1061 2799 des
1077 2772 1147 2799 urbs
1163 2771 1258 2807 Lydia:
1274 2771 1308 2798 ad
1330 2770 1407 2798 latus
1423 2770 1515 2798 Tnisli
1532 2771 1641 2799 montis
1666 2772 1733 2808 sita,
1749 2773 1835 2809 cujus

1010 2816 1080 2844 civis
1095 2816 1259 2844 Sardianus
1277 2815 1319 2843 vel
1335 2815 1502 2843 Sardieusis
1518 2814 1635 2844 dicitur.
1652 2819 1682 2846 S.
1696 2817 1833 2854 Hierony-
