2029 3143
204 136 280 166 1031

795 134 915 164 NOTAE
936 133 1120 164 FRONTON
1126 133 1159 163 lS
1182 132 1314 164 DUCJEI

1829 135 1907 166 1032

207 209 285 235 mus,
301 201 330 229 in
347 200 478 235 Catalogo
500 201 667 235 scriptorum
688 200 832 228 ecclesias!
853 200 1026 227 Sardensem
1042 199 1069 232 Α
1085 200 1164 226 ctum
1180 206 1262 227 esse:
1273 210 1287 224 ν
1303 207 1336 227 ac
1351 207 1381 227 re
1396 207 1462 227 vera
1477 198 1608 236 ἀγένητος
1618 202 1663 228 est
1673 211 1687 225 ‹‹
1697 208 1755 228 non
1765 200 1906 236 factitius,

205 245 343 282 appellat.
368 256 382 270 «
408 244 506 272 Melito
530 244 666 279 Asianus,
692 244 846 272 Sardensis
873 243 1029 280 episcopus

206 291 301 319 Marco
316 290 464 317 Antonino
475 289 548 317 Vero
565 289 772 324 imperatore,»
784 289 834 316 ubi
846 288 1027 324 Sophronias

205 332 330 361 Μελίτων
347 332 471 363 Ἀσιοινὸς
495 330 620 369 Σάρδεων
646 330 802 360 ἐπίσκοπος.
820 332 954 359 Imitatus
983 332 1028 358 est

204 380 271 406 ante
286 378 396 413 aliquot
411 386 504 406 annos
517 376 703 414 ἆνιστορησίαν
732 377 817 405 istam
845 379 922 404 Beza
946 384 1027 412 sym-

203 425 299 459 mysta
313 423 379 458 ejus
393 421 671 458 Salmuriensis,qui
688 421 842 450 concilium
856 421 1027 449 Sardicense

203 467 312 496 Gallico
334 467 473 495 idiomate
488 466 530 494 sic
543 466 656 500 extulit,
669 470 698 494 ut
713 466 850 494 Asianam
869 466 961 501 Lydia:
979 473 1025 493 ur-

202 511 266 539 bem
283 511 312 538 in
328 510 425 539 locum
450 510 579 538 Thracias
600 510 725 538 civitatis
750 510 950 545 substitueret,
968 517 1027 545 qua

200 556 235 583 de
250 564 281 584 re
295 564 313 583 θ.
328 555 412 583 nobis
428 555 456 583 in
472 555 598 583 Elencho
613 554 708 591 ipsius
719 562 851 582 errorum
862 556 941 582 torno
953 554 965 580 1
977 553 1025 581 nd-

200 600 328 628 monitus
345 601 400 627 est.
938 626 940 628 _

236 643 296 672 Col.
311 645 364 671 508
379 643 400 671 D
416 643 554 677 4.,Toi’rto
585 640 613 669 δέ
640 641 695 669 ἐστι
720 644 854 670 τοιοῦτον.
880 641 911 670 in
941 641 1024 669 Basi-

198 688 283 716 liensl
301 688 372 716 edit.
389 690 461 716 erat.
477 689 559 714 τοῦτο
576 685 604 714 δὲ
619 686 673 714 ἐστι
688 689 825 714 τοιοῦτον.
842 685 872 713 Tt
889 684 921 720 δὴ
938 684 1023 723 χαλε-

198 731 305 759 παίνετέ
319 742 365 768 μοι
383 741 390 760 :
406 733 484 760 unde
500 732 657 760 Carnarius
684 740 769 759 suam
792 731 956 759 versionem
973 738 1023 758 ex-

196 777 313 812 pressit.
328 788 341 802 «
357 779 416 804 Hoc
432 785 498 804 vero
511 776 567 804 tale
583 776 654 812 quid
670 779 725 804 est.
747 776 820 808 Quid
843 775 1023 803 succensetis

196 821 279 856 mihi,
297 829 312 848 ο
328 821 393 856 viri,
406 821 441 848 ad
454 821 602 856 fastigium
614 820 730 848 virtutis
741 828 895 856 progresso
907 819 921 846 ‘I
931 831 944 844 ››
964 819 1021 847 Nec

195 864 280 892 aliter
294 867 368 893 Beza
381 873 388 892 :
401 872 500 892 verum
517 864 546 891 in
564 864 651 900 Regio
664 864 697 892 Η.
709 865 861 900 legebatur
873 873 878 891 :
889 864 975 891 Τοῦτο
992 860 1020 888 δέ

196 908 250 935 ἐπί
263 919 300 942 τι,
326 908 364 944 μὴ
379 907 558 946 χαλεπαίνῑτὲ
575 918 632 944 μοι.
650 910 741 945 Atque
757 909 810 936 hoc
839 910 922 944 pacto
949 907 1020 935 scri-

194 957 277 989 ptum
294 954 323 981 in
339 953 542 989 manuscripto
558 954 701 989 reperisse
729 953 842 981 videtur
855 953 1019 988 Trapezun-

193 999 265 1033 tius,
279 1007 332 1027 nec
349 999 376 1026 in
392 999 490 1027 verbis
517 999 653 1026 Eunomii
678 999 833 1035 vestigium
859 998 953 1026 ullum
977 1001 1020 1025 est

193 1043 441 1079 interrogationis.
456 1043 545 1071 Paulo
562 1046 627 1079 post
639 1044 823 1080 scripsimus,
840 1054 854 1068 «
871 1043 943 1070 Cum
961 1050 1018 1078 quo

192 1089 350 1116 damnatus
369 1088 406 1115 sit
424 1096 430 1115 ε
450 1099 460 1112 ι
477 1087 532 1114 Τίνι
557 1088 794 1126 συγχατακὲκριται
807 1097 813 1103 ·
830 1096 900 1120 non,
917 1089 949 1114 ut
973 1087 1018 1114 in-

193 1134 317 1168 terpres,
336 1144 346 1157 ι
364 1141 398 1160 ex
413 1132 593 1168 arrogantia,
609 1141 667 1168 qua
680 1133 894 1160 condemnatus
922 1133 984 1160 est:
1003 1142 1017 1156 »

192 1185 259 1204 cnm
275 1176 390 1204 diabolo
406 1176 559 1211 nimirum,
574 1177 602 1204 in
619 1178 704 1212 cujus
725 1177 870 1212 judicium
896 1178 924 1204 et
947 1184 1017 1204 con-

191 1221 407 1249 demnationem
425 1221 538 1248 incidit.
557 1222 567 1248 Ι
583 1221 659 1248 Tim.
676 1229 719 1255 m,
733 1221 751 1248 6
768 1229 774 1248 :
790 1221 847 1247 Ἵνα
863 1221 901 1256 μή
926 1230 1016 1257 τυφω-

192 1265 247 1296 θεὶς
264 1263 303 1295 εἷς
318 1267 405 1302 κρῖμα.
419 1264 523 1302 ἰμπέσῂ
539 1266 588 1292 τοῦ
604 1262 746 1292 διαϐόλου.
763 1276 777 1290 ‹‹
799 1265 840 1292 Ne
865 1265 894 1292 in
910 1272 1015 1301 super-

192 1309 269 1336 biam
286 1309 383 1337 elatus
398 1310 428 1337 in
439 1309 587 1344 judicium
604 1309 714 1336 incidat
729 1309 848 1337 diaboli.
866 1319 880 1333 »

226 1363 286 1391 Col.
302 1364 355 1391 510
370 1365 390 1390 C
403 1365 429 1390 2.
448 1363 523 1397 Quod
537 1365 563 1391 si
585 1363 846 1399 deprehenderetur.
863 1362 948 1390 Aliud
970 1365 1015 1391 est

191 1407 350 1446 ὑφορᾶσθαι,
368 1407 447 1435 aliud
461 1407 631 1444 φωραθῆναι.
649 1408 722 1435 Illud
739 1416 769 1436 se
785 1407 890 1443 legisse
903 1407 1016 1443 putavit

189 1453 412 1488 Trapezuntius,
434 1461 499 1480 cum
515 1452 644 1488 scripsit,
662 1463 675 1477 «
693 1452 773 1484 Quod
805 1452 830 1480 si
859 1454 1014 1488 suspectus

191 1497 274 1532 foret,
288 1497 351 1525 sine
367 1497 427 1524 ulla
441 1497 528 1532 culpa
543 1506 608 1525 esse
623 1497 767 1524 videatur.
786 1508 799 1521 ››

225 1550 284 1578 Col.
314 1550 364 1578 5H
394 1552 417 1577 B
446 1551 490 1578 10.
523 1549 717 1587 Ἀγυμνάστοις
755 1549 849 1580 ἀκοαῖς
877 1552 1011 1585 verterat,

192 1605 206 1618 «
221 1594 251 1621 in
267 1594 376 1622 liberas
390 1603 475 1622 aures
491 1594 631 1622 incidens.
642 1594 818 1622 nCornarius
834 1595 941 1630 aptius,
952 1606 965 1619 u
977 1602 1012 1622 ne

188 1638 388 1666 inexercitatis
405 1639 526 1666 auribus
541 1638 673 1674 allapsus
690 1639 805 1674 sibiipsi
821 1639 906 1666 fidem
929 1639 1011 1666 dero-

188 1685 245 1718 get.
263 1693 277 1706 η
298 1683 379 1716 Beza,
400 1682 595 1710 «inassuetas
622 1691 709 1711 aures
733 1684 850 1711 feriens.
867 1694 881 1708 »
898 1684 930 1711 In
955 1691 1010 1711 ms.

186 1729 249 1755 erat
264 1726 313 1760 τὴν
330 1723 462 1759 ἀσέϐειαν,
481 1728 531 1755 sed
558 1728 775 1755 emendandum
797 1724 874 1756 esset
896 1727 1010 1754 ἑαυτοῦ·

189 1782 200 1797 ι
219 1772 401 1809 Impietatem
418 1781 501 1801 suam
520 1773 576 1800 fide
591 1773 741 1809 indignam
758 1774 902 1808 redderet,
916 1781 1011 1809 neque

186 1817 271 1845 facile
286 1818 462 1845 audiendam
471 1838 478 1844 .
495 1828 508 1842 ι)

222 1863 296 1890 Ibid.
312 1863 343 1890 Ο.
359 1863 399 1890 Ad
426 1863 593 1890 institutum.
621 1862 677 1900 Ἐφ’
702 1861 717 1888 ἃ
741 1861 914 1900 προείρηται,
937 1871 1010 1898 quo~

187 1907 273 1935 modo
299 1907 406 1943 legitur
427 1909 455 1934 et
479 1907 509 1934 in
535 1907 710 1943 Stephsnsaa
734 1907 873 1940 editione,
890 1907 939 1934 ubi
957 1907 1011 1935 hoc

185 1953 270 1987 pacto
287 1951 373 1978 vertit
401 1951 491 1984 Beza;
508 1951 559 1978 sed
586 1951 683 1987 aptius
713 1951 837 1978 fortasse
866 1951 1012 1988 legeretur

185 1995 342 2033 προῄρηται
371 2004 388 2023 a
416 1997 503 2024 verbo
528 1995 726 2032 προαιρεῖσθαι.
747 1995 903 2024 Carnarius
931 2003 1010 2023 rece-

184 2042 265 2076 ptam
281 2041 448 2076 exprimens
463 2040 627 2075 lectionem,
647 2051 657 2065 ι
676 2041 710 2068 ad
727 2049 760 2068 ea
784 2049 848 2076 quae
873 2040 1011 2076 praedicta

184 2087 262 2112 sunt.
282 2096 296 2110 n
311 2086 346 2112 At
373 2085 588 2120 Trapezuntius
617 2084 759 2118 ediderat,
781 2095 795 2110 «
821 2085 858 2112 ad
886 2093 929 2119 ea,
947 2093 1010 2120 quas

181 2130 306 2163 volebat,
324 2141 338 2155 »
354 2128 509 2167 προαίρεσιν
526 2129 671 2157 indicans.
688 2129 779 2157 Paulo
795 2132 860 2165 post
870 2138 902 2157 ex
920 2130 1009 2165 Hegio

182 2182 234 2209 pro
246 2172 409 2202 ἐπιστάσεως
426 2174 644 2201 emendandum
659 2174 690 2200 τὸ
704 2172 807 2200 ἁπλοῦν
821 2176 870 2207 τῆς
880 2174 1009 2207 πίστεως,

186 2227 197 2242 ι
214 2217 434 2254 simplicitatem
451 2218 528 2253 ﬁdei,
547 2228 560 2242 η
575 2226 664 2253 quam
680 2217 834 2246 lectionem
843 2218 930 2246 etiam
946 2219 1009 2246 Ste-

184 2262 307 2298 pbanaza
321 2262 410 2289 editio
422 2262 566 2298 agnoscit.

218 2304 277 2333 Col.
307 2305 361 2333 513
385 2305 406 2332 Β
431 2305 457 2332 6.
475 2305 608 2340 Γνώμονα
636 2307 686 2338 τῆς
715 2303 854 2339 ἀληθείας.
884 2306 1006 2333 Addidi-

181 2358 249 2377 mus
273 2357 308 2377 ex
331 2349 430 2377 codice
456 2349 487 2376 Η.
505 2351 563 2379 τοῖς
577 2347 689 2386 ἐχθροῖς
708 2351 758 2383 τῆς
775 2348 914 2385 ἀληθείας,
930 2350 1005 2385 quod

181 2394 269 2422 etiam
284 2393 313 2420 in
331 2393 497 2429 apographo
513 2402 566 2421 suo
578 2393 685 2429 legisse
695 2394 1006 2430 Trapezuntiusappa-

180 2439 234 2472 ret,
250 2445 316 2465 cum
332 2440 398 2465 ante
414 2437 541 2473 primam
555 2437 697 2465 Venetam
714 2437 871 2466 editionem
893 2438 947 2466 hos
971 2438 1006 2465 li-

178 2483 277 2511 brose
306 2483 412 2510 Graecis
442 2482 655 2518 manuscriptis
680 2482 835 2511 Latinitate
862 2483 1005 2510 donaret:

179 2527 373 2562 quamobrem
390 2534 442 2554 nec
459 2535 476 2553 a
493 2526 564 2554 Beza
587 2534 681 2562 neque
697 2535 714 2554 a
728 2527 865 2554 Cornario
888 2529 1006 2562 praster-

180 2571 256 2598 mitti
273 2571 448 2599 debuerunt.

213 2615 271 2643 Col.
288 2616 341 2643 516
362 2618 382 2642 Δ
401 2616 443 2644 11,
460 2614 512 2642 Τὸν
539 2614 604 2641 Θεὸν
632 2614 775 2650 ἀγένητον.
794 2615 836 2642 lta
864 2615 1006 2651 scriptum

179 2659 273 2687 fuitin
286 2660 387 2697 Regio,
397 2662 426 2687 et
437 2659 466 2686 in
475 2659 545 2686 edit.
559 2659 744 2695 Stephanaza,
758 2659 1007 2694 quemadmodum

178 2705 206 2731 et
221 2704 250 2731 in
269 2704 305 2731 iis
319 2713 382 2739 quae
399 2707 567 2739 sequuntur
577 2703 705 2739 periodis
721 2706 956 2740 προσγεγενῆσθκι
981 2707 1009 2732 et

178 2748 346 2784 γεγενῆσθαι·
364 2756 452 2784 quam
472 2748 508 2775 ob
531 2756 654 2775 causam
677 2748 765 2775 vertit
788 2748 868 2782 Beza,
885 2759 899 2773 «
915 2748 1009 2777 Deum

180 2800 241 2820 non
259 2800 324 2820 esse
338 2793 496 2828 factitium,
511 2795 540 2820 et
553 2793 595 2821 vel
613 2801 630 2821 a
644 2792 741 2830 seipse
756 2793 800 2821 vel
826 2793 861 2821 ab
885 2793 941 2822 alio
965 2794 1009 2823 fa-

1084 252 1142 271 non
1167 245 1291 275 creatus,
1310 251 1368 271 non
1388 244 1548 280 productus
1564 252 1571 272 :
1587 255 1601 270 υ
1618 245 1669 272 sed
1697 244 1726 272 in
1751 241 1906 273 Basilisnsi

1083 287 1245 324 posteriore
1261 286 1406 325 ἀγέννητον
1421 296 1561 323 excusum
1577 289 1640 323 fuit,
1657 291 1686 317 et
1709 292 1905 326 προσγεγεννῆ-

1083 337 1144 364 σθαι
1171 334 1200 361 et
1227 335 1413 369 γεγεννῆσθαι,
1443 337 1532 369 atque
1557 333 1665 361 idcirco
1693 334 1907 370 Trapezuntius

1084 377 1292 412 interpretatus
1308 380 1363 413 est,
1380 389 1393 402 ‹‹
1414 380 1443 405 et
1469 378 1616 406 communi
1643 379 1775 406 omnium
1807 387 1908 407 conce-

1082 421 1182 458 ptione
1197 422 1287 449 Deum
1306 424 1406 449 natum
1425 431 1482 450 non
1499 430 1582 450 esse:
1599 434 1613 447 ››
1630 423 1699 450 item
1715 423 1804 459 paulo
1830 426 1906 460 post,

1083 477 1097 491 (ι
1113 466 1189 501 quod
1220 466 1385 502 ingenitum
1410 468 1465 501 est,
1477 467 1521 494 vel
1536 476 1552 494 a
1568 475 1599 495 se
1614 467 1655 495 vel
1672 468 1707 495 ab
1723 467 1781 495 alio
1798 468 1907 496 factum

1081 519 1144 538 esse
1160 511 1358 545 contenderet,
1371 521 1385 536 n
1403 514 1432 538 et
1450 523 1460 536 ι
1477 511 1525 547 qui
1544 514 1589 539 est
1605 511 1765 548 ingenitus,
1779 521 1877 548 neque
1891 522 1907 540 ει

1080 563 1111 583 se
1124 563 1219 591 neque
1235 555 1270 582 ab
1286 555 1343 583 alio
1359 558 1459 583 natum
1475 564 1482 583 :
1497 567 1511 581 »
1528 556 1625 592 aptius
1640 556 1771 590 dixisset,
1787 567 1799 581 ι
1810 565 1906 593 neque

1079 600 1116 627 ab
1128 599 1184 627 alio
1199 599 1342 636 genitum.
1356 611 1369 625 n
1381 602 1591 628 Verumtamen
1607 600 1636 628 in
1653 601 1903 630 tantalectionum

1079 643 1217 671 varietate
1234 644 1525 673 animadvertendum
1540 647 1595 680 est,
1607 646 1684 681 quod
1701 645 1770 673 alibi
1787 648 1904 674 monui-

1080 697 1158 722 mus,
1173 697 1271 717 vocem
1289 688 1446 726 ἀγέννητος,
1463 698 1528 718 cum
1544 690 1580 718 de
1601 690 1658 718 Deo
1685 690 1768 718 Patre
1793 691 1902 727 agitur,

1078 733 1138 760 sive
1149 741 1216 761 cum
1228 733 1294 761 aliis
1304 734 1437 769 personis
1448 734 1598 763 Trinitatis
1614 738 1812 771 comparatur,
1827 745 1904 764 nunc

1077 776 1242 813 signiﬁcare
1271 777 1445 814 ingenitum,
1465 778 1519 806 hoc
1547 780 1600 813 est,
1627 787 1683 806 non
1712 780 1902 815 generatione

1076 821 1262 857 productum,
1280 830 1357 850 nunc
1370 822 1660 858 autem,increatum,
1670 832 1728 851 non
1744 824 1899 860 factitium,

1075 874 1171 902 neque
1186 875 1238 902 per
1252 866 1426 894 creationem
1450 867 1627 903 productum
1644 877 1654 895 .·
1669 868 1777 904 sapius
1800 871 1898 896 tamen

1076 908 1203 947 ἀγένητος
1217 919 1315 938 vocem
1328 910 1382 938 hac
1394 912 1523 939 secunda
1537 912 1655 940 notione
1672 913 1820 948 usurpari,
1833 921 1899 949 quae

1074 963 1140 982 cum
1158 954 1284 990 simplici
1300 965 1324 990 ν,
1338 964 1395 983 non
1416 964 1483 983 cum
1500 956 1610 992 duplici
1626 957 1755 993 effertur,
1771 959 1804 985 ut
1818 957 1897 994 ἀγέν-

1073 1009 1165 1034 νητος,
1181 999 1253 1028 Vide
1268 1009 1331 1036 quae
1347 1000 1483 1036 superius
1495 1003 1635 1028 annotata
1649 1003 1728 1029 sunt.

1109 1053 1182 1081 Ibid.
1211 1054 1231 1080 C
1255 1054 1283 1081 5.
1313 1053 1398 1087 Quasi
1425 1054 1521 1082 solido.
1546 1052 1650 1085 Πυκνὸς
1689 1053 1734 1081 καὶ
1771 1054 1898 1092 περιττὸς

1072 1097 1209 1125 solertem
1225 1100 1253 1126 et
1268 1099 1441 1134 prudentem
1454 1101 1483 1127 et
1497 1099 1614 1135 egregia
1629 1101 1726 1127 mente
1741 1100 1896 1136 praeditum

1073 1144 1170 1176 sonat,
1178 1144 1211 1170 ut
1225 1141 1320 1170 caeteri
1336 1143 1509 1178 interpretes
1520 1142 1687 1178 ediderunt,
1698 1152 1757 1171 non
1774 1146 1808 1171 ut
1824 1145 1897 1172 Tra-

1072 1185 1237 1222 pezuntius,
1248 1197 1262 1211 «
1275 1186 1302 1213 Si
1319 1186 1418 1214 densis
1434 1189 1523 1222 atque
1538 1187 1662 1215 minutis
1676 1187 1896 1223 excogitationi-

1072 1230 1127 1258 bus
1144 1231 1206 1258 suis
1219 1230 1408 1258 redundaret.
1426 1242 1440 1256 »

1106 1275 1167 1303 Col.
1182 1275 1237 1302 517
1248 1276 1268 1303 Δ
1283 1276 1309 1303 6.
1326 1277 1382 1304 Pro
1398 1274 1519 1313 συνάγειν
1547 1276 1723 1312 scripsimus
1746 1284 1782 1304 ex
1808 1277 1896 1313 Regio

1070 1319 1102 1348 H.
1120 1318 1282 1357 συνεισάγειν
1288 1339 1295 1346 .

1105 1364 1163 1392 Col.
1189 1365 1242 1392 520
1271 1367 1293 1392 Β
1320 1365 1338 1392 9
1361 1365 1547 1403 Ὑφαρπαγήν.
1577 1366 1753 1394 Addidimus
1781 1375 1816 1394 ex
1841 1375 1894 1395 ms.

1068 1409 1103 1436 H.
1115 1417 1179 1445 quae
1191 1409 1292 1437 deesse
1300 1409 1331 1437 in
1341 1409 1514 1446 Stephanzea
1526 1412 1601 1439 Beza
1611 1411 1744 1447 apposito
1755 1411 1894 1440 asterisco

1068 1453 1243 1488 adverterat,
1255 1456 1284 1481 et
1294 1455 1480 1490 Trapezuntii
1489 1455 1633 1484 versionis
1651 1455 1793 1483 insistens
1807 1456 1894 1484 vesti-

1068 1497 1124 1533 giis
1146 1498 1358 1534 interpretatus
1380 1501 1454 1533 erat,
1474 1499 1616 1527 nimirum
1641 1499 1714 1535 αὐτῷ
1741 1498 1892 1538 ληφθέντος

1068 1540 1154 1579 λόγου
1170 1542 1238 1579 πρὸς
1253 1543 1302 1576 τὴν
1319 1543 1486 1578 κατασκευὴν
1516 1543 1634 1576 ἐντεῦθεν
1654 1547 1743 1582 χωρεῖ
1765 1545 1815 1572 τοῦ
1843 1544 1892 1578 τὴν

1028 1572 1049 1606 C
1069 1572 1236 1625 divisi/notavi
1255 1572 1345 1615 eiiciav
1374 1588 1451 1616 εἶναι·
1465 1572 1484 1615 .‹‹
1501 1591 1559 1618 Iste
1583 1572 1681 1618 tame;
1701 1572 1792 1626 |quasi
1815 1572 1891 1618 viain

1067 1633 1227 1668 quamdam
1243 1641 1277 1661 ex
1290 1642 1324 1661 eo
1340 1636 1456 1668 nactus,
1473 1635 1551 1670 quod
1581 1635 1681 1663 furtim
1707 1635 1845 1671 arripuit,
1860 1643 1894 1663 eo

1067 1677 1262 1712 progreditur,
1279 1680 1311 1705 ut
1326 1678 1405 1705 dicat
1419 1678 1577 1715 ἀγιννησίαν
1597 1687 1662 1707 esse
1686 1679 1768 1707 illius
1791 1687 1893 1707 essen-

1067 1721 1148 1756 tiam,
1160 1721 1211 1757 qui
1221 1724 1266 1749 est
1281 1722 1414 1750 omnium
1429 1723 1518 1751 Deus.
1528 1734 1542 1748 »
1554 1723 1712 1752 Carnarius
1727 1723 1828 1760 aptius
1838 1723 1893 1752 edi-

1067 1766 1119 1799 dit,
1131 1777 1145 1790 «
1157 1765 1225 1793 hinc
1239 1766 1275 1794 ad
1291 1766 1544 1796 confirmationem
1562 1768 1703 1803 procedit,
1716 1768 1795 1804 quod
1812 1768 1893 1804 inge-

1066 1810 1160 1837 nitum
1185 1818 1248 1838 esse
1270 1811 1399 1839 essentia
1423 1813 1471 1839 sit.
1489 1823 1504 1837 »
1521 1811 1693 1848 Ἀγεννησίοιν
1716 1812 1812 1840 Latini
1840 1815 1892 1840 Pa-

1064 1857 1124 1883 tres
1140 1866 1153 1880 ‹ι
1171 1855 1432 1884 innascibilitatem
1448 1868 1462 1882 n
1477 1859 1607 1885 vertunt.

1101 1907 1159 1935 (Iol.
1173 1909 1226 1935 526
1244 1909 1265 1936 Β
1289 1909 1315 1937 3.
1333 1910 1366 1937 Et
1385 1910 1460 1945 quod
1483 1911 1543 1946 ejus
1564 1918 1658 1946 propr.
1674 1912 1734 1938 Hoc
1746 1909 1889 1938 omissum

1064 1951 1101 1979 ab
1117 1952 1274 1987 interprete
1286 1953 1464 1987 addidimus,
1479 1954 1530 1990 qui
1539 1957 1569 1982 et
1579 1955 1740 1991 scripserat
1750 1954 1807 1982 hoc
1817 1955 1890 1987 loco.

1066 2004 1191 2031 «neque
1210 1997 1247 2024 ad
1275 1997 1476 2026 irrationalem
1508 1998 1659 2027 dimittens
1688 1999 1888 2027 inﬁrmitatem

1065 2040 1200 2075 subduci,
1217 2051 1232 2066 «
1261 2042 1337 2076 quod
1359 2041 1480 2077 legisset
1501 2043 1626 2070 fortasse
1650 2042 1842 2079 ὑποφέρεσθαι,
1859 2045 1891 2071 ut

1064 2084 1169 2112 habuit
1197 2085 1231 2113 H.
1248 2085 1356 2122 Regius
1385 2086 1474 2114 codex
1503 2095 1555 2122 pro
1585 2084 1776 2125 ἀποφὶρισθαι.
1803 2088 1890 2115 Paulo

1064 2132 1131 2156 ante
1147 2129 1194 2156 ubi
1212 2130 1247 2157 de
1262 2130 1319 2157 vite
1335 2131 1367 2158 fit
1381 2130 1502 2163 mentio,
1519 2131 1705 2166 praetermisit
1723 2131 1810 2165 illud,
1825 2131 1891 2158 κατὰ

1063 2173 1114 2206 τὴν
1142 2173 1244 2207 πίστιν,
1262 2174 1342 2207 Beza,
1359 2175 1436 2209 quod
1465 2183 1536 2203 sane
1565 2175 1687 2209 mirum,
1716 2184 1783 2203 cum
1813 2176 1890 2204 illius

1064 2220 1233 2254 symmystas
1258 2218 1399 2254 neglectis
1424 2219 1572 2255 operibus,
1585 2220 1651 2247 ﬁdei
1668 2219 1766 2255 potius
1790 2228 1888 2248 curam

1022 2257 1045 2289 Ι)
1062 2270 1161 2297 gerere
1190 2262 1356 2290 videantur.
1381 2262 1460 2290 Dixit
1481 2266 1579 2291 autem
1604 2261 1804 2301 ἕῤῥιζωμὲνους
1826 2264 1891 2290 κατὰ

1060 2306 1150 2332 πίστιν
1166 2309 1198 2334 ut
1212 2307 1323 2335 Paulus
1338 2307 1449 2335 Coloss.
1466 2315 1496 2342 ιι,
1514 2308 1530 2334 7
1547 2316 1554 2336 :
1570 2307 1767 2345 Ἐῤῥιζωμένοι
1782 2308 1828 2335 καὶ
1845 2309 1889 2346 βε-

1061 2347 1220 2386 ϐαιούμενοι
1251 2350 1277 2377 ἐν
1302 2353 1337 2388 τῇ
1351 2350 1458 2378 πίστει·
1475 2352 1603 2380 [iudicati
1629 2357 1654 2381 et
1676 2354 1834 2388 conﬁrmati
1860 2355 1889 2381 in

1061 2395 1122 2430 ﬁde.

1098 2439 1172 2467 ibid.
1189 2439 1210 2467 Ο
1225 2440 1251 2468 3.
1279 2440 1527 2476 Incorruptibilem.
1548 2443 1664 2469 Tractat
1688 2441 1768 2470 hunc
1792 2442 1887 2471 locum

1063 2483 1094 2512 S.
1112 2483 1213 2511 Basilii
1243 2484 1335 2512 frater
1362 2484 1521 2521 Gregorius
1542 2485 1693 2521 Nyssenus
1716 2485 1768 2514 lib.
1786 2487 1888 2515 ultimo

1060 2531 1156 2556 contra
1170 2528 1446 2564 Eunomium,nuper
1470 2529 1628 2558 Latinitate
1642 2531 1749 2558 donato
1765 2539 1783 2558 a
1796 2531 1890 2559 doctis

1063 2573 1139 2600 simo
1168 2572 1230 2600 viro
1253 2573 1275 2600 N
1306 2572 1441 2607 Gulonio,
1459 2581 1486 2609 p.
1509 2574 1573 2609 396,
1597 2582 1724 2610 eumque
1749 2576 1889 2604 adversus

1064 2617 1229 2645 calumnias
1259 2617 1392 2644 Eunomii
1421 2620 1532 2646 tuetur.
1552 2618 1682 2647 Diversis
1710 2622 1809 2648 tamen
1838 2620 1888 2648 ali-

1064 2662 1182 2697 quando
1214 2661 1391 2690 dictionibus
1428 2662 1541 2696 utitur,
1569 2665 1603 2690 ut
1640 2663 1886 2700 ὑπερεκπίπτουσαν

1064 2704 1155 2740 πάσης
1184 2708 1354 2743 περιγραφῆς
1380 2705 1558 2743 εὑρίσκοντες,
1587 2715 1639 2743 pro
1667 2707 1757 2743 πάσης
1786 2708 1886 2746 ἀρχῆς,

1065 2758 1129 2786 qua:
1145 2750 1240 2778 verior
1255 2749 1352 2784 lectio,
1368 2752 1400 2778 ut
1422 2750 1629 2779 animadvertit
1653 2752 1799 2789 interpres
1814 2753 1885 2788 Nys-

1064 2794 1139 2829 seni,
1165 2794 1308 2830 scribens,
1335 2804 1348 2820 «
1373 2803 1489 2823 omnem
1513 2795 1817 2833 circumscriptionem
1841 2796 1883 2825 vel
