2029 3143
91 165 171 196 1033

633 165 673 194 ΙΝ
694 163 833 195 LIBROS
853 165 1010 196 CONTRA
1033 165 1258 197 EUNOMIUM.

1721 166 1801 198 1031

87 240 175 260 omne
193 231 369 267 principium
380 233 581 268 superantem.
599 241 613 256 ›ι
630 231 699 258 Item
716 233 773 261 τοῖς
791 230 872 258 αἲῶσι
885 231 913 258 ὸν
931 235 956 266 Α
973 232 1118 268 interpres
1131 231 1262 268 scripsit,
1280 244 1294 256 ‹‹
1311 232 1436 260 Privatio
1452 233 1530 260 enim
1552 233 1628 269 ejus,
1652 233 1729 268 quod
1747 241 1800 261 na-

84 278 148 303 νοῦν
165 273 366 312 ἐπιϐάλλωμεν
383 284 434 312 pro
456 275 502 302 τὸν
517 277 579 302 νοῦν
595 274 800 312 ὶπεκτείνωμεν,
817 279 846 304 et
861 278 918 306 τοῖς

87 320 202 357 ὀνόμασι
233 320 340 351 τούτοις
370 320 530 358 χρώμενοι,
559 329 611 357 pro
641 319 748 350 τούτοις
777 329 917 358 προσαγο-

85 365 227 403 ρεύοντες.
265 366 376 394 Ibidem
412 365 591 393 correximus
625 365 697 393 illud
727 365 916 401 Trapezuntii

87 422 99 437 ιι
116 413 188 438 tunc
204 410 354 438 infinitam
370 410 434 446 ejus
449 410 479 438 in
496 409 610 438 nullum
628 409 785 438 terminum
810 417 915 438 exeun-

86 458 147 483 tem
161 454 416 491 incorruptibilem
434 454 629 490 appellamus.
647 465 660 480 ››

123 509 183 537 Col.
200 509 254 536 526
269 508 289 536 C
306 509 348 536 14.
361 507 409 534 Καὶ
421 504 588 544 ἀσύμϐαντα.
600 508 718 536 Rectius
728 508 757 535 in
768 508 916 544 ms.Regio

89 550 539 590 ll,&odp€am-quemadmodum
553 556 581 580 et
587 553 664 589 apud
671 555 777 581 Gazam
787 554 814 580 in
823 553 916 581 Gram-

88 601 192 627 matina
209 599 303 627 Gra’ca
318 598 420 634 legunt
433 598 554 633 quidam
565 594 743 633 ἀσυμϐάντως
761 594 845 635 ἔχειν,
862 598 914 626 lib.

87 653 114 672 Iv
128 652 135 672 ί
153 643 205 671 sed
218 642 305 679 paulo
322 645 388 678 post
400 650 458 670 non
474 638 664 677 ἀσυμϐάντως,
681 643 731 670 sed
753 639 915 678 ἀσυμϐάτως

85 689 232 724 scriptum
245 696 311 716 esse
336 687 473 715 observat
497 691 599 715 auctor
625 687 713 715 Graeci
730 688 870 720 Thesauri,
887 689 915 715 et

85 743 119 762 ex
135 733 294 760 Plutarcho
310 732 381 760 citat
395 732 431 760 de
456 731 550 768 primo
575 731 702 768 frigido:
727 731 758 759 'll
785 731 832 767 μὶν
861 731 915 769 γὰρ

85 777 153 805 κατὰ
188 777 314 812 στέρησιν
350 777 395 804 καὶ
432 774 483 811 ἕξιν
522 776 652 808 ἀντίθεσις
687 775 827 812 πολεμική
867 775 912 803 καὶ

85 819 242 858 ἀσύμϐατός
257 820 339 857 ἐστιν,
356 821 384 849 id
400 824 456 855 est,
471 821 607 849 Turnebo
632 821 800 857 interprete,
818 833 832 846 (ι
848 821 912 848 Pri-

84 867 210 895 vationis
226 867 304 894 enim
320 869 348 894 et
363 866 480 894 habitus
496 866 688 901 repugnantia
704 865 849 894 hostiliter
864 865 912 893 in-

84 912 158 940 festa
173 914 228 946 est,
246 913 275 939 et
289 910 515 947 implacabiliter
530 910 678 938 dissentit.
694 922 708 935 »

120 965 180 993 Col.
197 965 250 992 527
266 965 297 992 Β.
316 965 374 992 Non
386 972 415 992 sc
438 972 473 992 ea:
491 965 728 992 commentatione.
745 964 811 991 Haec
825 963 914 992 verba

86 1009 221 1037 Eunomii
234 1010 277 1037 sic
290 1009 593 1043 immulavimus,cum
605 1011 682 1036 esset
692 1012 777 1036 antea
790 1017 796 1035 :
809 1019 822 1033 (ι
832 1007 912 1035 Nolle

87 1053 292 1089 cogitationem
308 1053 470 1081 humanam
488 1053 624 1080 decorare
641 1054 742 1086 Deum,
758 1061 814 1080 cun
832 1053 914 1087 lnge-

88 1099 183 1126 nitum
199 1097 337 1134 appellat.
357 1108 370 1122 ››
384 1097 439 1125 Sed
457 1096 573 1124 ἐπίνοιαν
591 1108 604 1122 (ι
615 1097 908 1124 commentationem»

87 1143 159 1172 Beza
171 1143 279 1170 rectius
291 1142 387 1174 vertit,
402 1150 491 1177 quam
501 1142 726 1177 Trapezuntius,
737 1152 751 1166 ‹‹
764 1141 913 1176 rogitatio-

87 1196 165 1220 uem,
183 1198 198 1211 »
214 1189 265 1214 aut
279 1186 448 1219 Carnarius,
468 1196 482 1212 α
496 1186 772 1220 contemplationem
786 1194 793 1219 ;
806 1197 820 1210 ››
844 1193 912 1212 cum

86 1231 203 1258 ἐπινοεῖν
221 1231 260 1259 sit
275 1231 449 1266 excogitare,
465 1231 509 1258 vel
529 1230 725 1264 comminisci,
747 1230 790 1257 vel
815 1234 912 1257 mente

86 1277 238 1311 cnncipere
249 1275 370 1304 solerter
385 1276 496 1310 aliquid
514 1275 736 1303 adinveniendo.
763 1275 810 1302 Sic
833 1275 911 1310 apud

86 1322 252 1357 Nyssenum
268 1320 412 1348 Gulonius
423 1321 457 1356 τῇ
474 1319 579 1354 ἐπινοίᾳ
593 1320 673 1355 ἡμῶν
691 1318 911 1356 ἑπιθεωρούντων

86 1367 180 1393 ταῦτα·
202 1376 212 1390 ι
241 1365 312 1392 dum
336 1364 398 1392 hzec
420 1373 472 1400 per
495 1364 770 1392 commentationem
787 1364 828 1392 ita
843 1372 913 1391 con-

86 1410 278 1446 templemur.
293 1421 307 1435 »

122 1455 195 1483 ibid.
241 1455 283 1482 12.
327 1453 464 1488 Quomodo
500 1453 597 1489 igitur.
632 1453 778 1487 Interpres
812 1453 913 1480 edide-

88 1502 142 1532 rat,
159 1510 174 1523 ι(
195 1499 347 1531 Quomodo
373 1498 463 1533 igitur
478 1507 536 1526 non
552 1498 648 1525 furere
663 1500 691 1525 te
707 1497 911 1532 perspicimus,

88 1545 111 1572 si
123 1543 271 1579 propriam
282 1543 388 1578 cuique
400 1542 552 1570 nominum
561 1544 734 1578 potestatem
747 1541 844 1569 inesse
855 1549 913 1569 non

88 1592 184 1623 putes,
200 1588 250 1615 sed
262 1590 364 1615 contra
374 1587 526 1614 veritatem
541 1599 548 1619 ς
564 1598 578 1611 ››
592 1585 721 1620 ἀλήθειαν
737 1586 816 1613 enim
833 1586 911 1621 legit,

87 1641 145 1660 non
162 1630 306 1669 ὶνέργειαν,
330 1632 407 1667 quod
424 1634 522 1658 tamen
542 1633 642 1658 tuetur
654 1639 709 1657 ms.
731 1630 764 1657 Η.
781 1633 810 1658 et
821 1630 910 1659 editio

87 1677 281 1713 Stephanea,
309 1676 338 1703 in
366 1684 425 1711 qua
452 1675 552 1703 omisit
573 1675 646 1703 Beza
670 1675 743 1702 illud
766 1674 839 1711 παρὰ
859 1675 908 1708 τήν

86 1719 232 1757 ἐνέργειαν,
248 1719 326 1755 quod
343 1720 383 1747 ita
398 1720 540 1755 expressit
555 1719 723 1754 Cornarius,
740 1730 753 1745 «
771 1719 821 1747 sed
837 1727 909 1755 pras-

86 1768 130 1793 ter
148 1765 311 1793 efﬁcaciam
336 1764 492 1792 decernere
514 1763 614 1792 omnia
638 1763 758 1792 nomina
781 1763 857 1792 inter
880 1772 912 1792 se

86 1809 182 1837 valere
191 1809 206 1837 Ῡ
221 1820 236 1834 ››

123 1855 183 1882 Col.
199 1854 252 1881 529
269 1854 289 1881 Β
317 1854 344 1881 9.
372 1852 420 1880 Καὶ
445 1852 470 1879 ἐν
495 1851 592 1888 τούτῳ.
623 1853 656 1880 Η.
687 1862 742 1881 ms.
770 1852 813 1879 καὶ
829 1852 856 1880 ἰν
872 1852 911 1880 ἑνὶ

86 1898 190 1934 τούτῳ,
208 1899 285 1934 quod
303 1897 436 1933 agnosci
450 1897 653 1933 interpretatio
669 1898 865 1933 Trapezuntii,
882 1900 913 1926 ut

89 1947 156 1972 ante
173 1943 247 1970 dixit
262 1941 287 1969 ἐν
305 1941 342 1969 ἑνὶ
356 1941 445 1978 τούτῳ
462 1941 548 1978 μόνῳ·
565 1945 643 1970 verte
659 1941 758 1978 igitur,
783 1954 796 1968 ι(
824 1946 912 1978 atque

87 1988 116 2016 in
129 1988 186 2016 hoc
198 1995 256 2015 uno
269 1987 484 2015 confessionem
495 1986 730 2022 persolvat,quod
743 1987 822 2014 estid
835 1987 912 2023 quod

87 2035 150 2061 est:
170 2043 185 2057 »
200 2034 229 2060 et
257 2031 287 2060 in
311 2031 407 2060 verbis
431 2031 577 2065 Eunomii,
602 2031 708 2068 pagina
722 2031 785 2066 219,
801 2040 826 2059 c.
841 2033 869 2065 2,
885 2030 911 2058 ἐν

85 2079 118 2114 τῇ
135 2078 185 2104 τοῦ
203 2077 268 2103 ιῖναι
287 2074 302 2102 ὅ
319 2075 389 2103 ἐστιν
413 2075 560 2113 ὁμολογίᾳ,
576 2076 729 2111 conﬁtendo
742 2076 770 2103 id
784 2084 844 2104 eum
856 2085 914 2105 esse

84 2123 156 2157 quod
171 2123 223 2148 est.

119 2166 184 2194 Col.
197 2166 288 2194 531A
303 2166 348 2193 14.
367 2164 530 2200 ϐαιεροιίέε.
553 2165 616 2192 Νυο
643 2167 673 2193 ut
693 2165 848 2201 interpres,
877 2166 914 2194 De

84 2212 241 2247 categoriis,
267 2211 515 2246 quemadmodum
532 2213 560 2238 et
574 2213 602 2238 S.
619 2211 776 2247 Augustini
792 2211 912 2247 quidam

85 2257 180 2284 citant
197 2256 307 2283 librum
328 2258 370 2283 De
390 2255 480 2283 decem
505 2255 664 2291 categoriis,
689 2255 738 2291 qui
758 2255 786 2283 in
806 2256 911 2284 inscri-

86 2301 186 2336 ptione
202 2300 302 2332 habet,
319 2300 471 2336 Categoriee
483 2300 573 2328 decem
598 2308 634 2328 cx
662 2300 814 2328 Aristotelis
829 2300 909 2328 libro.
928 2291 952 2324 D

84 2348 158 2373 Sane
177 2345 298 2380 quidam
314 2345 424 2372 librum
440 2343 518 2371 illum
541 2344 758 2381 inscripserunt
779 2344 835 2382 Πρὸ
859 2347 913 2371 τῶν

85 2391 217 2423 τοπικῶν,
246 2390 314 2418 Ante
337 2390 437 2425 topica,
468 2392 498 2417 ut
531 2397 565 2417 ex
593 2389 745 2426 Simplicio
779 2390 915 2418 observat

84 2434 200 2462 amicus
212 2437 311 2462 noster
323 2433 632 2462 RobcrtusBalformus
645 2434 687 2462 vir
696 2435 914 2463 eruditissimus

84 2480 112 2507 in
129 2479 195 2507 suis
220 2479 433 2506 Commentariis
456 2479 577 2514 logicis;
602 2479 735 2506 nonnulli
761 2479 798 2507 De
825 2479 914 2508 decem

83 2524 239 2560 categoriix,
252 2531 318 2556 seu,
334 2526 366 2550 ut
385 2523 470 2551 vertit
493 2523 642 2557 Boethius,
670 2523 914 2559 praedicamenlis:

84 2570 183 2596 tamen
201 2567 279 2603 apud
294 2568 392 2603 ipsum
402 2567 589 2596 Aristotelem
601 2568 712 2604 etapud
724 2569 914 2596 Ammonium

84 2612 160 2640 liber
189 2612 359 2640 inscribitur
383 2611 557 2649 Κατηγορίαι·
586 2612 621 2640 de
643 2612 804 2648 privatione
819 2615 847 2640 et
863 2612 914 2640 ha-

84 2657 149 2685 bitu
166 2657 229 2693 agit
254 2665 279 2684 c.
297 2657 340 2691 l0,
357 2657 391 2684 de
407 2657 569 2693 oppositis;
591 2660 619 2684 et
635 2657 704 2685 alibi
721 2658 842 2693 passim.
859 2657 915 2684 lbi-

84 2702 150 2730 dem
169 2710 203 2729 ex
216 2701 342 2729 Joannis
358 2709 420 2734 νιιι,
439 2702 483 2736 4-4,
506 2702 680 2737 scripsimus
695 2710 730 2730 ex
745 2703 864 2737 propriis
881 2702 919 2728 lo-

84 2749 191 2782 quitur,
209 2755 260 2782 pro
277 2757 290 2771 α
307 2754 342 2774 ex
356 2746 464 2782 scipso,
480 2757 493 2770 ι)
510 2745 557 2773 Ἐκ
572 2747 625 2772 τῶν
643 2744 717 2772 ῗδίων
743 2744 833 2780 λαλεῖ,
858 2755 915 2774 οοο

84 2790 126 2829 ἀφ’
142 2790 240 2817 ἑαυτοῦ
246 2813 252 2818 .

117 2836 182 2865 Col.
208 2835 261 2864 634
287 2835 308 2864 Β
338 2835 380 2864 13.
407 2835 437 2864 Si
457 2835 567 2872 quidem
593 2836 772 2872 privationcs.
796 2835 858 2864 Non
885 2837 916 2863 ut

225 2902 360 2932 Panos.
383 2902 439 2933 Ga.
460 2901 554 2932 XXX.

973 279 1039 304 tura
1063 276 1151 312 inest,
1178 277 1303 312 privatio
1324 279 1377 311 est,
1401 276 1546 312 posterior
1568 277 1684 305 habitu.
1703 287 1717 302 »
1733 277 1799 305 Ari-

972 320 1092 349 stoteles
1114 321 1143 348 in
1164 321 1322 357 Categorii:
1351 330 1374 349 c.
1402 322 1457 349 i0:
1483 321 1657 358 Ἐστιρῆσθαι
1680 320 1708 348 δὲ
1735 321 1798 349 τότε

973 363 1087 402 λὲγομεν
1112 363 1224 392 ἕκαστον
1249 367 1302 392 τῶν
1326 369 1376 400 τῆς
1408 363 1487 401 ἕξεως
1507 365 1648 400 δικτιχῶν,
1675 365 1736 393 ὅταν
1769 365 1796 394 ἐν

972 410 994 446 ᾧ
1010 410 1126 446 πέφυκεν
1154 409 1294 447 ὑπάρχειν,
1321 409 1338 444 ἢ
1360 410 1404 436 ὅτε
1423 409 1538 447 πέφυκεν
1556 409 1640 446 ἔχειν,
1659 408 1795 446 μηδαμῶς

974 455 1096 492 ὑπάρχῃ.
1116 466 1128 478 ‹‹
1139 455 1212 482 Tum
1228 463 1295 483 vero
1310 455 1436 483 dicimus
1453 455 1645 491 singula,quaa
1660 455 1794 483 habitum

971 500 1098 535 recipere
1115 502 1248 535 possunt,
1266 499 1378 536 privata
1393 507 1467 533 esse,
1484 508 1550 527 cum
1572 499 1601 527 in
1617 507 1675 535 quo
1690 504 1795 528 natura

971 546 1067 574 inesse
1092 545 1197 578 debet,
1223 546 1274 573 aut
1301 545 1419 580 quando
1442 547 1548 572 natura
1570 545 1672 573 haberi
1698 545 1794 581 debet,

972 590 1053 618 nullo
1069 590 1156 618 modo
1172 590 1258 617 inest.
1278 601 1288 614 υ
1306 589 1477 626 Exemplum
1496 589 1578 617 addit
1602 589 1637 617 de
1655 589 1794 618 edentulo

970 637 998 662 et
1014 643 1108 662 οίεοοτ
1137 642 1194 662 οοο
1210 634 1289 662 enim
1309 634 1386 670 quod
1407 634 1508 662 dentes
1524 642 1581 661 non
1597 633 1695 669 habet,
1716 644 1726 658 ι
1743 635 1792 663 sed

970 679 1048 715 quod
1067 687 1124 707 non
1145 678 1243 713 habet,
1265 679 1382 714 quando
1403 678 1511 706 habere
1534 680 1640 706 natura
1665 679 1761 713 debet,
1778 691 1790 706 ι

969 722 1142 751 edentulum
1158 722 1297 758 dicimus,
1320 725 1349 750 et
1371 731 1489 757 ciccum,
1516 723 1595 759 quod
1619 723 1720 752 oculos
1735 732 1791 752 non

970 768 1066 801 habet,
1084 768 1202 803 quando
1216 768 1320 794 natura
1335 767 1442 795 habere
1454 767 1550 794 debet.

1003 812 1076 840 Ibid.
1093 813 1113 838 Ο
1126 812 1155 845 9,
1170 811 1215 841 Ὡς
1230 810 1297 848 πρὸς
1315 811 1347 838 τὸ
1370 810 1446 839 ὅλον.
1467 811 1597 840 Obscura
1618 819 1789 848 expressum

967 859 1038 890 erat,
1056 866 1070 881 ‹‹
1086 855 1224 892 pusillam
1240 856 1276 883 ad
1292 858 1385 883 totum
1410 857 1582 892 congerunt.
1605 867 1618 881 υ
1633 856 1790 886 Cornarius

968 901 1055 935 dixit,
1073 913 1085 925 μ
1104 903 1247 937 quantum
1265 901 1300 928 ad
1317 903 1411 929 totum
1425 901 1539 928 attinet.
1556 912 1569 926 η

1002 954 1064 983 Col.
1088 954 1142 981 536
1166 956 1188 982 C
1207 955 1233 981 4.
1259 954 1422 982 Nullatenus
1446 954 1655 983 Emendandus
1679 955 1708 982 in
1731 954 1789 984 Ve-

968 1001 1036 1026 neta
1050 1001 1078 1026 et
1094 998 1246 1026 Basiliensi
1262 998 1345 1027 locus
1358 996 1449 1035 σχολή
1459 998 1485 1034 γ’
1501 997 1542 1034 ἄν,
1558 1007 1590 1026 ex
1607 999 1696 1034 Regio
1709 999 1742 1027 H.
1762 1002 1791 1029 et

967 1043 1105 1078 Stephani
1125 1043 1250 1070 editione
1273 1051 1302 1079 p.
1324 1043 1388 1078 233,
1411 1041 1502 1079 σχολῇ
1531 1042 1557 1079 γ’
1581 1041 1610 1069 ἅν
1635 1041 1715 1070 ἄλλο·
1739 1045 1789 1073 sed

968 1087 1049 1114 illius
1072 1087 1216 1122 interpres
1242 1087 1365 1115 minime
1388 1087 1568 1123 sequendus,
1593 1087 1644 1123 qui
1663 1092 1791 1117 amente

967 1131 1096 1159 auctoris
1112 1131 1268 1166 aberravit,
1284 1131 1352 1159 licet
1366 1139 1433 1159 eum
1458 1131 1626 1167 Stephanus
1649 1135 1789 1167 tanquam

967 1175 1156 1212 ἀναμαρτητον
1173 1184 1249 1212 saepe
1263 1176 1292 1203 in
1319 1176 1454 1204 Thesauro
1479 1176 1602 1206 iaudet:
1633 1188 1647 1202 ι(
1668 1178 1741 1206 Nam
1766 1178 1790 1206 si

967 1219 1096 1248 essentia
1110 1219 1186 1248 inter
1200 1229 1234 1248 ea
1248 1223 1385 1256 ponatur,
1397 1229 1460 1257 qua:
1477 1229 1535 1249 non
1549 1223 1630 1256 sunt,
1646 1222 1790 1258 quidquid

968 1267 1106 1302 praeterea
1121 1265 1262 1298 diximus,
1273 1273 1365 1292 unum
1381 1267 1410 1292 et
1424 1265 1511 1293 inane
1527 1265 1624 1293 fuerit.
1640 1277 1654 1290 η
1673 1266 1790 1295 Rectius

969 1311 1060 1340 multo
1075 1311 1234 1339 Cornarius
1248 1320 1254 1339 :
1271 1323 1285 1337 ι(
1299 1311 1329 1339 Si
1342 1311 1420 1339 enim
1434 1312 1563 1340 essentia
1573 1312 1650 1340 inter
1664 1320 1707 1348 ea,
1725 1321 1790 1348 quin

968 1364 1027 1383 non
1043 1358 1123 1389 sunt,
1149 1358 1205 1392 est,
1230 1356 1398 1384 nullatenus
1414 1364 1484 1384 sane
1495 1356 1574 1384 aliud
1590 1357 1660 1392 quid
1676 1366 1788 1388 eorum,

967 1409 1029 1436 quae
1046 1401 1080 1428 de
1096 1401 1153 1428 Deo
1169 1401 1316 1434 dicuntur,
1333 1401 1435 1429 aderit.
1454 1412 1467 1426 η
1494 1401 1581 1429 Paulo
1596 1404 1662 1438 post
1677 1402 1789 1430 immu-

967 1447 1093 1472 tavxmus
1109 1444 1271 1480 illud,quori
1283 1453 1334 1481 pro
1348 1445 1394 1472 his
1405 1445 1510 1473 Graecis
1521 1446 1712 1474 substituerat
1722 1447 1791 1474 Tra-

968 1488 1134 1524 pezuntius,
1153 1488 1197 1515 γαί
1213 1487 1296 1522 αὐτὴν
1311 1489 1360 1522 τὴν
1377 1487 1468 1515 οὐσίαν
1490 1488 1590 1516 τίθεται
1614 1490 1645 1516 τὸ
1675 1489 1789 1528 ἀγέννη-

967 1543 1024 1567 τον,
1043 1544 1056 1558 (ι
1073 1536 1100 1560 et
1117 1533 1143 1560 in
1160 1533 1224 1569 ipsa
1240 1533 1407 1560 substantia
1422 1534 1681 1563 innascibilitatem
1695 1536 1791 1573 impo-

969 1578 1037 1611 suit,
1052 1579 1080 1605 et
1095 1577 1255 1605 orationem
1274 1580 1415 1614 tanquam
1432 1579 1466 1606 ad
1481 1581 1568 1614 caput
1591 1580 1733 1616 colligens
1748 1582 1790 1610 sic

965 1621 1132 1650 conscribit.
1147 1623 1233 1650 nimo
1249 1622 1410 1658 ingenitam
1426 1630 1488 1650 esse
1504 1623 1554 1651 Dei
1569 1624 1729 1653 essentiam
1743 1625 1787 1653 di-

966 1667 1059 1702 cebat,
1076 1675 1133 1694 non
1150 1666 1179 1694 in
1196 1667 1323 1694 essentia
1348 1667 1393 1694 Dei
1409 1675 1484 1701 esse,
1501 1667 1674 1700 Eunomius.
1704 1671 1737 1697 ut
1755 1679 1790 1698 ex

965 1711 1029 1747 ipso
1041 1711 1148 1739 Basilio
1164 1713 1288 1747 constat,
1305 1713 1334 1739 et
1349 1711 1433 1748 Greg.
1449 1711 1573 1748 Nyssen,
1589 1712 1665 1741 libro
1683 1713 1788 1743 ultimo

964 1759 1061 1784 contra
1087 1757 1265 1792 Eunomium,
1291 1765 1320 1792 p.
1344 1756 1416 1784 204:
1441 1755 1512 1784 Αὐτὸ
1533 1755 1561 1784 δὶ
1575 1756 1606 1784 τὸ
1621 1755 1666 1785 διὰ
1678 1761 1729 1793 τῆς
1747 1759 1785 1796 μὴ

964 1801 1138 1839 γεγεννῆσθαι
1168 1800 1267 1836 λέξεως
1297 1799 1495 1837 σημαινόμενον
1533 1801 1628 1829 οὐσίαν
1663 1803 1787 1838 νομίζειν

967 1845 1055 1882 μόνων
1071 1848 1124 1873 τῶν
1142 1844 1170 1872 ἐκ
1187 1844 1282 1882 μανίας
1301 1845 1530 1883 παραφερομένων
1552 1845 1675 1883 οἰόμεθα·
1701 1859 1715 1872 ‹‹
1741 1849 1789 1885 1p.

966 1899 1032 1918 sum
1049 1893 1146 1918 autem
1163 1891 1238 1926 quod
1256 1890 1439 1926 signiﬁcatur
1454 1899 1503 1926 per
1522 1891 1643 1919 verbum
1665 1899 1719 1920 non
1743 1901 1789 1928 ge-

965 1936 1053 1963 nitam
1069 1943 1136 1970 esse,
1153 1934 1322 1962 existimare
1335 1935 1503 1969 essentiam,
1521 1937 1580 1962 θοι(
1588 1944 1662 1972 rum,
1676 1937 1728 1973 qui
1742 1938 1788 1965 t'u-

965 1988 1030 2007 rore
1046 1979 1239 2013 concitantur,
1257 1986 1321 2006 esse
1336 1978 1470 2006 arbitror.
1485 1990 1498 2003 ιι

1002 2033 1062 2061 Col.
1078 2033 1132 2060 5’12
1146 2035 1168 2059 A
1183 2032 1210 2059 9.
1226 2030 1379 2059 Invisibilis
1393 2035 1420 2059 et
1438 2039 1499 2059 om.
1523 2031 1582 2060 Hoc
1607 2033 1790 2068 praetulimus

967 2077 1064 2105 verbis
1089 2076 1258 2111 interpretis
1283 2084 1317 2104 ex
1339 2075 1460 2111 vulgata
1487 2075 1589 2103 Latina
1613 2085 1678 2112 quae
1700 2086 1758 2106 non
1774 2087 1790 2107 e

968 2121 1074 2149 Graecis
1090 2129 1238 2157 expressa,
1256 2120 1306 2148 sed
1323 2128 1357 2147 ex
1372 2120 1501 2155 Hebrum,
1518 2126 1578 2148 erat
1594 2121 1687 2149 inanis
1702 2125 1728 2150 et
1743 2131 1789 2151 va-

967 2174 1029 2194 cua.
1064 2165 1203 2194 Vaticana
1227 2165 1315 2192 editio
1337 2163 1452 2200 ἀόρατος
1485 2163 1529 2191 καὶ
1559 2164 1789 2198 ἀκατασκεύαστος

966 2210 1062 2245 vertit,
1078 2210 1229 2238 invisibilis
1245 2212 1270 2237 et
1287 2209 1477 2244 incomposita.
1502 2209 1529 2236 S.
1555 2210 1736 2246 Augustinus
1760 2211 1790 2240 in

967 2254 1058 2282 lib.De
1073 2255 1169 2282 Genesi
1177 2254 1214 2282 ad
1223 2253 1457 2287 iitt.,inordinata
1468 2253 1511 2282 vel
1526 2255 1792 2292 imparaia.Aquila

969 2299 1079 2335 κένωμα
1102 2298 1145 2326 καὶ
1173 2297 1260 2334 οὐδὲν,
1290 2299 1413 2327 inanitas
1440 2301 1466 2326 et
1493 2300 1575 2327 nihil.
1596 2301 1792 2336 Symmachus

969 2343 1051 2380 ἀργὸν
1081 2343 1124 2370 καὶ
1153 2342 1318 2381 ἀδιάκριτον,
1348 2344 1420 2371 iners
1447 2346 1472 2371 et
1502 2344 1682 2373 indiscretum
1710 2347 1792 2382 quid-

969 2389 1055 2416 dam:
1079 2397 1168 2424 quare
1193 2388 1333 2416 nimirum
1354 2387 1427 2416 illud
1449 2388 1538 2416 chaos
1554 2390 1631 2424 apud
1647 2390 1792 2427 Ovidium,

971 2433 1186 2468 xilletamorph.,
1209 2444 1223 2457 α
1248 2432 1330 2460 rudis
1354 2432 1524 2469 ingestaque
1549 2434 1650 2462 moles.
1672 2446 1686 2460 »
1704 2435 1794 2464 Paulo

972 2480 1036 2513 post
1052 2478 1106 2506 sub
1123 2478 1210 2505 finem
1236 2486 1302 2513 pag.
1325 2474 1482 2512 ἐμϐατεύειν
1507 2477 1597 2505 οὐσίαν
1624 2479 1737 2508 dixerat
1750 2480 1794 2508 in-

970 2525 1044 2558 tcrp.
1077 2533 1090 2549 α
1114 2522 1208 2558 ipsam
1234 2530 1264 2550 se
1287 2522 1434 2558 ingressos
1456 2522 1654 2551 substantiam
1677 2524 1725 2552 Dei
1746 2525 1793 2560 ja-

971 2570 1069 2601 ctaut;
1087 2578 1099 2592 ››
1117 2567 1166 2595 sed
1183 2567 1314 2595 Graecum
1330 2566 1385 2594 hoc
1401 2567 1520 2595 verbum
1543 2575 1598 2595 non
1619 2567 1795 2604 simpliciter

971 2611 1149 2647 iugredi,sed
1161 2611 1264 2647 pedem
1279 2611 1428 2646 inferre,et
1437 2611 1520 2646 quasi
1531 2610 1560 2638 in
1576 2611 1794 2647 possessionem

971 2656 1088 2692 ingredi
1119 2658 1213 2691 sonat,
1244 2658 1275 2684 ut
1303 2655 1414 2684 Colass.
1431 2663 1460 2690 ιι,
1479 2655 1532 2682 18:
1562 2656 1597 2682 "A
1625 2655 1662 2691 μὴ
1677 2655 1793 2693 ἑώρακεν

972 2697 1142 2736 ἐμϐατεύων·
1172 2709 1232 2737 quae
1274 2709 1329 2728 non
1366 2699 1434 2727 ridi!
1462 2699 1627 2727 ambulans.
1657 2700 1794 2738 Budaeus,

972 2746 1001 2773 in
1016 2753 1110 2773 eorum
1127 2752 1190 2780 quae
1205 2753 1257 2772 non
1273 2744 1550 2780 vidit,po.ssessioncm
1565 2744 1665 2779 pedem
1677 2753 1792 2780 ponens.

971 2790 1022 2818 Tic
1037 2789 1065 2816 in
1083 2789 1219 2817 Thesauro
1234 2789 1342 2817 citetur
1357 2796 1390 2815 ex
1406 2787 1574 2816 Aicumenio
1587 2788 1630 2816 vel
1647 2789 1745 2824 potius
1760 2799 1794 2820 ex

972 2833 1083 2862 Arctha
1111 2835 1140 2862 in
1171 2834 1236 2862 .icta
1264 2834 1351 2869 «post.
1370 2840 1375 2859 :
1406 2831 1435 2858 '0
1455 2830 1552 2867 Κύριος
1569 2832 1583 2859 ὁ
1597 2834 1657 2864 ταῖς
1672 2832 1795 2870 καρδίαις

1613 2901 1652 2931 33
