2029 3143
104 150 114 178 i
119 148 178 178 03⁸1

639 144 678 173 ΙΝ
702 142 839 173 LIBROS
861 143 1016 173 CONTRA
1043 143 1269 175 EUNOMIUM.

1727 147 1806 178 1038

99 215 174 252 quod
191 215 270 243 idem
280 214 320 242 sit
333 213 467 242 essentia;
482 212 531 240 Dei
547 213 576 239 et
589 210 786 239 voluntatis.»
810 210 924 238 Clarius
938 212 965 245 Α
981 212 1022 238 ter
1035 219 1110 238 meus
1123 212 1213 247 major
1226 220 1269 240 me
1290 214 1332 240 est
1345 222 1356 240 :
1372 213 1445 241 illud
1470 216 1577 249 autem,
1594 213 1608 241 ὁ
1632 213 1742 251 πέμψας
1774 225 1808 251 με

100 261 235 294 dixisset,
248 271 262 285 «
280 259 400 288 tolletur
414 256 578 285 necessario
594 255 732 283 identitas
748 255 882 282 essentia
899 257 926 283 et

101 305 265 334 voluntatis
284 304 364 332 Dei.»
380 303 425 331 Sic
440 303 470 330 in
483 302 657 338 Expositione
673 301 747 336 ﬁdei,
763 309 791 336 p.
804 300 856 327 296
871 308 876 327 :
891 299 930 327 Τὸ

103 349 200 377 ταύτὸν
215 350 266 381 τῆς
282 347 375 378 οὐσίας
390 345 618 384 ἐπαγγειλάμενοι
640 344 745 380 δείξειν
763 358 772 369 ει
789 345 860 372 Cum
877 353 931 372 nos

105 395 361 422 demonstraturos
369 391 566 428 receperimus
575 390 718 418 unitatem
728 389 788 417 sive
797 389 932 416 identita-

105 442 165 467 tem
181 438 316 466 essentite
332 437 493 465 Trinitatis.
512 447 526 461 »
542 435 694 471 Reperitur
710 436 739 462 et
749 434 826 470 apud
844 433 931 461 Isido-

107 493 185 518 rum,
202 483 254 511 lib.
271 491 309 517 ιν,
325 482 410 518 epist.
425 481 490 514 228,
506 489 560 508 vox
584 477 728 513 ταυτότης.
741 479 798 504 Ἵνα
811 477 830 514 ᾖ
850 486 933 514 παρα-

107 527 249 566 δείγματα,
265 526 309 554 καὶ
336 526 374 562 μή
398 525 531 560 ταυτότης
560 522 613 558 εἷἠπ
631 536 644 549 α
662 524 700 552 Ut
715 523 772 550 sint
788 522 932 558 exempla,

106 577 133 602 et
149 581 207 601 non
224 572 267 600 rei
282 572 422 600 identitas
436 571 546 598 evadal.
565 582 575 596 1
598 568 730 597 Bessario
746 568 866 596 demum
883 567 932 595 Ni-

107 627 207 646 czcnus
223 617 301 653 apud
319 615 519 650 Aristotelem,
535 615 587 642 lib.
604 623 642 648 ιν,
659 622 684 641 c.
700 614 717 640 9
733 613 933 649 Memphi/sico-

107 672 170 691 rum
181 662 218 690 ab
237 663 290 690 hac
306 669 372 689 voce
388 669 444 688 non
461 659 619 688 abstinuit:
633 659 713 685 ’Ὠστε
728 657 902 696 φανερὸνιδτι
914 658 931 692 ἡ

106 707 242 741 ταυτότης
265 705 360 740 ἑνότης
382 704 422 735 τίς
447 704 526 738 ἐστιν,
543 703 560 737 ἢ
584 701 720 730 πλειόνων
745 704 793 729 τοῦ
819 702 896 736 εἶναι,
913 703 931 737 ’ἣ

107 752 169 779 ὅταν
185 752 288 788 χρῆται
302 750 338 780 ὡς
351 749 483 777 πλείυσιψ
499 760 513 774 ‹‹
531 750 625 782 Quare
640 741 825 784 patet,.quod
849 747 933 774 iden-

108 798 177 825 titas
194 797 293 824 unitas
309 795 442 831 quaedam
458 793 591 822 essentize
603 795 656 827 est,
667 794 716 821 aut
733 791 934 828 plurium,aut

109 850 176 870 cum
193 844 227 869 ut
243 840 378 877 pluribus
403 842 511 867 utatur.
528 850 543 864 ››
560 837 723 866 Plerionius
741 836 823 870 dixit,
840 848 854 862 ((
870 837 934 872 ejus

110 887 189 923 quod
205 886 284 913 idem
299 887 343 913 est
356 884 511 916 rationem,
526 882 712 910 identitatem
726 887 840 909 vocant.
858 891 872 905 »ι

145 930 207 958 Col.
223 931 277 958 553
305 930 326 956 B
357 929 398 956 12.
415 927 601 963 Ἐκτεῖνωμεν.
617 927 650 954 Η,
669 935 723 954 ms.
742 923 931 961 ἐκϐάλλωμεν.

111 976 145 1003 Et
158 984 228 1003 mox
243 976 352 1011 πρῶτος
362 974 376 1000 ὁ
388 971 416 1000 δὲ
431 972 587 1009 ὕστερος,οι
596 972 826 1007 itaTrapezunt.,
837 982 849 995 α
860 972 934 1006 prio-

110 1029 171 1049 rem
189 1022 218 1048 et
233 1019 436 1055 posteriorem.
448 1029 462 1043 ιι
479 1018 514 1045 Et
530 1025 632 1045 rursus
648 1017 767 1053 πρῶτος,
784 1015 798 1042 ὁ
814 1013 842 1042 δὲ
858 1015 934 1042 ὕστε-

110 1075 166 1102 ρος.
197 1067 271 1092 Item
301 1063 388 1099 paulo
418 1065 484 1099 post
512 1062 653 1099 ἀναγκαῖον
684 1059 801 1091 ἐντεῦθεν
838 1059 933 1094 οἶέται,

110 1108 345 1142 emendavimus,
362 1117 396 1135 ex
411 1107 513 1135 eodem
529 1106 635 1142 Regio;
653 1114 719 1133 cum
741 1107 769 1133 et
782 1105 893 1132 Veneta
906 1106 935 1132 et

110 1155 174 1182 Bas.
185 1156 215 1182 et
226 1152 478 1189 Stephﬁvayxaiov
495 1159 647 1187 perperam
659 1150 769 1178 editum
784 1149 933 1183 baberent,

110 1202 138 1227 et
148 1200 294 1235 interpres
303 1197 393 1225 nimis
403 1196 529 1230 concise,
543 1207 556 1221 ι(
568 1196 699 1231 seipsum
711 1195 935 1228 extrudens,nc-

109 1243 270 1272 cessariam
283 1251 314 1270 se
323 1244 406 1278 putat
417 1249 537 1269 suorum
546 1240 716 1275 dogmatum
724 1238 935 1266 tradidissedo-

110 1289 248 1317 otrinam.
260 1298 275 1312 »
286 1287 360 1316 Male
371 1286 458 1314 etiam
469 1285 638 1319 Cornariue,
651 1285 736 1320 quasi
753 1283 870 1320 legisset
882 1281 936 1309 8i:-

111 1332 211 1370 δοχήν,
220 1341 278 1360 non
287 1329 458 1369 παραδοχήν,
472 1329 701 1357 «Necessarium
713 1328 781 1356 hinc
794 1328 936 1356 arbitran-

111 1382 159 1406 tur
175 1377 361 1413 propriorum
375 1376 545 1411 dogmatum
562 1374 779 1402 successionem
797 1373 934 1401 ostende-

110 1432 151 1452 re.
161 1435 176 1448 υ
188 1423 244 1450 Sed
260 1422 337 1457 quod
354 1418 606 1457 praecessit,x1‘i-c&
620 1417 757 1446 ἀκόλουθα
773 1415 863 1445 λαϐὼν
877 1419 936 1447 ταῖς

112 1467 266 1501 ὑποθέσεσι,
283 1468 359 1494 recte
376 1466 584 1500 interpretatus
603 1467 679 1499 est,»
693 1472 759 1491 cum
771 1471 805 1491 ea
818 1471 881 1499 quia
898 1463 934 1490 ad

109 1512 270 1541 constituta
281 1512 457 1546 argumenta
469 1511 691 1545 consequuntur
701 1507 906 1543 assumpserit.
920 1518 934 1531 η

110 1557 312 1585 ΙῐιΗ.θῐ’θ.1τῶν
326 1552 741 1590 τοιούτωνδογμάτωνῳνοτῶν
759 1550 834 1578 ῗδίων
852 1549 933 1589 δογμ.

143 1609 204 1638 Col.
220 1610 274 1636 556
289 1609 310 1636 C
325 1610 352 1636 2.
368 1608 435 1638 Τοῖς
451 1606 480 1634 ἐκ
494 1607 607 1645 χρόνου.
626 1607 798 1635 Addidimus
817 1614 851 1633 ex
875 1613 930 1633 ms.
947 1593 970 1626 θ

109 1663 210 1684 vocem
226 1650 488 1690 πρεσϐείοις,ᾳυαω
498 1655 525 1681 et
537 1652 732 1688 praecedentia
745 1651 934 1688 repetendam

108 1701 200 1729 fuisse
210 1700 362 1734 docent,et
372 1699 516 1734 interpres
526 1698 597 1726 sein
609 1697 777 1734 apographo
790 1705 843 1725 suo
853 1705 934 1733 repe-

111 1746 185 1774 risse
202 1744 324 1779 indicat,
335 1751 402 1771 cum
413 1743 464 1776 ait,
477 1754 491 1768 «
504 1745 533 1770 et
543 1742 683 1779 temporis
702 1742 904 1770 eminentiam.
920 1752 935 1767 ››

111 1791 192 1820 ldem
201 1798 256 1817 ms.
265 1797 316 1825 pro
322 1789 455 1825 ταχθεῖσα
461 1788 603 1823 scriptum
611 1785 935 1823 οκὴίὺυὶιδιαταχοεῖσα,

116 1847 126 1860 ι
144 1833 310 1870 dispositus
317 1853 323 1861 .
344 1843 358 1857 »

150 1879 212 1907 Col.
223 1878 276 1906 557
292 1877 350 1905 (19.
366 1877 472 1907 ”Οσοις.
503 1879 573 1910 Quae
594 1881 759 1912 sequuntur
786 1877 885 1911 verba,
910 1875 935 1903 ἐν

116 1922 215 1954 ἄλλοις
230 1921 298 1950 κατὰ
321 1921 439 1957 τούτων,
455 1930 490 1950 ex
503 1922 591 1950 variis
607 1921 783 1950 lectionibus
806 1922 886 1958 Regii
905 1922 937 1949 tl.

116 1969 181 1996 sine
195 1976 285 1996 causa
299 1970 369 1996 sunt
385 1967 476 1995 textui
505 1967 625 2000 inserta,
642 1975 694 1994 nec
720 1967 756 1994 ab
781 1967 939 2002 interprete

116 2015 321 2049 agnoscuntur
337 2012 407 2040 :ssd
424 2012 510 2048 paulo
527 2014 593 2047 post
608 2011 706 2047 aptius
730 2011 882 2048 legebatur
911 2012 940 2039 in

119 2058 222 2085 eodem
240 2057 274 2084 H.
291 2055 317 2083 τί
332 2055 377 2083 οὖν
395 2056 480 2083 ἑκεῖνο
496 2056 526 2082 τὸ
543 2053 689 2091 διάστημα.
708 2056 780 2083 Ibid.
799 2056 942 2089 infra,Sed

120 2102 239 2130 videtur.
255 2103 321 2129 Hinc
336 2101 492 2128 immutata
507 2102 586 2134 sunt,
603 2100 662 2128 illis
677 2100 788 2136 ejectis,
805 2112 819 2126 (ι
837 2100 942 2128 Verum

124 2150 156 2175 ut
169 2147 320 2174 videturot
335 2154 442 2182 magna
452 2145 563 2181 ingenii
572 2145 683 2172 vidiem
694 2153 726 2173 ac
734 2148 848 2173 noctem
859 2146 945 2181 quasi

122 2190 276 2219 stellarum
293 2192 375 2218 motu
391 2192 475 2226 putat
490 2189 564 2225 ﬁeri,
580 2192 609 2217 et
624 2190 678 2218 has
693 2197 757 2218 esse
773 2193 880 2226 partes.
895 2201 909 2215 ››

158 2243 220 2272 Col.
236 2243 290 2270 559
304 2245 323 2271 C
336 2244 363 2270 6.
380 2244 412 2271 Et
427 2243 560 2271 scarabei.
577 2243 639 2271 Non
657 2255 669 2268 ‹‹
693 2243 867 2279 papiliones,
884 2256 897 2268 n
915 2246 946 2271 ut

985 255 1090 292 Πατήρ,
1105 255 1232 284 ascitum
1248 259 1291 284 est
1307 266 1341 285 ex
1355 258 1412 286 alio
1433 258 1557 287 Joannis
1577 259 1652 294 loco,
1668 260 1809 288 nimirum

984 300 1028 328 vel
1058 309 1093 328 ex
1120 301 1205 329 Joan.
1221 310 1283 334 vm,
1299 303 1333 329 16
1350 311 1356 330 :
1373 303 1435 331 "Ott
1465 302 1549 339 μόνος
1578 303 1627 330 οὐκ
1652 303 1721 340 εἰμὶ,
1745 303 1808 332 ἀλλ’

986 343 1048 382 ἐγὼ,
1062 345 1106 371 καὶ
1123 345 1137 372 ὁ
1153 345 1261 382 πέμψας
1288 357 1321 383 με
1346 348 1449 385 Πατήρ·
1467 349 1537 382 Quia
1562 349 1634 376 solus
1658 357 1712 378 non
1735 358 1808 385 sum,

985 390 1031 416 sed
1045 398 1104 424 ego,
1119 392 1144 418 et
1159 392 1208 426 qui
1231 393 1308 419 misit
1331 401 1374 420 me
1396 396 1497 424 Pater;
1514 393 1557 421 vel
1572 402 1606 422 ex
1620 402 1672 428 x11,
1689 394 1724 421 49
1740 403 1747 422 :
1763 393 1807 430 Ἐξ

986 433 1105 470 ἐμαυτοῦ
1134 434 1184 462 οὐκ
1209 435 1343 470 ὶλαλησα,
1366 435 1430 463 ἀλλ’
1458 437 1472 463 ὁ
1500 436 1609 474 πέμψας
1640 447 1674 474 μι
1702 438 1808 476 Πατήρ.

986 480 1027 506 Ea;
1043 480 1144 515 mez'pso
1158 488 1213 508 non
1230 489 1290 508 sum
1306 482 1423 514 loculus,
1438 482 1484 510 sed
1497 483 1545 519 qui
1558 484 1633 511 misit
1647 491 1690 511 me
1713 485 1807 512 Pater.

987 524 1059 551 Cum
1074 525 1163 560 igitur
1178 525 1238 553 hinc
1258 526 1298 554 ita
1310 527 1440 562 junxerit
1456 527 1591 562 Basilius,
1609 527 1702 556 ﬁdelis
1717 528 1808 557 inter-

987 570 1078 605 pretis
1093 569 1147 597 fuit
1158 570 1228 605 hinc,
1241 571 1283 598 uti
1298 574 1382 599 erant
1396 571 1426 600 in
1441 572 1558 607 Graecis,
1571 573 1671 601 Latine
1686 581 1809 602 conver-

987 616 1058 647 tere,
1071 623 1127 642 non
1139 615 1333 650 supprimere,
1347 618 1379 644 ut
1393 617 1559 652 suppressit
1568 617 1638 645 The.
1649 618 1723 646 Beza
1737 619 1812 646 duo-

987 659 1043 686 bus
1058 658 1140 692 Iocis,
1157 668 1183 694 p.
1201 661 1253 687 260
1266 662 1295 688 et
1311 669 1339 696 p.
1361 661 1426 695 263,
1445 662 1577 690 scribens
1591 664 1718 698 tantum,
1730 663 1812 692 Pater

987 703 1076 738 major
1089 711 1133 731 me
1147 708 1196 732 est.
1214 704 1354 732 Eumdem
1373 705 1471 734 locum
1496 707 1636 734 adversus
1650 708 1811 735 Eunomia-

988 756 1041 776 nos
1056 750 1084 776 et
1099 748 1223 776 Arianos
1238 751 1393 778 tractatum
1409 750 1538 779 otl'endes
1553 751 1604 779 lib.
1621 760 1660 784 Iv,
1676 754 1705 780 et
1719 753 1808 788 epist.

989 793 1038 820 141
1056 793 1090 820 ad
1112 793 1316 828 Caesarienses,
1330 797 1359 823 et
1383 796 1460 831 apud
1484 795 1691 830 Athanasium,
1707 799 1780 825 orat.
1795 799 1814 824 2

989 837 1120 865 adversus
1144 839 1272 873 Arianos,
1297 848 1325 875 p.
1354 840 1401 867 181
1420 838 1527 867 εἈλλὰ
1557 839 1657 876 μείζων
1679 841 1751 868 εἶπεν
1781 841 1812 868 οὖ

992 883 1095 919 μεγέθει
1111 880 1174 910 οὐδὲ
1189 883 1294 920 χρόνῳ,
1311 882 1384 911 ἀλλὰ
1398 883 1442 911 διὰ
1456 885 1506 918 τήν
1529 884 1554 921 ἐξ
1577 885 1659 912 αὐτοῦ
1683 887 1731 912 τοῦ
1756 889 1810 914 Πι-

987 927 1052 964 τρὸς
1067 926 1202 964 γέννησινα
1219 939 1232 953 ‹‹
1246 928 1339 963 Major
1354 937 1400 957 me
1415 932 1460 957 est
1475 938 1532 958 non
1553 930 1673 966 quidem
1695 931 1809 967 magni-

988 973 1090 1000 tudine
1106 975 1156 1000 aut
1171 975 1263 1008 astute,
1280 974 1330 1001 sed
1347 974 1418 1010 quia
1433 983 1467 1003 ex
1485 975 1534 1002 illo
1554 977 1651 1003 ortum
1679 975 1776 1010 habet,
1794 987 1807 1001 η

988 1020 1018 1045 et
1034 1017 1062 1045 in
1078 1017 1152 1045 libro
1166 1019 1202 1046 De
1216 1019 1338 1046 humana
1350 1023 1453 1047 natura
1466 1022 1600 1056 suscepta,
1616 1023 1644 1048 et
1667 1021 1743 1056 apud
1760 1020 1810 1048 Hi-

989 1062 1095 1090 larium
1112 1062 1162 1090 lib.
1180 1071 1207 1090 1X
1223 1064 1261 1090 De
1277 1064 1419 1098 Trinitate,
1435 1067 1464 1091 et
1478 1064 1507 1091 in
1523 1064 1599 1092 libro
1623 1065 1661 1092 De
1683 1066 1810 1101 synodis,

990 1110 1018 1135 et
1033 1109 1117 1143 Greg.
1134 1107 1200 1135 Naz.
1218 1110 1290 1135 orat.
1307 1109 1322 1135 4
1338 1109 1373 1136 de
1388 1108 1626 1145 theologia.Vide
1642 1109 1730 1138 etiam
1746 1110 1812 1138 Bel-

989 1152 1149 1180 larminum
1161 1153 1240 1181 card.
1253 1152 1416 1188 illustriss.,
1432 1153 1484 1182 lib.
1496 1162 1505 1181 1
1516 1155 1553 1182 De
1568 1153 1686 1188 Christo,
1695 1162 1759 1191 cap.
1770 1155 1813 1182 16.

1025 1205 1085 1234 Col.
1113 1207 1166 1233 570
1193 1209 1224 1234 Β.
1241 1206 1442 1242 ϐοηιρανατίυθ.
1458 1207 1535 1241 Non,
1565 1208 1813 1244 comparationem

990 1250 1122 1286 majoris,
1134 1253 1167 1279 ut
1177 1251 1307 1280 ediderat
1318 1252 1472 1288 interpres,
1484 1252 1546 1287 sed,
1558 1253 1667 1288 majus,
1680 1253 1758 1288 quod
1781 1261 1816 1281 ex

990 1295 1208 1331 comparatione
1223 1295 1342 1331 dicitur,
1358 1299 1386 1324 et
1401 1297 1494 1324 solam
1511 1297 1708 1325 diversitatem
1736 1297 1814 1333 prin-

990 1340 1058 1376 cipii
1073 1340 1116 1368 vel
1133 1340 1254 1376 originis
1268 1341 1388 1374 indicat,
1402 1341 1479 1378 quod
1497 1341 1636 1369 nimirum
1653 1342 1812 1370 essentiam

990 1394 1006 1412 a
1021 1386 1102 1413 Putre
1118 1385 1224 1413 habeat
1238 1385 1337 1421 Filius,
1347 1395 1403 1414 non
1416 1387 1499 1414 Pater
1514 1386 1672 1414 essentiam
1689 1386 1754 1414 Filii
1766 1395 1814 1415 es-

990 1430 1085 1458 sentia
1101 1430 1253 1465 majorem.

1026 1475 1098 1502 lbid.
1110 1477 1141 1502 D.
1151 1475 1211 1503 Tale
1220 1483 1349 1511 namque.
1358 1473 1597 1512 Ἀπροσπὲλαστον
1613 1484 1671 1504 non
1683 1476 1755 1504 satis
1763 1483 1813 1504 ex-

989 1527 1124 1554 pressum
1135 1521 1197 1547 erat
1206 1519 1260 1547 hoc
1269 1520 1356 1548 modo
1369 1529 1375 1547 :
1390 1531 1403 1546 ιι
1413 1519 1482 1548 Tale
1489 1521 1814 1557 namqueincompara-

990 1563 1047 1591 bile
1057 1566 1111 1599 est,
1121 1566 1154 1591 ut
1165 1564 1199 1591 ab
1211 1564 1348 1592 omnibus
1360 1565 1469 1600 pariter
1479 1565 1619 1601 distet,|et
1634 1565 1709 1594 nulli
1720 1566 1759 1594 sit
1768 1574 1815 1594 ae-

989 1608 1233 1640 cessibile.Quare
1240 1609 1264 1637 si
1271 1609 1422 1645 equaliter
1430 1609 1496 1637 aliis
1503 1619 1520 1638 a
1528 1612 1614 1638 Patre
1624 1610 1713 1639 Filius
1722 1611 1816 1647 deest,

989 1653 1173 1690 aequalisillis
1180 1655 1234 1687 est,
1242 1653 1419 1689 quibuscum
1427 1654 1539 1682 deest.»
1545 1654 1755 1682 Ἀπολεὶπεσθαι
1769 1655 1815 1683 hic

989 1700 1075 1726 sonat
1082 1698 1184 1726 abesse
1194 1699 1230 1726 ab
1240 1699 1338 1735 aliquo
1351 1699 1395 1727 vel
1405 1699 1441 1728 ab
1453 1699 1502 1728 illo
1516 1699 1635 1728 distare.
1644 1700 1685 1728 Ib.
1695 1709 1746 1736 pro
1757 1710 1817 1738 συγ-

989 1742 1109 1780 χρίνοιτο
1139 1751 1192 1771 ms.
1210 1743 1243 1771 H.
1260 1743 1375 1780 legebat
1404 1743 1582 1782 συγκρίνεται,
1607 1749 1634 1773 et
1660 1743 1816 1782 μνημονεύ-

991 1797 1092 1824 σωμεν,
1110 1797 1161 1824 pro
1174 1787 1410 1824 μνημονεύσομεν.
1425 1789 1556 1818 Subinde
1574 1789 1653 1820 οὗτος
1670 1787 1709 1818 δέ.
1726 1790 1815 1818 Recta.

990 1833 1088 1866 lectio,
1100 1834 1128 1860 et
1139 1832 1376 1868 legitima,quam
1392 1835 1428 1861 Η,
1445 1833 1554 1870 Regius
1569 1835 1659 1862 codex
1673 1835 1815 1870 suppedi-

991 1880 1046 1914 tat,
1060 1880 1110 1911 τῆς
1125 1876 1154 1903 ἐκ
1169 1876 1274 1913 φύσεως
1289 1876 1362 1912 αὐτῷ
1388 1877 1576 1915 ὑπαρχούσης,
1591 1886 1650 1906 non
1673 1881 1705 1906 ut
1728 1878 1813 1915 Ven.,

992 1922 1081 1950 Basil.
1105 1926 1131 1949 et
1154 1922 1294 1958 Stephani
1315 1922 1468 1957 editiones,
1484 1923 1532 1957 τήν
1555 1922 1584 1950 ἐκ
1608 1922 1711 1960 φύσεως
1736 1923 1811 1959 αὖτῷ

995 1966 1170 2004 ὑπάρχουσαν
1188 1965 1439 2001 οἰκειότητα.εοιθῐ
1450 1968 1529 1995 enim
1545 1976 1579 1996 ex
1592 1967 1702 2003 regulis
1717 1976 1816 2004 gram-

996 2012 1118 2040 matices
1134 2011 1233 2049 στερὲω
1250 2012 1376 2048 genitivo
1389 2013 1535 2048 reijungi,
1548 2022 1605 2049 qua
1621 2013 1754 2049 privatur
1763 2012 1817 2041 ali-

996 2057 1072 2093 quis,
1091 2059 1122 2084 ut
1137 2056 1287 2093 στερεῖσθαι
1304 2059 1434 2093 κεφαλῆς,
1451 2059 1601 2094 στερεῖσθαι
1622 2060 1674 2091 τῆς
1696 2055 1817 2091 πόλεως,

997 2103 1085 2138 capite
1100 2102 1141 2130 vel
1157 2102 1224 2129 urbe
1237 2102 1355 2137 privari.
1375 2102 1448 2130 Beza
1463 2111 1520 2130 non
1541 2102 1612 2130 satis
1628 2102 1771 2138 expressit
1785 2101 1820 2129 il-

998 2147 1060 2180 lud,
1078 2145 1108 2173 ὲκ
1120 2146 1225 2184 φύσεως
1244 2145 1431 2183 ὑπαρχούσης
1449 2158 1463 2171 ‹‹
1484 2146 1580 2174 Privat
1594 2155 1628 2175 ea
1651 2147 1714 2182 ipsa
1735 2146 1824 2175 insita

1001 2190 1227 2226 necessitudine,
1245 2199 1309 2226 quae
1325 2190 1381 2226 ipsi
1401 2199 1469 2218 cum
1493 2193 1613 2226 parente
1628 2190 1791 2219 intercedit.
1809 2201 1823 2215 »

1001 2236 1041 2263 Ex
1052 2236 1154 2263 eodem
1170 2235 1258 2271 Regio
1269 2235 1368 2263 codice
1379 2235 1547 2263 addendum
1558 2235 1624 2270 fuit,
1635 2236 1713 2271 quod
1723 2235 1758 2264 ab
1774 2243 1825 2264 ex-

125 2288 284 2324 scripserat
299 2290 415 2324 Trapez.
433 2288 507 2316 Nam
522 2287 594 2325 παρὰ
616 2287 662 2315 τὸν
683 2288 806 2315 κάνθωνα
827 2288 938 2316 ἁράυοὶη

1002 2281 1081 2308 cusis
1096 2280 1348 2313 aberat,clausula
1360 2280 1500 2308 nimirum
1512 2280 1571 2311 illa.
1581 2288 1668 2316 quam
1681 2281 1825 2316 interpres

126 2336 176 2361 tur
191 2341 299 2361 nomen
314 2332 457 2369 κάνθαρος,
473 2333 550 2369 quod
562 2334 720 2361 scarabeus
737 2341 771 2361 ex
787 2333 862 2361 asini
874 2336 949 2361 ster-

127 2386 193 2405 core
206 2379 356 2412 nascatur,
373 2379 406 2404 ut
417 2377 725 2414 mvtlapdcﬁcarabeus
737 2377 787 2413 qui
803 2378 952 2405 frumenta

128 2421 231 2450 erodit.
244 2422 312 2450 Post
323 2430 415 2457 pauca
429 2421 458 2449 in
472 2422 709 2458 interpretatione
724 2423 879 2450 verborum
897 2424 951 2449 Eu-

129 2467 220 2494 nomii
237 2466 297 2494 haec
312 2466 522 2502 sustulimus,«
530 2467 618 2503 Atqui
630 2467 701 2494 dicit
716 2475 767 2495 nec
785 2469 817 2495 ut
827 2467 954 2504 qualitas

129 2515 180 2540 aut
195 2511 299 2546 moles,
315 2514 366 2539 aut
382 2512 530 2548 quantitas
546 2512 575 2539 in
593 2512 759 2540 substantia
774 2512 824 2540 Dei
849 2511 956 2548 poterit

130 2557 284 2585 inhaerere.
302 2556 439 2584 Liberum
465 2556 543 2585 enim
572 2557 607 2584 ab
636 2556 717 2584 omni
745 2557 956 2592 compositione

134 2604 226 2630 Deum
239 2609 304 2629 esse
321 2609 439 2630 necesse
453 2604 508 2629 est.
525 2613 538 2627 υ
555 2601 610 2629 Sed
634 2601 666 2629 in
685 2601 781 2629 verbis
808 2601 957 2638 Evangelii

134 2647 288 2683 legebatur
316 2654 350 2674 ex
379 2655 434 2674 ms.
455 2647 489 2679 H,
506 2646 519 2672 ὁ
535 2645 644 2682 πέμψας
672 2655 705 2682 με
729 2645 821 2681 Hemi;
847 2646 957 2681 μείζων,

135 2700 193 2719 non
211 2690 285 2719 utin
301 2699 407 2719 excuso
423 2691 437 2717 ὁ
453 2691 545 2727 Πατὴρ
557 2691 570 2717 ὁ
586 2690 706 2727 πέμψας,
722 2693 751 2718 et
765 2691 805 2718 ita
820 2690 960 2718 collocan-

134 2738 183 2764 tur
198 2736 260 2763 hznc
274 2736 448 2770 verba,cum
465 2735 553 2763 simul
567 2736 735 2771 junguntur
750 2735 778 2762 in
788 2735 958 2771 Evangelio:

137 2789 203 2809 nam
220 2780 345 2808 Joannis
360 2780 479 2816 quidem
495 2789 552 2813 xxv,
568 2782 614 2814 28,
635 2783 750 2808 tantum
766 2780 826 2808 haec
850 2780 960 2808 haben-

138 2829 198 2861 tur,
216 2826 278 2854 ’Ὁτι
295 2825 309 2852 ὁ
325 2825 417 2862 Πατήρ
446 2833 499 2862 μου
530 2826 629 2862 μείζων
657 2836 709 2862 μου
737 2825 801 2860 icti,
821 2826 892 2860 Quia.
906 2827 962 2854 Ρα-

1006 2325 1111 2360 adjecit
1120 2324 1280 2352 Latinitate
1294 2326 1441 2358 donatam,
1458 2323 1531 2351 ἀλλὰ
1553 2323 1598 2351 καὶ
1614 2324 1679 2351 αὐτὸ
1694 2324 1780 2359 ἑαυτῷ
1795 2323 1826 2351 οὗ

1005 2370 1110 2407 γὲνοιτο
1139 2367 1311 2405 λυτρωθῆναι
1336 2371 1410 2405 ἡμᾶς
1440 2369 1534 2406 χάριτι
1562 2370 1610 2396 τοῦ
1635 2369 1830 2406 Κυρίου-ἡμῶν

1007 2415 1098 2448 Ἰησοῦ
1113 2415 1241 2450 Χριστοῦ,
1259 2414 1318 2450 μεθ’
1334 2414 1365 2441 οὗ
1388 2416 1428 2450 τῷ
1453 2413 1564 2452 ἆνάρχῳ
1588 2414 1672 2451 Ila-cpi
1700 2412 1762 2448 δόξα
1783 2411 1830 2440 σὺν

1009 2458 1080 2495 ἁγίῳ
1097 2457 1229 2494 Πνεύματι
1246 2460 1303 2493 νῦν,
1319 2458 1364 2486 καὶ
1380 2458 1432 2493 ἀεὶ,
1447 2459 1492 2486 καὶ
1509 2458 1547 2489 εἷς
1561 2457 1624 2488 τοὺς
1653 2457 1753 2488 αἷῶνας
1777 2458 1830 2485 τῶν

1009 2503 1128 2531 αἰώνων.
1157 2503 1257 2539 Ἀμήν.
1273 2505 1399 2531 Tantum
1423 2503 1508 2537 illud,
1528 2503 1651 2540 ἀνάρχῳ,
1670 2514 1680 2527 ι
1698 2502 1833 2538 principii

1011 2550 1137 2585 experte,
1154 2559 1168 2573 υ
1183 2547 1227 2576 vel
1243 2557 1300 2576 non
1317 2548 1396 2584 legit,
1413 2548 1457 2576 vel
1468 2547 1594 2584 neglexit
1609 2547 1762 2582 interpres.

1048 2602 1173 2630 001573
1188 2602 1217 2629 in
1242 2601 1326 2630 titulo
1343 2610 1350 2630 ζ
1367 2601 1432 2638 Περὶ
1462 2601 1536 2634 Υἱοῦ,
1565 2601 1602 2628 De
1623 2601 1703 2628 Filio.
1722 2600 1773 2628 Hic
1801 2599 1835 2628 ti-

1013 2647 1092 2674 tulus
1107 2648 1152 2674 est
1167 2646 1233 2674 libri
1250 2647 1338 2682 hujus
1354 2646 1382 2673 in
1400 2645 1524 2680 excusis,
1536 2648 1565 2673 at
1593 2645 1622 2671 in
1648 2645 1679 2672 ll.
1698 2653 1753 2672 ms.
1770 2643 1834 2680 Περὶ

1015 2691 1078 2717 Υἱοῦ
1107 2689 1189 2727 λόγος
1218 2689 1351 2727 δεύτερος,
1369 2689 1506 2727 ἀνατροπή
1531 2691 1579 2716 τοῦ
1605 2687 1684 2715 ἀθέου
1699 2687 1837 2725 δόγματος

1015 2738 1062 2763 τοῦ
1078 2735 1224 2772 Εὖνομέου.
1243 2746 1257 2760 ι(
1274 2735 1359 2763 Liber
1373 2744 1392 2763 ιι
1406 2735 1441 2762 de
1459 2734 1540 2767 Filio,
1558 2733 1694 2761 refutatio
1720 2733 1838 2769 dogma-

1020 2784 1080 2809 tuin
1098 2781 1180 2817 impii
1196 2780 1366 2808 Eunomii.»
1381 2779 1568 2807 Subindezln
1583 2778 1682 2806 scholis
1697 2779 1841 2807 vanitu-

1023 2824 1194 2855 δασκαλείοις
1212 2824 1402 2861 ματαιότητος,
1419 2824 1461 2852 sic
1477 2823 1686 2860 interpretatus
1707 2825 1751 2853 est
1774 2823 1842 2852 Cor-
