2029 3143
199 184 278 216 1039

200 251 397 287 narius,quod
407 253 501 288 magis
513 252 713 288 placet,quam
725 252 802 289 quod
819 252 951 287 Trapez.,
965 263 975 275 ι
990 251 1020 278 In
1037 253 1064 286 Α

199 295 282 323 vanis
296 296 450 324 auditoriis
463 297 497 325 ad
521 297 741 325 meditationem
761 297 838 332 ejus,
850 297 928 332 quod
946 296 975 324 in
992 304 1023 323 re

200 340 275 368 falsa
289 341 449 369 verisimile
459 344 522 374 est;
538 353 552 366 »
564 342 607 369 vel
625 342 702 378 quod
716 342 800 377 Beza,
818 341 1021 377 paraphastem

200 385 299 420 potius
309 393 410 420 agens,
423 397 433 410 ι
449 385 479 413 lu
499 386 588 418 ludis,
603 387 652 414 ubi
673 387 795 414 docetur
809 386 933 418 vanitas,
951 385 1023 412 ado-

199 428 378 457 lescentibus
393 433 608 466 proponuntur.
631 441 644 455 u
660 431 866 458 Conservanda
883 430 1022 458 fuitlocu-

199 474 240 501 tio
270 474 427 509 Scriptum
457 475 574 509 similis,
590 475 667 503 Psal.
692 484 757 510 xxv,
774 476 788 502 4
807 484 812 502 :
829 474 887 503 Οὐκ
915 473 1023 505 ἐκάθισα

201 518 269 553 μετά
294 517 432 555 συνεδρίου
454 517 649 554 ματαιότητος,
675 521 731 547 Non
760 520 819 547 sedi
844 528 905 548 cum
928 521 1024 546 consi-

200 562 236 589 lio
250 563 395 597 vanitatis,
411 564 460 591 ubi
477 572 530 591 vox
547 565 665 592 Hebrum
680 567 736 598 est,
753 572 841 600 quam
862 563 931 591 alibi
957 563 1023 590 LXX

198 610 315 634 vertunt
329 604 397 644 ἔργα
414 607 535 643 ἀνόμων,
551 608 606 636 Job
630 617 671 641 x1,
694 610 738 640 11,
754 617 837 644 opera
863 608 1021 643 impiorum.

199 651 250 678 llic
265 659 383 687 quoque
398 652 558 687 impiorum
575 652 618 680 vel
649 653 838 688 profanorum
868 651 1022 688 gentilium

198 695 315 722 scholas
331 696 475 731 designat,
491 697 520 724 in
541 697 651 732 quibus
678 697 876 732 sophistarum
901 695 1021 731 μελέται,

199 739 428 768 declamationes
443 741 746 775 exercebantjuvenes
762 741 870 769 studiis
883 742 1022 776 eloquen-

199 785 255 812 tia).
272 785 314 812 Ib.
330 785 447 821 γέγονεν.
465 785 518 813 Ms.
547 786 580 813 H.
606 785 754 822 ἰγγὲγονεν,
770 789 797 813 et
820 793 885 821 pag.
901 785 965 818 239,
981 783 1022 810 δι-

199 828 350 864 καιότιρος.
370 830 401 856 Η.
419 832 447 857 et
471 830 572 866 Steph.
589 828 766 866 δικαιότερον.
784 830 853 857 Pad.
880 830 943 856 238.
958 839 1021 855 κατ-

200 873 318 910 ηγόρους
337 873 375 908 μή
392 873 557 912 ὑφεστῶτας,
569 879 740 902 accusatores
753 875 802 909 qui
815 882 870 902 non
884 876 958 906 sunt,
975 876 1022 901 aut

197 919 364 952 subsistunt,
380 918 522 951 diximus,
539 927 595 946 non
623 922 655 946 ut
682 919 836 954 interpres,
851 920 1020 946 accusatores

198 971 252 990 non
267 964 428 990 constitutos
443 963 479 990 art
491 972 623 999 pugnam.

233 1007 292 1034 Col.
314 1007 377 1034 576.
405 1009 437 1035 A.
468 1006 603 1043 Γέννημα.
628 1007 689 1035 Non
719 1010 751 1035 ut
778 1007 807 1034 in
832 1007 948 1035 excusis
975 1006 1018 1042 γά-

198 1060 282 1086 νημα,
303 1052 381 1086 quod
397 1052 515 1087 vulgata
530 1052 620 1080 lexica
635 1060 692 1080 non
710 1054 884 1088 agnoscunt,
892 1052 943 1080 sed
959 1051 1021 1088 γὲν-

198 1104 283 1130 νημα,
301 1096 375 1131 quod
385 1097 510 1131 genitum
521 1101 573 1129 est,
590 1098 623 1124 ut
637 1097 740 1124 habuit
757 1105 811 1124 ms.
830 1099 863 1124 Β.

233 1139 306 1167 Ibid.
319 1140 340 1166 Β
354 1141 381 1166 6.
398 1139 657 1177 Μεταρῥυθμίζοντα
673 1141 743 1177 legit
764 1141 841 1168 idem
857 1142 891 1168 H.
909 1149 965 1168 ms.

232 1192 293 1220 Col.
305 1193 359 1220 579
368 1195 401 1220 A.
413 1194 490 1221 Iona?
507 1194 612 1228 ﬁlium.
621 1194 843 1230 Trapezuntius,
858 1204 869 1220 (ι
882 1193 1019 1230 intelligi-

198 1245 265 1264 mus
275 1237 391 1265 Jonam.
405 1247 416 1262 ν
431 1237 491 1264 Imo
512 1237 604 1265 filium
615 1238 706 1273 Jonas,
719 1239 797 1266 unde
814 1238 940 1266 Matthazi
961 1247 1018 1272 xvr,

199 1282 242 1314 t7,
262 1281 403 1318 Μακάριος
427 1281 458 1314 εἴ,
477 1281 569 1317 Σίμων
591 1282 742 1318 Βὰρ-Ὶωνᾶ,
759 1284 858 1310 Beatus
872 1291 908 1317 es,
926 1283 1019 1310 Simon

197 1326 348 1359 Itur-Iona,
365 1327 440 1362 quod
471 1329 514 1354 est
543 1327 664 1355 Joannis
690 1336 708 1361 ι,
726 1328 770 1360 42,
787 1326 824 1354 Σὺ
848 1327 873 1354 εἴ
895 1327 987 1363 Σίμων
1004 1327 1018 1354 ὁ

197 1370 254 1400 υἱὸς
270 1371 318 1396 τοῦ
334 1370 420 1404 Ἰωνᾶ,
439 1372 475 1398 Tu
489 1379 516 1399 es
532 1371 626 1399 Simon
652 1372 727 1407 ﬁlius
749 1373 828 1400 Jona.
847 1373 948 1408 Itaque
972 1372 1019 1399 hic

197 1415 278 1442 locus
294 1415 443 1451 vulgatam
456 1415 606 1443 lectionem
620 1417 783 1449 conﬁrmat,
800 1425 857 1444 non
874 1424 975 1444 eorum
988 1416 1020 1443 li-

197 1459 328 1493 brorum,
345 1460 393 1496 qui
412 1460 514 1496 legunt
537 1462 586 1487 τοῦ
601 1460 725 1488 Ἰωάννου
753 1461 796 1488 vel
824 1462 872 1487 τοῦ
897 1461 1017 1494 Ἰωαννᾶ,

196 1506 230 1530 ut
244 1505 279 1531 de
294 1505 472 1540 quibusdam
489 1507 615 1533 testatur
631 1505 824 1542 Hieronymus
838 1513 846 1533 :
864 1506 1019 1534 conﬁrmat

197 1549 329 1576 eamdem
342 1551 370 1576 et
385 1549 475 1585 Syrus
488 1550 643 1586 interpres,
656 1550 758 1578 Matth.
771 1559 828 1578 xvr.
841 1550 931 1578 Paulo
954 1552 1019 1586 post

198 1603 210 1617 ιι
227 1592 258 1620 in
273 1593 404 1628 seipsum
421 1594 529 1629 recepit
548 1606 557 1618 ι
575 1595 762 1630 scripsimus,
779 1603 836 1622 non
854 1597 886 1622 ut
912 1596 1018 1629 Trape-

196 1636 324 1670 zuntius,
334 1648 348 1661 ‹‹
360 1638 549 1665 commissam
561 1638 616 1666 sibi
626 1639 848 1666 aediﬁcationem
860 1639 1019 1674 suscepit,»

197 1689 234 1708 ne
244 1681 311 1716 quis
326 1681 543 1709 Dominicorum
555 1691 675 1718 operum
688 1683 856 1718 praefectum
868 1683 911 1711 vel
924 1683 1020 1711 archi-

197 1726 307 1752 tectum
318 1733 382 1753 esse
392 1725 577 1760 designatum
592 1727 738 1754 existimet
755 1727 881 1761 Petrum,
893 1728 935 1754 vel
951 1735 1019 1755 cum

197 1769 253 1796 hoc
267 1769 423 1797 editicium
437 1769 601 1797 faciendum
616 1770 744 1803 locasse;
760 1779 861 1798 verum
878 1771 1018 1808 superip-

196 1822 263 1848 sum
293 1814 465 1841 adiﬁcatam
496 1813 586 1842 fuisse
616 1814 793 1843 Ecclesiam:
810 1815 869 1842 Ἐπὶ
886 1814 969 1851 ταύτῃ
983 1817 1017 1852 τῇ

195 1857 280 1896 πὲτρᾳ
295 1856 472 1894 οἰκοδομήσω
494 1868 546 1893 μου
570 1858 619 1892 τήν
646 1857 820 1895 Ἐκκλησίαν,
838 1860 941 1888 Matth.
958 1869 1016 1895 XVI,

195 1903 238 1930 18.
254 1905 288 1930 Et
304 1903 429 1930 Basilius
445 1903 508 1938 ipse
523 1903 551 1930 in
577 1911 641 1939 cap.
658 1912 678 1930 ιι
695 1904 789 1936 Isaiae,
805 1906 876 1932 tom.
903 1905 924 1937 Ι,
948 1912 1014 1940 pag.

192 1948 255 1979 427,
271 1947 317 1974 Ἐκ
345 1948 398 1973 τῶν
423 1946 506 1983 ὀρέων
532 1946 564 1980 ἦν
583 1947 596 1974 ὁ
613 1946 724 1984 Πέτρος,
740 1947 779 1985 ἐφ’
794 1948 827 1981 ἦς
841 1948 885 1975 καὶ
915 1948 1015 1986 πέτρας

192 1989 372 2027 ἐπηγγείλατο
394 1989 586 2026 οἰκοδομήσειν
613 1990 697 2018 αὐτοῦ
726 1992 775 2025 τὴν
790 1991 961 2024 Ἐκκλησίαν,
980 1994 1014 2021 Et

191 2036 221 2063 in
251 2035 390 2071 prooemio
407 2038 445 2064 De
460 2036 563 2071 iudicio
579 2037 626 2064 Dei
636 2037 747 2064 caeteris
763 2037 803 2064 ait
816 2045 882 2064 eum
895 2041 1013 2073 aposto-

190 2080 227 2108 lis
243 2081 404 2108 antelatum
419 2081 521 2113 fuisse,
537 2084 565 2109 et
582 2081 705 2109 llomilia
725 2082 762 2109 De
780 2083 942 2117 paenitentia
968 2091 1014 2118 pe-

189 2127 264 2152 tram
281 2125 372 2152 fuisse
388 2125 485 2160 ipsum
501 2125 551 2159 ait,
564 2124 808 2152 licetinferiorem
825 2124 916 2153 altera
932 2129 1014 2161 petra

189 2169 314 2197 Christo.

224 2214 282 2241 Col.
295 2214 358 2248 586,
370 2214 392 2240 A
411 2214 438 2240 6.
461 2214 652 2241 Retinucrunt.
669 2212 867 2249 Μετεχόμισαν,
885 2225 898 2240 «
915 2217 1012 2242 trans-

187 2261 381 2293 posuerunt,»
391 2258 476 2285 vertit
486 2258 673 2292 Trapezunt.,
683 2261 711 2285 et
721 2259 888 2293 Cornarius,
898 2270 909 2285 α
917 2262 1012 2287 trans-

187 2302 336 2336 tulerunt;
350 2313 363 2326 »
376 2302 412 2329 ad
429 2302 562 2335 verbum,
575 2313 588 2326 ι(
602 2305 824 2330 transvexerunt
837 2312 843 2331 :
858 2314 870 2328 ν
883 2305 932 2331 sed
946 2304 1013 2339 quia
1029 2303 1051 2335 D

186 2347 339 2374 transferri
351 2346 458 2373 dicitur
468 2354 502 2373 ex
514 2354 571 2373 uno
582 2346 719 2373 idiomale
731 2347 760 2374 in
772 2347 862 2381 aliud,
873 2349 948 2383 quod
962 2356 1012 2383 per

186 2390 456 2426 interpretationem
466 2390 650 2425 exprimitur,
662 2394 689 2418 et
701 2391 747 2418 hic
758 2391 885 2419 Basilius
900 2392 963 2420 vult
978 2401 1011 2420 ea

1035 1617 1056 1651 α

187 2436 307 2463 nomina
323 2435 385 2462 sine
401 2434 652 2469 interpretatione,
671 2438 758 2470 prout
787 2437 931 2464 sonabant
954 2437 1009 2464 He-

184 2480 293 2512 braice,
309 2479 415 2507 Graecis
431 2479 652 2507 characteribus
668 2479 758 2507 tuisse
778 2489 926 2516 expressa,
944 2489 1008 2516 pro-

184 2528 285 2560 pterea
300 2524 427 2552 contenti
445 2524 555 2551 t'nimus
572 2523 625 2550 hoc
639 2525 738 2557 verbo,
755 2536 768 2549 ι(
786 2526 980 2557 retinuerunt.
994 2536 1008 2549 »

183 2572 211 2596 et
227 2569 412 2605 scripsimus,
431 2579 443 2594 «
460 2567 532 2602 Eloi,
548 2577 564 2593 »
580 2576 636 2595 non
657 2579 667 2592 α
685 2568 788 2601 Eloim,
807 2580 820 2594 υ
838 2572 869 2596 ut
884 2571 945 2596 erat
958 2577 1007 2596 an-

180 2616 237 2642 tea.
248 2614 323 2641 Licet
334 2613 411 2641 enim
425 2620 517 2640 unum
528 2620 561 2639 ex
573 2612 672 2640 decem
687 2613 858 2640 nominibus
870 2613 931 2647 Dei,
944 2622 1007 2649 quae

181 2659 289 2693 profert
301 2659 330 2686 S.
350 2659 553 2693 Hieronymus,
565 2657 652 2692 epist.
672 2657 733 2690 t36,
747 2658 785 2684 ait
799 2649 894 2687 amba
910 2669 924 2682 ‹‹
941 2657 1005 2685 Elo-

181 2702 252 2735 him,
271 2713 283 2728 ι
301 2705 399 2730 tamen
417 2703 425 2729 l
442 2701 510 2735 Reg.
531 2709 550 2734 ι,
576 2701 618 2734 it,
645 2702 787 2736 scriptum
817 2705 863 2729 est
887 2699 1005 2728 Ἀδωναὶ

181 2746 280 2782 Κύριος
298 2745 382 2774 Ἐλωὶ
398 2743 525 2779 Σαϐαὼθ,
544 2753 601 2773 non
619 2743 736 2781 Ἐλωΐμ.

215 2799 275 2826 Col.
291 2800 344 2826 592
359 2799 380 2826 B
396 2800 439 2826 14.
455 2799 508 2826 Sed
534 2800 598 2826 ante
621 2807 710 2826 suam.
727 2799 884 2828 Contentus
910 2800 1005 2828 fuerat

175 2845 325 2879 interpres
340 2843 444 2877 dicere,
465 2853 478 2869 ιι
493 2843 543 2871 sed
556 2845 713 2879 antequam
731 2844 794 2880 ipsa
809 2847 886 2873 esset
899 2853 905 2872 :
924 2855 936 2871 ι
953 2854 1004 2874 ve-

791 187 910 218 ΝΟΤΔΞ
932 186 1154 217 FRONTONIS
1178 186 1308 216 DUCIEI

1829 187 1910 217 1040

1081 259 1145 278 rum
1157 259 1224 278 cum
1236 251 1264 278 in
1276 251 1373 279 verbis
1383 251 1528 286 Eunomii,
1541 251 1592 279 οὐχ
1605 250 1685 278 οὖσαν
1699 251 1752 288 πρὸ
1766 254 1820 285 τῆς
1836 249 1908 282 ιδίας

1079 294 1242 328 συστάσεως,
1253 296 1382 329 verterit,
1395 307 1409 321 ‹‹
1419 305 1484 324 cum
1497 305 1555 324 non
1574 301 1648 325 esset
1660 299 1726 324 ante
1739 297 1907 324 subsisten-

1078 341 1149 368 tiam
1165 349 1260 375 suam,
1275 352 1288 365 »ι
1300 341 1400 368 eadem
1417 341 1503 369 etiam
1519 342 1608 369 verba
1624 341 1670 369 hic
1687 341 1808 369 fuerunt
1824 349 1906 378 repe-

1079 385 1176 412 tenda.
1194 385 1284 412 Paulo
1310 388 1376 421 post
1390 386 1615 414 immutavimus
1628 385 1701 413 illud
1719 395 1726 414 :
1742 396 1757 411 «
1773 386 1906 414 melioris

1078 430 1259 463 ignoratione
1274 433 1325 457 aut
1341 431 1519 465 impotentiae
1538 430 1618 458 hunc
1643 430 1734 458 fuisse
1757 431 1905 458 defectum

1079 473 1343 502 ratiocinabuntur.
1357 469 1371 500 ἑ)
1388 474 1440 502 Hic
1455 474 1530 503 enim
1545 473 1701 512 λογίζεσθαι
1720 483 1780 502 non
1798 478 1844 502 est
1859 483 1908 502 ra-

1078 518 1224 550 tiocinari,
1241 518 1291 545 sed
1309 518 1339 546 in
1365 518 1516 546 ratiocinio
1540 519 1583 546 vel
1609 521 1690 547 extra
1716 519 1906 547 ratiocinium

1079 562 1225 597 imputare
1240 563 1365 598 aliquid.
1380 563 1440 590 sive
1457 566 1610 598 acceptum
1628 564 1712 597 ferre,
1729 566 1763 590 ut
1782 565 1906 591 Roman.

1079 615 1116 637 tv.
1129 606 1145 633 3
1158 615 1164 633 :
1178 605 1324 643 Ἐλογίσθη
1341 606 1414 642 αὐτῷ
1429 606 1467 638 εἷς
1480 605 1665 642 δικαιοσύνην,
1682 608 1853 643 Reputatum
1867 611 1907 636 est

1077 652 1124 678 illi
1137 651 1175 679 ad
1188 652 1341 687 justitiam.

1113 695 1172 722 Col.
1188 696 1241 723 594
1258 696 1278 723 Β
1304 696 1331 723 3.
1348 695 1535 725 Adversarius.
1553 696 1625 733 Πρὸς
1646 695 1711 727 τοὺς
1737 695 1842 726 αἰτίους
1869 697 1905 724 ad

1077 740 1196 767 verbum
1210 743 1265 773 est,
1281 751 1292 766 υ(
1310 741 1345 768 ad
1362 748 1432 768 suos
1447 743 1594 774 auctores,
1611 751 1625 765 ››
1640 744 1673 768 ut
1694 741 1782 769 vertit
1796 741 1904 768 Carna-

1078 784 1150 817 rius.
1166 784 1210 811 vel
1228 788 1258 812 ut
1273 785 1355 820 Beza,
1374 796 1387 810 ιι
1410 785 1440 812 in
1460 793 1562 813 eorum
1587 788 1675 821 caput
1698 787 1839 819 vertatur,
1852 786 1902 821 qui

1077 832 1147 856 sunt
1161 829 1225 864 ejus
1236 832 1381 856 auctores.
1392 840 1401 853 ι
1411 831 1622 865 Interpretatus
1635 832 1680 857 est
1689 829 1903 865 Trapezuntius

1077 873 1162 908 quasi
1174 873 1291 908 legisset
1302 873 1370 911 πρὸς
1381 872 1446 903 τοὺς
1457 872 1604 903 ἐναντίους.
1612 873 1679 901 Tale
1689 874 1763 901 illud
1774 876 1820 902 est
1826 874 1903 901 Psal.

1076 925 1128 949 vn.
1157 918 1190 944 17
1216 927 1222 945 :
1245 918 1417 955 Ἐπιστρὲψει
1447 918 1461 944 ὁ
1489 917 1573 948 πόνος
1602 917 1684 944 αὐτοῦ
1714 917 1752 948 εἷς
1781 917 1904 955 κεφαλὴν

1076 960 1168 988 αὐτοῦ·
1185 962 1362 990 Convertetur
1376 963 1455 990 dotor
1478 963 1539 998 ejus
1559 963 1590 990 in
1612 964 1695 998 caput
1715 964 1784 998 ejus.
1801 963 1904 991 Hiero-

1076 1014 1193 1040 nymus,
1210 1007 1369 1034 Revertatur
1387 1007 1469 1034 dolor
1486 1015 1551 1034 suus
1571 1008 1601 1034 in
1625 1010 1706 1043 caput
1732 1008 1801 1041 eius,
1817 1011 1844 1035 et
1858 1015 1905 1035 su-

1072 1059 1124 1087 per
1137 1052 1264 1078 verticem
1275 1051 1333 1086 ejus
1348 1052 1483 1087 iniquitas
1497 1060 1547 1079 sua
1562 1052 1714 1080 descendet.

1110 1104 1170 1131 Col.
1186 1104 1239 1130 596
1254 1104 1274 1131 Β
1289 1105 1315 1131 3.
1332 1104 1380 1131 Ἐκ
1396 1105 1434 1140 μὴ
1451 1102 1547 1132 ὄντων.
1565 1105 1598 1132 Η.
1612 1103 1738 1135 ωε.τοὺς
1753 1103 1784 1131 ιχ
1797 1106 1846 1130 τοῦ
1864 1105 1902 1140 μὴ

1075 1145 1162 1177 ὄντος·
1179 1148 1228 1175 sed
1245 1150 1390 1183 receptam
1407 1148 1562 1176 lectionem
1593 1149 1766 1181 Stephanma
1790 1151 1902 1181 tuetur,

1075 1194 1103 1219 et
1117 1191 1274 1219 concilium
1291 1192 1439 1220 Nicaanum
1455 1192 1486 1220 in
1501 1193 1637 1229 Symbolo
1655 1201 1661 1220 :
1676 1192 1744 1223 Τοὺς
1759 1191 1790 1220 δὲ
1806 1191 1899 1230 λεγον-

1073 1245 1131 1269 τας,
1149 1235 1214 1272 Πρὶν
1231 1236 1393 1273 γεννηθῆναι
1410 1236 1461 1263 οὐκ
1488 1236 1534 1270 ἧν,
1549 1236 1595 1263 καὶ
1620 1235 1661 1264 ὅτι
1685 1235 1710 1272 ἐξ
1741 1237 1793 1264 οὐχ
1812 1235 1899 1264 ὄντων

1074 1279 1187 1316 ἐγένετο·
1208 1290 1219 1304 ε
1236 1281 1291 1308 Eos
1306 1283 1404 1308 autem
1421 1281 1471 1317 qui
1486 1281 1598 1309 dicunt.
1614 1282 1777 1318 Antequam
1796 1291 1901 1310 nasce-

1075 1327 1155 1352 retur
1169 1333 1227 1352 non
1244 1327 1315 1360 erat,
1325 1327 1353 1352 et
1369 1326 1438 1360 quia
1454 1334 1487 1353 ex
1502 1326 1538 1353 iis
1554 1335 1618 1362 quas
1634 1334 1690 1354 non
1707 1329 1789 1360 sunt,
1803 1327 1901 1354 factus

1074 1371 1127 1397 est.
1147 1380 1159 1395 »
1176 1369 1371 1406 Hieronymus
1385 1370 1515 1398 adversus
1531 1371 1736 1407 Luciferianos,
1755 1382 1767 1396 α
1785 1371 1814 1399 Si
1832 1372 1901 1407 quis

1075 1414 1178 1441 dixerit
1190 1415 1225 1441 de
1241 1414 1330 1441 nullis
1345 1415 1530 1442 exstantibus
1546 1415 1661 1451 Filium,
1675 1418 1702 1443 et
1718 1424 1776 1443 non
1791 1417 1828 1444 de
1843 1416 1902 1443 Deo

1073 1458 1168 1491 Patre,
1181 1459 1339 1486 anathema
1356 1458 1403 1486 sit.
1420 1470 1435 1484 ››
1445 1460 1602 1487 Cornarius
1613 1460 1695 1494 dixit,
1709 1471 1723 1485 ‹‹
1739 1469 1773 1488 ex
1787 1469 1847 1488 non
1857 1469 1904 1488 ex-

1073 1503 1247 1531 sistentibus
1258 1503 1406 1539 Unigeniti
1416 1504 1574 1532 essentiam
1583 1505 1758 1540 producunt.
1772 1515 1787 1529 ι)
1796 1505 1906 1540 Trape-

1073 1548 1202 1578 zuntius.
1214 1558 1226 1573 α
1238 1556 1272 1576 ex
1283 1556 1339 1575 non
1352 1556 1416 1576 esse
1428 1548 1530 1576 dicunt
1542 1548 1649 1576 Filium
1665 1557 1698 1576 τ»
1711 1551 1742 1576 at
1751 1557 1810 1576 non
1822 1550 1864 1577 ait
1875 1548 1906 1576 tu

1073 1593 1122 1618 τοῦ
1131 1592 1168 1626 μή
1177 1591 1253 1625 εἶναι,
1262 1592 1311 1619 sed
1324 1591 1410 1618 ἐκτῶν
1420 1592 1458 1627 μὴ
1466 1590 1644 1628 6vmv,quod
1652 1596 1706 1626 est,
1716 1603 1728 1619 α
1736 1601 1771 1620 ex
1779 1593 1882 1621 nihilo.
1890 1604 1901 1617 ι

1110 1645 1157 1672 Col
1186 1645 1238 1672 598
1264 1648 1285 1671 A
1301 1646 1328 1673 6.
1347 1645 1485 1673 Creaturts
1504 1647 1606 1682 ipsum.
1630 1645 1720 1674 Paulo
1743 1646 1904 1674 obscurius

1074 1691 1137 1717 erat
1151 1689 1221 1716 illud
1238 1689 1406 1725 interpretis
1422 1698 1428 1717 ι
1446 1691 1476 1717 in
1489 1691 1675 1726 praponendo
1688 1691 1826 1718 creaturis
1841 1691 1902 1727 gloc

1073 1734 1149 1762 riam
1165 1735 1192 1761 ei
1204 1736 1359 1762 attestatur.
1370 1734 1402 1761 In
1412 1735 1476 1770 ejus
1485 1734 1581 1762 locum
1591 1735 1804 1763 substituimus
1814 1735 1902 1763 verba

1073 1779 1198 1806 Gornarii
1209 1787 1215 1813 ;
1227 1778 1300 1806 Beza
1310 1787 1377 1806 vero
1391 1779 1530 1815 scripsit:
1543 1789 1555 1806 ε
1571 1779 1698 1808 Gloriam
1714 1780 1810 1815 ipsius
1824 1780 1852 1807 in
1868 1788 1902 1808 eo

1073 1823 1190 1850 demum
1202 1825 1338 1856 testatur,
1357 1824 1433 1859 quod
1450 1824 1496 1858 iis,
1509 1832 1574 1860 qua;
1590 1824 1626 1852 ab
1640 1832 1673 1852 eo
1688 1824 1807 1852 condita
1817 1828 1900 1860 sunt,

1072 1868 1169 1903 ipsum
1187 1870 1354 1903 anteponat.
1372 1879 1386 1892 ››
1401 1868 1509 1896 Verum
1536 1868 1608 1896 illud
1623 1880 1637 1893 ‹‹
1654 1869 1689 1896 ab
1709 1877 1754 1902 eo,
1771 1879 1785 1894 ι
1800 1869 1900 1898 Graeca

1071 1920 1128 1939 non
1153 1915 1326 1948 agnoscunt.
1343 1912 1538 1949 Hieronymus
1562 1913 1625 1940 loco
1647 1913 1779 1949 proxime
1809 1914 1898 1942 citato

1071 1957 1352 1984 anathematismum
1369 1957 1398 1984 in
1410 1957 1534 1985 concilio
1546 1958 1724 1986 Ariminensi
1736 1959 1897 1986 abArianis

1071 2001 1218 2037 prolatum
1235 2002 1277 2029 sic
1293 2001 1376 2029 ell'ert
1392 2010 1398 2028 :
1415 2011 1428 2027 ι
1452 2001 1481 2029 Si
1509 2004 1576 2037 quis
1601 2002 1707 2030 dixerit
1729 2005 1894 2031 creaturam

1070 2046 1176 2073 Filium
1188 2045 1289 2077 Dei.ut
1297 2050 1365 2073 sunt
1374 2048 1483 2073 caeteras
1492 2048 1639 2080 creaturae,
1648 2047 1807 2074 anathema
1819 2048 1866 2075 sit.
1881 2058 1893 2072 1

1068 2090 1174 2118 Filium
1185 2092 1348 2118 creaturam
1365 2099 1422 2118 non
1440 2091 1654 2127 negabant,sed
1669 2091 1799 2120 similem
1815 2095 1895 2120 caste-

1068 2135 1109 2162 ris
1125 2135 1276 2162 creaturis.

1103 2179 1176 2206 Ibid.
1194 2179 1214 2206 B
1230 2179 1257 2207 6.
1273 2179 1426 2213 Γεννήσιως
1443 2179 1546 2215 scripsi
1562 2188 1597 2208 ex
1618 2180 1707 2217 Regio
1723 2181 1756 2208 Η.
1774 2189 1827 2216 pro
1851 2191 1894 2218 γε-

1066 2223 1173 2253 νέσεως.
1189 2224 1434 2259 Trapezuntius,u
1451 2225 1674 2260 generationem
1691 2233 1760 2253 nam
1769 2228 1799 2253 et
1808 2226 1894 2262 paulo

1068 2270 1134 2304 post
1145 2268 1315 2296 Basiliensis
1334 2268 1448 2304 habuit,
1465 2267 1648 2304 ἐξακουόντων
1662 2273 1712 2303 τῆς
1728 2270 1891 2306 γεννήσεως.

1068 2313 1218 2341 Postremo
1231 2313 1286 2341 sub
1302 2313 1390 2340 finem
1403 2321 1468 2349 pag.
1487 2313 1692 2350 ὑπομνήσομιν,
1701 2314 1811 2348 Regius
1823 2315 1892 2342 scri-

1067 2357 1154 2385 bebat
1167 2357 1379 2393 ὑπομνήσωμεν,
1396 2358 1612 2394 Trapezuntius
1627 2359 1668 2387 ita
1683 2359 1795 2395 legerat
1810 2371 1823 2384 ‹‹
1841 2360 1889 2387 ad-

1067 2409 1248 2429 maneamus.
1264 2412 1276 2427 υ

1102 2446 1176 2473 Ibid.
1191 2446 1270 2473 013,
1288 2447 1334 2474 His
1359 2446 1473 2474 duabus.
1497 2447 1600 2474 Totam
1628 2447 1705 2475 hanc
1734 2448 1887 2484 periodum

1065 2491 1203 2518 omiserat
1217 2490 1362 2526 interpres
1374 2491 1587 2527 Trapezuntius
1602 2500 1608 2519 τ
1626 2493 1675 2520 sed
1692 2500 1727 2520 ex
1743 2492 1810 2520 aliis
1827 2501 1888 2520 eam

1065 2535 1262 2570 restituimus,
1274 2543 1363 2570 quam
1375 2538 1403 2563 et
1414 2536 1523 2572 Regius
1535 2537 1715 2572 agnoscit,ex
1731 2545 1790 2572 quo
1803 2538 1887 2565 etiam

1064 2580 1287 2607 immutavimus
1302 2580 1331 2607 in
1348 2580 1476 2608 editione
1491 2580 1646 2609 Bssiliensi
1666 2584 1693 2609 et
1717 2582 1886 2618 Stephanaaa

1063 2623 1146 2655 illud,
1164 2622 1238 2659 zi'nep
1264 2621 1326 2662 ἔχοι
1350 2634 1376 2651 τι
1402 2624 1500 2657 ἑαυτῆς
1526 2624 1658 2662 ἐξωτέρω.
1676 2626 1731 2654 Ms.
1747 2625 1886 2663 ἐξώτερον.

1063 2668 1275 2703 Trapezuntius
1291 2669 1331 2697 ita
1346 2669 1491 2704 legeratzu
1509 2670 1537 2697 Si
1555 2671 1624 2706 quid
1642 2673 1710 2698 ante
1723 2679 1754 2699 se
1770 2671 1887 2699 haberet

1061 2713 1232 2747 superius,»
1248 2713 1443 2741 Cnrnariuszu
1461 2714 1488 2741 Si
1505 2714 1575 2750 quid
1593 2714 1670 2742 ultra
1685 2723 1716 2742 se
1732 2715 1883 2749 haberet,-

1059 2756 1132 2784 Beza
1145 2758 1180 2784 ad
1197 2758 1328 2791 verbum,
1346 2759 1395 2785 sed
1413 2758 1511 2786 minus
1525 2761 1601 2787 recte
1618 2767 1624 2786 :
1645 2769 1655 2783 ε
1672 2760 1702 2788 Si
1718 2760 1789 2796 quid
1806 2763 1882 2788 extra

1059 2809 1124 2829 sese
1135 2802 1273 2835 haberet;
1287 2814 1300 2827 ν
1314 2802 1382 2830 ferri
1394 2805 1492 2830 tamen
1504 2805 1600 2840 potest
1615 2803 1736 2841 ἐξωτᾶρω
1752 2814 1758 2832 :
1776 2813 1842 2833 nam
1856 2807 1882 2832 et

1060 2846 1195 2882 sequitur
1209 2845 1500 2885 tﬁ‘éﬁwrtpwﬁaétm.
