2029 3143
124 145 200 174 1041

663 145 702 175 ΙΝ
724 145 865 176 LIBROS
888 145 1044 176 CONTRA
1067 147 1293 178 EUNOMIUM.

1758 146 1835 177 1042

158 209 221 239 Col.
238 209 291 237 600
307 210 326 237 B
341 209 388 245 Τῷ
403 206 589 246 ἀνοπερϐάτῳ,
607 210 639 238 In
655 210 810 238 Basiliensi
836 213 865 238 et
883 210 949 238 aliis

1014 210 1101 246 ideae,
1117 211 1195 249 γέρας
1220 212 1278 249 ιῖχε
1302 214 1387 248 κρεῶν
1409 221 1469 239 τινα
1488 212 1650 249 περιφορὰν,
1674 211 1688 238 ὁ
1713 210 1742 238 δὲ
1768 210 1832 238 ἁδυ-

123 257 187 282 erat
203 253 377 291 ἀνυπερθὲτῳ
391 263 398 282 :
416 254 467 282 sed
483 255 594 291 Regius
608 257 643 282 Η.
655 256 698 283 sic
711 256 824 289 habuit,
840 257 869 282 et
883 258 954 282 Tra-

124 299 364 335 pezuutius,cum
374 299 567 335 insuperabili
576 299 630 327 hoc
637 300 861 336 principio.»Sic
868 299 954 335 paulo

125 347 193 371 ante
210 344 296 376 dixit,
314 345 378 379 μιᾶς
391 340 577 381 ἀνυπερϐάτου
593 344 635 371 καὶ
652 344 743 382 ἑτέρας
759 341 917 371 ἀνεκϐάτου.

163 397 238 425 Ibid.
254 397 274 424 B
289 398 316 425 5.
329 399 363 426 In
379 399 492 432 regione
506 398 640 426 Ausitide.
662 399 819 434 Interpres,
838 409 850 423 ιι
863 398 893 426 In
910 405 953 425 re-

124 442 211 478 gione
220 442 308 475 Hus,»
317 442 452 477 atqueita
460 443 580 478 quidem
587 442 711 479 Vulgata
720 443 894 470 LatinaJob.
904 444 952 474 1,1:

126 497 138 513 ιι
156 486 210 514 Vir
225 489 287 515 erat
303 487 332 514 in
358 489 437 514 terra
460 487 522 514 Hus
546 487 666 515 nomine
689 488 764 521 Job;
779 498 793 512 »
809 488 858 515 sed
876 487 953 522 apud

124 531 243 559 Graecos
271 531 446 566 interpretes
476 531 612 567 legimus,
630 531 794 568 Ἄνθρωπός
816 541 858 563 τις
877 531 909 565 ἦν
926 530 952 558 ἐν

123 576 159 611 τῇ
176 575 258 612 χώρᾳ
271 574 405 608 Adet-nat,
422 575 445 610 ᾧ
461 573 549 611 ὄνομα
574 573 645 603 Ἰώϐ.
670 577 756 604 Homo
778 581 838 604 erat
863 577 896 604 in
910 584 953 604 re-

124 621 206 656 gione
219 620 354 655 Amittde,
365 621 412 648 cui
421 628 520 648 nomen
533 621 592 649 Job.
605 621 845 657 Chrysostomus.
860 621 890 648 in
903 622 955 649 Ca-

124 667 194 693 tena
223 665 348 692 Nicetis:
366 664 526 701 ΙἌνθρωπον
552 665 618 692 εἶναι
647 675 726 704 φησιν
755 664 781 692 ἐν
812 665 892 702 χώρᾳ
919 668 953 703 τῇ

124 707 262 742 Αὐσίτιὸι,
278 708 323 736 καὶ
338 709 418 736 τοῦτο
445 708 512 746 μέγα
535 708 683 747 ἐγκώμιον.
701 710 739 738 Τὸ
761 709 813 747 γὰρ
831 709 856 737 ἂν
870 713 954 748 ’Δρα-

126 750 174 788 ϐίᾳ
188 752 276 784 οὕτως
301 752 369 780 εἶναί
391 764 453 781 τινα
477 752 603 790 δόκιμον,
620 751 683 781 ἔνθα
707 753 804 785 πάντες
830 753 954 792 διεφθαρ-

129 797 219 834 μένοι,
235 796 297 829 ἔνθα
317 796 392 825 οὖδὶν
420 797 574 835 ὑπόδιιγμα
597 799 630 833 ἦν
653 798 791 835 εὐνομίας,
816 801 896 826 τοῦτο
920 800 953 833 ἦν

128 841 295 878 θαυμαστόν.
323 853 333 867 ιι
353 843 508 871 Hominem
534 843 618 871 illum
635 843 664 871 in
689 843 822 871 Ausitide
837 844 955 880 regione

1009 257 1136 291 νατήσας,
1160 256 1253 292 ἅλμης
1275 257 1407 294 ποτήριον
1434 256 1545 283 ἐκπιεῖν·
1565 269 1575 281 ι
1593 257 1833 293 Compotatorum

1010 301 1131 336 insuper
1146 305 1189 329 est
1204 302 1325 336 aenigma
1341 304 1369 329 et
1379 302 1501 337 griphos
1514 311 1520 335 ;
1533 304 1561 329 et
1575 301 1647 328 illud
1660 301 1832 336 quidemjo-

1009 354 1086 379 cum,
1104 346 1151 373 hic
1167 355 1231 374 vero
1247 350 1275 374 et
1290 346 1439 374 solertiam
1456 346 1560 374 habet:
1579 348 1667 381 atque
1683 346 1760 373 hunc
1773 346 1834 381 qui-

1009 391 1076 417 dem
1092 392 1141 425 qui
1156 391 1299 426 solvebat,
1315 391 1448 418 carnium
1465 390 1583 426 aliquod
1601 390 1742 418 ferculum
1759 390 1832 418 acci-

1010 434 1107 469 piebat
1123 435 1151 462 in
1169 435 1322 471 praemium
1335 445 1342 470 ;
1356 437 1406 471 qui
1417 444 1473 462 non
1485 434 1772 471 poterut,salsuginis
1785 443 1834 470 po-

1009 479 1109 507 culum
1122 480 1266 507 ebibebat.
1278 491 1292 504 »
1303 481 1393 507 Addit
1402 479 1577 507 scholiastes
1589 479 1756 515 exemplum
1768 487 1838 515 sup-

1009 523 1141 559 peditare
1151 524 1301 552 Samsonis
1310 524 1529 560 historiam,qui
1539 524 1568 551 in
1579 523 1690 559 nuptiis
1699 524 1762 551 suis
1771 531 1836 559 pro-

1009 568 1112 603 posuit
1124 569 1317 604 quaastionem
1330 570 1365 596 de
1375 569 1562 604 generatione
1570 576 1670 603 apum.
1683 568 1838 595 Athenians

1008 611 1060 639 lib.
1071 621 1099 644 Χ,
1115 621 1179 648 pag.
1193 613 1244 639 457
1258 621 1264 640 :
1276 613 1337 639 Τῶν
1354 612 1459 650 γρίφων
1475 612 1492 646 ἡ
1510 613 1622 646 ζήτησις
1639 610 1688 638 οὐκ
1703 610 1838 648 ἀλλοτρία

1009 655 1173 694 φιλοσοφίας
1190 655 1257 689 ini,
1271 656 1317 683 καὶ
1333 656 1360 682 οἱ
1375 655 1489 683 παλαιοὶ
1499 656 1549 690 τήν
1565 659 1615 690 τῆς
1632 654 1755 685 παιδείας
1770 656 1837 682 ἀπό-

1010 699 1089 736 δειξιν
1102 701 1128 728 ἰν
1139 701 1246 732 τούτοις
1258 701 1410 729 ἐποιοῦντο.
1424 713 1437 727 ιι
1450 702 1629 737 Griphorum
1645 702 1836 737 perscrutatio

1009 746 1105 774 aliena
1112 755 1168 774 non
1178 750 1244 774 esta
1254 746 1554 782 philosophia,itaque
1561 746 1735 774 eruditionis
1745 746 1836 782 speci-

1011 800 1076 819 men
1093 793 1204 818 veteres
1216 791 1246 819 in
1263 791 1309 818 his
1321 793 1497 818 statuerunt.
1511 801 1526 815 ι)
1538 791 1729 818 Proferuntur
1739 799 1835 818 exem-

1011 835 1058 871 pla
1074 836 1183 863 ibidem
1197 837 1226 863 et
1242 844 1307 871 pag.
1320 836 1421 869 4l8,ex
1435 843 1566 863 veterum
1581 835 1764 863 Comicorum
1776 835 1836 862 fra-

128 887 223 915 fuisse
237 887 318 920 dicit,
335 889 363 915 et
389 887 443 915 hoc
466 888 571 924 ingens
597 889 786 923 praeconium.
804 879 954 924 Siquidem
972 897 995 928 Β
1011 880 1626 928 Ε’ξΠθυίίδ·Ραυίομροθῖίωωξηίίγίῐηιυδίηυά
1638 890 1652 904 ί(
1664 879 1835 928 ίηῑθηέθξίο·

129 932 160 959 in
176 931 285 959 Arabia
300 934 360 959 tam
376 932 500 968 probum
513 932 641 968 aliquem
655 932 839 968 reperiri,ubi
855 941 957 960 omnes

133 976 266 1011 corrupti
290 979 393 1012 erant,
419 977 468 1003 ubi
494 977 610 1004 nullum
636 978 768 1005 exstabat
791 977 958 1013 exemplum

132 1021 342 1056 eaquitatis,est
352 1021 547 1049 admiratione
556 1029 697 1057 perquam
708 1022 959 1057 dignum.»0|ym-

133 1066 275 1101 piodorus
285 1065 395 1093 ibidem
408 1067 443 1093 ab
452 1066 512 1093 Aus
524 1074 582 1094 uno
593 1074 628 1094 ex
639 1066 706 1094 ﬁliis
718 1067 793 1094 Esau
805 1067 912 1094 dictam
924 1067 958 1093 il-

129 1110 190 1138 lam
206 1110 297 1138 tradit
316 1110 476 1146 regionem,
493 1118 581 1145 quam
598 1110 646 1138 alii
662 1111 692 1138 in
709 1111 846 1144 ldumaaa,
863 1111 912 1138 alii
928 1111 957 1138 in

130 1155 241 1182 ﬁnibus
254 1154 366 1182 Arabia:
378 1156 407 1182 et
419 1155 551 1182 Idumaeas
564 1155 716 1183 collocant.
731 1155 958 1190 S.Hieronymus

128 1199 202 1234 apud
225 1200 373 1226 Jeremiam
396 1199 484 1227 etiam
499 1207 562 1235 cap.
578 1200 732 1233 xxv,vertit
748 1208 779 1228 τε
797 1200 830 1227 Et
843 1200 958 1227 cunctis

129 1244 250 1280 regibus
267 1246 348 1271 terrea
363 1243 524 1278 Ausitidis;
543 1255 554 1268 ι
576 1248 605 1272 et
619 1244 691 1272 citat
706 1253 740 1272 ex
756 1247 836 1273 textu
848 1244 957 1278 Graeco,

129 1299 144 1313 «
161 1287 254 1316 Homo
271 1288 392 1323 quidam
408 1290 470 1315 erat
484 1288 514 1315 in
525 1288 643 1324 regione
657 1289 810 1322 Ausitidis,
823 1297 888 1325 quae
903 1289 957 1317 He-

131 1332 231 1360 braice
255 1332 422 1368 appellatur
448 1333 526 1367 llus;
543 1337 572 1360 et
587 1335 684 1361 tamen
706 1334 859 1361 sciendum
879 1333 958 1361 hunc

131 1376 314 1405 versiculum
323 1378 401 1412 apud
411 1377 487 1404 LXX
497 1385 554 1405 non
568 1377 701 1405 haberi.»
711 1378 818 1406 Eodem
831 1379 916 1405 modo
927 1379 958 1405 in

131 1421 259 1457 Vulgata
270 1421 454 1449 Ramathaim
467 1421 585 1457 Sophim
598 1422 740 1457 scriptum
753 1425 797 1450 est
808 1422 818 1449 Ι
831 1423 899 1458 Reg.
908 1423 957 1457 ι,1,

134 1466 187 1493 sed
204 1465 295 1493 Graeci
310 1465 446 1501 efferunt,
459 1465 484 1501 ἐξ
500 1465 657 1502 Ἀρμαῦαΐμ
673 1465 753 1504 Σιφά,
772 1478 785 1491 ιι
801 1475 835 1494 ex
854 1467 957 1494 Arma-

135 1510 229 1538 thaim
244 1510 344 1546 Sipha.
361 1520 374 1535 ι
388 1511 461 1538 Ibid.
478 1510 596 1547 ἄχρονον
608 1513 653 1538 est
669 1521 681 1537 ι
694 1511 836 1547 temporis
844 1519 958 1546 expers,

130 1554 275 1590 temporis
292 1554 556 1590 nescium,absque
573 1557 731 1591 tempore,»
748 1563 805 1583 non
823 1558 854 1583 ut
869 1555 957 1583 inter-

132 1607 210 1634 pres,
225 1610 239 1624 «
258 1599 337 1627 nullo
352 1601 483 1635 tempore
499 1600 669 1628 obnoxium.
685 1610 699 1624 ι»

166 1643 228 1671 Col.
246 1644 299 1671 603
316 1646 336 1670 Δ
359 1645 401 1671 15.
417 1645 487 1672 Nam
501 1653 518 1672 a
532 1645 656 1672 veritate.
674 1645 709 1672 Et
733 1645 855 1673 obscure
877 1653 958 1672 versa

131 1691 159 1716 et
171 1687 248 1716 male
268 1688 454 1724 interpuncta
467 1688 614 1724 periodus,
627 1692 754 1717 mentem
770 1689 897 1717 auctoris
913 1698 959 1717 oc-

131 1732 274 1761 cultabat.
287 1744 300 1758 «
317 1733 391 1761 Nam
403 1741 490 1761 casus
514 1743 531 1762 a
546 1734 666 1762 veritate
680 1734 886 1766 mentis,visus
898 1733 957 1769 pri-

130 1777 209 1805 vatio
224 1779 252 1805 et
263 1777 379 1805 caecitas
389 1780 443 1805 est.
456 1789 470 1803 ιι
484 1778 597 1806 Rursus
608 1787 660 1814 pro
669 1777 838 1814 τετύφλωται
850 1779 958 1815 legisse

129 1822 249 1849 videtur
272 1822 493 1858 Trapezuntius,
508 1825 540 1850 ut
560 1825 623 1850 erat
648 1823 677 1850 in
695 1824 738 1856 H.,
754 1823 904 1861 τετύφωται
919 1824 957 1858 τῷ

132 1866 190 1892 ὄντι
210 1863 307 1901 μηδέν,
323 1866 368 1894 vel
392 1866 555 1905 πεφύαηται,
572 1878 586 1892 ‹(
602 1870 631 1894 et
645 1867 746 1895 inﬂatu
762 1867 834 1895 nihil
850 1867 956 1896 intelli-

131 1911 185 1946 git,
198 1921 212 1934 n
224 1913 252 1938 et
267 1910 354 1946 paulo
369 1913 436 1947 post
446 1919 497 1947 pro
516 1921 527 1936 ι
544 1912 573 1939 in
589 1919 678 1940 sensu
699 1912 867 1947 phrenetico
880 1922 895 1938 »
912 1921 958 1940 re—

132 1955 288 1991 posuimus
302 1966 313 1981 ιι
324 1956 354 1983 in
364 1955 471 1984 mentis
483 1964 534 1991 per
541 1956 737 1992 phrenitidem
747 1957 917 1984 emotionen
931 1955 959 1982 ἐν

132 1998 253 2026 ἐκστάσει
271 2001 486 2037 φρενιτικῇωοι]
503 1999 637 2035 αῗσθήσει.
654 2001 709 2028 Alii
724 2001 826 2028 dicunt
839 2012 852 2026 ιι
868 2001 958 2028 furio-

132 2044 185 2076 sis,
199 2052 265 2071 cum
283 2045 358 2080 apud
377 2052 408 2072 se
424 2053 482 2072 non
498 2047 578 2073 sunt.
596 2056 611 2070 »

168 2097 243 2124 Ibid.
257 2099 276 2124 C
290 2098 317 2124 8.
334 2098 354 2124 A
369 2098 575 2133 ᾳακδιίοηὶὺαε.
591 2099 752 2127 Restitutus
763 2099 864 2126 esthic
876 2099 959 2127 locus

132 2150 168 2169 ex
185 2141 276 2178 Regio
292 2150 347 2170 ms.
361 2143 406 2176 Η..
419 2151 486 2171 cum
503 2145 589 2170 antea
599 2151 751 2179 perperam
763 2143 792 2171 in
803 2144 914 2172 Veneta
929 2147 958 2172 et

133 2185 289 2214 Basiliensi
305 2189 384 2214 esset
396 2185 413 2213 ἃ
427 2188 481 2213 τῶν
496 2188 605 2224 γραφῶν
623 2185 710 2215 οὐδὲν.
727 2188 767 2215 Ex
782 2196 839 2224 quo
855 2188 959 2216 extulit

133 2230 392 2266 Cornariusaqua:
413 2231 486 2259 nihil
509 2232 618 2259 absunt
642 2232 678 2259 ab
693 2232 729 2259 iis
749 2232 877 2268 scriptis,
894 2241 957 2268 quas

1015 925 1060 952 nis
1068 927 1173 953 natura
1180 925 1308 952 motibus
1319 925 1425 952 mentis
1434 925 1498 952 sine
1507 926 1638 960 tempore
1649 924 1838 952 constituta.»

1049 978 1108 1006 Col.
1125 979 1179 1005 606
1196 979 1227 1005 Ο.
1251 979 1480 1014 Respondeamus.
1508 978 1646 1005 Mendum
1663 977 1839 1005 sustulimus

1014 1025 1151 1052 editionis
1168 1024 1365 1057 Basiliens.,in
1382 1032 1440 1059 qua
1455 1024 1609 1059 legebatur
1623 1022 1837 1058 ἀποκλινόμεοα,

1013 1069 1042 1095 in
1054 1068 1164 1096 Neneta
1173 1076 1240 1096 vero
1251 1067 1464 1105 ἀποκρινόμεοπ,
1478 1079 1490 1094 ιι
1503 1068 1745 1104 τεεροιιᾱεωιιεε»
1759 1067 1838 1094 idem

1011 1113 1185 1148 Stephanaea
1199 1114 1228 1140 et
1242 1112 1411 1146 Gornarius,
1429 1113 1479 1140 sed
1496 1112 1529 1139 Η.
1548 1120 1604 1139 ms.
1622 1114 1654 1139 ut
1680 1111 1837 1140 edidimus.

1013 1157 1225 1192 Trapezuntius
1256 1157 1372 1184 videtur
1396 1157 1576 1192 expressisse
1606 1155 1836 1192 ἀποκρινούμεθα·

1016 1211 1027 1227 ι
1044 1201 1296 1237 Respondebimus
1311 1209 1390 1236 ergo,
1408 1201 1466 1228 imo
1482 1201 1620 1236 quoniam
1638 1209 1696 1228 non
1707 1202 1838 1234 est,erat,

1013 1254 1070 1273 non
1087 1246 1260 1273 innascibile
1279 1246 1400 1279 habens,
1418 1246 1495 1281 quod
1519 1248 1583 1273 est:
1600 1253 1652 1273 ens
1677 1253 1743 1273 vero
1759 1253 1836 1273 sem-

1013 1298 1064 1326 per
1078 1293 1107 1317 et
1121 1291 1312 1318 coexsistens.
1329 1300 1343 1315 »

1048 1334 1107 1362 Col.
1130 1335 1182 1361 607
1199 1335 1220 1362 B
1246 1335 1272 1362 4.
1294 1335 1404 1369 Quoque
1428 1335 1574 1362 rationem.
1600 1333 1778 1361 Addidimus
1803 1341 1838 1361 ex

1014 1379 1138 1407 ms.H.et
1153 1377 1366 1414 Ewomv,quam
1382 1379 1595 1414 Trapezuntius
1606 1389 1618 1404 ιι
1633 1378 1808 1406 sententiam
1822 1388 1836 1402 ››

1012 1426 1183 1456 verterat,et
1198 1423 1353 1451 Cornarius
1369 1435 1382 1448 ιι
1400 1423 1561 1456 notionem,
1578 1433 1592 1448 »
1605 1423 1684 1458 quod
1696 1423 1836 1450 Venetam

1014 1469 1136 1495 fortasse
1152 1470 1256 1495 nactus
1268 1471 1346 1495 esset
1361 1467 1705 1503 editionemstephanaaa
1716 1467 1785 1494 item
1797 1465 1836 1493 ἕν-

1011 1521 1085 1538 vouv
1102 1512 1188 1539 vertit
1201 1523 1214 1536 ιι
1231 1511 1470 1547 cogitationem.»
1481 1512 1521 1539 Ex
1531 1512 1633 1539 eodem
1650 1511 1837 1547 ms.scripsi-

1013 1565 1080 1583 mus
1095 1556 1297 1591 ἐπιζητῶν,ρτο
1311 1556 1463 1591 ὑποζητῶν,
1473 1559 1502 1583 et
1516 1556 1612 1584 locum
1629 1556 1665 1583 ab
1677 1556 1836 1591 interprete

1013 1601 1179 1629 mutilatum
1196 1600 1326 1636 pristinae
1343 1600 1503 1636 integritati
1516 1600 1701 1627 restituimus
1709 1602 1832 1627 :tantum

1011 1645 1088 1673 enim
1105 1645 1264 1680 scripserat
1276 1654 1284 1672 ε
1296 1656 1309 1670 ιι
1324 1646 1378 1672 Sed
1392 1653 1443 1672 cur
1458 1645 1625 1672 amentibus
1636 1644 1836 1672 contradicen-

1011 1690 1081 1717 dum
1098 1689 1218 1718 est?vel
1229 1689 1253 1717 si
1269 1690 1305 1717 ad
1317 1689 1429 1725 aliquid
1446 1697 1546 1717 eorum
1563 1697 1628 1724 quae
1643 1690 1740 1716 sunt.»
1752 1688 1836 1716 Simi-

1011 1735 1047 1762 lis
1064 1734 1144 1762 locus
1160 1733 1319 1770 praeessit.

1047 1788 1107 1816 Col.
1123 1788 1177 1815 610
1191 1789 1210 1815 C
1224 1788 1251 1814 8.
1270 1788 1388 1816 Uuzisli.
1407 1785 1519 1821 Στήλην
1536 1787 1636 1814 Latine
1652 1788 1836 1822 expresserat

1012 1833 1155 1868 interpres
1180 1842 1195 1858 «
1211 1832 1350 1868 lapidem,
1368 1841 1380 1857 ν
1397 1840 1451 1859 nec
1475 1831 1560 1858 aliter
1579 1832 1661 1866 Beza,
1677 1830 1726 1866 qui
1741 1830 1785 1858 vel
1802 1838 1837 1858 ex

1013 1879 1175 1913 symmysta
1198 1885 1251 1903 suo
1269 1877 1353 1903 llenr.
1371 1875 1518 1911 Stephano
1540 1875 1652 1903 discere
1667 1874 1762 1911 potuit
1776 1883 1834 1902 non

1013 1921 1146 1958 quemvis
1155 1921 1279 1956 lapidem
1292 1929 1356 1948 esse
1363 1918 1533 1955 στήλην,εοι1
1542 1919 1669 1956 lapidem
1676 1919 1834 1955 titularem,

1011 1966 1055 1994 vel
1072 1965 1148 2000 signi
1162 1965 1254 2000 gratia
1267 1964 1453 2000 ercctum,vel
1469 1967 1545 1992 certe
1560 1964 1741 1997 columnam,
1759 1964 1836 1992 unde

1013 2011 1089 2046 apud
1117 2009 1272 2037 historicos
1300 2007 1455 2046 Ἡράκλειοι
1483 2007 1580 2042 στῆλαι
1604 2012 1674 2036 sunt
1694 2008 1836 2037 columnis

1013 2054 1155 2087 llerculis,
1169 2056 1197 2081 et
1212 2052 1317 2088 στήλην
1344 2052 1502 2091 ἀναγράφειν
1519 2053 1624 2081 Budaeo
1647 2055 1690 2080 est
1706 2053 1735 2080 in
1750 2053 1836 2088 cippo

1012 2099 1203 2136 proscribere.
1218 2098 1360 2126 Vaticana
1372 2110 1384 2123 ιι
1398 2098 1517 2126 titulum
1536 2108 1550 2122 »
1566 2097 1651 2125 vertit
1667 2106 1673 2125 :
1686 2105 1738 2133 pro
1750 2097 1836 2132 cippo

1013 2145 1091 2171 enim
1113 2143 1250 2178 sumitur,
1266 2143 1296 2171 in
1316 2151 1373 2179 quo
1389 2142 1433 2171 vel
1450 2142 1653 2178 sepulcrorum
1669 2142 1836 2177 inscriptio-

1013 2197 1075 2223 nes,
1090 2189 1133 2216 vel
1160 2189 1300 2216 foederum
1322 2188 1490 2215 testimonia
1505 2189 1533 2214 et
1557 2188 1749 2214 monumenta
1769 2194 1837 2222 per-

1014 2233 1228 2261 scribebantur.
1241 2233 1398 2260 Gornarius
1413 2234 1500 2265 recte,
1517 2234 1545 2259 et
1560 2232 1600 2259 ita
1615 2231 1835 2259 rescribendum

135 2275 171 2302 ad
189 2278 348 2311 utramque
363 2277 477 2311 partem
499 2276 702 2312 scrupulosam
724 2276 892 2312 opinionem
907 2278 959 2305 ha-
975 2269 998 2301 D
1015 2278 1067 2305 hoc
1093 2278 1166 2313 loco,
1183 2288 1197 2302 ιι
1214 2277 1264 2313 qui
1290 2277 1411 2313 apparui
1436 2276 1490 2304 tibi
1513 2276 1542 2304 in
1570 2276 1633 2304 loco
1657 2276 1709 2304 ubi
1728 2275 1840 2304 unxisti

136 2320 233 2347 bent.»
247 2321 284 2348 At
294 2320 324 2347 in
345 2320 528 2356 Stephanaaa,
540 2318 556 2347 ἃ
570 2322 622 2347 τῶν
639 2322 766 2357 γραπτῶν
783 2319 871 2350 οὐδέν.
887 2322 959 2350 Beza

135 2363 252 2397 vertit;
264 2372 328 2400 quis
339 2364 412 2392 nihil
421 2372 540 2401 prorsus
552 2365 587 2392 ab
599 2364 635 2392 iis
646 2366 764 2401 scriptis
773 2366 959 2402 absunt,quas

136 2408 167 2436 in
179 2409 322 2437 utramvis
333 2411 446 2445 partem
457 2409 589 2444 accipere
602 2409 797 2445 periculosum
807 2413 880 2439 est.»
892 2411 961 2439 Tra-

136 2453 294 2489 pezuntius
307 2453 473 2489 scripserat,
491 2461 557 2490 quas
572 2453 611 2481 nil
627 2454 663 2482 ab
680 2454 888 2484 insolubilibus
908 2456 961 2483 de—

136 2500 290 2531 aunt,cum
307 2498 343 2526 ad
367 2500 522 2534 utramque
545 2501 659 2534 partem
683 2499 844 2534 periculum
862 2503 960 2528 osten-

136 2542 219 2570 dant.
234 2552 246 2567 ι
263 2542 365 2578 Γριπος
381 2545 409 2570 et
424 2542 522 2581 γρίφος
549 2543 666 2579 proprie
685 2546 746 2572 rete
762 2543 807 2572 vel
823 2553 960 2580 sagenam

136 2588 232 2620 sonat,
251 2589 280 2615 et
295 2587 331 2615 ad
357 2588 535 2623 quaestiones
557 2587 733 2616 conviviales
749 2589 960 2625 mnigmaticas,

137 2633 227 2666 atque
258 2632 294 2659 ad
320 2631 393 2660 alios
418 2640 570 2660 sermones
603 2632 803 2668 aenigmaticos
831 2635 961 2662 extendi-

138 2681 195 2710 tur,
213 2678 302 2711 atque
327 2677 399 2704 adeo
421 2676 555 2713 symbolo
579 2676 644 2712 ipsa
666 2677 854 2713 Pythagorica
876 2679 961 2706 Athe-

138 2728 222 2748 nteus
244 2731 258 2745 «
275 2719 395 2756 griphos
412 2731 425 2746 ι
452 2721 589 2757 appellat.
614 2720 715 2749 Pollux
733 2721 785 2750 lib.
810 2731 847 2755 v1,
872 2731 896 2750 c.
919 2723 962 2756 l9,

139 2766 200 2792 Τῶν
222 2763 315 2800 μέντοι
336 2767 510 2802 συμποτικῶν
535 2764 645 2802 αἴνιγμα
666 2766 711 2792 καὶ
725 2765 833 2803 γρίφος·
856 2766 888 2793 τὸ
915 2766 961 2803 μὶν

141 2806 253 2837 παιδιὰν
280 2808 364 2847 εἶχεν,
390 2810 403 2837 ὁ
429 2808 457 2838 δὲ
477 2809 573 2848 γρίφος
595 2809 640 2837 καὶ
660 2808 791 2847 σπουδὴν,
815 2810 859 2838 καὶ
885 2811 963 2847 ὁμὲν

1015 2321 1086 2349 mihi
1103 2320 1283 2348 columnam.
1296 2330 1308 2346 ν
1321 2323 1379 2349 Nec
1394 2321 1434 2347 ita
1450 2320 1543 2347 multo
1559 2322 1626 2355 post
1639 2321 1698 2350 τοῖς
1709 2318 1779 2353 οὖσι,
1792 2318 1838 2345 καὶ

1014 2368 1131 2396 πιστοῖς.
1148 2366 1359 2393 Admonendus
1374 2368 1420 2393 est
1434 2364 1525 2392 lector
1539 2364 1835 2400 nunc,Ephesior.i,l,

1015 2411 1091 2446 apud
1120 2409 1288 2445 Apostolum
1314 2409 1381 2445 legi,
1411 2410 1472 2438 Τοῖς
1498 2408 1584 2446 ἁγίοις
1619 2411 1678 2439 τοῖς
1708 2408 1781 2435 οὖσιν
1809 2407 1836 2434 ἐν

1015 2455 1131 2493 Ἐφέσῳ,
1160 2454 1204 2480 καὶ
1233 2455 1340 2484 πιστοῖς
1369 2452 1395 2480 ἐν
1419 2454 1538 2491 Χριστῷ.
1568 2454 1676 2481 Sanctis
1704 2454 1752 2489 qui
1771 2454 1840 2480 sunt

1015 2500 1119 2536 Ephesi
1128 2501 1153 2527 cl
1168 2498 1296 2534 ﬁdelibus
1306 2499 1336 2526 in
1352 2498 1467 2526 Christo.
1478 2497 1577 2526 Alium
1595 2499 1718 2525 fortasse
1733 2499 1837 2525 nactus

1016 2547 1060 2573 est
1075 2544 1203 2572 codicem
1221 2543 1353 2578 Basilius,
1372 2553 1387 2571 a
1404 2552 1460 2578 quo
1480 2542 1600 2570 aberant
1616 2542 1665 2569 illa
1680 2541 1705 2567 ἐν
1722 2540 1836 2579 Ἐφέσῳ.

1017 2589 1266 2626 quemadmodum
1293 2590 1322 2616 et
1347 2590 1447 2616 auctor
1469 2587 1600 2622 Vulgata:
1624 2586 1711 2614 vertit
1729 2586 1838 2613 ibidem

1017 2645 1031 2658 ιι
1046 2633 1184 2661 omnibus
1197 2633 1338 2668 sanctis,»
1349 2632 1426 2668 quod
1438 2631 1467 2659 in
1479 2632 1575 2658 Graeco
1585 2631 1710 2658 fortasse
1721 2630 1841 2666 legisset

1016 2677 1080 2704 m‘m
1101 2679 1158 2708 τοῖς
1182 2676 1282 2714 ἁγίοις·
1305 2677 1492 2712 quamobrem
1516 2675 1607 2702 miror
1631 2674 1766 2710 equidem
1786 2683 1839 2702 au-

1016 2722 1141 2755 daciam,
1158 2722 1201 2750 vel
1218 2722 1314 2758 potius
1330 2720 1543 2756 impudentiam
1560 2722 1648 2753 Bezaz,
1665 2719 1714 2755 qni
1727 2727 1839 2746 meram

1017 2769 1046 2795 et
1060 2767 1177 2794 inanem
1193 2766 1339 2803 argutiam
1356 2773 1420 2793 esse
1441 2764 1522 2800 dicit,
1538 2772 1602 2799 quas
1618 2773 1635 2792 a
1650 2763 1838 2792 sanctissimo

1020 2813 1104 2839 Patre
1112 2813 1167 2839 hoc
1179 2811 1240 2840 loco
1248 2809 1506 2848 proferuntur.Sed
1515 2809 1654 2837 nimirum
1662 2809 1704 2837 ita
1713 2809 1840 2845 majores
