  <div class='ocr_page' id='page_1' title='image "/cluster/home/n/w/nwhite01/storage/ocr_20150623/30/njp.32101013202591/535.png"; bbox 0 0 2029 3143; ppageno 0'>
   <div class='ocr_carea' id='block_1_1' title="bbox 209 192 288 223">
    <p class='ocr_par' dir='ltr' id='par_1_1' title="bbox 209 192 288 223">
     <span class='ocr_line' id='line_1_1' title="bbox 209 192 288 223; baseline 0.013 -2"><span class='ocrx_word' id='word_1_1' title='bbox 209 192 223 221; x_wconf 74' lang='grc'><strong>1</strong></span> <span class='ocrx_word' id='word_1_2' title='bbox 229 192 288 223; x_wconf 67' lang='grc'>043</span> 
     </span>
    </p>
   </div>
   <div class='ocr_carea' id='block_1_2' title="bbox 804 171 1320 221">
    <p class='ocr_par' dir='ltr' id='par_1_2' title="bbox 804 171 1320 221">
     <span class='ocr_line' id='line_1_2' title="bbox 804 171 1320 221; baseline -0.002 -1"><span class='ocrx_word' id='word_1_3' title='bbox 804 190 923 221; x_wconf 68' lang='lat' dir='ltr'>nom:</span> <span class='ocrx_word' id='word_1_4' title='bbox 945 189 1168 220; x_wconf 71' lang='lat' dir='ltr'>momole</span> <span class='ocrx_word' id='word_1_5' title='bbox 1192 171 1320 220; x_wconf 51' lang='lat' dir='ltr'>socii</span> 
     </span>
    </p>
   </div>
   <div class='ocr_carea' id='block_1_3' title="bbox 1839 193 1918 222">
    <p class='ocr_par' dir='ltr' id='par_1_3' title="bbox 1839 193 1918 222">
     <span class='ocr_line' id='line_1_3' title="bbox 1839 193 1918 222; baseline 0 0"><span class='ocrx_word' id='word_1_6' title='bbox 1839 193 1918 222; x_wconf 71' lang='grc'>1044</span> 
     </span>
    </p>
   </div>
   <div class='ocr_carea' id='block_1_4' title="bbox 212 256 1050 296">
    <p class='ocr_par' dir='ltr' id='par_1_4' title="bbox 212 257 1039 291">
     <span class='ocr_line' id='line_1_4' title="bbox 212 257 1039 291; baseline -0.005 -3"><span class='ocrx_word' id='word_1_7' title='bbox 212 268 282 288; x_wconf 84' lang='lat' dir='ltr'>suos</span> <span class='ocrx_word' id='word_1_8' title='bbox 298 259 456 288; x_wconf 87' lang='lat' dir='ltr'>tradidisse</span> <span class='ocrx_word' id='word_1_9' title='bbox 471 259 584 288; x_wconf 77' lang='lat' dir='ltr'>addidit</span> <span class='ocrx_word' id='word_1_10' title='bbox 599 259 732 287; x_wconf 71' lang='lat' dir='ltr'>Ecclesia:</span> <span class='ocrx_word' id='word_1_11' title='bbox 748 257 993 291; x_wconf 85' lang='lat' dir='ltr'>doctorBasilius,</span> <span class='ocrx_word' id='word_1_12' title='bbox 1010 258 1039 284; x_wconf 84' lang='lat' dir='ltr'>et</span> 
     </span>
    </p>
   </div>
   <div class='ocr_carea' id='block_1_5' title="bbox 1107 256 1920 296">
    <p class='ocr_par' dir='ltr' id='par_1_5' title="bbox 1107 256 1920 296">
     <span class='ocr_line' id='line_1_5' title="bbox 1107 256 1920 296; baseline 0.004 -13"><span class='ocrx_word' id='word_1_13' title='bbox 1107 256 1266 284; x_wconf 72' lang='lat' dir='ltr'>oncinnius</span> <span class='ocrx_word' id='word_1_14' title='bbox 1281 257 1338 292; x_wconf 84' lang='lat' dir='ltr'>legi</span> <span class='ocrx_word' id='word_1_15' title='bbox 1354 258 1482 293; x_wconf 81' lang='lat' dir='ltr'>comperi</span> <span class='ocrx_word' id='word_1_16' title='bbox 1498 257 1683 286; x_wconf 75' lang='grc' dir='ltr'>ἀναλλοίωτον</span> <span class='ocrx_word' id='word_1_17' title='bbox 1699 258 1790 286; x_wconf 76' lang='grc' dir='ltr'>οὖσῖαν</span> <span class='ocrx_word' id='word_1_18' title='bbox 1806 269 1920 296; x_wconf 72' lang='grc' dir='ltr'>παρατι-</span> 
     </span>
    </p>
   </div>
   <div class='ocr_carea' id='block_1_6' title="bbox 213 303 1037 340">
    <p class='ocr_par' dir='ltr' id='par_1_6' title="bbox 213 303 1037 340">
     <span class='ocr_line' id='line_1_6' title="bbox 213 303 1037 340; baseline -0.002 -9"><span class='ocrx_word' id='word_1_19' title='bbox 213 304 255 332; x_wconf 89' lang='lat' dir='ltr'>ita</span> <span class='ocrx_word' id='word_1_20' title='bbox 269 312 301 332; x_wconf 86' lang='lat' dir='ltr'>se</span> <span class='ocrx_word' id='word_1_21' title='bbox 318 304 348 332; x_wconf 90' lang='lat' dir='ltr'>in</span> <span class='ocrx_word' id='word_1_22' title='bbox 362 304 488 333; x_wconf 76' lang='lat' dir='ltr'>vetustis</span> <span class='ocrx_word' id='word_1_23' title='bbox 510 304 726 340; x_wconf 78' lang='lat' dir='ltr'>exemplaribus</span> <span class='ocrx_word' id='word_1_24' title='bbox 750 303 928 339; x_wconf 78' lang='lat' dir='ltr'>comperisse</span> <span class='ocrx_word' id='word_1_25' title='bbox 942 311 949 329; x_wconf 73' lang='grc' dir='ltr'>ι</span> <span class='ocrx_word' id='word_1_26' title='bbox 966 310 1037 336; x_wconf 86' lang='lat' dir='ltr'>quo-</span> 
     </span>
    </p>
   </div>
   <div class='ocr_carea' id='block_1_7' title="bbox 213 345 1036 385">
    <p class='ocr_par' dir='ltr' id='par_1_7' title="bbox 213 345 1036 385">
     <span class='ocr_line' id='line_1_7' title="bbox 213 345 1036 385; baseline -0.004 -9"><span class='ocrx_word' id='word_1_27' title='bbox 213 348 290 376; x_wconf 84' lang='lat' dir='ltr'>circa</span> <span class='ocrx_word' id='word_1_28' title='bbox 306 349 406 377; x_wconf 82' lang='lat' dir='ltr'>mirari</span> <span class='ocrx_word' id='word_1_29' title='bbox 420 349 521 377; x_wconf 81' lang='lat' dir='ltr'>desino</span> <span class='ocrx_word' id='word_1_30' title='bbox 536 349 609 376; x_wconf 86' lang='lat' dir='ltr'>istos</span> <span class='ocrx_word' id='word_1_31' title='bbox 630 350 684 375; x_wconf 83' lang='grc' dir='ltr'>τῶν</span> <span class='ocrx_word' id='word_1_32' title='bbox 699 345 884 385; x_wconf 66' lang='grc' dir='ltr'>παραδόσεων,</span> <span class='ocrx_word' id='word_1_33' title='bbox 906 346 1036 374; x_wconf 82' lang='lat' dir='ltr'>traditio-</span> 
     </span>
    </p>
   </div>
   <div class='ocr_carea' id='block_1_8' title="bbox 215 391 1038 429">
    <p class='ocr_par' dir='ltr' id='par_1_8' title="bbox 215 391 1038 429">
     <span class='ocr_line' id='line_1_8' title="bbox 215 391 1038 429; baseline -0.002 -9"><span class='ocrx_word' id='word_1_34' title='bbox 215 401 286 421; x_wconf 87' lang='lat' dir='ltr'>num</span> <span class='ocrx_word' id='word_1_35' title='bbox 301 393 443 429; x_wconf 70' lang='lat' dir='ltr'>hostes,et</span> <span class='ocrx_word' id='word_1_36' title='bbox 453 402 593 422; x_wconf 89' lang='lat' dir='ltr'>novarum</span> <span class='ocrx_word' id='word_1_37' title='bbox 606 393 779 429; x_wconf 83' lang='lat' dir='ltr'>religionum</span> <span class='ocrx_word' id='word_1_38' title='bbox 791 392 964 420; x_wconf 73' lang='lat' dir='ltr'>architectos</span> <span class='ocrx_word' id='word_1_39' title='bbox 976 391 1038 418; x_wconf 86' lang='lat' dir='ltr'>ina-</span> 
     </span>
    </p>
   </div>
   <div class='ocr_carea' id='block_1_9' title="bbox 216 437 1038 475">
    <p class='ocr_par' dir='ltr' id='par_1_9' title="bbox 216 437 1038 475">
     <span class='ocr_line' id='line_1_9' title="bbox 216 437 1038 475; baseline -0.004 -9"><span class='ocrx_word' id='word_1_40' title='bbox 216 446 268 466; x_wconf 87' lang='lat' dir='ltr'>nes</span> <span class='ocrx_word' id='word_1_41' title='bbox 283 438 414 475; x_wconf 79' lang='lat' dir='ltr'>argutias</span> <span class='ocrx_word' id='word_1_42' title='bbox 439 441 556 474; x_wconf 83' lang='lat' dir='ltr'>accepta</span> <span class='ocrx_word' id='word_1_43' title='bbox 571 447 587 466; x_wconf 86' lang='lat' dir='ltr'>a</span> <span class='ocrx_word' id='word_1_44' title='bbox 604 438 739 466; x_wconf 84' lang='lat' dir='ltr'>Patribus</span> <span class='ocrx_word' id='word_1_45' title='bbox 762 437 899 473; x_wconf 86' lang='lat' dir='ltr'>dogmata</span> <span class='ocrx_word' id='word_1_46' title='bbox 921 444 1038 464; x_wconf 89' lang='lat' dir='ltr'>nuncu—</span> 
     </span>
    </p>
   </div>
   <div class='ocr_carea' id='block_1_10' title="bbox 217 491 295 518">
    <p class='ocr_par' dir='ltr' id='par_1_10' title="bbox 217 491 295 518">
     <span class='ocr_line' id='line_1_10' title="bbox 217 491 295 518; baseline 0 -8"><span class='ocrx_word' id='word_1_47' title='bbox 217 491 295 518; x_wconf 86' lang='lat' dir='ltr'>pars.</span> 
     </span>
    </p>
   </div>
   <div class='ocr_carea' id='block_1_11' title="bbox 251 525 1038 562">
    <p class='ocr_par' dir='ltr' id='par_1_11' title="bbox 251 525 1038 562">
     <span class='ocr_line' id='line_1_11' title="bbox 251 525 1038 562; baseline -0.004 -7"><span class='ocrx_word' id='word_1_48' title='bbox 251 527 312 555; x_wconf 88' lang='lat' dir='ltr'>Col.</span> <span class='ocrx_word' id='word_1_49' title='bbox 341 528 394 555; x_wconf 88' lang='grc'>615</span> <span class='ocrx_word' id='word_1_50' title='bbox 422 528 442 555; x_wconf 91' lang='lat' dir='ltr'><strong>C</strong></span> <span class='ocrx_word' id='word_1_51' title='bbox 465 529 492 555; x_wconf 88' lang='lat'>6.</span> <span class='ocrx_word' id='word_1_52' title='bbox 518 528 572 562; x_wconf 81' lang='lat' dir='ltr'>Qui</span> <span class='ocrx_word' id='word_1_53' title='bbox 596 528 779 556; x_wconf 77' lang='lat' dir='ltr'>commodius.</span> <span class='ocrx_word' id='word_1_54' title='bbox 811 527 854 554; x_wconf 85' lang='lat' dir='ltr'>Ila</span> <span class='ocrx_word' id='word_1_55' title='bbox 878 525 1038 553; x_wconf 81' lang='lat' dir='ltr'>maluimus</span> 
     </span>
    </p>
   </div>
   <div class='ocr_carea' id='block_1_12' title="bbox 216 570 1039 608">
    <p class='ocr_par' dir='ltr' id='par_1_12' title="bbox 216 570 1039 608">
     <span class='ocr_line' id='line_1_12' title="bbox 216 570 1039 608; baseline -0.002 -9"><span class='ocrx_word' id='word_1_56' title='bbox 216 579 282 600; x_wconf 89' lang='lat' dir='ltr'>cum</span> <span class='ocrx_word' id='word_1_57' title='bbox 306 571 444 600; x_wconf 87' lang='lat' dir='ltr'>Cornario</span> <span class='ocrx_word' id='word_1_58' title='bbox 467 575 590 607; x_wconf 81' lang='lat' dir='ltr'>vertere,</span> <span class='ocrx_word' id='word_1_59' title='bbox 617 580 704 608; x_wconf 86' lang='lat' dir='ltr'>quam</span> <span class='ocrx_word' id='word_1_60' title='bbox 729 580 795 600; x_wconf 89' lang='lat' dir='ltr'>cum</span> <span class='ocrx_word' id='word_1_61' title='bbox 820 570 1012 606; x_wconf 87' lang='lat' dir='ltr'>Trapezuntio</span> <span class='ocrx_word' id='word_1_62' title='bbox 1032 591 1039 602; x_wconf 86' lang='lat'>,</span> 
     </span>
    </p>
   </div>
   <div class='ocr_carea' id='block_1_13' title="bbox 217 615 1042 652">
    <p class='ocr_par' dir='ltr' id='par_1_13' title="bbox 217 615 1042 652">
     <span class='ocr_line' id='line_1_13' title="bbox 217 615 1042 652; baseline 0 -11"><span class='ocrx_word' id='word_1_63' title='bbox 217 625 230 641; x_wconf 76' lang='grc' dir='ltr'><strong><em>ι</em></strong></span> <span class='ocrx_word' id='word_1_64' title='bbox 248 615 298 651; x_wconf 90' lang='lat' dir='ltr'>qui</span> <span class='ocrx_word' id='word_1_65' title='bbox 316 615 421 644; x_wconf 86' lang='lat' dir='ltr'>melius</span> <span class='ocrx_word' id='word_1_66' title='bbox 441 616 614 644; x_wconf 85' lang='lat' dir='ltr'>Hebraicam</span> <span class='ocrx_word' id='word_1_67' title='bbox 639 616 769 652; x_wconf 79' lang='lat' dir='ltr'>linguam</span> <span class='ocrx_word' id='word_1_68' title='bbox 785 617 951 648; x_wconf 85' lang='lat' dir='ltr'>tenuerunt,</span> <span class='ocrx_word' id='word_1_69' title='bbox 963 625 975 640; x_wconf 78' lang='grc' dir='ltr'>ι)</span> <span class='ocrx_word' id='word_1_70' title='bbox 991 616 1042 642; x_wconf 91' lang='lat' dir='ltr'>aut</span> 
     </span>
    </p>
   </div>
   <div class='ocr_carea' id='block_1_14' title="bbox 216 659 1040 696">
    <p class='ocr_par' dir='ltr' id='par_1_14' title="bbox 216 659 1040 696">
     <span class='ocr_line' id='line_1_14' title="bbox 216 659 1040 696; baseline 0 -9"><span class='ocrx_word' id='word_1_71' title='bbox 216 668 283 688; x_wconf 88' lang='lat' dir='ltr'>eum</span> <span class='ocrx_word' id='word_1_72' title='bbox 311 660 395 695; x_wconf 85' lang='lat' dir='ltr'>Beza,</span> <span class='ocrx_word' id='word_1_73' title='bbox 408 672 420 686; x_wconf 82' lang='grc' dir='ltr'>α</span> <span class='ocrx_word' id='word_1_74' title='bbox 437 661 646 689; x_wconf 84' lang='lat' dir='ltr'>Hebraicarum</span> <span class='ocrx_word' id='word_1_75' title='bbox 667 669 770 689; x_wconf 88' lang='lat' dir='ltr'>vocum</span> <span class='ocrx_word' id='word_1_76' title='bbox 796 659 1040 696; x_wconf 79' lang='lat' dir='ltr'>signiﬁcationem</span> 
     </span>
    </p>
   </div>
   <div class='ocr_carea' id='block_1_15' title="bbox 217 704 1040 741">
    <p class='ocr_par' dir='ltr' id='par_1_15' title="bbox 217 704 1040 741">
     <span class='ocr_line' id='line_1_15' title="bbox 217 704 1040 741; baseline -0.001 -9"><span class='ocrx_word' id='word_1_77' title='bbox 217 705 346 740; x_wconf 85' lang='lat' dir='ltr'>adeptos.</span> <span class='ocrx_word' id='word_1_78' title='bbox 361 715 373 731; x_wconf 66' lang='grc' dir='ltr'>ν</span> <span class='ocrx_word' id='word_1_79' title='bbox 396 705 536 741; x_wconf 86' lang='lat' dir='ltr'>Designat</span> <span class='ocrx_word' id='word_1_80' title='bbox 560 706 637 734; x_wconf 88' lang='lat' dir='ltr'>enim</span> <span class='ocrx_word' id='word_1_81' title='bbox 661 706 795 741; x_wconf 85' lang='lat' dir='ltr'>Aquilam</span> <span class='ocrx_word' id='word_1_82' title='bbox 813 705 975 738; x_wconf 85' lang='lat' dir='ltr'>Ponticum,</span> <span class='ocrx_word' id='word_1_83' title='bbox 993 704 1040 731; x_wconf 91' lang='lat' dir='ltr'>cui</span> 
     </span>
    </p>
   </div>
   <div class='ocr_carea' id='block_1_16' title="bbox 218 749 1041 786">
    <p class='ocr_par' dir='ltr' id='par_1_16' title="bbox 218 749 1041 786">
     <span class='ocr_line' id='line_1_16' title="bbox 218 749 1041 786; baseline 0.001 -10"><span class='ocrx_word' id='word_1_84' title='bbox 218 749 322 777; x_wconf 88' lang='lat' dir='ltr'>tribuit</span> <span class='ocrx_word' id='word_1_85' title='bbox 347 750 421 778; x_wconf 86' lang='lat' dir='ltr'>hanc</span> <span class='ocrx_word' id='word_1_86' title='bbox 444 750 560 778; x_wconf 84' lang='lat' dir='ltr'>laudem</span> <span class='ocrx_word' id='word_1_87' title='bbox 577 753 605 778; x_wconf 77' lang='grc' dir='ltr'>Β.</span> <span class='ocrx_word' id='word_1_88' title='bbox 620 750 826 786; x_wconf 79' lang='lat' dir='ltr'>Hieronymus,</span> <span class='ocrx_word' id='word_1_89' title='bbox 847 749 924 785; x_wconf 85' lang='lat' dir='ltr'>quod</span> <span class='ocrx_word' id='word_1_90' title='bbox 940 749 1041 777; x_wconf 91' lang='lat' dir='ltr'>verbo-</span> 
     </span>
    </p>
   </div>
   <div class='ocr_carea' id='block_1_17' title="bbox 220 794 1040 831">
    <p class='ocr_par' dir='ltr' id='par_1_17' title="bbox 220 794 1040 831">
     <span class='ocr_line' id='line_1_17' title="bbox 220 794 1040 831; baseline -0.001 -10"><span class='ocrx_word' id='word_1_91' title='bbox 220 802 285 821; x_wconf 88' lang='lat' dir='ltr'>rum</span> <span class='ocrx_word' id='word_1_92' title='bbox 307 795 515 830; x_wconf 78' lang='lat' dir='ltr'>proprietatem</span> <span class='ocrx_word' id='word_1_93' title='bbox 545 795 672 823; x_wconf 81' lang='lat' dir='ltr'>maximo</span> <span class='ocrx_word' id='word_1_94' title='bbox 699 795 886 831; x_wconf 80' lang='lat' dir='ltr'>expresserit,</span> <span class='ocrx_word' id='word_1_95' title='bbox 909 796 941 822; x_wconf 85' lang='lat' dir='ltr'>ut</span> <span class='ocrx_word' id='word_1_96' title='bbox 955 794 1040 829; x_wconf 85' lang='lat' dir='ltr'>epist.</span> 
     </span>
    </p>
   </div>
   <div class='ocr_carea' id='block_1_18' title="bbox 223 838 1044 875">
    <p class='ocr_par' dir='ltr' id='par_1_18' title="bbox 223 838 1044 875">
     <span class='ocr_line' id='line_1_18' title="bbox 223 838 1044 875; baseline 0.001 -10"><span class='ocrx_word' id='word_1_97' title='bbox 223 838 268 865; x_wconf 78' lang='grc'>101</span> <span class='ocrx_word' id='word_1_98' title='bbox 294 838 329 866; x_wconf 86' lang='lat' dir='ltr'>ad</span> <span class='ocrx_word' id='word_1_99' title='bbox 355 839 682 875; x_wconf 79' lang='lat' dir='ltr'>Marcellam,«Aquila,</span> <span class='ocrx_word' id='word_1_100' title='bbox 706 841 802 867; x_wconf 85' lang='lat' dir='ltr'>autem</span> <span class='ocrx_word' id='word_1_101' title='bbox 828 838 993 875; x_wconf 81' lang='lat' dir='ltr'>proselytus</span> <span class='ocrx_word' id='word_1_102' title='bbox 1015 840 1044 866; x_wconf 86' lang='lat' dir='ltr'>et</span> 
     </span>
    </p>
   </div>
   <div class='ocr_carea' id='block_1_19' title="bbox 220 883 1042 920">
    <p class='ocr_par' dir='ltr' id='par_1_19' title="bbox 220 883 1042 920">
     <span class='ocr_line' id='line_1_19' title="bbox 220 883 1042 920; baseline 0 -10"><span class='ocrx_word' id='word_1_103' title='bbox 220 883 421 911; x_wconf 85' lang='lat' dir='ltr'>oontcntiosus</span> <span class='ocrx_word' id='word_1_104' title='bbox 444 883 598 919; x_wconf 85' lang='lat' dir='ltr'>interpres,</span> <span class='ocrx_word' id='word_1_105' title='bbox 624 885 673 920; x_wconf 90' lang='lat' dir='ltr'>qui</span> <span class='ocrx_word' id='word_1_106' title='bbox 691 893 747 912; x_wconf 89' lang='lat' dir='ltr'>non</span> <span class='ocrx_word' id='word_1_107' title='bbox 764 884 859 912; x_wconf 89' lang='lat' dir='ltr'>solum</span> <span class='ocrx_word' id='word_1_108' title='bbox 879 884 976 918; x_wconf 82' lang='lat' dir='ltr'>verba,</span> <span class='ocrx_word' id='word_1_109' title='bbox 992 883 1042 911; x_wconf 87' lang='lat' dir='ltr'>sed</span> 
     </span>
    </p>
   </div>
   <div class='ocr_carea' id='block_1_20' title="bbox 1093 299 1920 338">
    <p class='ocr_par' dir='ltr' id='par_1_20' title="bbox 1093 299 1920 338">
     <span class='ocr_line' id='line_1_20' title="bbox 1093 299 1920 338; baseline 0.007 -12"><span class='ocrx_word' id='word_1_110' title='bbox 1093 299 1176 334; x_wconf 70' lang='lat' dir='ltr'>Oévau,</span> <span class='ocrx_word' id='word_1_111' title='bbox 1193 312 1207 326; x_wconf 90' lang='lat'>«</span> <span class='ocrx_word' id='word_1_112' title='bbox 1224 309 1282 329; x_wconf 86' lang='lat' dir='ltr'>non</span> <span class='ocrx_word' id='word_1_113' title='bbox 1307 302 1434 338; x_wconf 83' lang='lat' dir='ltr'>credere,</span> <span class='ocrx_word' id='word_1_114' title='bbox 1461 311 1555 338; x_wconf 87' lang='lat' dir='ltr'>neque</span> <span class='ocrx_word' id='word_1_115' title='bbox 1582 312 1648 331; x_wconf 92' lang='lat' dir='ltr'>cum</span> <span class='ocrx_word' id='word_1_116' title='bbox 1665 304 1742 332; x_wconf 83' lang='lat' dir='ltr'>tluxa</span> <span class='ocrx_word' id='word_1_117' title='bbox 1757 306 1877 336; x_wconf 86' lang='lat' dir='ltr'>natura,</span> <span class='ocrx_word' id='word_1_118' title='bbox 1892 307 1920 332; x_wconf 89' lang='lat' dir='ltr'>et</span> 
     </span>
    </p>
   </div>
   <div class='ocr_carea' id='block_1_21' title="bbox 1093 344 1921 383">
    <p class='ocr_par' dir='ltr' id='par_1_21' title="bbox 1093 344 1921 383">
     <span class='ocr_line' id='line_1_21' title="bbox 1093 344 1921 383; baseline 0.006 -11"><span class='ocrx_word' id='word_1_119' title='bbox 1093 344 1256 374; x_wconf 74' lang='lat' dir='ltr'>innumeris</span> <span class='ocrx_word' id='word_1_120' title='bbox 1273 347 1397 374; x_wconf 76' lang='lat' dir='ltr'>obnoxia</span> <span class='ocrx_word' id='word_1_121' title='bbox 1413 347 1637 383; x_wconf 83' lang='lat' dir='ltr'>mutationibus,</span> <span class='ocrx_word' id='word_1_122' title='bbox 1658 348 1877 377; x_wconf 82' lang='lat' dir='ltr'>immutabilem</span> <span class='ocrx_word' id='word_1_123' title='bbox 1894 352 1921 376; x_wconf 87' lang='lat' dir='ltr'>et</span> 
     </span>
    </p>
   </div>
   <div class='ocr_carea' id='block_1_22' title="bbox 1092 389 1519 428">
    <p class='ocr_par' dir='ltr' id='par_1_22' title="bbox 1092 389 1519 428">
     <span class='ocr_line' id='line_1_22' title="bbox 1092 389 1519 428; baseline 0.002 -11"><span class='ocrx_word' id='word_1_124' title='bbox 1092 389 1294 418; x_wconf 83' lang='lat' dir='ltr'>invariabilem</span> <span class='ocrx_word' id='word_1_125' title='bbox 1310 399 1490 428; x_wconf 81' lang='lat' dir='ltr'>comparare.</span> <span class='ocrx_word' id='word_1_126' title='bbox 1505 402 1519 418; x_wconf 73' lang='grc' dir='ltr'>ι</span> 
     </span>
    </p>
   </div>
   <div class='ocr_carea' id='block_1_23' title="bbox 1129 444 1921 484">
    <p class='ocr_par' dir='ltr' id='par_1_23' title="bbox 1129 444 1921 484">
     <span class='ocr_line' id='line_1_23' title="bbox 1129 444 1921 484; baseline 0.005 -13"><span class='ocrx_word' id='word_1_127' title='bbox 1129 444 1188 471; x_wconf 91' lang='lat' dir='ltr'>Col.</span> <span class='ocrx_word' id='word_1_128' title='bbox 1208 445 1259 472; x_wconf 73' lang='grc'>624</span> <span class='ocrx_word' id='word_1_129' title='bbox 1274 446 1337 473; x_wconf 73' lang='grc' dir='ltr'>Αἵὶ.</span> <span class='ocrx_word' id='word_1_130' title='bbox 1364 444 1473 482; x_wconf 71' lang='grc' dir='ltr'>βώλούς</span> <span class='ocrx_word' id='word_1_131' title='bbox 1498 444 1608 483; x_wconf 80' lang='grc' dir='ltr'>δρόσου,</span> <span class='ocrx_word' id='word_1_132' title='bbox 1630 447 1727 483; x_wconf 78' lang='lat' dir='ltr'>glebas</span> <span class='ocrx_word' id='word_1_133' title='bbox 1747 449 1830 484; x_wconf 80' lang='lat' dir='ltr'>roris,</span> <span class='ocrx_word' id='word_1_134' title='bbox 1848 447 1921 484; x_wconf 83' lang='lat' dir='ltr'>legi-</span> 
     </span>
    </p>
   </div>
   <div class='ocr_carea' id='block_1_24' title="bbox 1094 489 1921 526">
    <p class='ocr_par' dir='ltr' id='par_1_24' title="bbox 1094 489 1921 526">
     <span class='ocr_line' id='line_1_24' title="bbox 1094 489 1921 526; baseline 0.006 -11"><span class='ocrx_word' id='word_1_135' title='bbox 1094 497 1161 516; x_wconf 93' lang='lat' dir='ltr'>mus</span> <span class='ocrx_word' id='word_1_136' title='bbox 1185 489 1214 516; x_wconf 90' lang='lat' dir='ltr'>in</span> <span class='ocrx_word' id='word_1_137' title='bbox 1238 489 1365 518; x_wconf 88' lang='lat' dir='ltr'>editione</span> <span class='ocrx_word' id='word_1_138' title='bbox 1387 490 1538 526; x_wconf 78' lang='lat' dir='ltr'>Stephani,</span> <span class='ocrx_word' id='word_1_139' title='bbox 1557 500 1610 519; x_wconf 84' lang='lat' dir='ltr'>nec</span> <span class='ocrx_word' id='word_1_140' title='bbox 1636 492 1720 520; x_wconf 84' lang='lat' dir='ltr'>aliter</span> <span class='ocrx_word' id='word_1_141' title='bbox 1744 492 1774 520; x_wconf 93' lang='lat' dir='ltr'>in</span> <span class='ocrx_word' id='word_1_142' title='bbox 1792 501 1850 520; x_wconf 90' lang='lat' dir='ltr'>ms.</span> <span class='ocrx_word' id='word_1_143' title='bbox 1868 501 1921 520; x_wconf 89' lang='lat' dir='ltr'>suo</span> 
     </span>
    </p>
   </div>
   <div class='ocr_carea' id='block_1_25' title="bbox 1094 533 1922 570">
    <p class='ocr_par' dir='ltr' id='par_1_25' title="bbox 1094 533 1922 570">
     <span class='ocr_line' id='line_1_25' title="bbox 1094 533 1922 570; baseline 0.005 -10"><span class='ocrx_word' id='word_1_144' title='bbox 1094 533 1319 568; x_wconf 84' lang='lat' dir='ltr'>Trapezuntius,</span> <span class='ocrx_word' id='word_1_145' title='bbox 1342 543 1434 570; x_wconf 87' lang='lat' dir='ltr'>eaque</span> <span class='ocrx_word' id='word_1_146' title='bbox 1458 535 1543 563; x_wconf 86' lang='lat' dir='ltr'>lectio</span> <span class='ocrx_word' id='word_1_147' title='bbox 1568 536 1759 564; x_wconf 85' lang='lat' dir='ltr'>conﬁrmatur</span> <span class='ocrx_word' id='word_1_148' title='bbox 1783 537 1922 564; x_wconf 86' lang='lat' dir='ltr'>editionis</span> 
     </span>
    </p>
   </div>
   <div class='ocr_carea' id='block_1_26' title="bbox 1096 577 1921 617">
    <p class='ocr_par' dir='ltr' id='par_1_26' title="bbox 1096 577 1921 617">
     <span class='ocr_line' id='line_1_26' title="bbox 1096 577 1921 617; baseline 0.005 -12"><span class='ocrx_word' id='word_1_149' title='bbox 1096 577 1233 606; x_wconf 70' lang='lat' dir='ltr'>Romana:</span> <span class='ocrx_word' id='word_1_150' title='bbox 1249 579 1423 607; x_wconf 80' lang='lat' dir='ltr'>auctoritate</span> <span class='ocrx_word' id='word_1_151' title='bbox 1445 581 1523 616; x_wconf 87' lang='lat' dir='ltr'>apud</span> <span class='ocrx_word' id='word_1_152' title='bbox 1540 580 1619 615; x_wconf 81' lang='lat' dir='ltr'>LXX,</span> <span class='ocrx_word' id='word_1_153' title='bbox 1630 582 1658 609; x_wconf 83' lang='lat' dir='ltr'>et</span> <span class='ocrx_word' id='word_1_154' title='bbox 1673 581 1877 617; x_wconf 83' lang='lat' dir='ltr'>Olympiodori</span> <span class='ocrx_word' id='word_1_155' title='bbox 1894 582 1921 608; x_wconf 92' lang='lat' dir='ltr'>in</span> 
     </span>
    </p>
   </div>
   <div class='ocr_carea' id='block_1_27' title="bbox 1094 623 1922 662">
    <p class='ocr_par' dir='ltr' id='par_1_27' title="bbox 1094 623 1922 662">
     <span class='ocr_line' id='line_1_27' title="bbox 1094 623 1922 662; baseline 0.002 -12"><span class='ocrx_word' id='word_1_156' title='bbox 1094 625 1200 650; x_wconf 79' lang='lat' dir='ltr'>Catena</span> <span class='ocrx_word' id='word_1_157' title='bbox 1215 623 1331 658; x_wconf 68' lang='lat' dir='ltr'>Nicetis,</span> <span class='ocrx_word' id='word_1_158' title='bbox 1345 624 1393 659; x_wconf 88' lang='lat' dir='ltr'>qui</span> <span class='ocrx_word' id='word_1_159' title='bbox 1410 623 1518 660; x_wconf 79' lang='grc' dir='ltr'>βώλους</span> <span class='ocrx_word' id='word_1_160' title='bbox 1538 623 1636 661; x_wconf 76' lang='grc' dir='ltr'>δρόσου</span> <span class='ocrx_word' id='word_1_161' title='bbox 1651 626 1770 662; x_wconf 85' lang='lat' dir='ltr'>exponit</span> <span class='ocrx_word' id='word_1_162' title='bbox 1783 626 1922 659; x_wconf 74' lang='grc' dir='ltr'>τουτέπι,</span> 
     </span>
    </p>
   </div>
   <div class='ocr_carea' id='block_1_28' title="bbox 1095 666 1924 703">
    <p class='ocr_par' dir='ltr' id='par_1_28' title="bbox 1095 666 1924 703">
     <span class='ocr_line' id='line_1_28' title="bbox 1095 666 1924 703; baseline 0.007 -10"><span class='ocrx_word' id='word_1_163' title='bbox 1095 666 1142 697; x_wconf 74' lang='grc' dir='ltr'>τὰς</span> <span class='ocrx_word' id='word_1_164' title='bbox 1159 667 1309 703; x_wconf 78' lang='grc' dir='ltr'>συστάσεις,</span> <span class='ocrx_word' id='word_1_165' title='bbox 1326 680 1339 693; x_wconf 83' lang='grc'><strong>‹‹</strong></span> <span class='ocrx_word' id='word_1_166' title='bbox 1356 668 1411 696; x_wconf 89' lang='lat' dir='ltr'>hoc</span> <span class='ocrx_word' id='word_1_167' title='bbox 1425 671 1480 703; x_wconf 86' lang='lat' dir='ltr'>est,</span> <span class='ocrx_word' id='word_1_168' title='bbox 1504 670 1703 698; x_wconf 85' lang='lat' dir='ltr'>concretiones</span> <span class='ocrx_word' id='word_1_169' title='bbox 1723 679 1729 698; x_wconf 93' lang='lat'><strong>:</strong></span> <span class='ocrx_word' id='word_1_170' title='bbox 1753 682 1767 695; x_wconf 82' lang='lat' dir='ltr'>n</span> <span class='ocrx_word' id='word_1_171' title='bbox 1792 674 1823 698; x_wconf 85' lang='lat' dir='ltr'>at</span> <span class='ocrx_word' id='word_1_172' title='bbox 1846 671 1924 699; x_wconf 86' lang='lat' dir='ltr'>Basi-</span> 
     </span>
    </p>
   </div>
   <div class='ocr_carea' id='block_1_29' title="bbox 1095 711 1926 751">
    <p class='ocr_par' dir='ltr' id='par_1_29' title="bbox 1095 711 1926 751">
     <span class='ocr_line' id='line_1_29' title="bbox 1095 711 1926 751; baseline 0.004 -12"><span class='ocrx_word' id='word_1_173' title='bbox 1095 711 1198 739; x_wconf 84' lang='lat' dir='ltr'>liensis</span> <span class='ocrx_word' id='word_1_174' title='bbox 1213 712 1301 740; x_wconf 87' lang='lat' dir='ltr'>editio</span> <span class='ocrx_word' id='word_1_175' title='bbox 1314 712 1411 741; x_wconf 80' lang='lat' dir='ltr'>Basilii</span> <span class='ocrx_word' id='word_1_176' title='bbox 1428 711 1528 750; x_wconf 83' lang='grc' dir='ltr'>βόλους</span> <span class='ocrx_word' id='word_1_177' title='bbox 1543 712 1641 751; x_wconf 81' lang='grc' dir='ltr'>δρόσου</span> <span class='ocrx_word' id='word_1_178' title='bbox 1657 714 1772 748; x_wconf 79' lang='lat' dir='ltr'>habuit,</span> <span class='ocrx_word' id='word_1_179' title='bbox 1783 715 1926 750; x_wconf 85' lang='lat' dir='ltr'>quemad-</span> 
     </span>
    </p>
   </div>
   <div class='ocr_carea' id='block_1_30' title="bbox 1097 757 1924 795">
    <p class='ocr_par' dir='ltr' id='par_1_30' title="bbox 1097 757 1924 795">
     <span class='ocr_line' id='line_1_30' title="bbox 1097 757 1924 795; baseline 0.004 -11"><span class='ocrx_word' id='word_1_180' title='bbox 1097 757 1217 784; x_wconf 87' lang='lat' dir='ltr'>modum</span> <span class='ocrx_word' id='word_1_181' title='bbox 1233 759 1262 784; x_wconf 85' lang='lat' dir='ltr'>et</span> <span class='ocrx_word' id='word_1_182' title='bbox 1279 757 1385 793; x_wconf 82' lang='lat' dir='ltr'>Regius</span> <span class='ocrx_word' id='word_1_183' title='bbox 1402 757 1447 792; x_wconf 74' lang='lat' dir='ltr'>H.,</span> <span class='ocrx_word' id='word_1_184' title='bbox 1465 759 1543 786; x_wconf 84' lang='lat' dir='ltr'>unde</span> <span class='ocrx_word' id='word_1_185' title='bbox 1558 759 1712 786; x_wconf 86' lang='lat' dir='ltr'>Cornarius</span> <span class='ocrx_word' id='word_1_186' title='bbox 1727 759 1845 792; x_wconf 78' lang='lat' dir='ltr'>vertit,«</span> <span class='ocrx_word' id='word_1_187' title='bbox 1857 762 1924 795; x_wconf 88' lang='lat' dir='ltr'>gut-</span> 
     </span>
    </p>
   </div>
   <div class='ocr_carea' id='block_1_31' title="bbox 1097 801 1925 839">
    <p class='ocr_par' dir='ltr' id='par_1_31' title="bbox 1097 801 1925 839">
     <span class='ocr_line' id='line_1_31' title="bbox 1097 801 1925 839; baseline 0.005 -11"><span class='ocrx_word' id='word_1_188' title='bbox 1097 803 1141 828; x_wconf 79' lang='lat' dir='ltr'>tas</span> <span class='ocrx_word' id='word_1_189' title='bbox 1156 801 1239 836; x_wconf 80' lang='lat' dir='ltr'>roris,</span> <span class='ocrx_word' id='word_1_190' title='bbox 1258 811 1269 827; x_wconf 70' lang='grc' dir='ltr'>υ</span> <span class='ocrx_word' id='word_1_191' title='bbox 1288 804 1376 838; x_wconf 87' lang='lat' dir='ltr'>atque</span> <span class='ocrx_word' id='word_1_192' title='bbox 1393 802 1460 830; x_wconf 89' lang='lat' dir='ltr'>huic</span> <span class='ocrx_word' id='word_1_193' title='bbox 1476 803 1594 830; x_wconf 83' lang='lat' dir='ltr'>lectioni</span> <span class='ocrx_word' id='word_1_194' title='bbox 1610 803 1813 839; x_wconf 74' lang='lat' dir='ltr'>suffragantur</span> <span class='ocrx_word' id='word_1_195' title='bbox 1833 804 1925 832; x_wconf 82' lang='lat' dir='ltr'>Biblia</span> 
     </span>
    </p>
   </div>
   <div class='ocr_carea' id='block_1_32' title="bbox 1098 845 1925 884">
    <p class='ocr_par' dir='ltr' id='par_1_32' title="bbox 1098 845 1925 884">
     <span class='ocr_line' id='line_1_32' title="bbox 1098 845 1925 884; baseline 0.005 -12"><span class='ocrx_word' id='word_1_196' title='bbox 1098 845 1283 874; x_wconf 82' lang='lat' dir='ltr'>Plantiniana</span> <span class='ocrx_word' id='word_1_197' title='bbox 1297 855 1331 874; x_wconf 75' lang='lat' dir='ltr'>ex</span> <span class='ocrx_word' id='word_1_198' title='bbox 1355 847 1615 883; x_wconf 84' lang='lat' dir='ltr'>Complutensibus</span> <span class='ocrx_word' id='word_1_199' title='bbox 1631 856 1780 884; x_wconf 86' lang='lat' dir='ltr'>expressa,</span> <span class='ocrx_word' id='word_1_200' title='bbox 1797 851 1826 876; x_wconf 92' lang='lat' dir='ltr'>ct</span> <span class='ocrx_word' id='word_1_201' title='bbox 1842 849 1925 876; x_wconf 89' lang='lat' dir='ltr'>Basi-</span> 
     </span>
    </p>
   </div>
   <div class='ocr_carea' id='block_1_33' title="bbox 1098 890 1926 928">
    <p class='ocr_par' dir='ltr' id='par_1_33' title="bbox 1098 890 1926 928">
     <span class='ocr_line' id='line_1_33' title="bbox 1098 890 1926 928; baseline 0.002 -10"><span class='ocrx_word' id='word_1_202' title='bbox 1098 890 1212 924; x_wconf 82' lang='lat' dir='ltr'>liensia,</span> <span class='ocrx_word' id='word_1_203' title='bbox 1229 891 1296 919; x_wconf 84' lang='lat' dir='ltr'>licet</span> <span class='ocrx_word' id='word_1_204' title='bbox 1312 891 1341 918; x_wconf 90' lang='lat' dir='ltr'>in</span> <span class='ocrx_word' id='word_1_205' title='bbox 1365 891 1411 919; x_wconf 88' lang='lat' dir='ltr'>his</span> <span class='ocrx_word' id='word_1_206' title='bbox 1432 900 1584 928; x_wconf 83' lang='lat' dir='ltr'>perperam</span> <span class='ocrx_word' id='word_1_207' title='bbox 1600 901 1717 921; x_wconf 88' lang='lat' dir='ltr'>versum</span> <span class='ocrx_word' id='word_1_208' title='bbox 1734 893 1783 926; x_wconf 86' lang='lat' dir='ltr'>sit,</span> <span class='ocrx_word' id='word_1_209' title='bbox 1801 893 1926 928; x_wconf 76' lang='lat' dir='ltr'>«jactus</span> 
     </span>
    </p>
   </div>
   <div class='ocr_carea' id='block_1_34' title="bbox 220 927 1050 977">
    <p class='ocr_par' dir='ltr' id='par_1_34' title="bbox 220 927 1041 964">
     <span class='ocr_line' id='line_1_34' title="bbox 220 927 1041 964; baseline -0.001 -8"><span class='ocrx_word' id='word_1_210' title='bbox 220 927 410 964; x_wconf 80' lang='lat' dir='ltr'>etymologiae</span> <span class='ocrx_word' id='word_1_211' title='bbox 426 936 542 964; x_wconf 87' lang='lat' dir='ltr'>quoque</span> <span class='ocrx_word' id='word_1_212' title='bbox 559 929 716 957; x_wconf 88' lang='lat' dir='ltr'>verborum</span> <span class='ocrx_word' id='word_1_213' title='bbox 738 929 896 957; x_wconf 79' lang='lat' dir='ltr'>transferre</span> <span class='ocrx_word' id='word_1_214' title='bbox 919 930 1041 956; x_wconf 84' lang='lat' dir='ltr'>conatus</span> 
     </span>
    </p>
   </div>
   <div class='ocr_carea' id='block_1_35' title="bbox 1107 927 1925 977">
    <p class='ocr_par' dir='ltr' id='par_1_35' title="bbox 1107 927 1925 974">
     <span class='ocr_line' id='line_1_35' title="bbox 1107 927 1925 974; baseline 0.005 -12"><span class='ocrx_word' id='word_1_215' title='bbox 1107 935 1200 963; x_wconf 68' lang='lat' dir='ltr'>oris.»</span> <span class='ocrx_word' id='word_1_216' title='bbox 1209 935 1335 971; x_wconf 80' lang='lat' dir='ltr'>Vulgata</span> <span class='ocrx_word' id='word_1_217' title='bbox 1350 927 1454 964; x_wconf 72' lang='lat' dir='ltr'>Lexica</span> <span class='ocrx_word' id='word_1_218' title='bbox 1467 927 1567 974; x_wconf 67' lang='grc' dir='ltr'>βὸλους</span> <span class='ocrx_word' id='word_1_219' title='bbox 1577 935 1674 974; x_wconf 78' lang='grc' dir='ltr'>δρόσου</span> <span class='ocrx_word' id='word_1_220' title='bbox 1686 927 1838 973; x_wconf 81' lang='lat' dir='ltr'>exponunt</span> <span class='ocrx_word' id='word_1_221' title='bbox 1848 938 1925 973; x_wconf 86' lang='lat' dir='ltr'>apud</span> 
     </span>
    </p>
   </div>
   <div class='ocr_carea' id='block_1_36' title="bbox 220 973 1041 1009">
    <p class='ocr_par' dir='ltr' id='par_1_36' title="bbox 220 973 1041 1009">
     <span class='ocr_line' id='line_1_36' title="bbox 220 973 1041 1009; baseline 0 -9"><span class='ocrx_word' id='word_1_222' title='bbox 220 974 276 1000; x_wconf 86' lang='lat' dir='ltr'>est.</span> <span class='ocrx_word' id='word_1_223' title='bbox 291 981 307 998; x_wconf 73' lang='grc' dir='ltr'>ιο</span> <span class='ocrx_word' id='word_1_224' title='bbox 322 973 357 1000; x_wconf 87' lang='lat' dir='ltr'>Et</span> <span class='ocrx_word' id='word_1_225' title='bbox 371 973 456 1008; x_wconf 88' lang='lat' dir='ltr'>epist.</span> <span class='ocrx_word' id='word_1_226' title='bbox 481 974 533 1001; x_wconf 76' lang='grc'>439</span> <span class='ocrx_word' id='word_1_227' title='bbox 549 982 556 1002; x_wconf 86' lang='lat'>:</span> <span class='ocrx_word' id='word_1_228' title='bbox 575 984 587 999; x_wconf 69' lang='grc' dir='ltr'>α</span> <span class='ocrx_word' id='word_1_229' title='bbox 610 973 726 1009; x_wconf 88' lang='lat' dir='ltr'>Aquila,</span> <span class='ocrx_word' id='word_1_230' title='bbox 742 974 791 1009; x_wconf 90' lang='lat' dir='ltr'>qui</span> <span class='ocrx_word' id='word_1_231' title='bbox 809 974 963 1001; x_wconf 87' lang='lat' dir='ltr'>verborum</span> <span class='ocrx_word' id='word_1_232' title='bbox 984 973 1041 1000; x_wconf 86' lang='lat' dir='ltr'>Hc-</span> 
     </span>
    </p>
   </div>
   <div class='ocr_carea' id='block_1_37' title="bbox 219 1017 1042 1054">
    <p class='ocr_par' dir='ltr' id='par_1_37' title="bbox 219 1017 1042 1054">
     <span class='ocr_line' id='line_1_37' title="bbox 219 1017 1042 1054; baseline 0.001 -10"><span class='ocrx_word' id='word_1_233' title='bbox 219 1017 364 1045; x_wconf 69' lang='lat' dir='ltr'>braaorum</span> <span class='ocrx_word' id='word_1_234' title='bbox 380 1017 627 1054; x_wconf 81' lang='lat' dir='ltr'>diligentissimus</span> <span class='ocrx_word' id='word_1_235' title='bbox 642 1018 802 1054; x_wconf 81' lang='lat' dir='ltr'>explicator</span> <span class='ocrx_word' id='word_1_236' title='bbox 815 1021 870 1046; x_wconf 90' lang='lat' dir='ltr'>est.</span> <span class='ocrx_word' id='word_1_237' title='bbox 882 1018 969 1046; x_wconf 78' lang='lat' dir='ltr'>nEtin</span> <span class='ocrx_word' id='word_1_238' title='bbox 978 1026 1042 1045; x_wconf 56' lang='grc' dir='ltr'>ηιξ</span> 
     </span>
    </p>
   </div>
   <div class='ocr_carea' id='block_1_38' title="bbox 221 1061 1041 1099">
    <p class='ocr_par' dir='ltr' id='par_1_38' title="bbox 221 1061 1041 1099">
     <span class='ocr_line' id='line_1_38' title="bbox 221 1061 1041 1099; baseline 0.001 -11"><span class='ocrx_word' id='word_1_239' title='bbox 221 1061 314 1097; x_wconf 68' lang='lat' dir='ltr'>Isaiae,</span> <span class='ocrx_word' id='word_1_240' title='bbox 330 1070 405 1090; x_wconf 87' lang='lat' dir='ltr'>vers.</span> <span class='ocrx_word' id='word_1_241' title='bbox 422 1062 458 1090; x_wconf 88' lang='lat'>6:</span> <span class='ocrx_word' id='word_1_242' title='bbox 472 1074 486 1088; x_wconf 78' lang='grc' dir='ltr'>ιι</span> <span class='ocrx_word' id='word_1_243' title='bbox 504 1063 542 1090; x_wconf 87' lang='lat' dir='ltr'>De</span> <span class='ocrx_word' id='word_1_244' title='bbox 556 1062 661 1099; x_wconf 89' lang='lat' dir='ltr'>Aquila</span> <span class='ocrx_word' id='word_1_245' title='bbox 670 1071 728 1091; x_wconf 88' lang='lat' dir='ltr'>non</span> <span class='ocrx_word' id='word_1_246' title='bbox 741 1063 843 1096; x_wconf 90' lang='lat' dir='ltr'>miror,</span> <span class='ocrx_word' id='word_1_247' title='bbox 860 1063 938 1098; x_wconf 88' lang='lat' dir='ltr'>quod</span> <span class='ocrx_word' id='word_1_248' title='bbox 954 1063 1041 1090; x_wconf 91' lang='lat' dir='ltr'>homo</span> 
     </span>
    </p>
   </div>
   <div class='ocr_carea' id='block_1_39' title="bbox 219 1106 1042 1143">
    <p class='ocr_par' dir='ltr' id='par_1_39' title="bbox 219 1106 1042 1143">
     <span class='ocr_line' id='line_1_39' title="bbox 219 1106 1042 1143; baseline 0.001 -10"><span class='ocrx_word' id='word_1_249' title='bbox 219 1106 439 1134; x_wconf 84' lang='lat' dir='ltr'>eruditissimus</span> <span class='ocrx_word' id='word_1_250' title='bbox 455 1106 560 1143; x_wconf 70' lang='lat' dir='ltr'>linguis</span> <span class='ocrx_word' id='word_1_251' title='bbox 576 1107 743 1142; x_wconf 50' lang='lat' dir='ltr'>Hebraeae,“</span> <span class='ocrx_word' id='word_1_252' title='bbox 760 1108 891 1141; x_wconf 82' lang='lat' dir='ltr'>verbum,</span> <span class='ocrx_word' id='word_1_253' title='bbox 904 1108 940 1135; x_wconf 87' lang='lat' dir='ltr'>de</span> <span class='ocrx_word' id='word_1_254' title='bbox 956 1109 1042 1135; x_wconf 87' lang='lat' dir='ltr'>verbo</span> 
     </span>
    </p>
   </div>
   <div class='ocr_carea' id='block_1_40' title="bbox 221 1151 1042 1186">
    <p class='ocr_par' dir='ltr' id='par_1_40' title="bbox 221 1151 1042 1186">
     <span class='ocr_line' id='line_1_40' title="bbox 221 1151 1042 1186; baseline 0.001 -8"><span class='ocrx_word' id='word_1_255' title='bbox 221 1151 416 1186; x_wconf 85' lang='lat' dir='ltr'>exprimens.»</span> <span class='ocrx_word' id='word_1_256' title='bbox 429 1154 510 1179; x_wconf 83' lang='lat' dir='ltr'>Hunc</span> <span class='ocrx_word' id='word_1_257' title='bbox 524 1155 621 1180; x_wconf 87' lang='lat' dir='ltr'>autem</span> <span class='ocrx_word' id='word_1_258' title='bbox 634 1152 731 1180; x_wconf 90' lang='lat' dir='ltr'>locum</span> <span class='ocrx_word' id='word_1_259' title='bbox 748 1153 971 1181; x_wconf 89' lang='lat' dir='ltr'>Proverbiorum</span> <span class='ocrx_word' id='word_1_260' title='bbox 981 1160 1042 1186; x_wconf 83' lang='lat' dir='ltr'>vm,</span> 
     </span>
    </p>
   </div>
   <div class='ocr_carea' id='block_1_41' title="bbox 221 1195 1043 1233">
    <p class='ocr_par' dir='ltr' id='par_1_41' title="bbox 221 1195 1043 1233">
     <span class='ocr_line' id='line_1_41' title="bbox 221 1195 1043 1233; baseline 0.001 -11"><span class='ocrx_word' id='word_1_261' title='bbox 221 1196 268 1228; x_wconf 82' lang='lat'>22,</span> <span class='ocrx_word' id='word_1_262' title='bbox 289 1195 330 1223; x_wconf 87' lang='lat' dir='ltr'>ita</span> <span class='ocrx_word' id='word_1_263' title='bbox 353 1196 472 1224; x_wconf 80' lang='lat' dir='ltr'>vertisse</span> <span class='ocrx_word' id='word_1_264' title='bbox 500 1197 648 1233; x_wconf 82' lang='lat' dir='ltr'>Aquilam,</span> <span class='ocrx_word' id='word_1_265' title='bbox 673 1199 706 1225; x_wconf 87' lang='lat' dir='ltr'>ut</span> <span class='ocrx_word' id='word_1_266' title='bbox 727 1197 878 1233; x_wconf 85' lang='lat' dir='ltr'>scripserit</span> <span class='ocrx_word' id='word_1_267' title='bbox 901 1196 1043 1231; x_wconf 71' lang='grc' dir='ltr'>ἐκτήσατο,</span> 
     </span>
    </p>
   </div>
   <div class='ocr_carea' id='block_1_42' title="bbox 221 1240 1044 1277">
    <p class='ocr_par' dir='ltr' id='par_1_42' title="bbox 221 1240 1044 1277">
     <span class='ocr_line' id='line_1_42' title="bbox 221 1240 1044 1277; baseline 0 -9"><span class='ocrx_word' id='word_1_268' title='bbox 221 1240 353 1276; x_wconf 76' lang='lat' dir='ltr'>possedit,</span> <span class='ocrx_word' id='word_1_269' title='bbox 375 1240 424 1268; x_wconf 87' lang='lat' dir='ltr'>ubi</span> <span class='ocrx_word' id='word_1_270' title='bbox 446 1240 517 1268; x_wconf 82' lang='lat' dir='ltr'>LXX</span> <span class='ocrx_word' id='word_1_271' title='bbox 532 1241 666 1268; x_wconf 82' lang='lat' dir='ltr'>dixerunt</span> <span class='ocrx_word' id='word_1_272' title='bbox 690 1240 787 1274; x_wconf 76' lang='grc' dir='ltr'>ἔκτισε,</span> <span class='ocrx_word' id='word_1_273' title='bbox 812 1241 896 1268; x_wconf 84' lang='lat' dir='ltr'>docet</span> <span class='ocrx_word' id='word_1_274' title='bbox 919 1241 1044 1277; x_wconf 81' lang='lat' dir='ltr'>Epipha-</span> 
     </span>
    </p>
   </div>
   <div class='ocr_carea' id='block_1_43' title="bbox 225 1282 1044 1321">
    <p class='ocr_par' dir='ltr' id='par_1_43' title="bbox 225 1282 1044 1321">
     <span class='ocr_line' id='line_1_43' title="bbox 225 1282 1044 1321; baseline -0.002 -9"><span class='ocrx_word' id='word_1_275' title='bbox 225 1284 292 1312; x_wconf 87' lang='lat' dir='ltr'>nius</span> <span class='ocrx_word' id='word_1_276' title='bbox 316 1284 418 1312; x_wconf 75' lang='lat' dir='ltr'>haaresi</span> <span class='ocrx_word' id='word_1_277' title='bbox 433 1285 477 1319; x_wconf 85' lang='lat'>69,</span> <span class='ocrx_word' id='word_1_278' title='bbox 498 1293 526 1320; x_wconf 87' lang='lat' dir='ltr'>p.</span> <span class='ocrx_word' id='word_1_279' title='bbox 543 1285 594 1312; x_wconf 77' lang='lat'>320</span> <span class='ocrx_word' id='word_1_280' title='bbox 611 1285 664 1312; x_wconf 71' lang='lat' dir='ltr'>:Tb</span> <span class='ocrx_word' id='word_1_281' title='bbox 680 1283 708 1312; x_wconf 74' lang='grc' dir='ltr'>δὲ</span> <span class='ocrx_word' id='word_1_282' title='bbox 724 1282 867 1319; x_wconf 68' lang='grc' dir='ltr'>Ἐῧραῖκὸν</span> <span class='ocrx_word' id='word_1_283' title='bbox 889 1284 942 1321; x_wconf 79' lang='grc' dir='ltr'>οὐχ</span> <span class='ocrx_word' id='word_1_284' title='bbox 958 1284 1044 1314; x_wconf 71' lang='grc' dir='ltr'>οῧτως</span> 
     </span>
    </p>
   </div>
   <div class='ocr_carea' id='block_1_44' title="bbox 225 1326 1044 1366">
    <p class='ocr_par' dir='ltr' id='par_1_44' title="bbox 225 1326 1044 1366">
     <span class='ocr_line' id='line_1_44' title="bbox 225 1326 1044 1366; baseline 0 -11"><span class='ocrx_word' id='word_1_285' title='bbox 225 1326 284 1366; x_wconf 77' lang='grc' dir='ltr'>ἔχει</span> <span class='ocrx_word' id='word_1_286' title='bbox 301 1350 308 1362; x_wconf 87' lang='grc'>,</span> <span class='ocrx_word' id='word_1_287' title='bbox 336 1328 395 1356; x_wconf 76' lang='grc' dir='ltr'>ὅθεν</span> <span class='ocrx_word' id='word_1_288' title='bbox 418 1328 537 1359; x_wconf 64' lang='grc' dir='ltr'>’Δκύλοις</span> <span class='ocrx_word' id='word_1_289' title='bbox 566 1328 638 1366; x_wconf 66' lang='grc' dir='ltr'>λέγει</span> <span class='ocrx_word' id='word_1_290' title='bbox 656 1338 662 1344; x_wconf 82' lang='grc'><em>’</em></span> <span class='ocrx_word' id='word_1_291' title='bbox 690 1329 790 1366; x_wconf 73' lang='grc' dir='ltr'>Κύριος</span> <span class='ocrx_word' id='word_1_292' title='bbox 819 1329 949 1364; x_wconf 73' lang='grc' dir='ltr'>ἐκτήσατό</span> <span class='ocrx_word' id='word_1_293' title='bbox 989 1339 1021 1364; x_wconf 83' lang='grc' dir='ltr'>με</span> <span class='ocrx_word' id='word_1_294' title='bbox 1038 1350 1044 1356; x_wconf 93' lang='grc'>,</span> 
     </span>
    </p>
   </div>
   <div class='ocr_carea' id='block_1_45' title="bbox 226 1371 1044 1411">
    <p class='ocr_par' dir='ltr' id='par_1_45' title="bbox 226 1371 1044 1411">
     <span class='ocr_line' id='line_1_45' title="bbox 226 1371 1044 1411; baseline -0.001 -11"><span class='ocrx_word' id='word_1_295' title='bbox 226 1373 280 1401; x_wconf 74' lang='grc' dir='ltr'>Ἀεὶ</span> <span class='ocrx_word' id='word_1_296' title='bbox 309 1371 337 1400; x_wconf 73' lang='grc' dir='ltr'>δὶ</span> <span class='ocrx_word' id='word_1_297' title='bbox 366 1373 391 1400; x_wconf 74' lang='grc' dir='ltr'>οἱ</span> <span class='ocrx_word' id='word_1_298' title='bbox 419 1375 560 1411; x_wconf 78' lang='grc' dir='ltr'>γεννῶντες</span> <span class='ocrx_word' id='word_1_299' title='bbox 585 1372 683 1404; x_wconf 68' lang='grc' dir='ltr'>παῖδας</span> <span class='ocrx_word' id='word_1_300' title='bbox 709 1373 845 1411; x_wconf 70' lang='grc' dir='ltr'>λέγουσίν,</span> <span class='ocrx_word' id='word_1_301' title='bbox 871 1373 1044 1410; x_wconf 77' lang='grc' dir='ltr'>Ἐκτησάμην</span> 
     </span>
    </p>
   </div>
   <div class='ocr_carea' id='block_1_46' title="bbox 225 1417 1049 1454">
    <p class='ocr_par' dir='ltr' id='par_1_46' title="bbox 225 1417 1049 1454">
     <span class='ocr_line' id='line_1_46' title="bbox 225 1417 1049 1454; baseline 0.001 -9"><span class='ocrx_word' id='word_1_302' title='bbox 225 1417 293 1445; x_wconf 76' lang='grc' dir='ltr'>υἱόν.</span> <span class='ocrx_word' id='word_1_303' title='bbox 310 1429 324 1443; x_wconf 85' lang='grc'>‹‹</span> <span class='ocrx_word' id='word_1_304' title='bbox 342 1418 495 1446; x_wconf 61' lang='lat' dir='ltr'>Hebreum</span> <span class='ocrx_word' id='word_1_305' title='bbox 507 1422 604 1446; x_wconf 89' lang='lat' dir='ltr'>autem</span> <span class='ocrx_word' id='word_1_306' title='bbox 621 1427 679 1446; x_wconf 88' lang='lat' dir='ltr'>non</span> <span class='ocrx_word' id='word_1_307' title='bbox 695 1419 737 1447; x_wconf 88' lang='lat' dir='ltr'>sic</span> <span class='ocrx_word' id='word_1_308' title='bbox 753 1419 932 1453; x_wconf 82' lang='lat' dir='ltr'>habet,unde</span> <span class='ocrx_word' id='word_1_309' title='bbox 942 1418 1049 1454; x_wconf 88' lang='lat' dir='ltr'>Aquila</span> 
     </span>
    </p>
   </div>
   <div class='ocr_carea' id='block_1_47' title="bbox 225 1462 1048 1499">
    <p class='ocr_par' dir='ltr' id='par_1_47' title="bbox 225 1462 1048 1499">
     <span class='ocr_line' id='line_1_47' title="bbox 225 1462 1048 1499; baseline 0 -9"><span class='ocrx_word' id='word_1_310' title='bbox 225 1462 307 1496; x_wconf 86' lang='lat' dir='ltr'>dicit,</span> <span class='ocrx_word' id='word_1_311' title='bbox 322 1463 451 1491; x_wconf 82' lang='lat' dir='ltr'>Dominus</span> <span class='ocrx_word' id='word_1_312' title='bbox 469 1463 588 1499; x_wconf 78' lang='lat' dir='ltr'>possedit</span> <span class='ocrx_word' id='word_1_313' title='bbox 611 1471 653 1491; x_wconf 79' lang='lat' dir='ltr'>me</span> <span class='ocrx_word' id='word_1_314' title='bbox 670 1472 676 1490; x_wconf 73' lang='grc' dir='ltr'>ε</span> <span class='ocrx_word' id='word_1_315' title='bbox 694 1471 810 1499; x_wconf 88' lang='lat' dir='ltr'>semper</span> <span class='ocrx_word' id='word_1_316' title='bbox 824 1466 923 1491; x_wconf 86' lang='lat' dir='ltr'>autem</span> <span class='ocrx_word' id='word_1_317' title='bbox 941 1463 981 1498; x_wconf 92' lang='lat' dir='ltr'>hi,</span> <span class='ocrx_word' id='word_1_318' title='bbox 998 1463 1048 1498; x_wconf 88' lang='lat' dir='ltr'>qui</span> 
     </span>
    </p>
   </div>
   <div class='ocr_carea' id='block_1_48' title="bbox 227 1507 1048 1544">
    <p class='ocr_par' dir='ltr' id='par_1_48' title="bbox 227 1507 1048 1544">
     <span class='ocr_line' id='line_1_48' title="bbox 227 1507 1048 1544; baseline 0.001 -10"><span class='ocrx_word' id='word_1_319' title='bbox 227 1507 302 1535; x_wconf 84' lang='lat' dir='ltr'>ﬁlios</span> <span class='ocrx_word' id='word_1_320' title='bbox 325 1510 479 1543; x_wconf 83' lang='lat' dir='ltr'>generant,</span> <span class='ocrx_word' id='word_1_321' title='bbox 501 1509 613 1542; x_wconf 89' lang='lat' dir='ltr'>dicunt,</span> <span class='ocrx_word' id='word_1_322' title='bbox 640 1508 758 1536; x_wconf 82' lang='lat' dir='ltr'>Possedi</span> <span class='ocrx_word' id='word_1_323' title='bbox 773 1508 818 1536; x_wconf 88' lang='lat' dir='ltr'>vel</span> <span class='ocrx_word' id='word_1_324' title='bbox 842 1509 966 1544; x_wconf 87' lang='lat' dir='ltr'>adeptus</span> <span class='ocrx_word' id='word_1_325' title='bbox 982 1516 1048 1535; x_wconf 88' lang='lat' dir='ltr'>sum</span> 
     </span>
    </p>
   </div>
   <div class='ocr_carea' id='block_1_49' title="bbox 227 1551 1050 1589">
    <p class='ocr_par' dir='ltr' id='par_1_49' title="bbox 227 1551 1050 1589">
     <span class='ocr_line' id='line_1_49' title="bbox 227 1551 1050 1589; baseline 0 -10"><span class='ocrx_word' id='word_1_326' title='bbox 227 1551 331 1580; x_wconf 83' lang='lat' dir='ltr'>ﬁlium.</span> <span class='ocrx_word' id='word_1_327' title='bbox 349 1551 517 1588; x_wconf 73' lang='lat' dir='ltr'>nlntelligit</span> <span class='ocrx_word' id='word_1_328' title='bbox 541 1553 629 1581; x_wconf 84' lang='lat' dir='ltr'>Evam</span> <span class='ocrx_word' id='word_1_329' title='bbox 655 1553 854 1589; x_wconf 84' lang='lat' dir='ltr'>potissimum,</span> <span class='ocrx_word' id='word_1_330' title='bbox 881 1554 966 1588; x_wconf 87' lang='lat' dir='ltr'>cujus</span> <span class='ocrx_word' id='word_1_331' title='bbox 989 1552 1050 1580; x_wconf 67' lang='lat' dir='ltr'>hec</span> 
     </span>
    </p>
   </div>
   <div class='ocr_carea' id='block_1_50' title="bbox 228 1598 1051 1633">
    <p class='ocr_par' dir='ltr' id='par_1_50' title="bbox 228 1598 1051 1633">
     <span class='ocr_line' id='line_1_50' title="bbox 228 1598 1051 1633; baseline 0 -7"><span class='ocrx_word' id='word_1_332' title='bbox 228 1600 298 1626; x_wconf 85' lang='lat' dir='ltr'>sunt</span> <span class='ocrx_word' id='word_1_333' title='bbox 326 1598 424 1632; x_wconf 88' lang='lat' dir='ltr'>verba,</span> <span class='ocrx_word' id='word_1_334' title='bbox 454 1599 558 1626; x_wconf 73' lang='lat' dir='ltr'>(lenes.</span> <span class='ocrx_word' id='word_1_335' title='bbox 590 1607 628 1631; x_wconf 85' lang='lat' dir='ltr'>rv,</span> <span class='ocrx_word' id='word_1_336' title='bbox 659 1599 684 1633; x_wconf 83' lang='lat'>1,</span> <span class='ocrx_word' id='word_1_337' title='bbox 702 1599 813 1626; x_wconf 83' lang='lat' dir='ltr'>Possedi</span> <span class='ocrx_word' id='word_1_338' title='bbox 841 1599 978 1626; x_wconf 76' lang='lat' dir='ltr'>hominem</span> <span class='ocrx_word' id='word_1_339' title='bbox 1001 1606 1051 1633; x_wconf 76' lang='lat' dir='ltr'>per</span> 
     </span>
    </p>
   </div>
   <div class='ocr_carea' id='block_1_51' title="bbox 1100 979 1927 1014">
    <p class='ocr_par' dir='ltr' id='par_1_51' title="bbox 1100 979 1927 1014">
     <span class='ocr_line' id='line_1_51' title="bbox 1100 979 1927 1014; baseline 0.004 -7"><span class='ocrx_word' id='word_1_340' title='bbox 1100 979 1314 1007; x_wconf 82' lang='lat' dir='ltr'>Nazianzenum</span> <span class='ocrx_word' id='word_1_341' title='bbox 1332 991 1345 1005; x_wconf 82' lang='grc'><strong>‹‹</strong></span> <span class='ocrx_word' id='word_1_342' title='bbox 1362 980 1458 1009; x_wconf 84' lang='lat' dir='ltr'>stillas</span> <span class='ocrx_word' id='word_1_343' title='bbox 1484 982 1569 1014; x_wconf 85' lang='lat' dir='ltr'>roris,</span> <span class='ocrx_word' id='word_1_344' title='bbox 1582 992 1595 1007; x_wconf 85' lang='grc'><strong>››</strong></span> <span class='ocrx_word' id='word_1_345' title='bbox 1615 985 1646 1009; x_wconf 88' lang='lat' dir='ltr'>ut</span> <span class='ocrx_word' id='word_1_346' title='bbox 1669 982 1808 1010; x_wconf 84' lang='lat' dir='ltr'>admonet</span> <span class='ocrx_word' id='word_1_347' title='bbox 1824 985 1927 1010; x_wconf 86' lang='lat' dir='ltr'>auctor</span> 
     </span>
    </p>
   </div>
   <div class='ocr_carea' id='block_1_52' title="bbox 1098 1024 1926 1062">
    <p class='ocr_par' dir='ltr' id='par_1_52' title="bbox 1098 1024 1926 1062">
     <span class='ocr_line' id='line_1_52' title="bbox 1098 1024 1926 1062; baseline 0.005 -11"><span class='ocrx_word' id='word_1_348' title='bbox 1098 1024 1185 1053; x_wconf 70' lang='lat' dir='ltr'>Graeci</span> <span class='ocrx_word' id='word_1_349' title='bbox 1203 1025 1343 1058; x_wconf 78' lang='lat' dir='ltr'>Thesauri,</span> <span class='ocrx_word' id='word_1_350' title='bbox 1359 1025 1408 1061; x_wconf 91' lang='lat' dir='ltr'>qui</span> <span class='ocrx_word' id='word_1_351' title='bbox 1431 1025 1513 1054; x_wconf 86' lang='lat' dir='ltr'>locus</span> <span class='ocrx_word' id='word_1_352' title='bbox 1534 1028 1578 1054; x_wconf 87' lang='lat' dir='ltr'>est</span> <span class='ocrx_word' id='word_1_353' title='bbox 1593 1027 1722 1055; x_wconf 87' lang='lat' dir='ltr'>oratione</span> <span class='ocrx_word' id='word_1_354' title='bbox 1736 1027 1782 1060; x_wconf 74' lang='grc'>34,</span> <span class='ocrx_word' id='word_1_355' title='bbox 1799 1035 1866 1062; x_wconf 74' lang='lat' dir='ltr'>quae</span> <span class='ocrx_word' id='word_1_356' title='bbox 1881 1030 1926 1055; x_wconf 87' lang='lat' dir='ltr'>est</span> 
     </span>
    </p>
   </div>
   <div class='ocr_carea' id='block_1_53' title="bbox 1097 1069 1926 1107">
    <p class='ocr_par' dir='ltr' id='par_1_53' title="bbox 1097 1069 1926 1107">
     <span class='ocr_line' id='line_1_53' title="bbox 1097 1069 1926 1107; baseline 0.002 -11"><span class='ocrx_word' id='word_1_357' title='bbox 1097 1069 1227 1097; x_wconf 84' lang='lat' dir='ltr'>secunda</span> <span class='ocrx_word' id='word_1_358' title='bbox 1251 1070 1286 1097; x_wconf 86' lang='lat' dir='ltr'>de</span> <span class='ocrx_word' id='word_1_359' title='bbox 1308 1069 1478 1105; x_wconf 78' lang='lat' dir='ltr'>Theologia,</span> <span class='ocrx_word' id='word_1_360' title='bbox 1503 1079 1532 1106; x_wconf 94' lang='lat' dir='ltr'>p.</span> <span class='ocrx_word' id='word_1_361' title='bbox 1556 1072 1620 1104; x_wconf 82' lang='grc'>557,</span> <span class='ocrx_word' id='word_1_362' title='bbox 1646 1072 1696 1099; x_wconf 87' lang='lat' dir='ltr'>ubi</span> <span class='ocrx_word' id='word_1_363' title='bbox 1712 1072 1759 1099; x_wconf 90' lang='lat' dir='ltr'>hic</span> <span class='ocrx_word' id='word_1_364' title='bbox 1782 1071 1848 1107; x_wconf 85' lang='lat' dir='ltr'>ipse</span> <span class='ocrx_word' id='word_1_365' title='bbox 1863 1072 1926 1100; x_wconf 82' lang='lat' dir='ltr'>Jobi</span> 
     </span>
    </p>
   </div>
   <div class='ocr_carea' id='block_1_54' title="bbox 1098 1114 1929 1150">
    <p class='ocr_par' dir='ltr' id='par_1_54' title="bbox 1098 1114 1929 1150">
     <span class='ocr_line' id='line_1_54' title="bbox 1098 1114 1929 1150; baseline 0.002 -9"><span class='ocrx_word' id='word_1_366' title='bbox 1098 1122 1200 1142; x_wconf 87' lang='lat' dir='ltr'>versus</span> <span class='ocrx_word' id='word_1_367' title='bbox 1216 1114 1246 1141; x_wconf 89' lang='lat' dir='ltr'>in</span> <span class='ocrx_word' id='word_1_368' title='bbox 1262 1114 1391 1142; x_wconf 86' lang='lat' dir='ltr'>medium</span> <span class='ocrx_word' id='word_1_369' title='bbox 1409 1115 1539 1150; x_wconf 81' lang='lat' dir='ltr'>atfertur,</span> <span class='ocrx_word' id='word_1_370' title='bbox 1552 1115 1620 1143; x_wconf 85' lang='lat' dir='ltr'>licet</span> <span class='ocrx_word' id='word_1_371' title='bbox 1635 1115 1929 1143; x_wconf 86' lang='lat' dir='ltr'>doctissimusinter-</span> 
     </span>
    </p>
   </div>
   <div class='ocr_carea' id='block_1_55' title="bbox 1101 1157 1926 1195">
    <p class='ocr_par' dir='ltr' id='par_1_55' title="bbox 1101 1157 1926 1195">
     <span class='ocr_line' id='line_1_55' title="bbox 1101 1157 1926 1195; baseline 0 -9"><span class='ocrx_word' id='word_1_372' title='bbox 1101 1167 1166 1195; x_wconf 87' lang='lat' dir='ltr'>pres</span> <span class='ocrx_word' id='word_1_373' title='bbox 1183 1157 1291 1195; x_wconf 80' lang='grc' dir='ltr'>βώλους</span> <span class='ocrx_word' id='word_1_374' title='bbox 1307 1159 1413 1195; x_wconf 86' lang='lat' dir='ltr'>legisse</span> <span class='ocrx_word' id='word_1_375' title='bbox 1427 1160 1568 1193; x_wconf 88' lang='lat' dir='ltr'>videatur,</span> <span class='ocrx_word' id='word_1_376' title='bbox 1586 1168 1652 1188; x_wconf 89' lang='lat' dir='ltr'>cum</span> <span class='ocrx_word' id='word_1_377' title='bbox 1671 1172 1685 1185; x_wconf 83' lang='grc' dir='ltr'><strong><em>α</em></strong></span> <span class='ocrx_word' id='word_1_378' title='bbox 1701 1160 1802 1195; x_wconf 82' lang='lat' dir='ltr'>glebas</span> <span class='ocrx_word' id='word_1_379' title='bbox 1819 1160 1897 1188; x_wconf 87' lang='lat' dir='ltr'>roris</span> <span class='ocrx_word' id='word_1_380' title='bbox 1915 1171 1926 1186; x_wconf 77' lang='grc' dir='ltr'><strong><em>ι</em></strong></span> 
     </span>
    </p>
   </div>
   <div class='ocr_carea' id='block_1_56' title="bbox 1101 1203 1930 1241">
    <p class='ocr_par' dir='ltr' id='par_1_56' title="bbox 1101 1203 1930 1241">
     <span class='ocr_line' id='line_1_56' title="bbox 1101 1203 1930 1241; baseline 0.002 -11"><span class='ocrx_word' id='word_1_381' title='bbox 1101 1203 1199 1237; x_wconf 87' lang='lat' dir='ltr'>vertit;</span> <span class='ocrx_word' id='word_1_382' title='bbox 1217 1203 1343 1238; x_wconf 82' lang='lat' dir='ltr'>denique</span> <span class='ocrx_word' id='word_1_383' title='bbox 1367 1203 1494 1239; x_wconf 80' lang='lat' dir='ltr'>Vulgata</span> <span class='ocrx_word' id='word_1_384' title='bbox 1514 1204 1615 1232; x_wconf 84' lang='lat' dir='ltr'>Latina</span> <span class='ocrx_word' id='word_1_385' title='bbox 1639 1205 1726 1238; x_wconf 84' lang='lat' dir='ltr'>favet,</span> <span class='ocrx_word' id='word_1_386' title='bbox 1751 1216 1766 1229; x_wconf 81' lang='grc' dir='ltr'>(ι</span> <span class='ocrx_word' id='word_1_387' title='bbox 1792 1205 1837 1232; x_wconf 82' lang='lat' dir='ltr'>vel</span> <span class='ocrx_word' id='word_1_388' title='bbox 1864 1206 1930 1241; x_wconf 88' lang='lat' dir='ltr'>quis</span> 
     </span>
    </p>
   </div>
   <div class='ocr_carea' id='block_1_57' title="bbox 1100 1248 1930 1283">
    <p class='ocr_par' dir='ltr' id='par_1_57' title="bbox 1100 1248 1930 1283">
     <span class='ocr_line' id='line_1_57' title="bbox 1100 1248 1930 1283; baseline 0.001 -7"><span class='ocrx_word' id='word_1_389' title='bbox 1100 1248 1203 1283; x_wconf 83' lang='lat' dir='ltr'>genuit</span> <span class='ocrx_word' id='word_1_390' title='bbox 1225 1248 1320 1275; x_wconf 85' lang='lat' dir='ltr'>stillas</span> <span class='ocrx_word' id='word_1_391' title='bbox 1345 1248 1442 1276; x_wconf 83' lang='lat' dir='ltr'>roris?</span> <span class='ocrx_word' id='word_1_392' title='bbox 1457 1260 1471 1273; x_wconf 79' lang='lat'><strong><em>»</em></strong></span> <span class='ocrx_word' id='word_1_393' title='bbox 1487 1249 1629 1277; x_wconf 65' lang='lat' dir='ltr'>Caeterum</span> <span class='ocrx_word' id='word_1_394' title='bbox 1643 1249 1689 1277; x_wconf 90' lang='lat' dir='ltr'>his</span> <span class='ocrx_word' id='word_1_395' title='bbox 1702 1250 1800 1277; x_wconf 89' lang='lat' dir='ltr'>verbis</span> <span class='ocrx_word' id='word_1_396' title='bbox 1819 1251 1930 1278; x_wconf 86' lang='lat' dir='ltr'>abusos</span> 
     </span>
    </p>
   </div>
   <div class='ocr_carea' id='block_1_58' title="bbox 1101 1293 1928 1328">
    <p class='ocr_par' dir='ltr' id='par_1_58' title="bbox 1101 1293 1928 1328">
     <span class='ocr_line' id='line_1_58' title="bbox 1101 1293 1928 1328; baseline 0.004 -9"><span class='ocrx_word' id='word_1_397' title='bbox 1101 1293 1193 1320; x_wconf 81' lang='lat' dir='ltr'>fuisse</span> <span class='ocrx_word' id='word_1_398' title='bbox 1209 1293 1357 1328; x_wconf 88' lang='lat' dir='ltr'>quondam</span> <span class='ocrx_word' id='word_1_399' title='bbox 1373 1293 1494 1321; x_wconf 84' lang='lat' dir='ltr'>Arianos</span> <span class='ocrx_word' id='word_1_400' title='bbox 1511 1295 1652 1322; x_wconf 87' lang='lat' dir='ltr'>adversus</span> <span class='ocrx_word' id='word_1_401' title='bbox 1665 1294 1836 1323; x_wconf 84' lang='lat' dir='ltr'>Catholicos</span> <span class='ocrx_word' id='word_1_402' title='bbox 1854 1297 1928 1323; x_wconf 88' lang='lat' dir='ltr'>Con-</span> 
     </span>
    </p>
   </div>
   <div class='ocr_carea' id='block_1_59' title="bbox 1101 1337 1931 1367">
    <p class='ocr_par' dir='ltr' id='par_1_59' title="bbox 1101 1337 1931 1367">
     <span class='ocr_line' id='line_1_59' title="bbox 1101 1337 1931 1367; baseline 0.004 -3"><span class='ocrx_word' id='word_1_403' title='bbox 1101 1337 1306 1365; x_wconf 84' lang='lat' dir='ltr'>substantialis</span> <span class='ocrx_word' id='word_1_404' title='bbox 1329 1338 1496 1366; x_wconf 82' lang='lat' dir='ltr'>defensores</span> <span class='ocrx_word' id='word_1_405' title='bbox 1521 1341 1634 1366; x_wconf 84' lang='lat' dir='ltr'>constat</span> <span class='ocrx_word' id='word_1_406' title='bbox 1658 1347 1692 1367; x_wconf 76' lang='lat' dir='ltr'>ex</span> <span class='ocrx_word' id='word_1_407' title='bbox 1712 1340 1931 1367; x_wconf 85' lang='lat' dir='ltr'>Commentario</span> 
     </span>
    </p>
   </div>
   <div class='ocr_carea' id='block_1_60' title="bbox 1102 1381 1930 1420">
    <p class='ocr_par' dir='ltr' id='par_1_60' title="bbox 1102 1381 1930 1420">
     <span class='ocr_line' id='line_1_60' title="bbox 1102 1381 1930 1420; baseline 0.001 -11"><span class='ocrx_word' id='word_1_408' title='bbox 1102 1381 1339 1417; x_wconf 84' lang='lat' dir='ltr'>Origenitributo</span> <span class='ocrx_word' id='word_1_409' title='bbox 1356 1382 1384 1409; x_wconf 91' lang='lat' dir='ltr'>in</span> <span class='ocrx_word' id='word_1_410' title='bbox 1397 1383 1463 1417; x_wconf 91' lang='lat' dir='ltr'>Job,</span> <span class='ocrx_word' id='word_1_411' title='bbox 1481 1383 1530 1410; x_wconf 91' lang='lat' dir='ltr'>ubi</span> <span class='ocrx_word' id='word_1_412' title='bbox 1548 1383 1606 1410; x_wconf 60' lang='lat' dir='ltr'>hac</span> <span class='ocrx_word' id='word_1_413' title='bbox 1619 1383 1735 1411; x_wconf 85' lang='lat' dir='ltr'>recitari</span> <span class='ocrx_word' id='word_1_414' title='bbox 1747 1383 1842 1418; x_wconf 84' lang='lat' dir='ltr'>jubet</span> <span class='ocrx_word' id='word_1_415' title='bbox 1854 1385 1930 1420; x_wconf 89' lang='lat' dir='ltr'>apud</span> 
     </span>
    </p>
   </div>
   <div class='ocr_carea' id='block_1_61' title="bbox 1103 1426 1932 1460">
    <p class='ocr_par' dir='ltr' id='par_1_61' title="bbox 1103 1426 1932 1460">
     <span class='ocr_line' id='line_1_61' title="bbox 1103 1426 1932 1460; baseline 0.004 -7"><span class='ocrx_word' id='word_1_416' title='bbox 1103 1426 1335 1460; x_wconf 82' lang='lat' dir='ltr'>Homousiastas,</span> <span class='ocrx_word' id='word_1_417' title='bbox 1352 1427 1402 1454; x_wconf 87' lang='lat' dir='ltr'>sed</span> <span class='ocrx_word' id='word_1_418' title='bbox 1419 1426 1481 1454; x_wconf 66' lang='lat' dir='ltr'>haec</span> <span class='ocrx_word' id='word_1_419' title='bbox 1496 1430 1593 1455; x_wconf 87' lang='lat' dir='ltr'>tamen</span> <span class='ocrx_word' id='word_1_420' title='bbox 1610 1427 1751 1456; x_wconf 86' lang='lat' dir='ltr'>vocabula</span> <span class='ocrx_word' id='word_1_421' title='bbox 1761 1438 1774 1454; x_wconf 80' lang='grc' dir='ltr'>ι</span> <span class='ocrx_word' id='word_1_422' title='bbox 1788 1428 1892 1456; x_wconf 82' lang='lat' dir='ltr'>uteri»</span> <span class='ocrx_word' id='word_1_423' title='bbox 1906 1431 1932 1456; x_wconf 86' lang='lat' dir='ltr'>et</span> 
     </span>
    </p>
   </div>
   <div class='ocr_carea' id='block_1_62' title="bbox 1105 1471 1931 1506">
    <p class='ocr_par' dir='ltr' id='par_1_62' title="bbox 1105 1471 1931 1506">
     <span class='ocr_line' id='line_1_62' title="bbox 1105 1471 1931 1506; baseline 0.007 -11"><span class='ocrx_word' id='word_1_424' title='bbox 1105 1482 1118 1496; x_wconf 73' lang='grc' dir='ltr'>ι(</span> <span class='ocrx_word' id='word_1_425' title='bbox 1130 1476 1229 1506; x_wconf 81' lang='lat' dir='ltr'>partus</span> <span class='ocrx_word' id='word_1_426' title='bbox 1245 1481 1257 1496; x_wconf 77' lang='grc' dir='ltr'>υ</span> <span class='ocrx_word' id='word_1_427' title='bbox 1275 1473 1351 1499; x_wconf 88' lang='lat' dir='ltr'>recte</span> <span class='ocrx_word' id='word_1_428' title='bbox 1367 1471 1505 1499; x_wconf 86' lang='lat' dir='ltr'>admonet</span> <span class='ocrx_word' id='word_1_429' title='bbox 1520 1472 1549 1499; x_wconf 88' lang='lat' dir='ltr'>in</span> <span class='ocrx_word' id='word_1_430' title='bbox 1565 1471 1638 1500; x_wconf 88' lang='lat' dir='ltr'>Filio</span> <span class='ocrx_word' id='word_1_431' title='bbox 1656 1481 1713 1500; x_wconf 91' lang='lat' dir='ltr'>non</span> <span class='ocrx_word' id='word_1_432' title='bbox 1729 1473 1931 1501; x_wconf 81' lang='lat' dir='ltr'>communica-</span> 
     </span>
    </p>
   </div>
   <div class='ocr_carea' id='block_1_63' title="bbox 1106 1515 1934 1553">
    <p class='ocr_par' dir='ltr' id='par_1_63' title="bbox 1106 1515 1934 1553">
     <span class='ocr_line' id='line_1_63' title="bbox 1106 1515 1934 1553; baseline 0.004 -11"><span class='ocrx_word' id='word_1_433' title='bbox 1106 1515 1215 1543; x_wconf 89' lang='lat' dir='ltr'>tionem</span> <span class='ocrx_word' id='word_1_434' title='bbox 1246 1518 1274 1543; x_wconf 90' lang='lat' dir='ltr'>et</span> <span class='ocrx_word' id='word_1_435' title='bbox 1298 1516 1463 1551; x_wconf 89' lang='lat' dir='ltr'>interitum,</span> <span class='ocrx_word' id='word_1_436' title='bbox 1490 1517 1540 1544; x_wconf 85' lang='lat' dir='ltr'>sed</span> <span class='ocrx_word' id='word_1_437' title='bbox 1566 1519 1742 1553; x_wconf 84' lang='lat' dir='ltr'>potestatem</span> <span class='ocrx_word' id='word_1_438' title='bbox 1765 1517 1934 1553; x_wconf 76' lang='lat' dir='ltr'>signiﬁcare</span> 
     </span>
    </p>
   </div>
   <div class='ocr_carea' id='block_1_64' title="bbox 1106 1560 1934 1597">
    <p class='ocr_par' dir='ltr' id='par_1_64' title="bbox 1106 1560 1934 1597">
     <span class='ocr_line' id='line_1_64' title="bbox 1106 1560 1934 1597; baseline 0.002 -9"><span class='ocrx_word' id='word_1_439' title='bbox 1106 1560 1384 1596; x_wconf 82' lang='lat' dir='ltr'>generationemque</span> <span class='ocrx_word' id='word_1_440' title='bbox 1400 1569 1503 1597; x_wconf 86' lang='lat' dir='ltr'>puram</span> <span class='ocrx_word' id='word_1_441' title='bbox 1520 1563 1548 1588; x_wconf 89' lang='lat' dir='ltr'>et</span> <span class='ocrx_word' id='word_1_442' title='bbox 1563 1561 1702 1589; x_wconf 84' lang='lat' dir='ltr'>mundam</span> <span class='ocrx_word' id='word_1_443' title='bbox 1717 1571 1724 1596; x_wconf 89' lang='lat'><strong>;</strong></span> <span class='ocrx_word' id='word_1_444' title='bbox 1741 1564 1770 1589; x_wconf 86' lang='lat' dir='ltr'>et</span> <span class='ocrx_word' id='word_1_445' title='bbox 1785 1570 1820 1589; x_wconf 80' lang='lat' dir='ltr'>ex</span> <span class='ocrx_word' id='word_1_446' title='bbox 1831 1564 1934 1590; x_wconf 78' lang='lat' dir='ltr'>Severo</span> 
     </span>
    </p>
   </div>
   <div class='ocr_carea' id='block_1_65' title="bbox 1107 1604 1936 1644">
    <p class='ocr_par' dir='ltr' id='par_1_65' title="bbox 1107 1604 1936 1644">
     <span class='ocr_line' id='line_1_65' title="bbox 1107 1604 1936 1644; baseline 0.001 -12"><span class='ocrx_word' id='word_1_447' title='bbox 1107 1604 1137 1632; x_wconf 84' lang='lat' dir='ltr'>in</span> <span class='ocrx_word' id='word_1_448' title='bbox 1162 1605 1262 1632; x_wconf 81' lang='lat' dir='ltr'>eadem</span> <span class='ocrx_word' id='word_1_449' title='bbox 1287 1607 1410 1633; x_wconf 81' lang='lat' dir='ltr'>Catena:</span> <span class='ocrx_word' id='word_1_450' title='bbox 1427 1605 1539 1642; x_wconf 68' lang='grc' dir='ltr'>Ἑτέρως</span> <span class='ocrx_word' id='word_1_451' title='bbox 1569 1605 1620 1642; x_wconf 80' lang='grc' dir='ltr'>γάρ</span> <span class='ocrx_word' id='word_1_452' title='bbox 1648 1616 1689 1636; x_wconf 83' lang='grc' dir='ltr'>τις</span> <span class='ocrx_word' id='word_1_453' title='bbox 1720 1605 1800 1633; x_wconf 74' lang='grc' dir='ltr'>ὀετοῦ</span> <span class='ocrx_word' id='word_1_454' title='bbox 1833 1605 1936 1644; x_wconf 66' lang='grc' dir='ltr'>πατέρα</span> 
     </span>
    </p>
   </div>
   <div class='ocr_carea' id='block_1_66' title="bbox 230 1630 1050 1687">
    <p class='ocr_par' dir='ltr' id='par_1_66' title="bbox 230 1630 1050 1679">
     <span class='ocr_line' id='line_1_66' title="bbox 230 1630 1050 1679; baseline -0.001 -9"><span class='ocrx_word' id='word_1_455' title='bbox 230 1643 324 1678; x_wconf 85' lang='lat' dir='ltr'>Deum,</span> <span class='ocrx_word' id='word_1_456' title='bbox 340 1644 406 1678; x_wconf 87' lang='lat' dir='ltr'>post</span> <span class='ocrx_word' id='word_1_457' title='bbox 417 1630 603 1671; x_wconf 81' lang='lat' dir='ltr'>nativitatem</span> <span class='ocrx_word' id='word_1_458' title='bbox 619 1630 689 1670; x_wconf 86' lang='lat' dir='ltr'>Cain</span> <span class='ocrx_word' id='word_1_459' title='bbox 706 1643 827 1679; x_wconf 86' lang='lat' dir='ltr'>prolata,</span> <span class='ocrx_word' id='word_1_460' title='bbox 840 1651 962 1679; x_wconf 69' lang='lat' dir='ltr'>quaeque</span> <span class='ocrx_word' id='word_1_461' title='bbox 974 1630 1050 1670; x_wconf 73' lang='lat' dir='ltr'>Basi-</span> 
     </span>
    </p>
   </div>
   <div class='ocr_carea' id='block_1_67' title="bbox 1107 1630 1939 1687">
    <p class='ocr_par' dir='ltr' id='par_1_67' title="bbox 1109 1630 1939 1687">
     <span class='ocr_line' id='line_1_67' title="bbox 1109 1630 1935 1644; baseline 0.002 -3"><span class='ocrx_word' id='word_1_462' title='bbox 1109 1630 1137 1632; x_wconf 34' lang='lat' dir='ltr'>7v</span> <span class='ocrx_word' id='word_1_463' title='bbox 1167 1630 1262 1632; x_wconf 32' lang='lat' dir='ltr'>’&quot;vrriv</span> <span class='ocrx_word' id='word_1_464' title='bbox 1292 1630 1410 1633; x_wconf 60' lang='grc'><strong><em>“⁷’““““““</em></strong></span> <span class='ocrx_word' id='word_1_465' title='bbox 1435 1630 1538 1642; x_wconf 31' lang='grc' dir='ltr'>’⁷’ῨΓῨἽἸ</span> <span class='ocrx_word' id='word_1_466' title='bbox 1576 1630 1617 1642; x_wconf 52' lang='grc' dir='ltr'>ΙΠΓ</span> <span class='ocrx_word' id='word_1_467' title='bbox 1655 1630 1689 1636; x_wconf 30' lang='grc'>’7⁷</span> <span class='ocrx_word' id='word_1_468' title='bbox 1723 1630 1796 1633; x_wconf 37' lang='lat' dir='ltr'>‘_&#39;VV</span> <span class='ocrx_word' id='word_1_469' title='bbox 1836 1630 1935 1644; x_wconf 42' lang='lat' dir='ltr'>-Vv‘-‘|VV</span> 
     </span>
     <span class='ocr_line' id='line_1_68' title="bbox 1110 1648 1939 1687; baseline 0.004 -12"><span class='ocrx_word' id='word_1_470' title='bbox 1110 1648 1174 1676; x_wconf 73' lang='grc' dir='ltr'>Οἰὸν</span> <span class='ocrx_word' id='word_1_471' title='bbox 1197 1648 1300 1682; x_wconf 75' lang='grc' dir='ltr'>ἀκούει,</span> <span class='ocrx_word' id='word_1_472' title='bbox 1323 1649 1367 1676; x_wconf 79' lang='grc' dir='ltr'>καὶ</span> <span class='ocrx_word' id='word_1_473' title='bbox 1394 1649 1492 1686; x_wconf 72' lang='grc' dir='ltr'>ἑτέρως</span> <span class='ocrx_word' id='word_1_474' title='bbox 1521 1650 1595 1683; x_wconf 58' lang='grc' dir='ltr'>Υἱιῦ,</span> <span class='ocrx_word' id='word_1_475' title='bbox 1621 1651 1666 1677; x_wconf 81' lang='grc' dir='ltr'>καὶ</span> <span class='ocrx_word' id='word_1_476' title='bbox 1689 1650 1788 1678; x_wconf 73' lang='grc' dir='ltr'>τούτου</span> <span class='ocrx_word' id='word_1_477' title='bbox 1815 1651 1939 1687; x_wconf 83' lang='grc' dir='ltr'>Μονογε-</span> 
     </span>
    </p>
   </div>
   <div class='ocr_carea' id='block_1_68' title="bbox 230 1687 1055 1724">
    <p class='ocr_par' dir='ltr' id='par_1_68' title="bbox 230 1687 1055 1724">
     <span class='ocr_line' id='line_1_69' title="bbox 230 1687 1055 1724; baseline 0 -9"><span class='ocrx_word' id='word_1_478' title='bbox 230 1687 288 1715; x_wconf 88' lang='lat' dir='ltr'>lius</span> <span class='ocrx_word' id='word_1_479' title='bbox 304 1687 367 1723; x_wconf 89' lang='lat' dir='ltr'>ipse</span> <span class='ocrx_word' id='word_1_480' title='bbox 377 1688 406 1715; x_wconf 91' lang='lat' dir='ltr'>in</span> <span class='ocrx_word' id='word_1_481' title='bbox 422 1687 480 1716; x_wconf 79' lang='lat' dir='ltr'>ﬁne</span> <span class='ocrx_word' id='word_1_482' title='bbox 490 1688 602 1724; x_wconf 74' lang='lat' dir='ltr'>pagina:</span> <span class='ocrx_word' id='word_1_483' title='bbox 617 1689 707 1723; x_wconf 85' lang='lat' dir='ltr'>hujus</span> <span class='ocrx_word' id='word_1_484' title='bbox 721 1689 868 1722; x_wconf 73' lang='lat' dir='ltr'>aiiort,ubi</span> <span class='ocrx_word' id='word_1_485' title='bbox 879 1691 924 1716; x_wconf 89' lang='lat' dir='ltr'>est</span> <span class='ocrx_word' id='word_1_486' title='bbox 934 1689 1055 1716; x_wconf 83' lang='lat' dir='ltr'>verbum</span> 
     </span>
    </p>
   </div>
   <div class='ocr_carea' id='block_1_69' title="bbox 232 1733 1056 1776">
    <p class='ocr_par' dir='ltr' id='par_1_69' title="bbox 232 1733 1056 1776">
     <span class='ocr_line' id='line_1_70' title="bbox 232 1733 1056 1776; baseline -0.004 -13"><span class='ocrx_word' id='word_1_487' title='bbox 232 1737 294 1776; x_wconf 66' lang='grc' dir='ltr'>ἨΡ</span> <span class='ocrx_word' id='word_1_488' title='bbox 311 1733 388 1768; x_wconf 84' lang='lat' dir='ltr'>quod</span> <span class='ocrx_word' id='word_1_489' title='bbox 405 1733 434 1760; x_wconf 90' lang='lat' dir='ltr'>in</span> <span class='ocrx_word' id='word_1_490' title='bbox 449 1733 551 1760; x_wconf 88' lang='lat' dir='ltr'>eodem</span> <span class='ocrx_word' id='word_1_491' title='bbox 566 1733 788 1761; x_wconf 87' lang='lat' dir='ltr'>Proverbiorum</span> <span class='ocrx_word' id='word_1_492' title='bbox 804 1733 867 1761; x_wconf 89' lang='lat' dir='ltr'>loco</span> <span class='ocrx_word' id='word_1_493' title='bbox 883 1735 1056 1769; x_wconf 81' lang='lat' dir='ltr'>usurpatur,</span> 
     </span>
    </p>
   </div>
   <div class='ocr_carea' id='block_1_70' title="bbox 235 1777 1056 1814">
    <p class='ocr_par' dir='ltr' id='par_1_70' title="bbox 235 1777 1056 1814">
     <span class='ocr_line' id='line_1_71' title="bbox 235 1777 1056 1814; baseline -0.001 -8"><span class='ocrx_word' id='word_1_494' title='bbox 235 1777 367 1813; x_wconf 82' lang='lat' dir='ltr'>etquod,</span> <span class='ocrx_word' id='word_1_495' title='bbox 384 1779 416 1805; x_wconf 90' lang='lat' dir='ltr'>ut</span> <span class='ocrx_word' id='word_1_496' title='bbox 431 1779 511 1805; x_wconf 83' lang='lat' dir='ltr'>notat</span> <span class='ocrx_word' id='word_1_497' title='bbox 534 1777 730 1814; x_wconf 83' lang='lat' dir='ltr'>Hieronymus</span> <span class='ocrx_word' id='word_1_498' title='bbox 753 1777 782 1805; x_wconf 91' lang='lat' dir='ltr'>in</span> <span class='ocrx_word' id='word_1_499' title='bbox 797 1786 862 1813; x_wconf 87' lang='lat' dir='ltr'>cap.</span> <span class='ocrx_word' id='word_1_500' title='bbox 878 1786 904 1805; x_wconf 82' lang='lat' dir='ltr'>IV</span> <span class='ocrx_word' id='word_1_501' title='bbox 921 1777 1056 1811; x_wconf 73' lang='lat' dir='ltr'>Michmae,</span> 
     </span>
    </p>
   </div>
   <div class='ocr_carea' id='block_1_71' title="bbox 235 1821 1058 1858">
    <p class='ocr_par' dir='ltr' id='par_1_71' title="bbox 235 1821 1058 1858">
     <span class='ocr_line' id='line_1_72' title="bbox 235 1821 1058 1858; baseline -0.001 -8"><span class='ocrx_word' id='word_1_502' title='bbox 235 1821 392 1857; x_wconf 84' lang='lat' dir='ltr'>signiﬁcat,</span> <span class='ocrx_word' id='word_1_503' title='bbox 408 1822 536 1858; x_wconf 79' lang='lat' dir='ltr'>possedit,</span> <span class='ocrx_word' id='word_1_504' title='bbox 556 1822 600 1850; x_wconf 86' lang='lat' dir='ltr'>vel</span> <span class='ocrx_word' id='word_1_505' title='bbox 619 1822 724 1850; x_wconf 81' lang='lat' dir='ltr'>habuit.</span> <span class='ocrx_word' id='word_1_506' title='bbox 749 1824 865 1850; x_wconf 83' lang='lat' dir='ltr'>Tractat</span> <span class='ocrx_word' id='word_1_507' title='bbox 884 1822 961 1849; x_wconf 90' lang='lat' dir='ltr'>hunc</span> <span class='ocrx_word' id='word_1_508' title='bbox 976 1830 1058 1849; x_wconf 89' lang='lat' dir='ltr'>cum-</span> 
     </span>
    </p>
   </div>
   <div class='ocr_carea' id='block_1_72' title="bbox 237 1866 1058 1903">
    <p class='ocr_par' dir='ltr' id='par_1_72' title="bbox 237 1866 1058 1903">
     <span class='ocr_line' id='line_1_73' title="bbox 237 1866 1058 1903; baseline -0.001 -9"><span class='ocrx_word' id='word_1_509' title='bbox 237 1867 302 1894; x_wconf 90' lang='lat' dir='ltr'>dem</span> <span class='ocrx_word' id='word_1_510' title='bbox 317 1866 413 1894; x_wconf 89' lang='lat' dir='ltr'>locum</span> <span class='ocrx_word' id='word_1_511' title='bbox 429 1867 586 1903; x_wconf 86' lang='lat' dir='ltr'>Gregorius</span> <span class='ocrx_word' id='word_1_512' title='bbox 602 1867 751 1903; x_wconf 81' lang='lat' dir='ltr'>Nyssenus</span> <span class='ocrx_word' id='word_1_513' title='bbox 767 1867 817 1894; x_wconf 86' lang='lat' dir='ltr'>lib.</span> <span class='ocrx_word' id='word_1_514' title='bbox 835 1876 843 1894; x_wconf 83' lang='grc' dir='ltr'>ι</span> <span class='ocrx_word' id='word_1_515' title='bbox 859 1868 989 1895; x_wconf 71' lang='lat' dir='ltr'>adversus</span> <span class='ocrx_word' id='word_1_516' title='bbox 1003 1867 1058 1893; x_wconf 85' lang='lat' dir='ltr'>Eu-</span> 
     </span>
    </p>
   </div>
   <div class='ocr_carea' id='block_1_73' title="bbox 236 1911 1058 1948">
    <p class='ocr_par' dir='ltr' id='par_1_73' title="bbox 236 1911 1058 1948">
     <span class='ocr_line' id='line_1_74' title="bbox 236 1911 1058 1948; baseline 0 -9"><span class='ocrx_word' id='word_1_517' title='bbox 236 1911 372 1945; x_wconf 79' lang='lat' dir='ltr'>nomium,</span> <span class='ocrx_word' id='word_1_518' title='bbox 389 1913 491 1947; x_wconf 73' lang='lat' dir='ltr'>pag.3’1</span> <span class='ocrx_word' id='word_1_519' title='bbox 506 1912 576 1940; x_wconf 88' lang='lat' dir='ltr'>edit.</span> <span class='ocrx_word' id='word_1_520' title='bbox 597 1911 718 1945; x_wconf 84' lang='lat' dir='ltr'>Morelli,</span> <span class='ocrx_word' id='word_1_521' title='bbox 731 1912 807 1948; x_wconf 85' lang='lat' dir='ltr'>apud</span> <span class='ocrx_word' id='word_1_522' title='bbox 821 1920 908 1948; x_wconf 87' lang='lat' dir='ltr'>quem</span> <span class='ocrx_word' id='word_1_523' title='bbox 924 1911 1058 1939; x_wconf 80' lang='lat' dir='ltr'>fortassis</span> 
     </span>
    </p>
   </div>
   <div class='ocr_carea' id='block_1_74' title="bbox 236 1954 1059 1992">
    <p class='ocr_par' dir='ltr' id='par_1_74' title="bbox 236 1954 1059 1992">
     <span class='ocr_line' id='line_1_75' title="bbox 236 1954 1059 1992; baseline 0 -9"><span class='ocrx_word' id='word_1_524' title='bbox 236 1956 453 1984; x_wconf 87' lang='lat' dir='ltr'>emendandum</span> <span class='ocrx_word' id='word_1_525' title='bbox 465 1954 608 1990; x_wconf 74' lang='grc' dir='ltr'>ἐκτήσατο,</span> <span class='ocrx_word' id='word_1_526' title='bbox 625 1965 676 1992; x_wconf 93' lang='lat' dir='ltr'>pro</span> <span class='ocrx_word' id='word_1_527' title='bbox 692 1955 824 1991; x_wconf 80' lang='grc' dir='ltr'>ἐκτίσατο,</span> <span class='ocrx_word' id='word_1_528' title='bbox 842 1956 909 1984; x_wconf 86' lang='lat' dir='ltr'>licet</span> <span class='ocrx_word' id='word_1_529' title='bbox 924 1956 954 1984; x_wconf 91' lang='lat' dir='ltr'>in</span> <span class='ocrx_word' id='word_1_530' title='bbox 971 1955 1059 1992; x_wconf 81' lang='lat' dir='ltr'>ltegio</span> 
     </span>
    </p>
   </div>
   <div class='ocr_carea' id='block_1_75' title="bbox 237 2000 937 2037">
    <p class='ocr_par' dir='ltr' id='par_1_75' title="bbox 237 2000 937 2037">
     <span class='ocr_line' id='line_1_76' title="bbox 237 2000 937 2037; baseline 0 -9"><span class='ocrx_word' id='word_1_531' title='bbox 237 2008 350 2037; x_wconf 86' lang='lat' dir='ltr'>quoque</span> <span class='ocrx_word' id='word_1_532' title='bbox 364 2002 402 2029; x_wconf 84' lang='grc' dir='ltr'>Η.</span> <span class='ocrx_word' id='word_1_533' title='bbox 422 2000 464 2028; x_wconf 87' lang='lat' dir='ltr'>ita</span> <span class='ocrx_word' id='word_1_534' title='bbox 478 2001 622 2036; x_wconf 88' lang='lat' dir='ltr'>scriptum</span> <span class='ocrx_word' id='word_1_535' title='bbox 639 2001 677 2029; x_wconf 90' lang='lat' dir='ltr'>sit</span> <span class='ocrx_word' id='word_1_536' title='bbox 692 2001 770 2036; x_wconf 88' lang='lat' dir='ltr'>apud</span> <span class='ocrx_word' id='word_1_537' title='bbox 786 2000 937 2028; x_wconf 86' lang='lat' dir='ltr'>Basilium.</span> 
     </span>
    </p>
   </div>
   <div class='ocr_carea' id='block_1_76' title="bbox 270 2054 1059 2091">
    <p class='ocr_par' dir='ltr' id='par_1_76' title="bbox 270 2054 1059 2091">
     <span class='ocr_line' id='line_1_77' title="bbox 270 2054 1059 2091; baseline -0.001 -9"><span class='ocrx_word' id='word_1_538' title='bbox 270 2054 330 2082; x_wconf 92' lang='lat' dir='ltr'>Col.</span> <span class='ocrx_word' id='word_1_539' title='bbox 345 2055 398 2082; x_wconf 82' lang='grc'>618</span> <span class='ocrx_word' id='word_1_540' title='bbox 413 2057 433 2083; x_wconf 85' lang='grc' dir='ltr'>Β</span> <span class='ocrx_word' id='word_1_541' title='bbox 449 2054 492 2082; x_wconf 84' lang='grc'>11.</span> <span class='ocrx_word' id='word_1_542' title='bbox 509 2055 642 2090; x_wconf 79' lang='lat' dir='ltr'>Quamvis</span> <span class='ocrx_word' id='word_1_543' title='bbox 664 2063 715 2083; x_wconf 80' lang='lat' dir='ltr'>nec</span> <span class='ocrx_word' id='word_1_544' title='bbox 729 2054 762 2082; x_wconf 89' lang='lat' dir='ltr'>ab</span> <span class='ocrx_word' id='word_1_545' title='bbox 780 2055 858 2091; x_wconf 84' lang='lat' dir='ltr'>ipsis.</span> <span class='ocrx_word' id='word_1_546' title='bbox 875 2054 928 2082; x_wconf 87' lang='lat' dir='ltr'>Ms.</span> <span class='ocrx_word' id='word_1_547' title='bbox 946 2054 979 2082; x_wconf 84' lang='lat' dir='ltr'>H.</span> <span class='ocrx_word' id='word_1_548' title='bbox 995 2062 1059 2081; x_wconf 87' lang='lat' dir='ltr'>ver-</span> 
     </span>
    </p>
   </div>
   <div class='ocr_carea' id='block_1_77' title="bbox 237 2096 1059 2135">
    <p class='ocr_par' dir='ltr' id='par_1_77' title="bbox 237 2096 1059 2135">
     <span class='ocr_line' id='line_1_78' title="bbox 237 2096 1059 2135; baseline -0.004 -8"><span class='ocrx_word' id='word_1_549' title='bbox 237 2099 307 2127; x_wconf 90' lang='lat' dir='ltr'>bum</span> <span class='ocrx_word' id='word_1_550' title='bbox 323 2099 483 2135; x_wconf 83' lang='lat' dir='ltr'>repetebat,</span> <span class='ocrx_word' id='word_1_551' title='bbox 500 2099 578 2135; x_wconf 90' lang='lat' dir='ltr'>quod</span> <span class='ocrx_word' id='word_1_552' title='bbox 595 2099 768 2134; x_wconf 89' lang='lat' dir='ltr'>adjecimus,</span> <span class='ocrx_word' id='word_1_553' title='bbox 781 2096 843 2126; x_wconf 78' lang='grc' dir='ltr'>οὐδὲ</span> <span class='ocrx_word' id='word_1_554' title='bbox 857 2100 937 2125; x_wconf 72' lang='grc' dir='ltr'>τοῦτο</span> <span class='ocrx_word' id='word_1_555' title='bbox 952 2098 982 2125; x_wconf 71' lang='grc' dir='ltr'>τὸ</span> <span class='ocrx_word' id='word_1_556' title='bbox 999 2108 1059 2124; x_wconf 87' lang='grc' dir='ltr'>συν-</span> 
     </span>
    </p>
   </div>
   <div class='ocr_carea' id='block_1_78' title="bbox 238 2143 1059 2182">
    <p class='ocr_par' dir='ltr' id='par_1_78' title="bbox 238 2143 1059 2182">
     <span class='ocr_line' id='line_1_79' title="bbox 238 2143 1059 2182; baseline 0 -12"><span class='ocrx_word' id='word_1_557' title='bbox 238 2144 398 2182; x_wconf 69' lang='grc' dir='ltr'>εφάψασθαι,</span> <span class='ocrx_word' id='word_1_558' title='bbox 415 2154 428 2171; x_wconf 76' lang='grc' dir='ltr'><strong>α</strong></span> <span class='ocrx_word' id='word_1_559' title='bbox 440 2143 575 2179; x_wconf 78' lang='lat' dir='ltr'>quamvis</span> <span class='ocrx_word' id='word_1_560' title='bbox 590 2151 626 2171; x_wconf 87' lang='lat' dir='ltr'>ne</span> <span class='ocrx_word' id='word_1_561' title='bbox 637 2144 691 2172; x_wconf 90' lang='lat' dir='ltr'>hoc</span> <span class='ocrx_word' id='word_1_562' title='bbox 702 2143 946 2180; x_wconf 87' lang='lat' dir='ltr'>quidem,aliquid</span> <span class='ocrx_word' id='word_1_563' title='bbox 957 2145 1059 2170; x_wconf 89' lang='lat' dir='ltr'>contu-</span> 
     </span>
    </p>
   </div>
   <div class='ocr_carea' id='block_1_79' title="bbox 236 2187 1059 2224">
    <p class='ocr_par' dir='ltr' id='par_1_79' title="bbox 236 2187 1059 2224">
     <span class='ocr_line' id='line_1_80' title="bbox 236 2187 1059 2224; baseline -0.001 -8"><span class='ocrx_word' id='word_1_564' title='bbox 236 2188 318 2222; x_wconf 88' lang='lat' dir='ltr'>lisse,</span> <span class='ocrx_word' id='word_1_565' title='bbox 335 2199 350 2214; x_wconf 88' lang='lat'>»</span> <span class='ocrx_word' id='word_1_566' title='bbox 365 2188 410 2217; x_wconf 89' lang='lat' dir='ltr'>vel</span> <span class='ocrx_word' id='word_1_567' title='bbox 429 2198 440 2213; x_wconf 75' lang='grc' dir='ltr'><strong>α</strong></span> <span class='ocrx_word' id='word_1_568' title='bbox 455 2196 572 2224; x_wconf 86' lang='lat' dir='ltr'>operam</span> <span class='ocrx_word' id='word_1_569' title='bbox 594 2197 678 2216; x_wconf 88' lang='lat' dir='ltr'>suam</span> <span class='ocrx_word' id='word_1_570' title='bbox 705 2188 874 2216; x_wconf 87' lang='lat' dir='ltr'>adhibuisse</span> <span class='ocrx_word' id='word_1_571' title='bbox 897 2187 1003 2215; x_wconf 85' lang='lat' dir='ltr'>Filium</span> <span class='ocrx_word' id='word_1_572' title='bbox 1023 2187 1059 2215; x_wconf 86' lang='lat' dir='ltr'>ab</span> 
     </span>
    </p>
   </div>
   <div class='ocr_carea' id='block_1_80' title="bbox 237 2232 1060 2268">
    <p class='ocr_par' dir='ltr' id='par_1_80' title="bbox 237 2232 1060 2268">
     <span class='ocr_line' id='line_1_81' title="bbox 237 2232 1060 2268; baseline -0.001 -8"><span class='ocrx_word' id='word_1_573' title='bbox 237 2233 310 2268; x_wconf 88' lang='lat' dir='ltr'>ipsis</span> <span class='ocrx_word' id='word_1_574' title='bbox 326 2233 507 2261; x_wconf 86' lang='lat' dir='ltr'>concedatur.</span> <span class='ocrx_word' id='word_1_575' title='bbox 525 2244 539 2258; x_wconf 73' lang='grc' dir='ltr'><em>η</em></span> <span class='ocrx_word' id='word_1_576' title='bbox 556 2234 626 2260; x_wconf 88' lang='lat' dir='ltr'>Item</span> <span class='ocrx_word' id='word_1_577' title='bbox 650 2232 723 2260; x_wconf 91' lang='lat' dir='ltr'>illud</span> <span class='ocrx_word' id='word_1_578' title='bbox 749 2233 826 2268; x_wconf 89' lang='lat' dir='ltr'>quod</span> <span class='ocrx_word' id='word_1_579' title='bbox 848 2232 992 2268; x_wconf 87' lang='lat' dir='ltr'>sequitur,</span> <span class='ocrx_word' id='word_1_580' title='bbox 1018 2232 1060 2259; x_wconf 84' lang='lat' dir='ltr'>sic</span> 
     </span>
    </p>
   </div>
   <div class='ocr_carea' id='block_1_81' title="bbox 238 2275 1059 2314">
    <p class='ocr_par' dir='ltr' id='par_1_81' title="bbox 238 2275 1059 2314">
     <span class='ocr_line' id='line_1_82' title="bbox 238 2275 1059 2314; baseline -0.002 -10"><span class='ocrx_word' id='word_1_581' title='bbox 238 2277 320 2305; x_wconf 73' lang='lat' dir='ltr'>effert</span> <span class='ocrx_word' id='word_1_582' title='bbox 336 2277 414 2305; x_wconf 81' lang='lat' dir='ltr'>idem</span> <span class='ocrx_word' id='word_1_583' title='bbox 438 2286 492 2305; x_wconf 89' lang='lat' dir='ltr'>ms.</span> <span class='ocrx_word' id='word_1_584' title='bbox 517 2278 618 2312; x_wconf 82' lang='lat' dir='ltr'>codex,</span> <span class='ocrx_word' id='word_1_585' title='bbox 635 2276 769 2314; x_wconf 72' lang='grc' dir='ltr'>ὑπουγρὸν</span> <span class='ocrx_word' id='word_1_586' title='bbox 785 2276 838 2314; x_wconf 79' lang='grc' dir='ltr'>γὰρ</span> <span class='ocrx_word' id='word_1_587' title='bbox 862 2275 940 2303; x_wconf 69' lang='grc' dir='ltr'>αὑτὸν</span> <span class='ocrx_word' id='word_1_588' title='bbox 955 2275 1059 2303; x_wconf 67' lang='grc' dir='ltr'>τέλειον</span> 
     </span>
    </p>
   </div>
   <div class='ocr_carea' id='block_1_82' title="bbox 237 2312 1099 2358">
    <p class='ocr_par' dir='ltr' id='par_1_82' title="bbox 237 2312 1099 2358">
     <span class='ocr_line' id='line_1_83' title="bbox 237 2312 1099 2358; baseline 0.001 -11"><span class='ocrx_word' id='word_1_589' title='bbox 237 2319 413 2358; x_wconf 73' lang='grc' dir='ltr'>ὂνομάζουσι,</span> <span class='ocrx_word' id='word_1_590' title='bbox 432 2333 443 2347; x_wconf 75' lang='grc' dir='ltr'>ι</span> <span class='ocrx_word' id='word_1_591' title='bbox 461 2322 608 2358; x_wconf 88' lang='lat' dir='ltr'>siquidem</span> <span class='ocrx_word' id='word_1_592' title='bbox 625 2312 866 2358; x_wconf 15' lang='lat' dir='ltr'>perfectumveum</span> <span class='ocrx_word' id='word_1_593' title='bbox 891 2321 1059 2349; x_wconf 89' lang='lat' dir='ltr'>ministrum</span> <span class='ocrx_word' id='word_1_594' title='bbox 1078 2312 1099 2344; x_wconf 75' lang='grc' dir='ltr'>Π</span> 
     </span>
    </p>
   </div>
   <div class='ocr_carea' id='block_1_83' title="bbox 237 2366 1060 2402">
    <p class='ocr_par' dir='ltr' id='par_1_83' title="bbox 237 2366 1060 2402">
     <span class='ocr_line' id='line_1_84' title="bbox 237 2366 1060 2402; baseline -0.001 -8"><span class='ocrx_word' id='word_1_595' title='bbox 237 2369 369 2394; x_wconf 83' lang='lat' dir='ltr'>vocant.»</span> <span class='ocrx_word' id='word_1_596' title='bbox 382 2366 471 2394; x_wconf 90' lang='lat' dir='ltr'>Paulo</span> <span class='ocrx_word' id='word_1_597' title='bbox 487 2369 553 2402; x_wconf 89' lang='lat' dir='ltr'>post</span> <span class='ocrx_word' id='word_1_598' title='bbox 564 2367 785 2395; x_wconf 82' lang='lat' dir='ltr'>immutavimus</span> <span class='ocrx_word' id='word_1_599' title='bbox 797 2366 869 2394; x_wconf 91' lang='lat' dir='ltr'>illud</span> <span class='ocrx_word' id='word_1_600' title='bbox 882 2366 1060 2402; x_wconf 88' lang='lat' dir='ltr'>interpretis,</span> 
     </span>
    </p>
   </div>
   <div class='ocr_carea' id='block_1_84' title="bbox 239 2410 1062 2447">
    <p class='ocr_par' dir='ltr' id='par_1_84' title="bbox 239 2410 1062 2447">
     <span class='ocr_line' id='line_1_85' title="bbox 239 2410 1062 2447; baseline -0.002 -8"><span class='ocrx_word' id='word_1_601' title='bbox 239 2412 297 2447; x_wconf 81' lang='lat' dir='ltr'>Ipse</span> <span class='ocrx_word' id='word_1_602' title='bbox 320 2411 402 2446; x_wconf 69' lang='lat' dir='ltr'>dixit,</span> <span class='ocrx_word' id='word_1_603' title='bbox 414 2413 440 2439; x_wconf 86' lang='lat' dir='ltr'>et</span> <span class='ocrx_word' id='word_1_604' title='bbox 463 2412 538 2446; x_wconf 67' lang='lat' dir='ltr'>facta</span> <span class='ocrx_word' id='word_1_605' title='bbox 556 2416 630 2445; x_wconf 81' lang='lat' dir='ltr'>sunt,</span> <span class='ocrx_word' id='word_1_606' title='bbox 654 2412 731 2447; x_wconf 88' lang='lat' dir='ltr'>quod</span> <span class='ocrx_word' id='word_1_607' title='bbox 758 2414 786 2439; x_wconf 85' lang='lat' dir='ltr'>et</span> <span class='ocrx_word' id='word_1_608' title='bbox 812 2410 921 2447; x_wconf 77' lang='lat' dir='ltr'>Regius</span> <span class='ocrx_word' id='word_1_609' title='bbox 951 2419 1005 2438; x_wconf 89' lang='lat' dir='ltr'>ms.</span> <span class='ocrx_word' id='word_1_610' title='bbox 1034 2412 1062 2438; x_wconf 87' lang='lat' dir='ltr'>et</span> 
     </span>
    </p>
   </div>
   <div class='ocr_carea' id='block_1_85' title="bbox 240 2454 1062 2492">
    <p class='ocr_par' dir='ltr' id='par_1_85' title="bbox 240 2454 1062 2492">
     <span class='ocr_line' id='line_1_86' title="bbox 240 2454 1062 2492; baseline -0.001 -9"><span class='ocrx_word' id='word_1_611' title='bbox 240 2455 410 2484; x_wconf 86' lang='lat' dir='ltr'>Basiliensis</span> <span class='ocrx_word' id='word_1_612' title='bbox 424 2464 481 2491; x_wconf 71' lang='lat' dir='ltr'>prae</span> <span class='ocrx_word' id='word_1_613' title='bbox 498 2464 530 2484; x_wconf 91' lang='lat' dir='ltr'>se</span> <span class='ocrx_word' id='word_1_614' title='bbox 546 2456 653 2484; x_wconf 86' lang='lat' dir='ltr'>ferrent</span> <span class='ocrx_word' id='word_1_615' title='bbox 668 2455 859 2492; x_wconf 69' lang='grc' dir='ltr'>ἐγεννήθησαν⁸</span> <span class='ocrx_word' id='word_1_616' title='bbox 877 2458 906 2483; x_wconf 88' lang='lat' dir='ltr'>at</span> <span class='ocrx_word' id='word_1_617' title='bbox 921 2454 1062 2491; x_wconf 85' lang='lat' dir='ltr'>Stephani</span> 
     </span>
    </p>
   </div>
   <div class='ocr_carea' id='block_1_86' title="bbox 240 2498 1061 2537">
    <p class='ocr_par' dir='ltr' id='par_1_86' title="bbox 240 2498 1061 2537">
     <span class='ocr_line' id='line_1_87' title="bbox 240 2498 1061 2537; baseline -0.002 -9"><span class='ocrx_word' id='word_1_618' title='bbox 240 2500 328 2529; x_wconf 85' lang='lat' dir='ltr'>editio</span> <span class='ocrx_word' id='word_1_619' title='bbox 344 2500 480 2530; x_wconf 88' lang='lat' dir='ltr'>convenit</span> <span class='ocrx_word' id='word_1_620' title='bbox 500 2508 568 2528; x_wconf 88' lang='lat' dir='ltr'>cum</span> <span class='ocrx_word' id='word_1_621' title='bbox 592 2499 775 2528; x_wconf 85' lang='lat' dir='ltr'>Psalmorum</span> <span class='ocrx_word' id='word_1_622' title='bbox 803 2502 893 2534; x_wconf 85' lang='lat' dir='ltr'>textu,</span> <span class='ocrx_word' id='word_1_623' title='bbox 908 2498 953 2526; x_wconf 72' lang='grc' dir='ltr'>καὶ</span> <span class='ocrx_word' id='word_1_624' title='bbox 968 2498 1061 2537; x_wconf 80' lang='grc' dir='ltr'>ἐγενή-</span> 
     </span>
    </p>
   </div>
   <div class='ocr_carea' id='block_1_87' title="bbox 241 2544 1061 2583">
    <p class='ocr_par' dir='ltr' id='par_1_87' title="bbox 241 2544 1061 2583">
     <span class='ocr_line' id='line_1_88' title="bbox 241 2544 1061 2583; baseline -0.002 -11"><span class='ocrx_word' id='word_1_625' title='bbox 241 2551 334 2581; x_wconf 77' lang='grc' dir='ltr'>θησαν,</span> <span class='ocrx_word' id='word_1_626' title='bbox 350 2546 450 2583; x_wconf 81' lang='lat' dir='ltr'>itaque</span> <span class='ocrx_word' id='word_1_627' title='bbox 465 2545 666 2580; x_wconf 87' lang='lat' dir='ltr'>scribendum,</span> <span class='ocrx_word' id='word_1_628' title='bbox 678 2547 710 2574; x_wconf 89' lang='lat' dir='ltr'>ut</span> <span class='ocrx_word' id='word_1_629' title='bbox 725 2548 770 2573; x_wconf 85' lang='lat' dir='ltr'>est</span> <span class='ocrx_word' id='word_1_630' title='bbox 790 2544 903 2581; x_wconf 86' lang='lat' dir='ltr'>psalmo</span> <span class='ocrx_word' id='word_1_631' title='bbox 917 2552 1007 2579; x_wconf 82' lang='lat' dir='ltr'><strong>xxxu,</strong></span> <span class='ocrx_word' id='word_1_632' title='bbox 1022 2544 1040 2570; x_wconf 85' lang='lat'>9</span> <span class='ocrx_word' id='word_1_633' title='bbox 1055 2552 1061 2571; x_wconf 92' lang='lat'><strong>:</strong></span> 
     </span>
    </p>
   </div>
   <div class='ocr_carea' id='block_1_88' title="bbox 241 2589 1063 2627">
    <p class='ocr_par' dir='ltr' id='par_1_88' title="bbox 241 2589 1063 2627">
     <span class='ocr_line' id='line_1_89' title="bbox 241 2589 1063 2627; baseline -0.005 -8"><span class='ocrx_word' id='word_1_634' title='bbox 241 2593 301 2627; x_wconf 85' lang='lat' dir='ltr'>Ipse</span> <span class='ocrx_word' id='word_1_635' title='bbox 327 2591 408 2624; x_wconf 68' lang='lat' dir='ltr'>dixit,</span> <span class='ocrx_word' id='word_1_636' title='bbox 437 2595 462 2619; x_wconf 81' lang='lat' dir='ltr'>et</span> <span class='ocrx_word' id='word_1_637' title='bbox 489 2592 564 2626; x_wconf 75' lang='lat' dir='ltr'>facta</span> <span class='ocrx_word' id='word_1_638' title='bbox 591 2593 668 2618; x_wconf 80' lang='lat' dir='ltr'>sunt.</span> <span class='ocrx_word' id='word_1_639' title='bbox 698 2592 848 2618; x_wconf 85' lang='lat' dir='ltr'>Postremo</span> <span class='ocrx_word' id='word_1_640' title='bbox 884 2589 1063 2617; x_wconf 86' lang='lat' dir='ltr'>correximus</span> 
     </span>
    </p>
   </div>
   <div class='ocr_carea' id='block_1_89' title="bbox 241 2631 1062 2671">
    <p class='ocr_par' dir='ltr' id='par_1_89' title="bbox 241 2631 1062 2671">
     <span class='ocr_line' id='line_1_90' title="bbox 241 2631 1062 2671; baseline -0.002 -9"><span class='ocrx_word' id='word_1_641' title='bbox 241 2634 376 2671; x_wconf 71' lang='grc' dir='ltr'>Οελήμοιτι</span> <span class='ocrx_word' id='word_1_642' title='bbox 395 2633 480 2671; x_wconf 83' lang='grc' dir='ltr'>μόνῳ,</span> <span class='ocrx_word' id='word_1_643' title='bbox 496 2647 510 2661; x_wconf 87' lang='grc'>‹‹</span> <span class='ocrx_word' id='word_1_644' title='bbox 527 2635 590 2664; x_wconf 85' lang='lat' dir='ltr'>sola</span> <span class='ocrx_word' id='word_1_645' title='bbox 604 2635 753 2663; x_wconf 83' lang='lat' dir='ltr'>voluntate</span> <span class='ocrx_word' id='word_1_646' title='bbox 768 2636 855 2668; x_wconf 61' lang='lat' dir='ltr'>creat,</span> <span class='ocrx_word' id='word_1_647' title='bbox 873 2645 887 2658; x_wconf 74' lang='grc' dir='ltr'>υ</span> <span class='ocrx_word' id='word_1_648' title='bbox 912 2641 964 2669; x_wconf 89' lang='lat' dir='ltr'>pro</span> <span class='ocrx_word' id='word_1_649' title='bbox 981 2631 1062 2668; x_wconf 81' lang='grc' dir='ltr'>θελή-</span> 
     </span>
    </p>
   </div>
   <div class='ocr_carea' id='block_1_90' title="bbox 243 2679 707 2717">
    <p class='ocr_par' dir='ltr' id='par_1_90' title="bbox 243 2679 707 2717">
     <span class='ocr_line' id='line_1_91' title="bbox 243 2679 707 2717; baseline 0 -10"><span class='ocrx_word' id='word_1_650' title='bbox 243 2690 306 2715; x_wconf 76' lang='grc' dir='ltr'>ματι</span> <span class='ocrx_word' id='word_1_651' title='bbox 325 2679 417 2717; x_wconf 82' lang='grc' dir='ltr'>μόνον,</span> <span class='ocrx_word' id='word_1_652' title='bbox 434 2689 468 2708; x_wconf 84' lang='lat' dir='ltr'>ex</span> <span class='ocrx_word' id='word_1_653' title='bbox 482 2681 583 2709; x_wconf 88' lang='lat' dir='ltr'>eodem</span> <span class='ocrx_word' id='word_1_654' title='bbox 600 2688 655 2708; x_wconf 90' lang='lat' dir='ltr'>ms.</span> <span class='ocrx_word' id='word_1_655' title='bbox 673 2679 707 2707; x_wconf 82' lang='grc' dir='ltr'>Η.</span> 
     </span>
    </p>
   </div>
   <div class='ocr_carea' id='block_1_91' title="bbox 276 2731 1064 2762">
    <p class='ocr_par' dir='ltr' id='par_1_91' title="bbox 276 2731 1064 2762">
     <span class='ocr_line' id='line_1_92' title="bbox 276 2731 1064 2762; baseline -0.003 -2"><span class='ocrx_word' id='word_1_656' title='bbox 276 2734 335 2761; x_wconf 91' lang='lat' dir='ltr'>Col.</span> <span class='ocrx_word' id='word_1_657' title='bbox 351 2734 404 2761; x_wconf 84' lang='lat'>622</span> <span class='ocrx_word' id='word_1_658' title='bbox 424 2734 454 2762; x_wconf 80' lang='grc' dir='ltr'>Ο.</span> <span class='ocrx_word' id='word_1_659' title='bbox 471 2736 533 2762; x_wconf 83' lang='grc' dir='ltr'>Νοη</span> <span class='ocrx_word' id='word_1_660' title='bbox 547 2734 622 2762; x_wconf 81' lang='lat' dir='ltr'>enim</span> <span class='ocrx_word' id='word_1_661' title='bbox 637 2731 823 2761; x_wconf 81' lang='lat' dir='ltr'>conveniebat.</span> <span class='ocrx_word' id='word_1_662' title='bbox 839 2731 904 2759; x_wconf 68' lang='lat' dir='ltr'>Hinc</span> <span class='ocrx_word' id='word_1_663' title='bbox 927 2733 960 2759; x_wconf 90' lang='lat' dir='ltr'>ut</span> <span class='ocrx_word' id='word_1_664' title='bbox 985 2731 1064 2759; x_wconf 89' lang='lat' dir='ltr'>dilu-</span> 
     </span>
    </p>
   </div>
   <div class='ocr_carea' id='block_1_92' title="bbox 242 2776 1064 2813">
    <p class='ocr_par' dir='ltr' id='par_1_92' title="bbox 242 2776 1064 2813">
     <span class='ocr_line' id='line_1_93' title="bbox 242 2776 1064 2813; baseline -0.001 -9"><span class='ocrx_word' id='word_1_665' title='bbox 242 2777 350 2806; x_wconf 87' lang='lat' dir='ltr'>cidiora</span> <span class='ocrx_word' id='word_1_666' title='bbox 364 2781 473 2813; x_wconf 86' lang='lat' dir='ltr'>essent,</span> <span class='ocrx_word' id='word_1_667' title='bbox 488 2787 505 2807; x_wconf 86' lang='lat' dir='ltr'>a</span> <span class='ocrx_word' id='word_1_668' title='bbox 520 2779 605 2806; x_wconf 91' lang='lat' dir='ltr'>nobis</span> <span class='ocrx_word' id='word_1_669' title='bbox 629 2778 670 2806; x_wconf 85' lang='lat' dir='ltr'>ita</span> <span class='ocrx_word' id='word_1_670' title='bbox 685 2779 795 2805; x_wconf 86' lang='lat' dir='ltr'>mutata</span> <span class='ocrx_word' id='word_1_671' title='bbox 809 2778 890 2810; x_wconf 88' lang='lat' dir='ltr'>sunt,</span> <span class='ocrx_word' id='word_1_672' title='bbox 911 2776 1064 2812; x_wconf 84' lang='lat' dir='ltr'>expunetis</span> 
     </span>
    </p>
   </div>
   <div class='ocr_carea' id='block_1_93' title="bbox 242 2821 1062 2859">
    <p class='ocr_par' dir='ltr' id='par_1_93' title="bbox 242 2821 1062 2859">
     <span class='ocr_line' id='line_1_94' title="bbox 242 2821 1062 2859; baseline -0.001 -10"><span class='ocrx_word' id='word_1_673' title='bbox 242 2821 312 2856; x_wconf 81' lang='lat' dir='ltr'>illis,</span> <span class='ocrx_word' id='word_1_674' title='bbox 330 2832 341 2847; x_wconf 74' lang='grc' dir='ltr'>ι</span> <span class='ocrx_word' id='word_1_675' title='bbox 357 2824 428 2851; x_wconf 86' lang='lat' dir='ltr'>Cum</span> <span class='ocrx_word' id='word_1_676' title='bbox 442 2831 500 2851; x_wconf 88' lang='lat' dir='ltr'>non</span> <span class='ocrx_word' id='word_1_677' title='bbox 525 2825 657 2859; x_wconf 82' lang='lat' dir='ltr'>oporteat</span> <span class='ocrx_word' id='word_1_678' title='bbox 672 2822 770 2850; x_wconf 90' lang='lat' dir='ltr'>minus</span> <span class='ocrx_word' id='word_1_679' title='bbox 796 2821 1062 2857; x_wconf 86' lang='lat' dir='ltr'>impassibilitatem</span> 
     </span>
    </p>
   </div>
   <div class='ocr_carea' id='block_1_94' title="bbox 243 2865 1063 2903">
    <p class='ocr_par' dir='ltr' id='par_1_94' title="bbox 243 2865 1063 2903">
     <span class='ocr_line' id='line_1_95' title="bbox 243 2865 1063 2903; baseline -0.001 -9"><span class='ocrx_word' id='word_1_680' title='bbox 243 2865 295 2894; x_wconf 85' lang='lat' dir='ltr'>Dei</span> <span class='ocrx_word' id='word_1_681' title='bbox 309 2866 435 2895; x_wconf 85' lang='lat' dir='ltr'>credere.</span> <span class='ocrx_word' id='word_1_682' title='bbox 454 2878 468 2892; x_wconf 83' lang='lat'><strong><em>»</em></strong></span> <span class='ocrx_word' id='word_1_683' title='bbox 483 2867 540 2895; x_wconf 87' lang='lat' dir='ltr'>Sed</span> <span class='ocrx_word' id='word_1_684' title='bbox 556 2869 584 2895; x_wconf 86' lang='lat' dir='ltr'>et</span> <span class='ocrx_word' id='word_1_685' title='bbox 597 2867 729 2903; x_wconf 86' lang='lat' dir='ltr'>inspecto</span> <span class='ocrx_word' id='word_1_686' title='bbox 744 2874 847 2895; x_wconf 87' lang='lat' dir='ltr'>rursus</span> <span class='ocrx_word' id='word_1_687' title='bbox 862 2865 950 2902; x_wconf 80' lang='lat' dir='ltr'>Regio</span> <span class='ocrx_word' id='word_1_688' title='bbox 965 2865 1063 2893; x_wconf 88' lang='lat' dir='ltr'>codice</span> 
     </span>
    </p>
   </div>
   <div class='ocr_carea' id='block_1_95' title="bbox 1110 1691 1937 1732">
    <p class='ocr_par' dir='ltr' id='par_1_95' title="bbox 1110 1691 1937 1732">
     <span class='ocr_line' id='line_1_96' title="bbox 1110 1691 1937 1732; baseline 0.002 -12"><span class='ocrx_word' id='word_1_689' title='bbox 1110 1695 1182 1729; x_wconf 71' lang='grc' dir='ltr'>νυῧς,</span> <span class='ocrx_word' id='word_1_690' title='bbox 1212 1691 1278 1731; x_wconf 72' lang='grc' dir='ltr'>ὅπερ</span> <span class='ocrx_word' id='word_1_691' title='bbox 1307 1692 1419 1731; x_wconf 75' lang='grc' dir='ltr'>διορίζει</span> <span class='ocrx_word' id='word_1_692' title='bbox 1439 1694 1484 1721; x_wconf 84' lang='grc' dir='ltr'>τὸν</span> <span class='ocrx_word' id='word_1_693' title='bbox 1512 1695 1689 1732; x_wconf 79' lang='grc' dir='ltr'>μονοτρόπως</span> <span class='ocrx_word' id='word_1_694' title='bbox 1716 1696 1881 1732; x_wconf 65' lang='grc' dir='ltr'>γεννηθέντα</span> <span class='ocrx_word' id='word_1_695' title='bbox 1909 1695 1937 1722; x_wconf 80' lang='grc' dir='ltr'>ἐκ</span> 
     </span>
    </p>
   </div>
   <div class='ocr_carea' id='block_1_96' title="bbox 1111 1738 1934 1779">
    <p class='ocr_par' dir='ltr' id='par_1_96' title="bbox 1111 1738 1934 1779">
     <span class='ocr_line' id='line_1_97' title="bbox 1111 1738 1934 1779; baseline 0.004 -15"><span class='ocrx_word' id='word_1_696' title='bbox 1111 1738 1227 1775; x_wconf 71' lang='grc' dir='ltr'>Πατρὸς,</span> <span class='ocrx_word' id='word_1_697' title='bbox 1256 1738 1300 1765; x_wconf 71' lang='grc' dir='ltr'>καὶ</span> <span class='ocrx_word' id='word_1_698' title='bbox 1329 1739 1383 1776; x_wconf 73' lang='grc' dir='ltr'>οὐχ</span> <span class='ocrx_word' id='word_1_699' title='bbox 1411 1739 1438 1766; x_wconf 77' lang='grc' dir='ltr'>αἱ</span> <span class='ocrx_word' id='word_1_700' title='bbox 1467 1739 1623 1775; x_wconf 76' lang='grc' dir='ltr'>ὁμωνυμίαι</span> <span class='ocrx_word' id='word_1_701' title='bbox 1651 1750 1758 1771; x_wconf 81' lang='grc' dir='ltr'>παντως</span> <span class='ocrx_word' id='word_1_702' title='bbox 1781 1741 1832 1774; x_wconf 79' lang='grc' dir='ltr'>τήν</span> <span class='ocrx_word' id='word_1_703' title='bbox 1857 1741 1934 1779; x_wconf 73' lang='grc' dir='ltr'>φύσιν</span> 
     </span>
    </p>
   </div>
   <div class='ocr_carea' id='block_1_97' title="bbox 1111 1782 1935 1820">
    <p class='ocr_par' dir='ltr' id='par_1_97' title="bbox 1111 1782 1935 1820">
     <span class='ocr_line' id='line_1_98' title="bbox 1111 1782 1935 1820; baseline 0.002 -12"><span class='ocrx_word' id='word_1_704' title='bbox 1111 1784 1164 1809; x_wconf 82' lang='grc' dir='ltr'>τῶν</span> <span class='ocrx_word' id='word_1_705' title='bbox 1204 1782 1371 1820; x_wconf 76' lang='grc' dir='ltr'>πραγμάτων</span> <span class='ocrx_word' id='word_1_706' title='bbox 1411 1783 1587 1819; x_wconf 78' lang='grc' dir='ltr'>συνάπτουσι,</span> <span class='ocrx_word' id='word_1_707' title='bbox 1618 1784 1707 1816; x_wconf 78' lang='grc' dir='ltr'>καθὼς</span> <span class='ocrx_word' id='word_1_708' title='bbox 1742 1783 1935 1820; x_wconf 69' lang='grc' dir='ltr'>ὀνομάζονται*</span> 
     </span>
    </p>
   </div>
   <div class='ocr_carea' id='block_1_98' title="bbox 1113 1827 1936 1865">
    <p class='ocr_par' dir='ltr' id='par_1_98' title="bbox 1113 1827 1936 1865">
     <span class='ocr_line' id='line_1_99' title="bbox 1113 1827 1936 1865; baseline 0.005 -12"><span class='ocrx_word' id='word_1_709' title='bbox 1113 1839 1127 1852; x_wconf 88' lang='grc'>‹‹</span> <span class='ocrx_word' id='word_1_710' title='bbox 1143 1827 1234 1855; x_wconf 86' lang='lat' dir='ltr'>Aliter</span> <span class='ocrx_word' id='word_1_711' title='bbox 1249 1828 1327 1855; x_wconf 90' lang='lat' dir='ltr'>enim</span> <span class='ocrx_word' id='word_1_712' title='bbox 1343 1828 1434 1856; x_wconf 88' lang='lat' dir='ltr'>Deum</span> <span class='ocrx_word' id='word_1_713' title='bbox 1451 1829 1555 1864; x_wconf 73' lang='lat' dir='ltr'>pluvias</span> <span class='ocrx_word' id='word_1_714' title='bbox 1580 1832 1690 1865; x_wconf 80' lang='lat' dir='ltr'>patrem</span> <span class='ocrx_word' id='word_1_715' title='bbox 1704 1838 1770 1857; x_wconf 86' lang='lat' dir='ltr'>esse</span> <span class='ocrx_word' id='word_1_716' title='bbox 1786 1831 1936 1863; x_wconf 83' lang='lat' dir='ltr'>audimus,</span> 
     </span>
    </p>
   </div>
   <div class='ocr_carea' id='block_1_99' title="bbox 1114 1872 1937 1910">
    <p class='ocr_par' dir='ltr' id='par_1_99' title="bbox 1114 1872 1937 1910">
     <span class='ocr_line' id='line_1_100' title="bbox 1114 1872 1937 1910; baseline 0.004 -11"><span class='ocrx_word' id='word_1_717' title='bbox 1114 1872 1198 1900; x_wconf 85' lang='lat' dir='ltr'>aliter</span> <span class='ocrx_word' id='word_1_718' title='bbox 1220 1872 1293 1907; x_wconf 85' lang='lat' dir='ltr'>Filii,</span> <span class='ocrx_word' id='word_1_719' title='bbox 1319 1874 1348 1900; x_wconf 88' lang='lat' dir='ltr'>ct</span> <span class='ocrx_word' id='word_1_720' title='bbox 1371 1873 1461 1908; x_wconf 83' lang='lat' dir='ltr'>hujus</span> <span class='ocrx_word' id='word_1_721' title='bbox 1487 1873 1605 1908; x_wconf 89' lang='lat' dir='ltr'>quidem</span> <span class='ocrx_word' id='word_1_722' title='bbox 1630 1873 1788 1909; x_wconf 85' lang='lat' dir='ltr'>Unigeniti,</span> <span class='ocrx_word' id='word_1_723' title='bbox 1806 1874 1837 1902; x_wconf 92' lang='lat' dir='ltr'>id</span> <span class='ocrx_word' id='word_1_724' title='bbox 1862 1875 1937 1910; x_wconf 86' lang='lat' dir='ltr'>quod</span> 
     </span>
    </p>
   </div>
   <div class='ocr_carea' id='block_1_100' title="bbox 1114 1917 1936 1954">
    <p class='ocr_par' dir='ltr' id='par_1_100' title="bbox 1114 1917 1936 1954">
     <span class='ocr_line' id='line_1_101' title="bbox 1114 1917 1936 1954; baseline 0.004 -11"><span class='ocrx_word' id='word_1_725' title='bbox 1114 1917 1222 1944; x_wconf 90' lang='lat' dir='ltr'>Filium</span> <span class='ocrx_word' id='word_1_726' title='bbox 1236 1926 1252 1944; x_wconf 87' lang='lat' dir='ltr'>a</span> <span class='ocrx_word' id='word_1_727' title='bbox 1268 1917 1352 1944; x_wconf 83' lang='lat' dir='ltr'>Patre</span> <span class='ocrx_word' id='word_1_728' title='bbox 1367 1917 1644 1954; x_wconf 86' lang='lat' dir='ltr'>singulariquodam</span> <span class='ocrx_word' id='word_1_729' title='bbox 1661 1918 1748 1946; x_wconf 88' lang='lat' dir='ltr'>modo</span> <span class='ocrx_word' id='word_1_730' title='bbox 1763 1921 1936 1954; x_wconf 87' lang='lat' dir='ltr'>generatum</span> 
     </span>
    </p>
   </div>
   <div class='ocr_carea' id='block_1_101' title="bbox 1113 1961 1937 1998">
    <p class='ocr_par' dir='ltr' id='par_1_101' title="bbox 1113 1961 1937 1998">
     <span class='ocr_line' id='line_1_102' title="bbox 1113 1961 1937 1998; baseline 0.001 -10"><span class='ocrx_word' id='word_1_731' title='bbox 1113 1969 1178 1989; x_wconf 86' lang='lat' dir='ltr'>esse</span> <span class='ocrx_word' id='word_1_732' title='bbox 1193 1961 1333 1997; x_wconf 85' lang='lat' dir='ltr'>declarat,</span> <span class='ocrx_word' id='word_1_733' title='bbox 1349 1970 1445 1997; x_wconf 87' lang='lat' dir='ltr'>neque</span> <span class='ocrx_word' id='word_1_734' title='bbox 1459 1971 1557 1990; x_wconf 86' lang='lat' dir='ltr'>rerum</span> <span class='ocrx_word' id='word_1_735' title='bbox 1572 1963 1714 1996; x_wconf 89' lang='lat' dir='ltr'>omnium,</span> <span class='ocrx_word' id='word_1_736' title='bbox 1731 1971 1797 1998; x_wconf 72' lang='lat' dir='ltr'>quae</span> <span class='ocrx_word' id='word_1_737' title='bbox 1815 1962 1937 1991; x_wconf 88' lang='lat' dir='ltr'>nomini-</span> 
     </span>
    </p>
   </div>
   <div class='ocr_carea' id='block_1_102' title="bbox 1114 2006 1820 2041">
    <p class='ocr_par' dir='ltr' id='par_1_102' title="bbox 1114 2006 1820 2041">
     <span class='ocr_line' id='line_1_103' title="bbox 1114 2006 1820 2041; baseline 0.001 -8"><span class='ocrx_word' id='word_1_738' title='bbox 1114 2006 1170 2034; x_wconf 87' lang='lat' dir='ltr'>bus</span> <span class='ocrx_word' id='word_1_739' title='bbox 1184 2006 1368 2041; x_wconf 84' lang='lat' dir='ltr'>copulantur,</span> <span class='ocrx_word' id='word_1_740' title='bbox 1385 2007 1486 2034; x_wconf 87' lang='lat' dir='ltr'>eadem</span> <span class='ocrx_word' id='word_1_741' title='bbox 1503 2006 1578 2034; x_wconf 89' lang='lat' dir='ltr'>solet</span> <span class='ocrx_word' id='word_1_742' title='bbox 1592 2015 1656 2035; x_wconf 88' lang='lat' dir='ltr'>esse</span> <span class='ocrx_word' id='word_1_743' title='bbox 1672 2009 1789 2034; x_wconf 85' lang='lat' dir='ltr'>natura.</span> <span class='ocrx_word' id='word_1_744' title='bbox 1808 2018 1820 2031; x_wconf 79' lang='grc' dir='ltr'><strong>ι</strong></span> 
     </span>
    </p>
   </div>
   <div class='ocr_carea' id='block_1_103' title="bbox 1149 2059 1938 2096">
    <p class='ocr_par' dir='ltr' id='par_1_103' title="bbox 1149 2059 1938 2096">
     <span class='ocr_line' id='line_1_104' title="bbox 1149 2059 1938 2096; baseline 0.001 -9"><span class='ocrx_word' id='word_1_745' title='bbox 1149 2059 1210 2087; x_wconf 92' lang='lat' dir='ltr'>Col.</span> <span class='ocrx_word' id='word_1_746' title='bbox 1227 2060 1279 2086; x_wconf 77' lang='lat'>627</span> <span class='ocrx_word' id='word_1_747' title='bbox 1296 2060 1315 2087; x_wconf 82' lang='grc' dir='ltr'><strong>Α</strong></span> <span class='ocrx_word' id='word_1_748' title='bbox 1332 2060 1374 2087; x_wconf 88' lang='grc'>12.</span> <span class='ocrx_word' id='word_1_749' title='bbox 1396 2060 1464 2094; x_wconf 62' lang='lat' dir='ltr'>Qua:</span> <span class='ocrx_word' id='word_1_750' title='bbox 1489 2061 1607 2088; x_wconf 79' lang='lat' dir='ltr'>rationi.</span> <span class='ocrx_word' id='word_1_751' title='bbox 1632 2060 1780 2096; x_wconf 87' lang='lat' dir='ltr'>Interpres</span> <span class='ocrx_word' id='word_1_752' title='bbox 1796 2061 1938 2093; x_wconf 81' lang='lat' dir='ltr'>ediderat,</span> 
     </span>
    </p>
   </div>
   <div class='ocr_carea' id='block_1_104' title="bbox 1115 2105 1938 2141">
    <p class='ocr_par' dir='ltr' id='par_1_104' title="bbox 1115 2105 1938 2141">
     <span class='ocr_line' id='line_1_105' title="bbox 1115 2105 1938 2141; baseline 0.002 -10"><span class='ocrx_word' id='word_1_753' title='bbox 1115 2116 1129 2131; x_wconf 88' lang='grc'>‹‹</span> <span class='ocrx_word' id='word_1_754' title='bbox 1146 2113 1210 2141; x_wconf 75' lang='lat' dir='ltr'>quae</span> <span class='ocrx_word' id='word_1_755' title='bbox 1225 2105 1380 2140; x_wconf 88' lang='lat' dir='ltr'>cogitando</span> <span class='ocrx_word' id='word_1_756' title='bbox 1393 2105 1565 2133; x_wconf 85' lang='lat' dir='ltr'>verisimilia</span> <span class='ocrx_word' id='word_1_757' title='bbox 1574 2108 1689 2141; x_wconf 85' lang='lat' dir='ltr'>putant,</span> <span class='ocrx_word' id='word_1_758' title='bbox 1702 2105 1938 2141; x_wconf 67' lang='lat' dir='ltr'>praedicationem</span> 
     </span>
    </p>
   </div>
   <div class='ocr_carea' id='block_1_105' title="bbox 1115 2149 1938 2185">
    <p class='ocr_par' dir='ltr' id='par_1_105' title="bbox 1115 2149 1938 2185">
     <span class='ocr_line' id='line_1_106' title="bbox 1115 2149 1938 2185; baseline 0.001 -8"><span class='ocrx_word' id='word_1_759' title='bbox 1115 2149 1242 2185; x_wconf 85' lang='lat' dir='ltr'>Spiritus</span> <span class='ocrx_word' id='word_1_760' title='bbox 1266 2149 1469 2177; x_wconf 86' lang='lat' dir='ltr'>incredibilem</span> <span class='ocrx_word' id='word_1_761' title='bbox 1486 2150 1587 2177; x_wconf 90' lang='lat' dir='ltr'>dicunt</span> <span class='ocrx_word' id='word_1_762' title='bbox 1603 2159 1635 2177; x_wconf 69' lang='grc' dir='ltr'>τι</span> <span class='ocrx_word' id='word_1_763' title='bbox 1653 2149 1683 2177; x_wconf 89' lang='lat' dir='ltr'>in</span> <span class='ocrx_word' id='word_1_764' title='bbox 1700 2158 1828 2185; x_wconf 88' lang='lat' dir='ltr'>quorum</span> <span class='ocrx_word' id='word_1_765' title='bbox 1846 2151 1938 2178; x_wconf 89' lang='lat' dir='ltr'>locum</span> 
     </span>
    </p>
   </div>
   <div class='ocr_carea' id='block_1_106' title="bbox 1115 2193 1937 2230">
    <p class='ocr_par' dir='ltr' id='par_1_106' title="bbox 1115 2193 1937 2230">
     <span class='ocr_line' id='line_1_107' title="bbox 1115 2193 1937 2230; baseline -0.002 -8"><span class='ocrx_word' id='word_1_766' title='bbox 1115 2193 1276 2222; x_wconf 87' lang='lat' dir='ltr'>substituta</span> <span class='ocrx_word' id='word_1_767' title='bbox 1287 2195 1331 2221; x_wconf 88' lang='lat' dir='ltr'>est</span> <span class='ocrx_word' id='word_1_768' title='bbox 1346 2194 1548 2230; x_wconf 84' lang='lat' dir='ltr'>interpretatio</span> <span class='ocrx_word' id='word_1_769' title='bbox 1571 2194 1717 2228; x_wconf 85' lang='lat' dir='ltr'>Cornarii,</span> <span class='ocrx_word' id='word_1_770' title='bbox 1733 2195 1783 2230; x_wconf 91' lang='lat' dir='ltr'>qui</span> <span class='ocrx_word' id='word_1_771' title='bbox 1800 2193 1937 2226; x_wconf 70' lang='grc' dir='ltr'>ἀπειθοῧσι</span> 
     </span>
    </p>
   </div>
   <div class='ocr_carea' id='block_1_107' title="bbox 1114 2233 1938 2272">
    <p class='ocr_par' dir='ltr' id='par_1_107' title="bbox 1114 2233 1938 2272">
     <span class='ocr_line' id='line_1_108' title="bbox 1114 2233 1938 2272; baseline 0.001 -7"><span class='ocrx_word' id='word_1_772' title='bbox 1114 2239 1200 2266; x_wconf 87' lang='lat' dir='ltr'>vertit</span> <span class='ocrx_word' id='word_1_773' title='bbox 1215 2250 1229 2264; x_wconf 87' lang='lat'><strong>«</strong></span> <span class='ocrx_word' id='word_1_774' title='bbox 1253 2238 1339 2266; x_wconf 75' lang='lat' dir='ltr'>fidem</span> <span class='ocrx_word' id='word_1_775' title='bbox 1361 2247 1418 2265; x_wconf 88' lang='lat' dir='ltr'>non</span> <span class='ocrx_word' id='word_1_776' title='bbox 1444 2238 1583 2266; x_wconf 85' lang='lat' dir='ltr'>adhibent</span> <span class='ocrx_word' id='word_1_777' title='bbox 1599 2233 1605 2266; x_wconf 70' lang='grc' dir='ltr'><em>ὲ</em></span> <span class='ocrx_word' id='word_1_778' title='bbox 1623 2250 1638 2263; x_wconf 74' lang='grc' dir='ltr'>υ</span> <span class='ocrx_word' id='word_1_779' title='bbox 1654 2247 1723 2266; x_wconf 90' lang='lat' dir='ltr'>nam</span> <span class='ocrx_word' id='word_1_780' title='bbox 1748 2241 1778 2266; x_wconf 84' lang='lat' dir='ltr'>et</span> <span class='ocrx_word' id='word_1_781' title='bbox 1802 2241 1938 2272; x_wconf 62' lang='lat' dir='ltr'>Budaeus,</span> 
     </span>
    </p>
   </div>
   <div class='ocr_carea' id='block_1_108' title="bbox 1115 2281 1940 2319">
    <p class='ocr_par' dir='ltr' id='par_1_108' title="bbox 1115 2281 1940 2319">
     <span class='ocr_line' id='line_1_109' title="bbox 1115 2281 1940 2319; baseline -0.002 -8"><span class='ocrx_word' id='word_1_782' title='bbox 1115 2283 1221 2319; x_wconf 86' lang='lat' dir='ltr'>Ephes.</span> <span class='ocrx_word' id='word_1_783' title='bbox 1250 2284 1278 2317; x_wconf 91' lang='lat'>5,</span> <span class='ocrx_word' id='word_1_784' title='bbox 1307 2284 1334 2316; x_wconf 78' lang='grc' dir='ltr'>ϐ,</span> <span class='ocrx_word' id='word_1_785' title='bbox 1371 2281 1445 2313; x_wconf 76' lang='grc' dir='ltr'>υἱοὺς</span> <span class='ocrx_word' id='word_1_786' title='bbox 1479 2285 1528 2317; x_wconf 82' lang='grc' dir='ltr'>τῆς</span> <span class='ocrx_word' id='word_1_787' title='bbox 1565 2282 1702 2314; x_wconf 71' lang='grc' dir='ltr'>ἀπειθείας</span> <span class='ocrx_word' id='word_1_788' title='bbox 1730 2282 1940 2319; x_wconf 78' lang='lat' dir='ltr'>interpretatur</span> 
     </span>
    </p>
   </div>
   <div class='ocr_carea' id='block_1_109' title="bbox 1115 2328 1940 2364">
    <p class='ocr_par' dir='ltr' id='par_1_109' title="bbox 1115 2328 1940 2364">
     <span class='ocr_line' id='line_1_110' title="bbox 1115 2328 1940 2364; baseline 0 -8"><span class='ocrx_word' id='word_1_789' title='bbox 1115 2329 1187 2364; x_wconf 81' lang='lat' dir='ltr'>ﬁlios</span> <span class='ocrx_word' id='word_1_790' title='bbox 1210 2328 1382 2363; x_wconf 75' lang='lat' dir='ltr'>difﬁdentiae,</span> <span class='ocrx_word' id='word_1_791' title='bbox 1409 2328 1453 2356; x_wconf 88' lang='lat' dir='ltr'>vel</span> <span class='ocrx_word' id='word_1_792' title='bbox 1483 2328 1709 2361; x_wconf 77' lang='lat' dir='ltr'>incredulitatis,</span> <span class='ocrx_word' id='word_1_793' title='bbox 1738 2332 1828 2364; x_wconf 87' lang='lat' dir='ltr'>prout</span> <span class='ocrx_word' id='word_1_794' title='bbox 1856 2329 1940 2356; x_wconf 82' lang='lat' dir='ltr'>habet</span> 
     </span>
    </p>
   </div>
   <div class='ocr_carea' id='block_1_110' title="bbox 1115 2373 1939 2410">
    <p class='ocr_par' dir='ltr' id='par_1_110' title="bbox 1115 2373 1939 2410">
     <span class='ocr_line' id='line_1_111' title="bbox 1115 2373 1939 2410; baseline 0.002 -9"><span class='ocrx_word' id='word_1_795' title='bbox 1115 2374 1241 2410; x_wconf 84' lang='lat' dir='ltr'>Vulgata</span> <span class='ocrx_word' id='word_1_796' title='bbox 1256 2374 1369 2407; x_wconf 87' lang='lat' dir='ltr'>Latina,</span> <span class='ocrx_word' id='word_1_797' title='bbox 1387 2373 1454 2402; x_wconf 88' lang='lat' dir='ltr'>licet</span> <span class='ocrx_word' id='word_1_798' title='bbox 1469 2377 1541 2402; x_wconf 86' lang='lat' dir='ltr'>Beza</span> <span class='ocrx_word' id='word_1_799' title='bbox 1558 2374 1641 2402; x_wconf 85' lang='lat' dir='ltr'>malit</span> <span class='ocrx_word' id='word_1_800' title='bbox 1656 2385 1670 2399; x_wconf 88' lang='grc'><em>‹‹</em></span> <span class='ocrx_word' id='word_1_801' title='bbox 1687 2374 1825 2403; x_wconf 81' lang='lat' dir='ltr'>homines</span> <span class='ocrx_word' id='word_1_802' title='bbox 1841 2378 1939 2403; x_wconf 87' lang='lat' dir='ltr'>contu-</span> 
     </span>
    </p>
   </div>
   <div class='ocr_carea' id='block_1_111' title="bbox 1117 2417 1940 2454">
    <p class='ocr_par' dir='ltr' id='par_1_111' title="bbox 1117 2417 1940 2454">
     <span class='ocr_line' id='line_1_112' title="bbox 1117 2417 1940 2454; baseline 0.001 -9"><span class='ocrx_word' id='word_1_803' title='bbox 1117 2426 1244 2452; x_wconf 79' lang='lat' dir='ltr'>maces,»</span> <span class='ocrx_word' id='word_1_804' title='bbox 1255 2420 1389 2446; x_wconf 86' lang='lat' dir='ltr'>ettamen</span> <span class='ocrx_word' id='word_1_805' title='bbox 1400 2417 1517 2445; x_wconf 77' lang='grc' dir='ltr'>ἀπειθεῖν</span> <span class='ocrx_word' id='word_1_806' title='bbox 1529 2427 1581 2454; x_wconf 87' lang='lat' dir='ltr'>pro</span> <span class='ocrx_word' id='word_1_807' title='bbox 1594 2429 1607 2444; x_wconf 84' lang='grc'><strong>‹‹</strong></span> <span class='ocrx_word' id='word_1_808' title='bbox 1619 2419 1753 2447; x_wconf 80' lang='lat' dir='ltr'>difﬁdere</span> <span class='ocrx_word' id='word_1_809' title='bbox 1763 2429 1775 2444; x_wconf 75' lang='grc' dir='ltr'>υ</span> <span class='ocrx_word' id='word_1_810' title='bbox 1788 2422 1818 2447; x_wconf 89' lang='lat' dir='ltr'>et</span> <span class='ocrx_word' id='word_1_811' title='bbox 1829 2431 1843 2444; x_wconf 72' lang='grc' dir='ltr'>α</span> <span class='ocrx_word' id='word_1_812' title='bbox 1855 2419 1940 2447; x_wconf 83' lang='lat' dir='ltr'>ﬁdem</span> 
     </span>
    </p>
   </div>
   <div class='ocr_carea' id='block_1_112' title="bbox 1117 2463 1941 2500">
    <p class='ocr_par' dir='ltr' id='par_1_112' title="bbox 1117 2463 1941 2500">
     <span class='ocr_line' id='line_1_113' title="bbox 1117 2463 1941 2500; baseline 0.001 -10"><span class='ocrx_word' id='word_1_813' title='bbox 1117 2471 1175 2490; x_wconf 91' lang='lat' dir='ltr'>non</span> <span class='ocrx_word' id='word_1_814' title='bbox 1201 2463 1307 2491; x_wconf 89' lang='lat' dir='ltr'>habere</span> <span class='ocrx_word' id='word_1_815' title='bbox 1331 2474 1345 2488; x_wconf 89' lang='lat'>»</span> <span class='ocrx_word' id='word_1_816' title='bbox 1372 2464 1533 2499; x_wconf 71' lang='lat' dir='ltr'>praesertim</span> <span class='ocrx_word' id='word_1_817' title='bbox 1553 2463 1582 2491; x_wconf 92' lang='lat' dir='ltr'>in</span> <span class='ocrx_word' id='word_1_818' title='bbox 1600 2463 1810 2492; x_wconf 76' lang='lat' dir='ltr'>ecclesiasticis</span> <span class='ocrx_word' id='word_1_819' title='bbox 1826 2464 1941 2500; x_wconf 88' lang='lat' dir='ltr'>scriptis</span> 
     </span>
    </p>
   </div>
   <div class='ocr_carea' id='block_1_113' title="bbox 1117 2507 1940 2544">
    <p class='ocr_par' dir='ltr' id='par_1_113' title="bbox 1117 2507 1940 2544">
     <span class='ocr_line' id='line_1_114' title="bbox 1117 2507 1940 2544; baseline 0.002 -10"><span class='ocrx_word' id='word_1_820' title='bbox 1117 2507 1196 2535; x_wconf 87' lang='lat' dir='ltr'>sumi</span> <span class='ocrx_word' id='word_1_821' title='bbox 1207 2507 1240 2535; x_wconf 84' lang='grc' dir='ltr'>Η.</span> <span class='ocrx_word' id='word_1_822' title='bbox 1254 2507 1419 2543; x_wconf 82' lang='lat' dir='ltr'>Stephanus</span> <span class='ocrx_word' id='word_1_823' title='bbox 1433 2508 1684 2544; x_wconf 85' lang='lat' dir='ltr'>agnoscit.Potest</span> <span class='ocrx_word' id='word_1_824' title='bbox 1694 2510 1794 2536; x_wconf 87' lang='lat' dir='ltr'>autem</span> <span class='ocrx_word' id='word_1_825' title='bbox 1811 2508 1867 2536; x_wconf 92' lang='lat' dir='ltr'>hoc</span> <span class='ocrx_word' id='word_1_826' title='bbox 1882 2508 1940 2536; x_wconf 88' lang='lat' dir='ltr'>loco</span> 
     </span>
    </p>
   </div>
   <div class='ocr_carea' id='block_1_114' title="bbox 1117 2551 1942 2588">
    <p class='ocr_par' dir='ltr' id='par_1_114' title="bbox 1117 2551 1942 2588">
     <span class='ocr_line' id='line_1_115' title="bbox 1117 2551 1942 2588; baseline 0 -9"><span class='ocrx_word' id='word_1_827' title='bbox 1117 2552 1194 2588; x_wconf 85' lang='lat' dir='ltr'>apud</span> <span class='ocrx_word' id='word_1_828' title='bbox 1210 2551 1351 2580; x_wconf 79' lang='lat' dir='ltr'>Basiliam</span> <span class='ocrx_word' id='word_1_829' title='bbox 1365 2553 1438 2580; x_wconf 84' lang='lat' dir='ltr'>verti</span> <span class='ocrx_word' id='word_1_830' title='bbox 1463 2560 1529 2580; x_wconf 90' lang='lat' dir='ltr'>cum</span> <span class='ocrx_word' id='word_1_831' title='bbox 1554 2553 1656 2581; x_wconf 89' lang='lat' dir='ltr'>eodem</span> <span class='ocrx_word' id='word_1_832' title='bbox 1680 2555 1764 2587; x_wconf 84' lang='lat' dir='ltr'>Beza,</span> <span class='ocrx_word' id='word_1_833' title='bbox 1783 2563 1798 2577; x_wconf 89' lang='lat'>»</span> <span class='ocrx_word' id='word_1_834' title='bbox 1814 2553 1894 2588; x_wconf 91' lang='lat' dir='ltr'>quod</span> <span class='ocrx_word' id='word_1_835' title='bbox 1909 2553 1942 2580; x_wconf 86' lang='lat' dir='ltr'>iis</span> 
     </span>
    </p>
   </div>
   <div class='ocr_carea' id='block_1_115' title="bbox 1118 2597 1942 2633">
    <p class='ocr_par' dir='ltr' id='par_1_115' title="bbox 1118 2597 1942 2633">
     <span class='ocr_line' id='line_1_116' title="bbox 1118 2597 1942 2633; baseline 0 -9"><span class='ocrx_word' id='word_1_836' title='bbox 1118 2605 1181 2633; x_wconf 83' lang='lat' dir='ltr'>quae</span> <span class='ocrx_word' id='word_1_837' title='bbox 1207 2597 1319 2625; x_wconf 85' lang='lat' dir='ltr'>ratione</span> <span class='ocrx_word' id='word_1_838' title='bbox 1345 2597 1467 2633; x_wconf 87' lang='lat' dir='ltr'>liquent,</span> <span class='ocrx_word' id='word_1_839' title='bbox 1493 2597 1624 2625; x_wconf 86' lang='lat' dir='ltr'>obsecuti</span> <span class='ocrx_word' id='word_1_840' title='bbox 1651 2597 1797 2633; x_wconf 68' lang='lat' dir='ltr'>praeconio</span> <span class='ocrx_word' id='word_1_841' title='bbox 1819 2597 1942 2633; x_wconf 83' lang='lat' dir='ltr'>Spiritus</span> 
     </span>
    </p>
   </div>
   <div class='ocr_carea' id='block_1_116' title="bbox 1118 2641 1943 2678">
    <p class='ocr_par' dir='ltr' id='par_1_116' title="bbox 1118 2641 1943 2678">
     <span class='ocr_line' id='line_1_117' title="bbox 1118 2641 1943 2678; baseline 0 -10"><span class='ocrx_word' id='word_1_842' title='bbox 1118 2641 1212 2669; x_wconf 85' lang='lat' dir='ltr'>sancti</span> <span class='ocrx_word' id='word_1_843' title='bbox 1229 2641 1433 2678; x_wconf 88' lang='lat' dir='ltr'>immorigeros</span> <span class='ocrx_word' id='word_1_844' title='bbox 1448 2649 1480 2670; x_wconf 87' lang='lat' dir='ltr'>se</span> <span class='ocrx_word' id='word_1_845' title='bbox 1496 2641 1635 2677; x_wconf 63' lang='lat' dir='ltr'>praebent.</span> <span class='ocrx_word' id='word_1_846' title='bbox 1650 2652 1661 2666; x_wconf 76' lang='grc' dir='ltr'><strong><em>ι</em></strong></span> <span class='ocrx_word' id='word_1_847' title='bbox 1679 2644 1752 2670; x_wconf 86' lang='lat' dir='ltr'>Nam</span> <span class='ocrx_word' id='word_1_848' title='bbox 1768 2643 1798 2669; x_wconf 89' lang='lat' dir='ltr'>et</span> <span class='ocrx_word' id='word_1_849' title='bbox 1813 2641 1855 2669; x_wconf 83' lang='lat' dir='ltr'>ait</span> <span class='ocrx_word' id='word_1_850' title='bbox 1870 2645 1943 2677; x_wconf 79' lang='lat' dir='ltr'>Apo-</span> 
     </span>
    </p>
   </div>
   <div class='ocr_carea' id='block_1_117' title="bbox 1118 2685 1942 2722">
    <p class='ocr_par' dir='ltr' id='par_1_117' title="bbox 1118 2685 1942 2722">
     <span class='ocr_line' id='line_1_118' title="bbox 1118 2685 1942 2722; baseline -0.001 -10"><span class='ocrx_word' id='word_1_851' title='bbox 1118 2685 1211 2713; x_wconf 85' lang='lat' dir='ltr'>stolus</span> <span class='ocrx_word' id='word_1_852' title='bbox 1224 2686 1260 2713; x_wconf 89' lang='lat' dir='ltr'>do</span> <span class='ocrx_word' id='word_1_853' title='bbox 1284 2686 1474 2722; x_wconf 87' lang='lat' dir='ltr'>quibusdam,</span> <span class='ocrx_word' id='word_1_854' title='bbox 1500 2686 1621 2714; x_wconf 82' lang='lat' dir='ltr'>Roman.</span> <span class='ocrx_word' id='word_1_855' title='bbox 1638 2695 1671 2722; x_wconf 74' lang='grc' dir='ltr'>ιι,</span> <span class='ocrx_word' id='word_1_856' title='bbox 1686 2687 1704 2713; x_wconf 89' lang='grc'>8</span> <span class='ocrx_word' id='word_1_857' title='bbox 1721 2695 1726 2714; x_wconf 92' lang='lat'>:</span> <span class='ocrx_word' id='word_1_858' title='bbox 1742 2685 1791 2713; x_wconf 69' lang='grc' dir='ltr'>Καὶ</span> <span class='ocrx_word' id='word_1_859' title='bbox 1807 2686 1942 2717; x_wconf 74' lang='grc' dir='ltr'>ἀπειθοῦσι</span> 
     </span>
    </p>
   </div>
   <div class='ocr_carea' id='block_1_118' title="bbox 1116 2729 1942 2767">
    <p class='ocr_par' dir='ltr' id='par_1_118' title="bbox 1116 2729 1942 2767">
     <span class='ocr_line' id='line_1_119' title="bbox 1116 2729 1942 2767; baseline 0.002 -11"><span class='ocrx_word' id='word_1_860' title='bbox 1116 2731 1151 2767; x_wconf 80' lang='grc' dir='ltr'>τῇ</span> <span class='ocrx_word' id='word_1_861' title='bbox 1166 2729 1291 2766; x_wconf 71' lang='grc' dir='ltr'>ἀληθείᾳ,</span> <span class='ocrx_word' id='word_1_862' title='bbox 1308 2731 1358 2758; x_wconf 91' lang='lat' dir='ltr'>ubi</span> <span class='ocrx_word' id='word_1_863' title='bbox 1382 2730 1519 2767; x_wconf 87' lang='lat' dir='ltr'>Vulgata,</span> <span class='ocrx_word' id='word_1_864' title='bbox 1535 2732 1587 2765; x_wconf 81' lang='lat' dir='ltr'>Qui</span> <span class='ocrx_word' id='word_1_865' title='bbox 1611 2739 1667 2766; x_wconf 74' lang='lat' dir='ltr'>non</span> <span class='ocrx_word' id='word_1_866' title='bbox 1680 2732 1858 2767; x_wconf 71' lang='lat' dir='ltr'>acquiescant</span> <span class='ocrx_word' id='word_1_867' title='bbox 1882 2731 1942 2759; x_wconf 76' lang='lat' dir='ltr'>veri-</span> 
     </span>
    </p>
   </div>
   <div class='ocr_carea' id='block_1_119' title="bbox 1118 2773 1942 2812">
    <p class='ocr_par' dir='ltr' id='par_1_119' title="bbox 1118 2773 1942 2812">
     <span class='ocr_line' id='line_1_120' title="bbox 1118 2773 1942 2812; baseline 0 -10"><span class='ocrx_word' id='word_1_868' title='bbox 1118 2776 1172 2802; x_wconf 79' lang='lat' dir='ltr'>tati</span> <span class='ocrx_word' id='word_1_869' title='bbox 1189 2796 1195 2803; x_wconf 87' lang='lat'>.</span> <span class='ocrx_word' id='word_1_870' title='bbox 1209 2778 1238 2803; x_wconf 85' lang='lat' dir='ltr'>et</span> <span class='ocrx_word' id='word_1_871' title='bbox 1254 2776 1289 2803; x_wconf 80' lang='lat' dir='ltr'>ad</span> <span class='ocrx_word' id='word_1_872' title='bbox 1319 2776 1447 2810; x_wconf 78' lang='lat' dir='ltr'>Galatas,</span> <span class='ocrx_word' id='word_1_873' title='bbox 1471 2785 1515 2811; x_wconf 80' lang='grc' dir='ltr'>ιη,</span> <span class='ocrx_word' id='word_1_874' title='bbox 1533 2777 1557 2810; x_wconf 84' lang='grc'>1,</span> <span class='ocrx_word' id='word_1_875' title='bbox 1574 2775 1619 2806; x_wconf 79' lang='grc' dir='ltr'>Τίς</span> <span class='ocrx_word' id='word_1_876' title='bbox 1642 2775 1712 2812; x_wconf 76' lang='grc' dir='ltr'>ὑμᾶς</span> <span class='ocrx_word' id='word_1_877' title='bbox 1727 2773 1859 2810; x_wconf 74' lang='grc' dir='ltr'>ἐϐάσκηνε</span> <span class='ocrx_word' id='word_1_878' title='bbox 1875 2773 1942 2809; x_wconf 81' lang='grc' dir='ltr'>ἀλη-</span> 
     </span>
    </p>
   </div>
   <div class='ocr_carea' id='block_1_120' title="bbox 1117 2817 1942 2856">
    <p class='ocr_par' dir='ltr' id='par_1_120' title="bbox 1117 2817 1942 2856">
     <span class='ocr_line' id='line_1_121' title="bbox 1117 2817 1942 2856; baseline 0.002 -10"><span class='ocrx_word' id='word_1_879' title='bbox 1117 2817 1231 2855; x_wconf 64' lang='grc' dir='ltr'>Οείσίμή</span> <span class='ocrx_word' id='word_1_880' title='bbox 1257 2820 1416 2854; x_wconf 77' lang='grc' dir='ltr'>πείθεσθαι;</span> <span class='ocrx_word' id='word_1_881' title='bbox 1435 2821 1501 2855; x_wconf 82' lang='lat' dir='ltr'>Quis</span> <span class='ocrx_word' id='word_1_882' title='bbox 1525 2829 1570 2849; x_wconf 81' lang='lat' dir='ltr'>vos</span> <span class='ocrx_word' id='word_1_883' title='bbox 1592 2821 1743 2856; x_wconf 82' lang='lat' dir='ltr'>fascinavit</span> <span class='ocrx_word' id='word_1_884' title='bbox 1767 2822 1879 2849; x_wconf 66' lang='lat' dir='ltr'>veritati</span> <span class='ocrx_word' id='word_1_885' title='bbox 1890 2828 1942 2848; x_wconf 80' lang='lat' dir='ltr'>non</span> 
     </span>
    </p>
   </div>
   <div class='ocr_carea' id='block_1_121' title="bbox 1117 2863 1942 2902">
    <p class='ocr_par' dir='ltr' id='par_1_121' title="bbox 1117 2863 1942 2902">
     <span class='ocr_line' id='line_1_122' title="bbox 1117 2863 1942 2902; baseline -0.002 -10"><span class='ocrx_word' id='word_1_886' title='bbox 1117 2864 1226 2893; x_wconf 76' lang='lat' dir='ltr'>obedire</span> <span class='ocrx_word' id='word_1_887' title='bbox 1237 2865 1251 2892; x_wconf 78' lang='lat' dir='ltr'>‘I</span> <span class='ocrx_word' id='word_1_888' title='bbox 1264 2865 1358 2893; x_wconf 84' lang='lat' dir='ltr'>Locus</span> <span class='ocrx_word' id='word_1_889' title='bbox 1382 2865 1464 2894; x_wconf 74' lang='lat' dir='ltr'>Isaias</span> <span class='ocrx_word' id='word_1_890' title='bbox 1479 2867 1525 2894; x_wconf 83' lang='lat' dir='ltr'>est</span> <span class='ocrx_word' id='word_1_891' title='bbox 1540 2873 1602 2902; x_wconf 85' lang='lat' dir='ltr'>cap.</span> <span class='ocrx_word' id='word_1_892' title='bbox 1619 2873 1647 2900; x_wconf 88' lang='lat' dir='ltr'>v,</span> <span class='ocrx_word' id='word_1_893' title='bbox 1663 2866 1696 2893; x_wconf 82' lang='grc'>21</span> <span class='ocrx_word' id='word_1_894' title='bbox 1717 2873 1723 2894; x_wconf 88' lang='lat'><strong>:</strong></span> <span class='ocrx_word' id='word_1_895' title='bbox 1740 2863 1810 2893; x_wconf 75' lang='grc' dir='ltr'>Οὐαὶ</span> <span class='ocrx_word' id='word_1_896' title='bbox 1825 2864 1851 2892; x_wconf 79' lang='grc' dir='ltr'>οἱ</span> <span class='ocrx_word' id='word_1_897' title='bbox 1867 2874 1942 2891; x_wconf 78' lang='grc' dir='ltr'>συνε-</span> 
     </span>
    </p>
   </div>
  </div>
