2029 3143
153 176 232 206 1045

693 177 732 206 ΙΝ
756 175 894 206 LIBROS
917 175 1070 207 CON’l‘llA
1094 176 1318 208 EUNOMIUM.

1779 177 1856 209 1046

151 241 194 268 τοὶ
225 240 250 268 ἐν
281 241 398 274 ἑαυτοῖς,
428 238 475 267 καῖ
511 239 624 267 ἰνώπιον
662 239 750 267 αὐτῶν
788 239 979 276 ἐπιστήμονες.

1040 242 1215 271 inducimur.
1229 254 1243 268 ››
1256 243 1336 275 Quod
1347 245 1445 271 autem
1462 243 1539 270 idem
1559 242 1716 271 Carnarius
1732 242 1813 271 addit
1828 243 1857 271 in

151 287 200 314 11:2
215 287 264 323 qui
279 289 344 313 sunt
366 285 461 320 arguti
480 286 510 312 in
537 286 697 322 semetipsis,
713 288 738 313 et
764 294 858 313 coram
880 287 980 313 semet-

153 332 222 367 ipsis
238 332 366 359 scientes.
382 331 453 358 Beza
469 338 622 366 perperam
647 330 706 358 haec
737 331 813 366 apud
839 330 979 358 Basilium

150 375 181 403 in
199 377 330 404 secunda
358 384 483 411 persona
507 375 600 409 ell‘ert,
618 386 632 400 ‹‹
656 375 703 403 Vae
720 375 811 409 vobis,
828 375 877 411 qui
902 374 979 410 apud

152 429 205 449 vos
220 421 358 457 sapitis.»
369 421 531 448 Dicendum
546 420 625 448 enim
641 420 746 448 fuisset
761 419 874 446 ἐνώπιον
892 419 979 455 ὑμῶν,

153 474 212 493 non
229 464 345 492 ἐνώπιον
362 465 462 492 αὐτῶν.
478 465 568 493 Paulo
587 467 652 500 post
670 465 777 501 Regius
797 465 887 493 codex
902 464 979 492 inse-

152 511 238 538 rebat
250 510 276 537 ἐν
292 512 325 546 τῇ
343 510 416 547 ἀρχῇ
431 511 480 537 τοῦ
495 508 629 547 παρόντος
648 508 745 546 λόγου,
762 521 776 534 u
793 510 821 537 in
839 509 980 545 principio

149 555 220 583 libri
237 555 339 590 hujus,
357 566 371 580 ››
387 555 437 583 sed
465 555 522 582 haec
548 554 628 583 olent
653 554 810 591 glossema,
826 555 902 590 quod
922 554 979 582 for-

150 600 246 628 tassis
263 608 297 628 ex
311 599 444 636 margine
461 599 490 627 in
507 601 618 627 textum
640 599 767 634 irrepsit.

188 645 250 673 Col.
265 645 318 672 634
343 645 364 672 Β
384 644 411 671 4.
429 644 519 678 Quare
545 644 629 671 sicut.
654 644 685 672 In
713 652 769 671 ms.
787 643 820 671 Η.
838 643 980 678 scriptum

152 690 209 717 fuit
224 690 273 716 τοῦ
290 688 382 727 φωτὸς
397 686 562 725 μεταδόσεις,
577 697 634 724 quo
661 690 742 723 pacto
772 687 878 723 legisse
902 688 980 714 vide-

149 736 200 762 tur
229 736 258 762 et
283 734 507 770 'l‘rapezuntius,
538 741 605 761 cum
635 733 678 761 sic
702 733 943 769 interpretaretur
972 740 979 759 :

150 790 164 804 «
184 780 279 812 Quare
295 779 373 806 sicut
388 787 542 814 nunquam
562 778 613 814 qui
634 780 722 806 natus
732 780 786 812 est,
800 777 981 805 innascibili-

149 824 221 852 tatis
232 823 288 852 erit.
298 823 455 860 particeps,
464 823 505 852 sic
518 831 669 859 nunquam
682 823 738 859 ipsi
747 823 781 850 de
793 822 857 850 luce
867 822 980 850 trades:

152 871 180 897 et
195 869 239 897 ita
250 869 413 897 secundum
429 870 457 896 te
472 868 622 904 Unigeniti
652 867 819 896 substantia
834 866 983 903 aequaliter

151 914 186 941 ab
198 912 331 949 ingenito
341 915 368 940 et
379 921 395 940 a
407 911 471 940 luce
483 912 641 940 distabit.»
652 914 687 940 At
700 912 828 940 Joannes
840 911 978 939 omiserat

151 957 237 991 illud,
251 958 371 988 νοεῖσθαι
385 956 430 984 καὶ
447 957 626 992 ὀνομάζεσθαι
640 966 646 971 ·
664 956 774 992 alioqui
796 956 861 984 ferri
878 958 976 992 posset

150 1002 241 1030 etiam
257 1001 318 1030 haec
333 1001 430 1035 lectio,
448 999 623 1037 μεταδώσεις’
642 1013 655 1026 ‹‹
673 1001 765 1037 Igitur
787 1001 873 1029 sicuti
898 1009 975 1028 nun-

152 1055 242 1084 quam
257 1047 283 1075 is
297 1046 348 1083 qui
364 1046 480 1082 genitus
496 1048 551 1080 est,
568 1045 807 1074 innascibilitatis
831 1046 976 1082 particeps

154 1091 222 1126 erit,
234 1091 276 1119 sic
288 1099 440 1127 nunquam
453 1091 602 1119 illilucem
617 1090 789 1127 impertias?
801 1101 816 1116 ››
832 1091 891 1118 Hoc
907 1092 952 1117 est
968 1098 974 1116 ε

152 1148 166 1162 ‹‹
184 1145 338 1172 nunquam
354 1144 421 1164 eum
438 1135 592 1172 praeditum
610 1143 674 1164 esse
689 1135 753 1163 luce
769 1135 956 1163 concedes?»

187 1190 264 1218 Ibid.
282 1190 304 1217 D
319 1191 345 1217 2.
363 1190 466 1224 Quibus
480 1190 546 1225 ipse.
565 1190 628 1216 llaec
652 1192 697 1217 est
722 1189 807 1217 lectio
835 1188 976 1216 Basilien-

152 1236 195 1263 sis
211 1235 350 1263 editionis
363 1243 369 1262 :
384 1236 413 1262 at
423 1234 566 1270 interpres
577 1233 606 1261 in
623 1233 826 1270 apographum
838 1233 976 1262 incidisse

151 1281 278 1315 videtur,
287 1279 365 1315 quod
378 1287 444 1306 cum
457 1279 556 1306 codice
567 1279 654 1314 Regio
666 1278 853 1314 conspirabat
871 1286 877 1306 ε
892 1277 977 1307 Οὗτος

152 1324 179 1351 ἐν
196 1324 347 1362 πανουργίᾳ
360 1322 448 1351 δολῶν
464 1323 510 1350 τὸν
536 1322 619 1360 λόγον
639 1321 910 1360 περικεχαλυμμένος
933 1321 974 1349 τό·

153 1381 168 1395 ‹‹
185 1370 298 1402 Quibus
312 1369 376 1404 ipse
392 1377 442 1404 per
457 1368 589 1396 dolosam
598 1369 757 1396 versutiam
771 1367 914 1395 malitiose
926 1376 977 1395 suo

152 1414 298 1442 velamine
312 1413 472 1441 orationem
486 1412 668 1440 occultans.»
680 1410 781 1439 Δολοῦν
798 1411 878 1449 λόγον
895 1412 976 1447 dixit,

156 1461 189 1487 ut
198 1458 346 1486 Lucianus
356 1456 454 1484 δολοῦν
470 1456 515 1483 τὸν
531 1457 614 1490 οἶνον,
631 1469 644 1483 ‹‹
658 1457 758 1485 vinum
772 1457 950 1484 adulterare:
961 1467 972 1483 ι

156 1503 202 1532 vel
219 1503 317 1540 potius
332 1512 367 1531 ex
382 1502 445 1538 ipso
457 1501 592 1538 Apostolo
604 1501 885 1536 didicit,llCorinth.
898 1509 934 1535 ιν,
945 1501 976 1528 2:

156 1549 202 1582 Μὴ
233 1549 445 1584 περιπατοῦντες
480 1546 505 1572 iv
535 1545 697 1583 πανουργίᾳ,
729 1544 799 1582 μηδὲ
836 1544 978 1576 δολοῦντες

155 1592 202 1620 τὸν
228 1591 310 1630 λόγον
332 1594 380 1618 τοῦ
396 1593 473 1618 Θεοῦ’
489 1602 503 1616 ‹‹
520 1593 583 1619 Non
599 1590 784 1619 ambulantes
807 1591 836 1617 in
861 1589 979 1623 astutia,

155 1644 253 1673 neque
275 1636 476 1664 adulterantes
500 1636 622 1663 verbum
649 1635 737 1663 Dei.»
756 1635 981 1671 Chrysostomus

155 1681 422 1718 cxponit,10t0510t
454 1678 539 1714 ὄντες,
566 1680 618 1707 οἷοι
650 1679 810 1716 φαινόμεθα,
832 1679 876 1706 καὶ
902 1677 980 1706 οὐδὲν

155 1723 266 1764 ἔχοντες
281 1725 516 1761 συνετιιασμένον,
533 1724 578 1751 καὶ
594 1723 643 1751 οὐκ
658 1723 683 1751 ἐν
697 1726 736 1760 τῷ
748 1723 800 1760 βίῳ
816 1723 897 1760 μόνον
917 1722 982 1750 τού-

155 1780 207 1806 τῳ,
231 1768 304 1796 ἀλλά
325 1769 369 1796 καὶ
396 1768 421 1796 ἐν
447 1768 521 1804 αὐτῷ
548 1770 587 1804 τῷ
610 1767 778 1806 κηρύγματι·
797 1780 810 1794 (ι
827 1769 881 1801 Qui
910 1768 983 1796 tales

157 1823 274 1850 sumus,
291 1814 391 1850 quales
406 1814 541 1841 videmur
557 1822 563 1840 ε
580 1822 632 1841 nec
648 1814 809 1849 quidquam
823 1822 881 1841 non
897 1813 983 1841 modo

157 1860 188 1888 in
207 1860 266 1888 vita
285 1861 386 1887 nostra
401 1867 434 1886 ac
458 1859 601 1893 moribus,
617 1858 668 1886 sed
690 1866 742 1886 nec
766 1858 795 1885 in
817 1858 883 1894 ipsa
905 1857 986 1886 verbi

158 1904 250 1933 divini
277 1904 483 1940 pradicatione
513 1905 623 1931 tectum
653 1905 740 1939 atque
775 1903 984 1931 adumbratam

157 1949 310 1977 habentes.
326 1960 341 1973 ››
358 1949 505 1976 Postremo
522 1948 684 1976 notandum
712 1947 741 1974 in
771 1947 898 1975 editione
922 1948 985 1975 Ste—

158 1994 249 2029 phani
261 1992 395 2021 mutilam
407 2001 471 2021 esse
482 1993 557 2020 hanc
572 1992 765 2027 sententiam;
777 1994 892 2020 tantum
907 1992 985 2019 enim

158 2041 214 2073 est,
232 2036 257 2064 ἐν
269 2035 419 2074 πανουργίᾳ
437 2038 491 2064 τῶν
508 2035 597 2074 λόγων
613 2036 851 2074 ἀποκρυψάμενος.

196 2091 256 2118 Col.
271 2091 323 2118 638
340 2092 360 2118 C
378 2091 419 2118 11.
431 2090 483 2118 Sed
498 2090 646 2118 evidentia.
661 2091 754 2122 Quam
779 2089 987 2117 addideramus

160 2137 192 2163 in
208 2135 340 2171 margine
356 2135 604 2168 emendationem,
621 2136 651 2165 in
668 2137 781 2162 textum
796 2143 853 2162 non
868 2133 989 2162 admisit

160 2180 362 2217 typographus
378 2188 384 2207 :
402 2180 444 2207 sic
459 2179 538 2207 enim
555 2181 600 2207 est
615 2179 642 2206 in
655 2179 699 2213 H.,
711 2180 745 2215 τῇ
761 2178 879 2216 ἐνεργείᾳ
895 2177 923 2205 δὲ
935 2180 987 2205 τῶν

158 2224 369 2262 γνωρισμάτων,
389 2235 403 2249 ‹‹
416 2224 562 2252 evidentia
578 2223 765 2251 indiciorum.
779 2235 792 2248 ››
803 2226 851 2251 Est
862 2224 940 2252 enim
955 2233 990 2251 ea

160 2269 281 2306 propria
294 2269 556 2304 lausindiciorum,
567 2270 599 2296 ut
610 2268 765 2296 manifesta
782 2269 841 2296 sint
855 2271 883 2296 et
898 2268 986 2296 clara.

163 2314 268 2342 Verior
281 2314 380 2349 itaque
393 2313 454 2341 haec
469 2313 565 2349 lectio,
581 2322 671 2350 quam
692 2313 743 2341 illa
766 2313 936 2341 Basiliensis
961 2315 989 2342 et

161 2359 342 2395 Stephanzete
358 2357 427 2386 edit.
445 2367 472 2394 p.
488 2358 553 2391 443,
566 2366 601 2385 ex
625 2366 683 2393 qua
705 2358 787 2392 Beza,
805 2369 818 2383 ί(
842 2357 990 2386 mentibus

163 2403 273 2432 nostris
283 2403 435 2431 nationum
447 2402 617 2430 efﬁcacitate
629 2401 720 2430 illata.
732 2414 745 2427 »
760 2403 814 2430 Sed
831 2404 860 2430 et
875 2402 991 2430 videtur

164 2446 283 2485 ἐνεργείᾳ
298 2447 397 2484 potius
418 2447 526 2483 legisse
552 2447 582 2474 in
607 2447 808 2483 manuscripto
823 2448 989 2484 Trapezun-

163 2494 233 2527 tius,
249 2493 300 2528 qui
326 2492 494 2528 scripserat,
512 2502 526 2516 ι(
551 2490 746 2519 declarations
770 2495 868 2520 autem
892 2492 989 2520 notio-

162 2545 246 2565 num.
263 2549 274 2562 ι

198 2581 259 2610 Col-
274 2580 327 2609 639
342 2583 365 2608 Δ
380 2582 407 2609 6.
431 2582 494 2616 Quae
517 2581 637 2609 vocibus.
662 2581 713 2609 His
738 2581 896 2610 maluimus
920 2583 989 2610 Cor-

164 2627 238 2654 narii
255 2626 350 2654 verbis
366 2626 420 2659 uti,
436 2633 526 2661 quam
544 2625 604 2653 illis
628 2626 827 2661 Trapezuntii,
843 2638 857 2651 ι(
874 2626 988 2662 signiﬁ-

162 2671 409 2700 cationesharum
420 2679 525 2699 vocum
537 2670 664 2698 differre.
673 2682 683 2695 υ
696 2670 807 2699 Similis
821 2672 897 2707 apud
914 2672 986 2707 Nys-

159 2724 265 2745 senum
283 2715 402 2751 locutio,
423 2715 475 2744 lib.
493 2723 525 2743 ιιι
547 2719 645 2743 contra
665 2715 842 2750 Eunomium,
866 2724 894 2751 p.
912 2716 962 2743 127
979 2725 985 2743 ;

163 2759 248 2788 Οὐδὲν
278 2759 323 2787 διὰ
343 2763 394 2794 τῆς
417 2760 561 2797 συναφείας
584 2761 638 2787 τῶν
662 2759 802 2796 ὀνομάτων
820 2759 857 2791 εἷς
868 2760 917 2794 τήν
934 2761 986 2786 τῶν

166 2805 377 2841 σημαινομένων
403 2804 534 2841 σύγχυσιν
565 2803 729 2841 ὑπαγόμεθα·
753 2816 767 2830 α
791 2807 845 2832 Per
869 2813 988 2840 compa-

166 2857 232 2887 gem
245 2849 399 2879 nominum
411 2849 447 2877 ad
467 2848 698 2886 signiﬁcatorum
713 2849 915 2878 confusionem
930 2857 989 2877 non

1036 288 1176 323 margine,
1193 287 1248 316 Job
1263 296 1380 321 xxxvm,
1397 287 1565 323 suspicatus
1588 287 1704 315 videtur
1728 287 1859 316 alludere
1894 304 1899 310 -

1036 332 1177 360 Basilium
1192 333 1228 361 ad
1246 333 1318 360 illud
1334 333 1388 361 Job
1412 341 1530 366 xxxvm,
1547 333 1593 365 lt),
1609 334 1640 360 In
1664 341 1717 368 qua
1740 333 1784 360 via
1806 332 1859 360 lux

1035 377 1150 412 habitet,
1164 379 1189 405 et
1203 379 1381 406 tenebrarum
1403 379 1463 413 quis
1481 380 1556 406 locus
1574 378 1628 407 sit:
1644 385 1769 412 quorum
1794 377 1856 405 loco

1035 422 1112 458 apud
1123 422 1191 450 LXX
1200 423 1404 458 scriptumest,
1413 422 1483 457 Ποίᾳ
1496 420 1525 448 δὲ
1539 423 1574 458 γῇ
1592 419 1729 454 αὐλίζεται
1744 420 1775 448 τό
1787 423 1856 458 φῶς,

1034 468 1119 502 Quali
1133 470 1224 495 autem
1240 468 1268 495 in
1284 472 1360 496 terra
1376 467 1615 497 diuersetur-lux;
1631 475 1696 494 cum
1717 474 1749 494 eo
1775 475 1856 502 spec-

1035 511 1109 538 taret
1124 511 1222 547 potius
1238 513 1348 547 auctor,
1367 514 1376 538 l
1392 511 1519 538 'l‘imoth.
1537 511 1625 546 vr,46,
1642 510 1672 538 Ὀ
1689 509 1771 546 μόνος
1783 507 1854 546 ἔχων

1037 554 1189 590 ἀθανασίαν,
1217 557 1273 593 ad):
1302 555 1384 582 οἰκῶν
1411 555 1569 592 ἀπρόσιτον,
1601 556 1653 589 Qui
1680 556 1754 583 solus
1778 555 1858 582 habet

1035 601 1286 636 immortalitatem,
1302 605 1326 628 et
1343 601 1429 628 lucem
1458 600 1596 628 inhabitat
1620 600 1857 630 inaccessibilem;

1036 648 1065 673 et
1079 645 1192 681 psalmo
1217 654 1278 680 cm,
1294 647 1322 679 2,
1338 643 1560 681 ἀναϐαλλόμενος
1590 646 1647 682 φῶς
1676 644 1711 674 ὡς
1736 644 1858 680 ἱμάτιον,

1035 692 1152 718 anzictus
1182 691 1287 718 lumine
1311 691 1383 719 sicut
1411 691 1580 718 vestimento.
1597 690 1781 722 Quamobren
1810 697 1858 717 sa-

1036 735 1073 763 tis
1100 735 1201 763 mirari
1230 744 1288 763 non
1315 743 1437 771 possum
1461 735 1609 763 inscitiam
1633 734 1677 762 vel
1691 736 1768 762 certe
1784 733 1857 761 osci-

1036 780 1160 808 tantiam
1176 783 1264 815 Bezaa,
1282 780 1331 816 qui
1348 782 1407 808 tum
1436 779 1595 807 insolenter
1619 781 1768 807 auctorem
1790 777 1858 806 Vul-

1036 827 1109 861 gatas
1135 825 1243 853 Latinae
1272 824 1424 860 imperitia
1452 826 1581 858 accusat,
1609 825 1637 852 et
1666 823 1712 851 hic
1740 819 1858 850 ἀναϐάλ-

1036 868 1129 896 λεσθαι
1160 871 1216 907 φῶς
1246 869 1333 897 vertit
1361 881 1375 895 ι(
1403 871 1431 897 et
1459 868 1554 897 lucem
1585 868 1765 902 emittere,»
1790 876 1856 895 cum

1037 916 1187 950 sequatur,
1213 914 1261 942 ubi
1294 913 1355 950 περὶ
1386 912 1542 951 ἆγεννησίας
1567 913 1654 941 verba
1688 913 1772 948 ﬁunt,
1796 910 1858 939 οὐδὲ

1031 956 1126 993 ἔξωθεν
1157 957 1242 993 ἔχ’)τῷ
1280 957 1471 996 περικειμένην
1506 957 1598 995 ἔχειν·
1631 969 1645 983 ‹‹
1674 958 1856 986 extrinsecus

1031 1003 1286 1039 circumvolutum,
1302 1013 1315 1029 η
1334 1003 1411 1039 quod
1424 997 1581 1038 respdndet
1597 1002 1633 1038 ei,
1646 1003 1724 1038 quod
1741 1003 1777 1030 de
1793 1002 1858 1030 luco

1031 1048 1143 1076 dictum
1160 1050 1214 1084 est,
1231 1059 1244 1074 ‹‹
1261 1056 1295 1076 ea
1309 1048 1402 1076 Deum
1425 1048 1566 1075 amictum
1593 1055 1668 1081 esse,
1687 1055 1745 1075 non
1775 1046 1857 1074 illam

1032 1093 1175 1122 emittere.
1193 1104 1208 1118 ››

1067 1137 1127 1165 Col.
1144 1138 1197 1165 642
1212 1137 1244 1165 Β.
1259 1137 1386 1165 Priorem
1409 1136 1522 1172 repello.
1541 1136 1766 1164 Emendandum
1789 1143 1855 1163 cen-

1032 1191 1081 1210 seo
1096 1182 1192 1210 locum
1207 1190 1241 1210 ex
1257 1181 1312 1209 fide
1327 1181 1546 1215 codicisH.,1ﬁv
1558 1180 1626 1218 πρὸς
1641 1178 1731 1215 ἕτερον
1749 1178 1856 1217 σύγκρι-

1033 1237 1085 1261 σιν,
1107 1237 1120 1252 α
1137 1226 1385 1262 comparationem
1401 1234 1466 1254 cum
1483 1227 1573 1254 altero
1589 1235 1595 1253 :
1615 1237 1628 1250 ››
1646 1226 1762 1253 videtur
1776 1224 1854 1252 enim

1032 1271 1281 1307 comparationem
1294 1279 1352 1299 non
1360 1279 1427 1299 cum
1441 1270 1509 1298 Filio
1521 1270 1628 1305 solum,
1639 1270 1690 1298 sed
1701 1277 1768 1297 cum
1781 1277 1855 1305 quo-

1034 1317 1076 1344 vis
1092 1317 1182 1344 altero
1198 1316 1327 1351 rejicere,
1342 1316 1419 1344 unde
1434 1315 1542 1352 pagina
1565 1315 1699 1351 sequenti
1726 1313 1855 1342 Basilius

1033 1361 1105 1389 dixit
1121 1369 1127 1388 :
1144 1360 1204 1397 Οὐχ
1218 1359 1340 1387 ἑκούσιον
1355 1356 1457 1396 ἔχουσα
1480 1359 1652 1396 ἀσύγκριτον,
1669 1370 1682 1384 ‹‹
1699 1367 1757 1386 non
1779 1358 1853 1385 libe-

1032 1414 1098 1434 rum
1114 1405 1231 1439 habere,
1248 1407 1279 1432 ut
1295 1405 1366 1432 nulli
1384 1405 1476 1440 possit
1496 1403 1671 1439 comparari,
1687 1413 1701 1429 ιθ
1719 1406 1747 1431 et
1767 1401 1853 1438 paulo

1032 1453 1097 1486 post
1108 1450 1172 1486 ipse
1187 1449 1349 1477 Eunomius
1364 1450 1470 1477 iterum
1487 1458 1493 1476 :
1509 1446 1576 1475 Οὔτε
1589 1448 1638 1482 τὴν
1664 1447 1733 1485 πρὸς
1762 1445 1852 1484 ἕτερον

1034 1494 1170 1531 σύγκρισιν
1192 1492 1346 1531 ἐπιδέχεται
1360 1502 1367 1511 ·
1390 1505 1404 1519 ι(
1429 1494 1486 1521 Nec
1509 1492 1758 1530 comparationem
1787 1500 1854 1519 cum

1035 1540 1125 1567 altero
1138 1539 1276 1582 admittit.
1294 1549 1308 1563 »
1328 1538 1406 1566 Idem
1433 1546 1513 1566 error
1542 1538 1571 1566 in
1600 1537 1726 1566 editione
1752 1536 1852 1572 Steph.

1037 1584 1227 1620 corrigendus
1240 1591 1269 1618 p.
1285 1583 1347 1610 346.

1073 1628 1132 1656 Col.
1154 1628 1208 1655 643
1236 1627 1266 1655 C.
1286 1628 1441 1663 Unigenito.
1465 1626 1500 1653 Τὸ
1528 1625 1656 1664 γεννητόν
1688 1626 1771 1661 dixit,
1800 1634 1858 1654 non

1035 1672 1080 1699 τὸν
1095 1671 1232 1710 γεννητόν,
1251 1674 1283 1699 ut
1306 1680 1459 1708 perperam
1484 1674 1578 1699 vertat
1602 1672 1682 1706 Beza,
1700 1681 1714 1696 ι(
1740 1672 1769 1699 et
1791 1678 1859 1698 eum

1037 1726 1125 1753 quem
1151 1717 1262 1753 genuit,
1283 1725 1300 1744 a
1327 1716 1373 1744 sui
1402 1716 1668 1744 communicatione
1695 1714 1861 1743 inconsulto

1038 1761 1190 1798 repellat,»
1203 1763 1231 1789 et
1247 1760 1336 1789 altero
1348 1760 1434 1797 lapsu
1450 1761 1549 1788 omisit
1564 1769 1662 1788 vocem
1678 1761 1725 1787 τοῦ
1741 1761 1860 1796 Μονογε-

1038 1809 1109 1837 νοῦς.
1127 1808 1182 1835 Sed
1197 1806 1412 1843 Trapezuntius
1441 1814 1558 1842 quoque
1588 1805 1790 1833 emendandus
1813 1804 1861 1832 hic

1039 1851 1112 1886 fuit;
1137 1852 1298 1887 scripserat
1323 1851 1401 1878 enim
1420 1859 1426 1877 :
1445 1860 1458 1875 ι(
1475 1851 1534 1886 1ρεὶ
1564 1857 1679 1885 quoque
1708 1849 1863 1884 Unigenito

1039 1896 1275 1931 appropinquare
1290 1903 1348 1922 non
1364 1895 1468 1930 possit.
1484 1895 1523 1921 Ac
1537 1894 1730 1922 inconsonum
1745 1893 1864 1929 quidem

1040 1941 1069 1968 in
1085 1941 1121 1968 iis
1137 1949 1200 1976 quae
1218 1940 1253 1967 ab
1270 1940 1334 1976 ipso
1351 1939 1499 1973 dicuntur,
1515 1941 1632 1967 tantum
1648 1941 1704 1967 est.
1715 1949 1730 1964 »
1747 1937 1865 1975 ’Δπροσ-

1040 1984 1176 2015 πὲλαστος
1191 1987 1245 2020 est,
1263 1987 1291 2012 et
1305 1983 1462 2021 ἀπρόσιτος,
1474 1984 1500 2012 is
1512 1984 1547 2011 ad
1564 1992 1653 2020 quem
1669 1983 1806 2012 accedere
1817 1990 1865 2010 ne-

1041 2039 1087 2058 mo
1104 2031 1209 2066 potest,
1223 2038 1280 2057 non
1291 2029 1385 2064 is,qui
1401 2029 1437 2056 ad
1449 2028 1523 2056 alios
1538 2037 1595 2056 non
1612 2030 1708 2064 potest
1717 2027 1865 2056 accedere.

1077 2083 1136 2111 Col.
1153 2083 1239 2110 646A
1251 2083 1294 2110 11.
1312 2083 1402 2116 Quare
1418 2082 1460 2109 his
1474 2082 1530 2118 qui.
1547 2082 1639 2109 Locus
1655 2083 1700 2109 est
1722 2081 1750 2108 in
1768 2081 1866 2108 Graeco

1043 2127 1176 2163 mutilus,
1185 2136 1236 2155 nec
1247 2127 1283 2155 ad
1295 2135 1362 2155 eum
1374 2127 1539 2154 sanandum
1550 2126 1623 2154 satis
1631 2126 1750 2161 adjuvat
1758 2126 1866 2161 Regius

1043 2181 1098 2200 ms.
1116 2173 1145 2200 in
1161 2181 1218 2208 quo
1234 2172 1309 2207 lego,
1327 2170 1363 2202 ὥς
1379 2181 1410 2208 γε
1424 2170 1532 2200 τούτοις
1549 2170 1700 2208 ἀντιλέγκιν
1717 2169 1767 2196 οὐκ
1786 2166 1867 2206 ἔχου-

1044 2227 1097 2251 σιν,
1114 2217 1131 2251 ἢ
1145 2215 1252 2244 πολλοῦ
1269 2215 1297 2242 ἂν
1310 2215 1715 2252 τιμησαίμην.Τι·ειρθΖυῑιῑίυε
1726 2214 1866 2249 ediderat,

1044 2261 1172 2290 similem
1198 2261 1323 2289 fortasse
1348 2262 1453 2289 nactus
1478 2260 1642 2294 lectionem,
1659 2270 1672 2287 ιι
1693 2260 1786 2292 Quare
1808 2259 1867 2287 his-

1044 2306 1243 2334 contradicere
1251 2315 1308 2334 non
1318 2308 1452 2340 possunt,
1462 2305 1597 2342 quamvis
1608 2304 1692 2332 multi
1704 2305 1838 2332 facerem.

1044 2351 1215 2379 Basiliensis
1231 2350 1320 2378 editio
1336 2353 1365 2378 et
1386 2350 1524 2385 Stephan.
1542 2350 1655 2378 addunt
1674 2348 1809 2385 παρέλκον
1837 2346 1866 2375 ἂν

1044 2393 1097 2430 ei’n,
1112 2395 1163 2423 sed
1180 2395 1242 2423 loco
1260 2404 1312 2423 suo
1333 2397 1451 2422 movent
1474 2395 1546 2422 illud
1567 2392 1643 2421 οὐδὲν
1659 2391 1779 2431 ἔχουσιν.
1797 2394 1870 2421 Beza

1043 2440 1148 2468 vertit:
1163 2450 1177 2465 ‹‹
1189 2441 1291 2475 Itaque
1303 2440 1368 2467 istis
1379 2439 1429 2475 qui
1444 2439 1518 2467 nihil
1530 2439 1649 2473 habent,
1662 2439 1739 2475 quod
1751 2447 1868 2475 respon-

1043 2486 1140 2519 deant,
1171 2493 1421 2521 supervacaneum
1444 2484 1531 2512 fuerit
1558 2484 1798 2512 contradicere.»
1825 2485 1869 2512 Ita

1043 2529 1200 2566 legendum
1217 2529 1313 2557 Graece
1338 2529 1385 2556 hic
1411 2531 1499 2563 esset,
1525 2527 1594 2555 ὥστε
1615 2527 1723 2559 τούτοις
1751 2527 1868 2563 ἀποκρί-

1042 2579 1136 2605 νασθαι
1153 2573 1204 2600 οὐκ
1219 2583 1341 2611 εχουσιν,
1355 2572 1491 2609 παρὲλκον
1506 2571 1535 2599 ἂν
1553 2571 1594 2606 si?)
1611 2571 1769 2609 ἀντιλέγειν.

1077 2629 1136 2657 Col.
1153 2630 1206 2657 650
1220 2630 1242 2657 A
1256 2630 1283 2657 9.
1299 2630 1447 2658 Dominum
1461 2630 1594 2664 priorum.
1611 2625 1751 2664 Προὲλαιϐε
1767 2635 1825 2664 prm
1837 2636 1869 2656 se

1043 2674 1175 2702 ferebant
1187 2674 1329 2702 editiones
1345 2675 1409 2701 dua:
1425 2672 1595 2701 Basiliensis
1606 2672 1737 2708 etSteph.
1749 2673 1784 2700 ad
1797 2680 1869 2708 quas

1043 2719 1244 2754 interpretatio
1277 2718 1497 2746 accommodata
1532 2719 1587 2745 est.
1617 2719 1659 2744 Ita
1686 2717 1867 2746 Cornarius:

1044 2773 1056 2789 ι(
1068 2763 1132 2790 Non
1141 2763 1219 2790 enim
1232 2763 1359 2798 profecto
1371 2762 1440 2798 quia
1450 2761 1606 2789 Dominum
1619 2761 1673 2790 hac
1683 2761 1870 2799 blasphemia

1043 2806 1290 2843 praeoccupavit.»
1300 2808 1336 2834 At
1349 2805 1578 2841 manuscriptus,
1586 2814 1643 2842 quo
1654 2805 1869 2842 Trapezuntius

1042 2852 1088 2878 est
1117 2858 1200 2887 usus,
1224 2859 1290 2878 cum
1321 2850 1409 2886 Regio
1443 2849 1590 2878 consentit
1615 2858 1622 2878 :
1647 2847 1799 2888 προσέλαϐε
1833 2851 1868 2887 τῇ
