2029 3143
203 169 281 200 ιοιτ

799 172 915 202 NOTAE
938 170 1159 201 FRONTONIS
1182 171 1312 202 DUCAEI

1837 172 1917 201 1048

205 234 376 273 βλασφημίᾳ.
394 247 407 261 ‹‹
425 236 582 264 Dominum
606 245 721 272 quoque
744 237 780 265 ad
795 237 869 265 hanc
886 237 1024 274 blasphe-

1083 236 1157 264 libro
1182 237 1311 264 adversus
1331 237 1498 265 Eunomium
1514 246 1523 264 :
1538 235 1685 272 Ἀξιώματι
1712 237 1764 274 γὰρ
1786 227 1916 271 δεύτερσ⁴

205 280 295 307 miam
312 280 474 315 conjunxit.
493 291 507 305 »
522 281 731 309 Verumtamen
753 284 918 310 creaturam
936 282 1034 309 Domi-

206 333 277 352 num
290 333 347 352 non
364 324 436 352 dixit
452 325 564 360 primus
584 325 757 360 Eunomius,
774 327 823 354 sed
841 328 908 354 ante
935 326 1032 362 ipsum

206 368 314 403 Arius;
331 369 472 404 Spiritum
490 372 624 397 sanctum
640 375 800 398 creaturam
818 371 930 407 primus
943 371 1033 398 Euno~

206 412 285 440 mius
300 413 558 447 dixit,utBasilius
574 414 620 442 hic
637 416 796 450 contendit,
809 424 903 451 neque
923 416 952 443 in
969 416 1034 443 aliis

204 457 410 485 hereticorum
424 457 506 485 libris
523 459 583 486 hac
600 459 824 487 fueratinventa
840 460 1032 496 blasphemia.

204 501 278 529 Male
303 501 411 538 quippe
437 505 561 531 verterat
590 504 677 539 paulo
701 506 768 540 post
783 506 955 540 Trapezunt,
974 505 990 539 ἢ
1008 503 1033 531 ἐν

203 547 261 576 τοῖς
275 545 499 584 καταληφθεῖσιν,
509 559 522 572 ‹‹
535 547 592 576 nisi
605 549 682 583 quod
696 549 724 576 in
741 549 950 585 superstitibus
962 549 1035 577 isto-

206 599 272 618 rum
289 592 476 620 sermonibus
492 592 567 620 hanc
583 593 808 629 appellationem
824 594 1005 622 invenimus.
1022 605 1036 619 »

206 638 244 663 De
252 635 471 671 blasphemiain
480 637 622 672 Spiritum
633 641 769 666 sanctum
782 647 839 666 non
849 639 1036 669 remittenda,

203 680 268 708 vide
285 679 389 708 Matth.
407 689 458 716 xu,
474 682 520 709 32.

239 733 297 761 Col.
313 734 363 761 651
380 735 412 761 Α.
431 735 515 763 Unius
536 736 669 763 Montani.
690 736 904 772 Trapezuntius
929 736 1032 764 edide-

205 780 269 805 rat:
290 787 301 802 ι
320 778 475 807 Montanus
490 780 571 808 solus
586 783 701 808 tantum
718 781 747 808 in
763 781 904 817 Spiritum
923 781 1034 809 insani-

203 822 291 856 vit,et
301 822 471 851 nominibus
482 824 659 860 vituperavit
668 825 842 859 humilibus,
852 833 885 853 ac
898 828 1034 854 naturam

203 866 299 902 ipsius
314 869 429 895 tantum
452 869 628 904 extenuavit,
642 873 674 897 ut
695 870 808 898 diceret
823 871 975 898 infamiam
992 870 1032 898 af-

203 911 278 939 ferre
288 911 402 940 factori.
415 923 428 937 η
443 913 514 940 Beza
524 913 613 941 etiam
624 914 708 949 pejus
715 914 769 942 hoc
780 915 918 942 ultimum
931 915 1028 942 vertit:
1045 924 1068 957 Β

203 967 216 981 ‹‹
234 955 271 983 Ut
300 956 388 984 etiam
416 957 569 985 infamiam
598 958 698 986 factori
728 967 782 987 suo
807 959 923 987 dicatur
946 960 1024 987 affri-

202 999 298 1028 cuisse
310 1009 316 1028 :
328 1011 342 1025 n
355 1002 439 1037 quasi
451 1001 506 1029 hoc
520 1001 607 1030 vellet
628 1002 765 1037 Basilius,
777 1003 946 1031 Montanum
967 1004 1024 1031 dici

204 1043 356 1073 infamiam
371 1045 536 1074 aﬂ‘ricuisse
561 1047 694 1074 creatori.
709 1047 894 1083 Epiphanius
914 1051 1023 1082 tamen,

203 1088 307 1116 haeresi
322 1089 366 1125 48,
379 1089 556 1126 Phrygastas
575 1092 634 1119 sive
654 1092 845 1120 Montanistas
860 1093 910 1127 ait,
927 1093 977 1128 qui
994 1101 1025 1120 se

202 1133 374 1161 Montanum
391 1135 549 1170 quemdam
567 1136 737 1171 prophetam
749 1136 1024 1172 haberejactabant,

201 1178 236 1205 de
247 1179 333 1205 Patre
343 1181 371 1205 et
384 1178 456 1206 Filio
468 1187 500 1206 ac
510 1180 619 1215 Spiritu
636 1184 737 1207 sancto
748 1181 883 1208 similiter
897 1182 1026 1209 sensisse

201 1221 281 1249 velut
298 1225 401 1250 sancta
427 1223 571 1251 catholica
594 1225 683 1251 sentit
704 1225 839 1258 Ecclesia,
851 1225 912 1261 περὶ
930 1223 957 1252 δὲ
975 1228 1026 1252 [Ια-

200 1266 264 1302 τρὸς
281 1266 326 1293 καὶ
342 1266 405 1294 rio?)
419 1268 463 1294 καὶ
485 1267 564 1304 ἁγίου
590 1268 745 1305 Ilva-Spatth
768 1269 872 1306 ὁμοίως
896 1272 1026 1308 φρονοῦσι

201 1310 234 1346 τῇ
258 1309 322 1347 ἁγίᾳ
347 1310 479 1348 καθολιχῇ
505 1311 664 1348 Ἑκκλησίᾳ.
690 1314 728 1341 Ex
759 1314 876 1342 Arianis
904 1316 1024 1350 quidam

203 1355 341 1383 dixerunt
353 1356 494 1392 Spiritum
511 1359 646 1385 sanctum
660 1367 717 1386 non
733 1367 798 1386 esse
812 1360 891 1387 Patri
910 1363 938 1387 et
955 1360 1025 1387 Filio

204 1399 498 1436 consubstantialem,
514 1401 574 1429 imo
590 1410 654 1429 esse
663 1402 735 1430 Filio
747 1403 890 1431 minorem
903 1413 910 1438 ;
927 1404 978 1432 sed
991 1405 1026 1432 de

199 1443 272 1471 Filio
287 1443 475 1480 potissimum
492 1446 633 1474 adversus
649 1446 714 1475 illos
730 1450 827 1475 actum
843 1451 898 1483 est,
915 1449 950 1476 de
961 1449 1025 1484 Spi-

200 1488 258 1516 ritu
272 1491 374 1517 sancto
392 1489 422 1517 in
439 1490 561 1518 concilio
577 1500 598 1518 n
615 1492 795 1520 mcumenico
818 1492 1028 1521 Constantino-

200 1532 340 1568 politano,
348 1534 434 1569 cujus
447 1537 606 1563 sectatores
617 1537 892 1571 Pneumatomachi,
899 1538 959 1566 sive
965 1538 1027 1574 Spi-

198 1577 272 1604 ritus
300 1577 531 1614 impugnatores,
561 1580 699 1615 appellati
735 1583 814 1608 sunt.
835 1581 1022 1618 Philastrius,

197 1622 318 1657 cap.2l,
330 1622 529 1651 Eunomianos
544 1624 633 1652 tradit
649 1627 811 1653 asseruisse
827 1625 940 1654 Patrem
956 1628 1021 1662 qui-

197 1665 264 1692 dem
276 1665 380 1694 fecisse
395 1666 511 1701 Filium,
528 1671 556 1695 et
571 1668 676 1696 iterum
693 1669 810 1704 Filium,
828 1671 878 1706 qui
890 1671 928 1698 sit
944 1680 1026 1700 crea-

197 1712 272 1745 tura,
291 1710 394 1738 fecisse
404 1711 563 1746 Spiritum:
583 1713 659 1748 quod
675 1714 807 1742 refutans
823 1715 950 1743 Basilius
965 1716 1025 1744 hoc

195 1753 258 1782 loco
284 1754 416 1790 subjicit,
446 1753 534 1782 ἐκεῖνο
565 1754 593 1783 δὲ
615 1755 667 1783 τίνι
690 1759 743 1784 τῶν
769 1757 876 1786 πάντων
898 1758 1023 1794 ἄδηλον;

197 1810 211 1823 ‹‹
228 1798 305 1826 Illud
321 1808 386 1827 vero
402 1801 449 1828 cui
468 1809 523 1828 non
543 1804 632 1837 patet,
650 1802 728 1837 quod
755 1803 835 1831 nulla
864 1805 927 1831 Filii
954 1813 1022 1841 ope-

197 1843 271 1871 ratio
286 1852 303 1872 a
317 1846 401 1872 Patre
417 1845 513 1873 divisa
534 1846 599 1873 est?
615 1858 626 1872 ι
645 1848 676 1874 In
701 1856 788 1883 quem
814 1849 909 1876 locum
930 1858 1021 1877 anno-

196 1890 274 1916 tarat
289 1888 434 1925 interpres
452 1890 481 1917 in
508 1891 649 1927 margine,
666 1892 712 1920 hic
734 1893 848 1928 probari
879 1894 1021 1930 Spiritum

196 1935 333 1961 sanctum
350 1934 386 1961 ab
402 1937 528 1971 utroque
547 1937 713 1971 procedere.
729 1937 801 1965 Nam
829 1941 861 1966 ut
889 1939 929 1967 ait
953 1940 1021 1968 illu-

199 1976 365 2005 strissimus
380 1978 537 2007 cardinalis
557 1980 763 2016 Bellarminus,
781 1981 832 2010 lib.
849 1991 880 2018 ιι,
897 1992 960 2020 cap.
974 1985 1018 2020 ‘25,

196 2021 233 2049 De
250 2020 366 2056 Christo,
383 2025 459 2051 certe
475 2024 600 2052 Basilius
616 2026 743 2061 probans
773 2036 830 2054 non
855 2028 950 2056 solum
975 2029 1020 2057 Fi~

197 2063 269 2092 lium
286 2073 350 2094 esse
365 2074 484 2095 causam
495 2067 632 2103 Spiritus,
643 2069 692 2096 sed
710 2069 796 2098 etiam
813 2070 937 2106 Patrem,
951 2073 1020 2108 quia

198 2110 298 2138 omnia
312 2118 375 2146 quae
391 2111 478 2140 habet
493 2112 582 2140 Filius
602 2112 689 2141 habet
713 2116 802 2149 Pater,
819 2115 907 2143 simul
925 2117 1017 2150 docet,

193 2154 254 2182 imo
280 2163 331 2190 pro
356 2158 504 2192 comperto
529 2159 655 2186 assumit
678 2158 807 2195 Spiritus
831 2168 962 2198 causam,
988 2165 1020 2190 ut

195 2198 287 2227 Graeci
303 2199 475 2236 loquuntur,
491 2210 555 2229 esse
568 2202 687 2230 Filium.

232 2251 291 2280 Col.
307 2253 360 2280 654
375 2253 396 2280 Β
409 2254 435 2281 4.
457 2254 621 2284 Conseruere
637 2257 726 2284 (λθειν.
744 2258 969 2287 Emendavimus
984 2268 1018 2288 ex

197 2298 229 2323 H.
248 2295 393 2334 φυλάσσειν
423 2296 607 2335 διδασκαλίαν,
623 2304 650 2328 et
674 2300 829 2338 ἀποσιωπᾷ,
844 2312 911 2331 cum
936 2307 1021 2333 antea
1035 2294 1058 2326 D

198 2339 344 2386 legeretur
372 2340 515 2380 φυλάσσων
530 2347 559 2372 et
574 2346 673 2379 σιωπᾷ.
691 2346 829 2382 Sequitur
844 2347 930 2383 paulo
955 2351 1022 2386 post

194 2383 276 2412 locus
292 2385 502 2415 celeberrimus
517 2390 546 2416 et
561 2389 590 2416 in
608 2389 702 2417 tribus
723 2390 839 2419 concilii
861 2383 1020 2421 Floredtini

194 2429 379 2459 seseionibus
394 2431 438 2465 18,
446 2431 480 2460 19
490 2435 517 2460 et
528 2433 562 2460 20
573 2433 727 2469 diligenter
737 2442 889 2472 excussus,
900 2445 966 2465 cum
978 2438 1020 2466 in-

189 2475 235 2501 ter
244 2473 351 2502 Latina:
367 2477 395 2503 et
405 2477 507 2504 Graecae
518 2477 653 2506 Ecclesiae
667 2478 777 2515 legatos
788 2480 823 2507 de
834 2482 1019 2516 processione

192 2518 322 2554 Spiritus
338 2520 433 2548 sancti
446 2521 659 2558 disputaretur.
673 2526 712 2550 Ac
723 2524 830 2560 Regius
841 2525 958 2560 quidem
970 2535 1017 2554 co-

192 2562 248 2590 dex
256 2571 322 2591 cum
332 2572 365 2592 eo
375 2566 530 2600 consentit,
540 2576 597 2603 quo
610 2575 681 2595 usus
693 2570 737 2594 est
746 2567 900 2604 interpres,
912 2572 1017 2599 etcum

191 2607 320 2652 editione
341 2610 505 2644 Basiliensi,
529 2611 696 2647 legiturque
712 2619 718 2638 ξ
734 2611 885 2648 ’Δξιώματι
903 2613 950 2649 μὲν
965 2614 1016 2652 γὰρ

188 2648 354 2688 δευτερεύειν
384 2655 433 2681 τοῦ
463 2655 528 2681 Υἱοῦ
557 2653 742 2693 παραδίδωσιν
760 2655 773 2682 ὸ
799 2659 849 2690 τῆς
879 2648 1015 2690 εὖσεϐεὶαξ

189 2692 284 2732 λόγος’
300 2699 329 2725 at
344 2698 472 2727 Joannes
489 2700 596 2728 Latina)
611 2699 744 2728 Ecclesiae
761 2701 880 2729 nomine
893 2703 1016 2738 protulit

189 2748 224 2766 cx
251 2742 454 2771 vetustissimo
483 2744 582 2772 codice
607 2744 707 2773 Basilii
734 2746 1016 2783 Constantinopolis

190 2783 310 2812 Nicolao
326 2785 442 2815 Cusano
462 2788 569 2824 delato,
585 2790 635 2825 qui
658 2791 725 2818 ante
750 2792 902 2818 sexcentos
922 2800 1014 2821 annos

187 2826 337 2858 videretur
348 2834 493 2868 exaratus,
501 2833 705 2863 testimonium
716 2833 796 2864 istud
811 2842 846 2863 ex
859 2835 914 2864 hoc
929 2837 1014 2866 tertio

1088 283 1136 307 τοῦ
1158 281 1220 307 Υἱοῦ
1246 279 1271 316 ἐξ
1296 281 1378 308 cit-3:05
1403 281 1434 308 τὸ
1459 280 1522 308 εἶναι
1551 280 1627 318 ἔχον,
1643 281 1686 308 καὶ
1703 280 1728 315 ἐξ
1743 280 1827 307 αὐτοῦ
1843 279 1915 316 λαμ-

1089 322 1169 352 ϐάνον
1197 325 1242 351 καὶ
1273 324 1439 363 ἀναγγέλλων
1468 326 1547 360 ἡμῖν,
1576 325 1622 352 καὶ
1651 324 1723 355 ὅλως
1751 329 1802 359 τῆς
1827 325 1915 355 uitia;

1088 369 1188 404 τκῦτης
1216 368 1365 406 ἒξημμένον
1390 370 1403 397 ὁ
1432 373 1481 404 τῆς
1509 367 1644 401 εὐσεϐείας
1668 368 1839 407 παραδίδωσι
1866 369 1914 396 λόΔ

1088 423 1151 451 γος’
1168 413 1244 452 φύσει
1272 414 1300 441 δὲ
1318 415 1437 452 χρῆσθαι
1459 414 1547 452 τρίτῃ,
1564 413 1626 441 οὕτε
1649 415 1722 451 παρὰ
1743 417 1798 441 τῶν
1830 414 1913 451 ἁγίων

1090 457 1282 494 διδασκόμεθα,
1300 457 1362 486 οὔτε
1385 459 1414 486 ἐκ
1432 461 1486 486 τῶν
1507 458 1659 496 εἷ’ρημένων
1685 458 1822 495 δυνάμεθα
1850 458 1915 485 συλ-

1090 501 1246 540 λογίσασθαι
1274 503 1340 530 κατά
1363 504 1411 537 τὴν
1438 503 1613 535 ἀχολουθίαψ
1630 515 1644 529 ε(
1663 503 1808 539 Dignitate
1835 505 1914 532 enim

1090 549 1249 576 secundum
1267 557 1331 576 esse
1347 557 1363 576 a
1378 548 1462 582 Filio,
1473 557 1540 576 cum
1557 549 1592 576 ab
1608 549 1671 584 ipso
1687 556 1751 576 esse
1767 557 1858 576 suum
1870 549 1916 576 ha-

1089 593 1167 625 heat,
1183 594 1211 620 et
1239 594 1275 621 ab
1300 593 1364 629 ipso
1391 593 1525 629 accipiat,
1543 595 1571 620 et
1599 593 1752 620 annuntiet
1773 593 1872 626 nobis,
1889 597 1917 621 et

1090 638 1209 665 omnino
1224 638 1260 665 ab
1284 638 1334 665 illa
1363 646 1451 666 causa
1479 638 1653 674 dependeat,
1669 646 1766 666 sermo
1795 638 1915 674 pietatis

1090 682 1179 710 tradit
1191 690 1197 708 :
1209 684 1314 710 natura
1331 691 1399 710 vero
1410 683 1497 710 tertia
1517 682 1569 717 uti,
1583 689 1678 718 neque
1689 691 1705 710 a
1721 682 1835 710 sanctis
1851 683 1919 710 edo-

1089 735 1201 760 cemur,
1211 735 1305 763 neque
1315 735 1349 755 ex
1358 727 1443 754 dictis
1456 729 1488 754 ut
1503 734 1684 762 consequens
1696 727 1837 762 colligere
1852 735 1918 762 pos-

1089 780 1203 799 sumus.
1220 782 1233 797 »
1251 771 1281 799 In
1299 779 1386 808 quem
1400 774 1497 799 autem
1515 771 1601 799 linem
1619 771 1748 806 prolatus
1765 771 1806 798 sit
1822 771 1916 806 locus,

1089 816 1205 852 exponit
1214 816 1374 852 praesertim
1389 816 1520 844 sessione
1532 816 1574 851 19,
1588 824 1614 851 p.
1625 816 1677 842 449
1687 816 1757 843 edit.
1767 815 1914 850 Romanis,

1088 861 1164 888 idem
1185 861 1359 889 Joanneszu
1376 860 1448 888 Volo
1472 861 1635 888 necessaria
1663 860 1915 888 demonstratione

1087 906 1293 940 probare,cum
1306 905 1415 940 aliquid
1427 913 1460 932 ex
1471 905 1568 940 aliquo
1588 904 1724 939 dicimus,
1737 903 1864 940 intelligi
1879 913 1914 932 ex

1084 950 1316 985 persona,idque
1331 950 1501 978 demonstro
1517 958 1568 986 per
1583 949 1693 976 dictum
1711 947 1823 982 Basilii,
1841 957 1909 976 cum

1080 994 1264 1030 aitSpiritum
1278 994 1384 1022 habere
1398 1003 1485 1022 suum
1500 1003 1563 1022 esse
1575 1002 1608 1022 ex
1621 993 1705 1026 Filio,
1722 996 1750 1021 et
1767 994 1804 1020 ab
1820 1001 1855 1021 eo
1863 994 1911 1021 de-

1080 1039 1204 1074 pendere
1228 1041 1370 1075 tanquam
1387 1048 1420 1067 ex
1442 1047 1539 1067 causa.
1555 1040 1583 1066 Si
1602 1039 1692 1075 igitur
1706 1039 1841 1074 accipere
1865 1041 1912 1066 est

1080 1083 1186 1111 habere
1202 1084 1413 1119 esse,Spiritus
1429 1086 1549 1112 sanctus
1566 1084 1654 1111 habet
1665 1091 1740 1116 esse,
1757 1086 1786 1111 et
1800 1083 1910 1119 accipit

1079 1137 1114 1156 ex
1133 1128 1215 1163 Filio,
1233 1131 1261 1156 et
1276 1129 1312 1156 ab
1328 1137 1361 1155 eo
1377 1129 1521 1164 dependet
1537 1131 1569 1156 ut
1586 1137 1620 1156 ex
1639 1136 1727 1156 causa
1742 1137 1750 1155 :
1767 1136 1837 1164 ergo
1862 1136 1909 1155 se-

1080 1173 1191 1208 quitur,
1203 1176 1235 1200 ut
1246 1173 1269 1200 si
1284 1173 1410 1209 Spiritus
1423 1177 1542 1201 sanctus
1555 1173 1661 1209 accipit
1674 1181 1708 1200 ex
1732 1173 1818 1207 Filio,
1844 1181 1912 1208 pro-

1079 1218 1163 1246 cedat
1189 1217 1277 1245 etiam
1303 1227 1336 1246 ex
1352 1218 1424 1254 ipso.
1444 1229 1458 1242 ν
1474 1218 1645 1254 Opponebat
1668 1219 1785 1245 Marcus
1814 1217 1911 1252 Ephe-

1080 1263 1152 1296 sius,
1166 1263 1215 1299 qui
1245 1272 1296 1298 pro
1326 1263 1432 1290 Graecis
1462 1263 1643 1299 disputabat,
1671 1263 1909 1291 additamentum

1080 1308 1152 1335 illud
1168 1317 1183 1335 a
1196 1307 1307 1335 Latinis
1318 1307 1462 1335 insertum
1475 1307 1562 1335 videri
1575 1316 1581 1334 :
1594 1307 1643 1335 sed
1656 1307 1809 1343 respondit
1819 1306 1909 1334 Joan-

1080 1361 1133 1380 nes
1159 1355 1219 1380 tam
1245 1352 1398 1388 antiquum
1429 1352 1511 1380 illum
1533 1361 1596 1380 esse
1611 1351 1726 1384 librum,
1742 1354 1776 1378 ut
1794 1351 1909 1378 nullam

1081 1396 1251 1433 corruptela
1267 1397 1463 1432 suspicionem
1476 1397 1600 1431 iniiciat,
1618 1405 1686 1424 cum
1703 1396 1816 1423 multos
1841 1398 1910 1423 ante

1081 1450 1184 1476 annos,
1204 1449 1292 1477 quam
1322 1441 1451 1469 schisma
1478 1441 1532 1469 hoc
1561 1441 1683 1468 oriretur
1698 1449 1731 1468 ac
1746 1440 1908 1467 dissidium

1081 1486 1288 1520 Ecclesiarum,
1305 1488 1441 1514 exaratus
1457 1488 1618 1522 appareret.
1627 1494 1679 1513 nec
1695 1485 1756 1513 ulla
1771 1484 1800 1512 in
1819 1493 1852 1512 eo
1863 1493 1908 1512 ra-

1082 1539 1151 1559 sura
1164 1531 1207 1558 vel
1223 1531 1389 1567 depravatio
1402 1530 1444 1558 vel
1458 1539 1562 1559 manus
1574 1531 1697 1566 udjcctio
1709 1529 1910 1566 deprehende-

1083 1579 1170 1603 retur.
1190 1576 1278 1603 Addit
1293 1575 1513 1603 illustrissimus
1528 1575 1685 1603 cardinalis
1697 1574 1908 1607 Bellarminus,

1081 1621 1131 1648 lib.
1146 1629 1165 1647 ll
1176 1621 1212 1648 De
1229 1621 1350 1653 Christo,
1365 1629 1389 1647 c.
1401 1621 1445 1653 25,
1460 1621 1692 1647 additamentum
1704 1619 1776 1646 illud
1795 1618 1908 1646 codicis

1083 1665 1252 1692 Latinorum
1269 1673 1333 1692 esse
1350 1665 1453 1692 debere
1466 1665 1494 1691 in
1511 1667 1591 1692 textu
1618 1664 1661 1691 vel
1687 1666 1763 1691 certe
1783 1672 1906 1691 sensum

1079 1709 1217 1737 illorum:
1236 1720 1249 1733 ‹‹
1278 1709 1351 1736 Dicit
1375 1709 1453 1737 enim
1479 1709 1603 1736 Basilius
1617 1709 1756 1744 Spiritum
1774 1716 1838 1736 esse
1864 1716 1907 1736 se-

1079 1754 1208 1781 cundum
1225 1762 1240 1781 a
1256 1753 1325 1781 Filio
1342 1754 1444 1781 ordine
1459 1755 1488 1781 et
1501 1754 1655 1790 dignitate,
1666 1762 1722 1781 non
1735 1755 1835 1781 tamen
1854 1762 1906 1780 na-

1078 1801 1144 1826 tura
1159 1806 1166 1825 :
1184 1799 1211 1825 et
1227 1798 1339 1834 probat,
1357 1798 1425 1834 quia
1441 1798 1517 1826 sicut
1533 1798 1623 1826 Filius
1650 1800 1694 1826 est
1723 1798 1874 1825 secundus
1889 1806 1906 1824 ει

1076 1843 1170 1875 Patre,
1183 1843 1253 1878 quia
1264 1843 1298 1870 ab
1315 1842 1365 1869 illo
1380 1842 1468 1870 habet
1483 1851 1558 1878 esse,
1574 1843 1615 1870 ita
1644 1850 1759 1878 quoque
1775 1842 1904 1878 Spiritus

1076 1889 1121 1915 est
1133 1887 1281 1915 secundus
1297 1895 1313 1914 a
1329 1887 1400 1915 Filio
1419 1896 1425 1915 :
1442 1887 1490 1915 ubi
1508 1888 1532 1915 si
1549 1896 1606 1916 non
1621 1887 1757 1921 addatur,
1774 1887 1819 1915 vel
1831 1887 1904 1915 sub-

1075 1931 1267 1967 intelligatur,
1286 1932 1361 1967 quod
1383 1934 1427 1959 est
1447 1932 1475 1959 in
1494 1932 1602 1960 nostris
1619 1932 1781 1966 codicibus,
1797 1931 1902 1960 videli-

1075 1979 1118 2005 cet
1134 1976 1276 2013 Spiritum
1289 1977 1396 2005 habere
1409 1985 1473 2005 esse
1486 1986 1503 2005 a
1519 1978 1598 2012 Filio,
1614 1978 1691 2005 sicut
1706 1977 1798 2006 Filius
1814 1977 1903 2005 habet

1075 2029 1138 2048 esse
1153 2030 1170 2048 a
1185 2022 1279 2055 Patre,
1292 2021 1364 2049 ratio
1378 2021 1477 2049 Basilii
1492 2022 1563 2049 nihil
1590 2022 1755 2054 concludet,
1773 2031 1827 2050 nec
1843 2022 1902 2049 ullo

1074 2065 1161 2093 modo
1176 2065 1292 2101 probari
1310 2066 1417 2101 poterit
1432 2066 1573 2101 Spiritum
1595 2069 1729 2094 sanctum
1762 2074 1830 2094 esse
1856 2075 1902 2094 ss-

1073 2109 1202 2137 cundum
1222 2118 1237 2137 a
1253 2109 1335 2144 Filio,
1353 2111 1385 2137 ut
1399 2109 1489 2138 Filius
1508 2113 1553 2138 est
1577 2112 1726 2139 secundus
1742 2119 1758 2139 a
1774 2113 1869 2139 Patre.
1886 2122 1900 2136 ι»

1109 2171 1168 2199 Col.
1184 2172 1238 2198 655
1257 2173 1280 2198 A
1304 2172 1332 2200 3.
1361 2173 1456 2200 Sermo
1483 2174 1610 2208 fortasse.
1635 2175 1672 2202 Ut
1699 2173 1901 2209 interpretatio

1074 2224 1140 2243 cum
1157 2216 1254 2244 Graeco
1269 2218 1350 2244 textu
1367 2218 1534 2245 conveniret
1553 2218 1725 2246 Basiliensis
1749 2218 1901 2255 editionis,

1073 2261 1206 2288 additum
1223 2263 1267 2288 est
1283 2273 1297 2286 «
1316 2262 1449 2296 fortasse,
1465 2273 1479 2288 ι)
1496 2265 1525 2290 et
1540 2262 1615 2290 infra
1630 2271 1636 2291 :
1652 2273 1666 2288 (ι
1679 2266 1711 2290 ut
1739 2263 1814 2291 illud
1831 2271 1901 2292 con-

1074 2305 1228 2340 cedamus;
1238 2316 1251 2330 »
1264 2306 1313 2334 sed
1325 2305 1463 2334 lectorem
1475 2309 1568 2335 tamen
1582 2308 1775 2336 admonemus
1784 2310 1901 2336 utrum-

1075 2358 1131 2385 que
1140 2350 1271 2378 abfuisse
1283 2351 1318 2378 ab
1330 2351 1571 2387 interpretatione
1579 2352 1710 2388 Trapez.,
1719 2361 1751 2380 ac
1764 2353 1900 2388 proinde,

1075 2395 1107 2421 ut
1122 2394 1280 2422 verisimile
1295 2397 1350 2430 est,
1364 2404 1380 2423 a
1395 2395 1493 2423 codice
1509 2405 1565 2424 ms:
1587 2405 1645 2432 quo
1673 2396 1721 2425 ille
1746 2406 1821 2426 usus
1842 2400 1900 2432 est,

1073 2446 1140 2465 cum
1152 2440 1218 2466 ante
1228 2439 1356 2474 primam
1367 2439 1559 2469 Basiliensem
1569 2441 1727 2469 editionem
1742 2441 1798 2470 hos
1808 2442 1900 2470 libros

1072 2482 1190 2510 verterit
1206 2491 1213 2511 :
1231 2483 1335 2512 deinde
1364 2485 1494 2513 abfuisse
1518 2493 1636 2522 quoque
1652 2495 1668 2514 a
1684 2486 1773 2522 Regio
1798 2487 1899 2515 codice

1072 2526 1157 2561 illud,
1174 2525 1250 2561 ἴσως,
1266 2527 1335 2556 licet
1349 2537 1407 2557 non
1431 2529 1509 2557 absit
1529 2530 1654 2558 alterum
1680 2530 1765 2564 illud,
1779 2529 1826 2558 ’ἱνα
1853 2531 1899 2558 καὶ

1072 2569 1145 2602 ὅλως
1157 2573 1393 2609 συγχωρήσωμεν·
1411 2574 1536 2610 denique
1551 2574 1581 2602 in
1597 2583 1630 2603 eo
1651 2575 1814 2611 legebatur,
1839 2584 1898 2604 non

1072 2614 1094 2642 εἶ
1118 2615 1162 2642 καὶ
1193 2614 1358 2654 ὑποϐέϐηκε,
1386 2619 1434 2646 sed
1464 2618 1487 2645 si
1515 2618 1559 2646 καὶ
1590 2616 1775 2655 ὗποϐεϐηκός,
1801 2629 1897 2656 neque

1070 2660 1115 2686 καὶ
1151 2660 1182 2687 τὸ
1218 2660 1366 2689 ἀκόλουοον
1405 2662 1526 2700 ἐκεῖθεν,
1553 2664 1603 2692 sed
1638 2664 1744 2702 φύσεως
1781 2664 1895 2692 ἀκολου-

1071 2705 1143 2740 θοίη,
1160 2704 1259 2737 ἐκεῖθεν
1275 2704 1368 2740 δῆλον.
1386 2707 1604 2737 Observandum
1628 2711 1673 2737 est
1696 2712 1848 2746 praeterea,
1865 2711 1894 2738 in

1069 2750 1192 2778 concilio
1205 2751 1370 2780 Florentino
1386 2761 1421 2780 ex
1442 2753 1526 2782 libris
1548 2754 1715 2782 Graecorum
1740 2755 1782 2783 ita
1811 2755 1894 2783 citari

1069 2794 1147 2837 hunc
1172 2795 1267 2823 locum
1286 2804 1313 2832 p.
1336 2797 1398 2831 473,
1415 2800 1448 2825 ut
1461 2807 1519 2827 non
1533 2796 1662 2835 πρόοδος,
1679 2799 1731 2827 sed
1758 2798 1893 2837 πρόσοδος

1068 2836 1113 2865 καὶ
1128 2839 1294 2878 προσαγωγή
1312 2839 1434 2877 legatur,
1449 2841 1504 2871 hoc
1515 2845 1570 2879 est,
1586 2852 1601 2869 ‹‹
1618 2842 1716 2872 aditus
1740 2852 1890 2873 accessus-
