2029 3143
119 177 132 203 1
137 175 198 204 049

658 174 697 203 ιΝ
720 173 862 204 LIBROS
885 173 1042 203 CONTRA
1066 174 1292 205 EUNUMIUM.

1749 173 1828 203 i050

119 246 187 274 que.
207 249 221 263 n
236 239 308 266 Item
326 240 390 273 post
417 238 653 275 συγχωρήσωμιν,
679 246 737 265 non
762 237 847 264 oﬂxér’
863 237 893 264 ἃν
907 236 944 264 ιῖ-

1011 247 1026 265 :.
1044 238 1087 272 Μ,
1105 241 1133 266 et
1149 239 1177 266 in
1194 239 1295 267 Matth.
1313 247 1393 272 xv111,
1409 239 1452 271 10,
1470 239 1498 266 in
1520 239 1678 267 Harmonia
1691 239 1826 272 Evanget.

119 282 207 312 κότως
224 282 261 312 ὡς
277 281 432 319 ἀλλοτρίως
449 281 571 319 ὑπάρχον
588 281 702 320 φύσεως,
718 284 768 310 sed
786 283 882 318 potius
894 281 947 319 οὐχ

120 327 196 363 ὅμως
216 325 309 354 ἕπεται
332 327 377 354 καὶ
405 325 554 364 ἀλλοτρίας
577 327 643 354 εἶναι
669 326 781 365 φύσεως·
799 339 813 353 α
830 337 886 355 non
903 331 948 354 ta-

121 381 188 400 men
214 373 349 408 sequitur
363 373 463 400 aliene
479 381 543 400 esse
565 376 683 400 naturas.
704 383 716 398 ι
733 375 795 406 Qua
810 374 949 401 varietate

119 417 280 444 lectionum
297 418 500 444 animadversa
513 417 615 445 merito
626 419 812 446 contendisse
823 419 947 446 arbitra-

119 462 218 489 bimur
227 462 370 489 Joannem
384 461 594 490 Provinclalem
607 462 636 490 in
648 462 771 490 concilio
783 462 949 490 Florentino

119 506 298 542 particulam
314 506 401 540 hanc,
420 503 493 540 ἴσως,
513 518 526 532 ι
549 507 681 539 fortasse,
702 518 711 531 ι
731 515 794 542 quae
820 507 949 542 in'rlibris

116 551 286 579 Graecorum
317 550 447 584 additur,
475 550 604 587 itemque
634 551 705 579 illud
731 550 776 578 ’ἶνα
803 551 848 578 καὶ
876 551 950 583 ὅλως

115 594 359 632 συγχωρήσωμεν,
390 603 527 631 magnam
559 595 664 623 Basilio
698 599 797 624 notam
820 597 947 625 inurere.

113 639 184 666 Vult
197 639 276 667 enim
294 638 324 666 in
338 639 392 667 hoc
403 639 500 675 capite
510 639 636 667 Basilius
652 641 891 676 consequentiam
903 651 948 669 re-

117 683 231 717 fellere,
248 691 308 718 qua
325 683 462 711 utebatur
473 684 635 712 Eunomius
644 684 698 712 hoc
711 686 806 713 modo:
817 686 877 714 Etsi
891 689 949 714 tcr-

123 729 183 756 tius
198 730 244 756 est
258 728 413 764 dignitate,
429 737 486 756 non
503 729 587 765 sequi
603 732 700 758 tamen
718 733 751 758 ut
764 733 869 759 natura
878 740 949 768 qu0<

122 781 180 809 que
201 772 239 800 sit
254 772 357 800 tertius
368 773 493 808 Spiritus
509 777 639 802 sanctus.
651 775 679 802 Si
693 784 761 811 ergo
780 776 821 804 ita
832 777 949 812 diceret,

124 827 137 841 ι(
154 816 247 844 tradit
260 817 384 845 fortasse
398 817 514 853 pietatis
523 827 629 854 sermo,
644 830 658 844 »
671 820 779 848 mirum
793 821 949 855 videretur,

124 861 224 898 ipsum
241 862 276 889 de
292 870 325 889 eo
341 862 485 896 dubitare,
502 863 579 899 quod
595 871 760 892 asseverare
775 865 892 894 deberet
915 868 950 895 ad

1003 283 1163 310 Conﬁrmat
1178 283 1231 311 hoc
1244 284 1339 319 ipsum
1355 284 1477 311 Severus
1489 283 1597 310 Catena
1606 283 1705 310 Grreca
1716 283 1744 310 in
1759 282 1829 310 Can-

1003 327 1060 355 tica
1077 328 1233 363 Scripturae
1248 336 1254 354 ε
1273 330 1340 354 Ilion
1351 330 1411 358 τοῖς
1422 325 1506 354 ἔθνεσι
1519 326 1727 363 δικμερισθιῖσιν
1741 326 1827 362 impl-

1004 376 1090 406 ομους
1117 371 1248 408 ἀγγέλους
1276 370 1440 406 ἀπέστησεν,
1470 371 1574 407 ἑκάστῳ
1602 371 1669 408 πρὸς
1703 369 1826 410 φυλακὴν

1004 415 1133 453 ἀφορίσας
1158 414 1204 442 ἕνα
1223 417 1292 443 τινά.
1318 415 1370 443 Καὶ
1396 416 1446 454 γὰρ
1473 417 1538 442 εἶναι
1568 415 1664 447 αὐτοὺς
1688 415 1828 451 πνεύματα

1004 458 1181 497 λειτουργικὰ
1207 460 1244 491 εἷς
1275 459 1408 488 διακονίαν
1445 459 1671 495 ἀποστελλόμενα
1695 458 1740 486 διὰ
1766 458 1829 490 τοὺς

1006 503 1156 540 μέλλοντας
1181 504 1369 541 κληρονομίαν
1394 505 1539 542 σωτηρίας,
1568 504 1651 532 πάλιν
1676 504 1748 541 παρὰ
1774 504 1827 531 τῶν

1004 548 1189 580 θεοπνεύστων
1215 551 1387 586 Γραμμάτων
1411 549 1556 585 ἀκούομεν
1584 549 1640 576 ἐπεὶ
1664 548 1709 576 καὶ
1725 548 1828 584 ἑκάστῳ

1005 591 1128 620 δεδόσθαι
1159 594 1226 630 πρὸς
1250 594 1374 631 φυλακὴν
1399 593 1516 632 ἄγγελον
1543 594 1560 628 ἡ
1582 596 1635 621 τῶν
1656 592 1827 632 an-{7:1th

1004 638 1145 665 πιστοῦται
1168 639 1255 677 φωνή·
1276 651 1286 664 ι
1304 640 1447 667 Omnibus
1468 639 1606 675 gentibus
1623 639 1724 666 divisis
1739 646 1828 674 ange-

1005 682 1049 710 los
1065 685 1228 711 secundum
1253 685 1388 712 eumdem
1411 692 1566 712 numerum
1591 683 1728 719 praefecit,
1745 683 1829 710 attri-

1005 727 1098 755 buens
1121 728 1249 763 aliquem
1276 729 1434 764 unicuique
1457 730 1490 755 ad
1519 728 1693 756 custodiam.
1715 727 1828 754 Etenim

1005 780 1069 799 esse
1085 772 1164 807 ipsos
1179 773 1301 808 spiritus
1315 773 1464 800 ministros
1474 773 1503 800 in
1515 773 1710 800 ministerium
1723 772 1831 799 missos

1007 819 1124 852 propter
1139 825 1188 844 eos
1200 817 1248 852 qui
1261 817 1459 844 haereditatem
1477 816 1579 844 salutis
1590 816 1738 852 accepturi
1749 817 1829 849 sunt,

1006 870 1023 887 ιι
1039 861 1199 897 Scripturis
1214 861 1354 888 divinitus
1370 861 1520 897 inspiratis
1531 861 1668 888 audimus
1681 860 1830 896 :quoniam

127 906 343 934 confutandum
359 907 536 934 Eunomium
555 916 561 934 :
578 916 645 935 nam
673 917 723 944 per
737 911 851 938 nouom
867 912 954 940 debe_
969 921 993 953 Β
1009 905 1096 933 etiam
1113 905 1233 933 cuilibet
1248 906 1384 942 angelum
1401 907 1436 933 ad
1453 905 1616 934 custodiam
1629 906 1728 933 datum
1741 905 1832 932 fuisse

129 959 197 978 mus
214 959 248 978 ea
276 959 340 986 quae
369 952 468 979 minus
497 954 567 980 sunt
592 955 660 980 nota
683 955 845 984 ostendere.
867 960 956 988 Addit

128 995 219 1022 etiam
234 995 372 1023 eumdem
397 995 427 1023 in
447 995 569 1024 homilia
586 999 625 1024 De
646 998 749 1032 spiritu
762 1003 857 1029 sancte
872 1011 955 1032 asse-

129 1047 193 1066 rere
224 1047 230 1065 :
257 1041 385 1076 Φανερῶς
411 1039 456 1066 καὶ
483 1039 751 1078 ἀποκεκαλυμμένως
785 1044 816 1071 τὸ
846 1048 956 1084 Πνεῦμα

128 1079 265 1118 λαμϐάνει
295 1082 367 1120 παρὰ
395 1085 444 1110 τοῦ
470 1084 532 1110 Υἱοῦ
558 1085 646 1122 χωρίς
669 1096 743 1117 τινος
773 1079 954 1127 ἀμφιϐολίας·

128 1138 140 1151 α
158 1127 313 1155 Manifesta
328 1128 540 1165 propalamque
555 1130 695 1166 Spiritum
712 1136 846 1162 sanctum
859 1137 956 1165 aFilio

127 1172 262 1208 acoipere
285 1172 358 1200 citra
373 1173 462 1200 ullam
479 1174 702 1203 hresilationem.
720 1187 734 1201 η
751 1178 824 1206 Tum
841 1188 875 1207 ex
891 1182 955 1209 aliis

127 1217 256 1244 auctoris
273 1217 366 1245 nostri
377 1217 449 1246 locis
460 1227 493 1246 ex
504 1219 557 1247 hoc
567 1227 653 1256 opere
666 1224 767 1249 contra
778 1223 955 1255 Eunomium
979 1228 981 1230 ⁷

127 1260 295 1297 desumptis
320 1262 374 1290 hoc
400 1263 465 1290 ﬁdei
481 1264 588 1299 dogma
613 1266 724 1301 probat,
746 1275 809 1303 quae
832 1270 956 1298 subinde

126 1313 160 1332 cu
167 1314 195 1333 m
211 1309 368 1334 occurrent
383 1307 589 1337 indicabimus.

163 1358 225 1387 Col.
250 1359 302 1387 658
324 1361 358 1388 Α,
375 1360 570 1390 Castrametub.
598 1358 812 1400 Trapezuntius
828 1367 955 1403 scripse-

128 1405 186 1438 rat,
205 1403 432 1439 Castrametatur,
450 1408 482 1434 ut
497 1406 526 1434 in
543 1409 680 1443 praesenti
695 1410 800 1438 extulit
815 1411 956 1449 Hierony-

132 1456 200 1475 mus
216 1457 251 1476 ex
267 1450 396 1485 Hebrmo,
412 1450 570 1479 Circumdat
585 1453 702 1488 angelus
712 1455 824 1483 Domini
839 1457 868 1483 in
887 1465 956 1493 gyro

129 1493 256 1520 timentes
279 1502 352 1527 eum,
377 1495 463 1530 quasi
485 1499 563 1524 esset
585 1496 681 1525 Grzcce
705 1497 906 1536 παρεμϐάλλει·
926 1503 957 1530 at

129 1537 219 1564 editio
239 1539 349 1566 Veneta
369 1539 500 1567 omnium
517 1540 623 1576 prima,
635 1543 663 1569 et
678 1541 849 1571 Basiliensis
858 1547 955 1580 poste-

1010 949 1232 985 Evangeliorum
1249 958 1302 978 vox
1316 953 1448 978 testatur.
1467 961 1481 975 »

1046 1003 1119 1031 Ibid.
1137 1004 1180 1031 l2.
1202 1004 1310 1031 Restitit
1329 1003 1409 1031 mihi.
1427 1004 1469 1031 Ad
1486 1004 1606 1031 verbum
1624 1003 1737 1037 fuisset,
1757 1003 1832 1030 stetit

1010 1056 1045 1076 ea:
1060 1048 1171 1075 adiierso
1186 1049 1265 1080 mihi,
1284 1051 1312 1075 et
1327 1048 1413 1083 paulo
1431 1051 1505 1083 post,
1521 1048 1566 1074 καὶ
1581 1047 1661 1074 αὐτὸν
1672 1045 1832 1082 κατέλιπον,

1010 1095 1036 1119 et
1050 1094 1142 1127 ipsum
1156 1093 1258 1128 reliqui
1272 1101 1333 1120 cum
1347 1094 1472 1128 principe
1487 1094 1559 1126 regis
1574 1092 1628 1128 (vel
1648 1093 1737 1128 regni,
1755 1094 1788 1119 ut
1801 1092 1832 1120 in

1011 1137 1076 1164 aliis
1105 1137 1189 1164 libris
1216 1137 1333 1172 legitur,
1365 1136 1516 1174 βασιλείας)
1540 1138 1699 1165 Persarum.
1723 1138 1831 1172 Trape-

1010 1182 1127 1209 zuntius
1144 1181 1274 1217 Vulgata:
1291 1181 1398 1209 Latina:
1413 1182 1500 1209 verba
1513 1181 1674 1218 usurpavit,
1687 1181 1763 1216 quod
1781 1189 1831 1208 ne-

1011 1234 1092 1253 cesse
1117 1234 1172 1253 non
1199 1226 1263 1259 fuit,
1288 1234 1356 1253 cum
1381 1227 1589 1262 prophetarum
1614 1228 1710 1253 textus
1727 1233 1832 1253 secun-

1010 1271 1080 1298 dum
1098 1271 1175 1297 LXX
1189 1271 1403 1298 convertendus
1419 1272 1496 1298 esset
1511 1279 1526 1297 e
1541 1270 1650 1301 Greco.
1666 1278 1717 1297 seu
1735 1269 1832 1305 potius

1010 1323 1044 1342 ex
1055 1315 1081 1343 S.
1098 1315 1264 1351 Hieronymi
1275 1315 1484 1342 commentario
1497 1314 1574 1342 Itala:
1586 1314 1726 1342 versionis
1737 1316 1832 1342 textus

1010 1360 1220 1393 consulendus,
1243 1360 1319 1395 quod
1342 1359 1409 1387 fecit
1425 1359 1584 1386 Flaminius
1604 1358 1747 1392 Nobilius,
1763 1366 1829 1385 cum

1011 1406 1172 1432 Romanam
1188 1404 1345 1431 editionem
1361 1405 1526 1431 adornaret.
1540 1404 1571 1430 In
1587 1403 1675 1438 Regio
1687 1406 1783 1430 tamen
1795 1402 1829 1429 Η.

1009 1451 1124 1476 tantum
1149 1451 1212 1476 erat
1234 1448 1301 1483 μετὰ
1320 1450 1368 1474 τοῦ
1384 1446 1516 1484 ἄρχοντος
1532 1447 1652 1484 Περσῶν,
1670 1449 1698 1474 et
1713 1447 1740 1474 in
1758 1446 1829 1474 Vul-

1011 1497 1079 1529 gata
1089 1494 1170 1528 juxta
1185 1501 1274 1528 regem
1288 1493 1445 1520 Persarum.

1047 1546 1105 1574 Col.
1121 1547 1174 1573 659
1189 1546 1219 1573 Β.
1238 1549 1279 1574 Ere
1293 1547 1456 1574 alterations.
1474 1544 1700 1573 lmmutavimus
1717 1544 1767 1572 illa
1790 1544 1833 1572 in-

129 1581 189 1634 TiO:
202 1582 305 1634 ξὶνξεί-Ινίξ
333 1582 458 1634 habent,
475 1587 507 1612 ut
645 1586 720 1634 Psal.
745 1596 843 1623 xxxm,
860 1590 877 1616 8
891 1599 957 1626 παρ-
972 1600 993 1634 C
1012 1591 1158 1627 terpretis,
1171 1603 1184 1616 α
1201 1599 1264 1626 quae
1280 1592 1315 1618 ad
1331 1591 1605 1626 obtemperantium,
1625 1593 1652 1618 et
1668 1589 1831 1625 diligenter,

128 1622 246 1661 εμϐαλεῖ
269 1626 378 1663 Κύριος,
402 1630 653 1665 castrametabitur,
670 1631 742 1659 Beza
767 1641 832 1660 vero
852 1622 957 1670 perpe-

129 1679 204 1704 ram,
220 1671 317 1699 Castra
331 1674 446 1700 metatus
461 1678 511 1702 est.

165 1719 238 1748 Ibid.
255 1721 276 1748 Δ
293 1721 335 1748 10.
351 1722 528 1757 Angelorum.
546 1724 628 1759 Apud
651 1724 719 1753 LXX
736 1724 872 1761 legimus,
888 1727 957 1754 κατὰ

128 1763 245 1801 ἀριθμὸν
269 1764 395 1802 ἀγγέλων
423 1768 499 1802 Θιοῦ,
532 1768 611 1796 iuxta
626 1778 772 1798 numerum
793 1771 957 1807 angelorum

128 1809 188 1842 Dei,
207 1811 235 1837 et
252 1809 290 1837 ita
306 1810 496 1846 Novatianus,
511 1812 561 1840 lib.
573 1813 610 1840 De
626 1815 763 1848 trinitate,
779 1818 807 1843 et
822 1816 956 1850 Ruﬁnus,

129 1853 204 1881 libro
229 1854 263 1881 De
283 1854 425 1890 Symboio,
450 1858 478 1883 et
502 1856 704 1894 Hieronymus,
731 1858 780 1888 lib.
807 1869 827 1888 11
853 1861 883 1888 in
905 1861 957 1888 Mi—

127 1898 236 1926 rhwam
251 1908 257 1933 ;
275 1898 414 1935 Origenes
430 1909 557 1936 quoque,
574 1901 692 1930 homilia
710 1903 746 1930 28
767 1905 796 1932 in
810 1907 956 1940 Numeros,

132 1953 142 1966 ι
161 1943 297 1970 Filiorum
314 1943 371 1977 Dei,
388 1944 442 1978 vel,
459 1947 491 1972 ut
513 1945 542 1973 in
560 1945 625 1974 aliis
649 1947 867 1983 exemplaribus
882 1949 956 1985 legi-

130 1995 210 2019 mus,
226 1987 350 2022 ﬁliorum
374 1989 482 2016 Israel:
504 1999 621 2025 nquam
649 1992 686 2018 ob
711 2000 832 2020 causam
857 1993 955 2028 suspi-

128 2034 235 2058 cantur
249 2032 370 2068 quidam
395 2033 424 2060 in
449 2034 627 2069 quibusdam
647 2036 863 2072 exemplaribus
879 2037 956 2065 LXX

127 2075 324 2112 interpretum
336 2077 379 2105 ita
393 2078 535 2114 scriptum
548 2079 649 2113 fuisse,
662 2082 693 2108 ut
708 2089 742 2108 ex
753 2081 872 2110 Hebraeo
887 2081 956 2110 Vul-

127 2123 197 2155 gata
227 2120 339 2157 Latina,
368 2122 492 2157 ﬁliorum
520 2123 615 2159 Israel,
646 2125 703 2152 nisi
732 2125 805 2154 forte
828 2126 954 2154 aliorum

127 2165 339 2200 exemplarium
357 2167 474 2195 nomine
489 2175 522 2195 ea
538 2169 631 2196 Biblia
645 2169 789 2198 intellexit
803 2171 954 2207 Origenes,

127 2218 192 2245 qua:
207 2218 389 2239 communem
400 2211 528 2240 Graecam
540 2213 698 2242 editionem
711 2217 740 2242 et
756 2215 875 2243 mistam
887 2224 955 2243 con-

126 2254 262 2282 tinebant
272 2263 306 2282 ex
317 2255 382 2283 aliis
393 2255 682 2293 interpretibus,cum
696 2261 808 2287 constet
820 2259 955 2295 Aquilam

127 2302 156 2326 et
185 2299 394 2335 Symmachum
431 2302 530 2329 Graace
558 2303 686 2330 edidisse
724 2303 839 2340 ἀριθμὸν
879 2304 953 2339 ὑμῶν

127 2341 251 2378 Ἰσραήλ.
267 2343 341 2372 Beza
359 2353 477 2382 quoque
496 2345 544 2374 hic
569 2347 644 2375 satis
668 2350 800 2376 attentus
815 2356 872 2376 non
889 2348 952 2383 fuit,

128 2395 181 2415 nec
197 2387 269 2415 vidit
292 2388 360 2415 κατὰ
384 2388 512 2425 ἀριθμόν,
537 2391 681 2427 scriptum
707 2392 809 2425 fuisse,
836 2401 892 2420 non
908 2391 954 2419 καὶ

127 2431 256 2469 ἀριθμόν,
269 2434 356 2461 vertit
371 2435 460 2467 enim,
474 2438 501 2462 et
512 2443 659 2463 numerum
675 2437 845 2472 angelorum.
859 2437 956 2465 Potuit

126 2479 238 2509 tamen,
254 2478 277 2505 si
296 2478 434 2505 attentior
449 2478 564 2514 fuisset,
577 2479 649 2508 illud
665 2481 754 2508 etiam
770 2481 954 2510 animadver-

126 2523 198 2554 tere,
214 2521 262 2548 hic
287 2521 454 2550 conﬁrmari
470 2523 586 2559 dogma,
602 2525 679 2560 quod
697 2527 819 2559 cogente
833 2525 954 2554 veritate

125 2565 280 2593 confessus
294 2568 339 2594 est
354 2566 486 2595 scribens
502 2567 530 2595 in
547 2577 611 2604 cap.
631 2577 701 2596 xv111
717 2569 820 2597 Matth.
838 2570 882 2604 10,
900 2578 954 2598 an-

124 2610 206 2646 gelos
225 2610 394 2638 hominibus
419 2612 606 2647 peculiariter
629 2613 764 2641 adhiberi
786 2614 922 2642 custodes
936 2623 953 2643 a

124 2654 184 2683 Deo
199 2655 340 2683 adversus
364 2655 501 2684 Satanam
526 2659 554 2685 et
574 2657 706 2694 impuros
721 2657 855 2694 spiritus,
871 2661 904 2686 ut
919 2666 953 2687 ex

125 2699 262 2735 pluribus
276 2700 391 2727 Veteris
408 2702 569 2736 prasertim
581 2702 761 2730 Testamenti
774 2702 952 2731 testimoniis

125 2745 220 2781 liquet
236 2753 243 2772 :
255 2744 373 2772 tametsi
384 2744 521 2774 Calvinus
531 2746 586 2775 hoc
599 2748 793 2783 utprol’anum
804 2749 834 2775 et
843 2747 951 2776 falsum

124 2792 322 2817 commentum
341 2788 453 2822 irridet,
470 2789 601 2820 scribens
616 2791 645 2819 in
660 2800 698 2820 xv
719 2793 859 2820 Actorum
877 2793 906 2820 et
920 2792 950 2820 in

123 2834 274 2871 psalmum
298 2841 343 2869 xc,
360 2835 388 2862 ot
402 2832 433 2861 in
453 2833 578 2864 dubium
594 2838 709 2866 revocat
723 2836 774 2865 lib.
791 2844 801 2864 1
815 2836 950 2872 Inetitut.,

1013 1644 1077 1671 quas
1092 1636 1251 1663 commissa
1266 1637 1344 1668 sunt,
1358 1633 1723 1666 curandum.sanotiﬁcatm
1734 1635 1831 1661 sunt.»

1012 1680 1141 1718 Προσοχή
1171 1680 1250 1708 enim
1279 1679 1358 1708 aliud
1389 1681 1482 1712 sonat,
1513 1678 1591 1706 aliud
1617 1678 1734 1712 ὑπακοή·
1763 1678 1833 1705 Beza

1012 1733 1089 1756 vero.
1106 1725 1155 1760 qui
1171 1724 1356 1760 Trapezuntii
1371 1723 1533 1751 versionem
1547 1721 1702 1750 emendare
1718 1720 1833 1749 inutilis

1011 1777 1075 1797 esse
1091 1769 1199 1797 laboris
1209 1768 1412 1804 dixit,|ongius
1424 1776 1441 1795 ο
1452 1770 1548 1795 mente
1559 1767 1687 1795 auctoris
1699 1765 1833 1794 discessit

1011 1814 1154 1841 scribens.
1172 1824 1186 1839 «
1203 1813 1328 1848 Spiritus
1352 1821 1386 1840 ex
1410 1821 1443 1840 eo
1463 1812 1539 1848 quod
1560 1811 1617 1838 Deo
1632 1813 1739 1842 astant,
1755 1812 1783 1837 et
1798 1818 1833 1838 ex

1011 1857 1170 1886 functionis
1187 1866 1247 1885 sua;
1263 1857 1375 1884 ratione
1387 1857 1524 1892 preditos
1534 1855 1638 1882 merito
1653 1863 1711 1882 non
1725 1854 1832 1882 dixeris

1011 1905 1116 1929 natura
1131 1904 1248 1930 sanctos
1264 1909 1338 1928 esse.
1353 1910 1367 1926 ι)
1386 1901 1524 1928 Homines
1540 1900 1648 1935 quippe
1664 1907 1743 1926 nove:
1766 1898 1836 1926 reli-

1010 1946 1105 1982 gionis
1122 1953 1280 1982 precones,
1290 1945 1338 1980 qui
1350 1946 1459 1981 negant
1469 1944 1682 1971 incrementum
1694 1943 1793 1979 gratia
1804 1944 1833 1970 et

1011 1990 1272 2018 sanctificationem
1289 1989 1393 2017 mereri
1409 1998 1462 2017 nos
1476 1996 1570 2024 posse,
1586 1987 1761 2016 sententiam
1776 1989 1831 2014 Pa-

1010 2037 1087 2063 trum
1101 2043 1157 2062 non
1169 2034 1299 2070 capiunt,
1312 2042 1376 2061 cum
1390 2032 1566 2061 sanctiﬁcari
1577 2035 1726 2059 creaturas
1735 2032 1831 2059 studio

1010 2082 1038 2108 et
1053 2079 1212 2107 attentione
1228 2079 1372 2114 acquisita
1388 2078 1541 2106 sanctitate
1554 2076 1833 2111 concedunt,cujus-

1011 2124 1089 2152 modi
1109 2127 1150 2152 est
1166 2124 1215 2151 ille
1240 2123 1330 2151 nostri
1352 2123 1441 2158 hujus
1456 2121 1583 2149 auctoris
1610 2123 1713 2157 quiest.
1733 2121 1768 2148 53
1785 2121 1832 2148 Βε-

1009 2169 1100 2205 gular.
1127 2169 1255 2197 brevior.:
1280 2167 1428 2204 Ἀγιασμὸς
1443 2165 1471 2194 δέ
1491 2166 1544 2193 ἐστι
1569 2165 1601 2193 τὸ
1625 2164 1778 2192 ἀνακεῖσθαι
1791 2167 1830 2191 τῶ

1011 2213 1078 2250 ἁγίῳ
1102 2215 1160 2248 Θεῷ
1191 2212 1216 2248 ἐξ
1245 2211 1402 2248 ὁλοκλήρου
1431 2211 1476 2238 καὶ
1502 2209 1670 2240 ἀδιαστάτως
1694 2209 1720 2236 ἐν
1749 2209 1828 2236 παντὶ

1011 2260 1098 2294 καιρῷ
1113 2256 1157 2284 διὰ
1172 2255 1314 2296 φροντίδος
1337 2256 1381 2283 καὶ
1398 2254 1517 2290 σπουδῆς
1530 2257 1585 2282 τῶν
1610 2254 1683 2290 αὒτῷ
1707 2253 1831 2290 ἀρεσκόν-

1011 2312 1075 2330 των.
1091 2304 1249 2337 Propterea
1265 2302 1371 2337 pagina
1384 2309 1499 2337 quoque
1523 2299 1656 2336 sequenti
1683 2297 1829 2336 ἀγιασμὸν,

1012 2345 1094 2373 ἆθλον
1120 2348 1263 2383 προκοπῆς
1285 2344 1330 2372 καὶ
1354 2345 1554 2382 εὐαρεστήσεως
1575 2352 1640 2372 esse
1655 2343 1737 2378 dicit,
1753 2343 1830 2379 quod

1010 2392 1155 2428 interpres
1169 2393 1306 2426 verterat,
1323 2402 1337 2416 ιι
1352 2391 1392 2418 ita
1407 2393 1577 2426 comparata
1597 2391 1653 2423 est,
1666 2391 1698 2417 ut
1718 2388 1832 2416 virtutis

1009 2439 1038 2464 et
1052 2436 1156 2463 divinm
1173 2435 1338 2463 dilectionis
1358 2435 1511 2470 praemium
1533 2433 1765 2463 sanctiﬁcatione
1779 2433 1831 2461 ha-

1010 2481 1087 2508 beat.
1106 2491 1115 2505 ι

1048 2525 1121 2553 ibid.
1139 2527 1168 2552 C.
1178 2525 1282 2558 Quibus
1294 2528 1395 2552 autem.
1408 2525 1600 2560 Interpretare
1607 2523 1726 2557 clarius,
1738 2533 1752 2546 «
1766 2521 1833 2554 Qni-

1010 2570 1065 2598 bus
1076 2572 1173 2598 autem
1185 2569 1345 2597 adventitia
1356 2572 1383 2597 et
1393 2569 1512 2597 aliunde
1521 2568 1686 2596 contributa
1697 2566 1774 2593 inest
1784 2566 1832 2593 bo-

1008 2615 1096 2650 nitas,
1112 2623 1146 2642 ea
1161 2614 1312 2642 mutabilis
1329 2617 1398 2642 sunt
1413 2613 1640 2647 naturae.Neque
1656 2610 1734 2639 enim
1751 2610 1833 2645 Lucii

1009 2659 1051 2686 fer
1065 2659 1229 2693 cecidisset,
1246 2658 1297 2694 qui
1308 2665 1393 2686 mane
1404 2658 1562 2692 oriebatur,
1573 2663 1668 2692 neque
1684 2655 1830 2690 interra,»

1008 2708 1064 2731 etc.
1081 2704 1136 2731 lsa.
1152 2711 1210 2738 x1v,
1227 2703 1270 2730 12.

1045 2748 1118 2776 Ibid.
1148 2747 1170 2776 D
1190 2749 1217 2775 5.
1244 2749 1305 2783 Quo
1332 2749 1410 2782 pacto
1437 2748 1540 2775 tertiae.
1565 2745 1612 2773 Sic
1641 2744 1829 2773 emendatum

1006 2801 1023 2821 ει
1039 2793 1123 2821 nobis
1139 2795 1184 2821 est
1206 2801 1241 2820 ex
1264 2792 1349 2828 Regio
1365 2793 1398 2820 H.
1422 2792 1451 2820 in
1477 2792 1575 2820 Graeco
1599 2793 1692 2824 textu,
1717 2799 1782 2818 cum
1797 2791 1828 2819 in

1005 2837 1160 2866 Basiliensi
1174 2837 1319 2873 legeretur
1340 2837 1398 2868 πῶς
1420 2835 1512 2874 τρίτον
1532 2838 1585 2873 ςθι
1598 2836 1630 2865 in
1654 2835 1828 2872 Stephanum
