  <div class='ocr_page' id='page_1' title='image "/cluster/home/n/w/nwhite01/storage/ocr_20150623/30/njp.32101013202591/539.png"; bbox 0 0 2029 3143; ppageno 0'>
   <div class='ocr_carea' id='block_1_1' title="bbox 218 186 294 216">
    <p class='ocr_par' dir='ltr' id='par_1_1' title="bbox 218 186 294 216">
     <span class='ocr_line' id='line_1_1' title="bbox 218 186 294 216; baseline -0.013 0"><span class='ocrx_word' id='word_1_1' title='bbox 218 186 294 216; x_wconf 79' lang='grc'>1051</span> 
     </span>
    </p>
   </div>
   <div class='ocr_carea' id='block_1_2' title="bbox 810 186 1326 217">
    <p class='ocr_par' dir='ltr' id='par_1_2' title="bbox 810 186 1326 217">
     <span class='ocr_line' id='line_1_2' title="bbox 810 186 1326 217; baseline 0.004 -2"><span class='ocrx_word' id='word_1_2' title='bbox 810 186 927 217; x_wconf 72' lang='lat' dir='ltr'><strong>NOTAE</strong></span> <span class='ocrx_word' id='word_1_3' title='bbox 949 186 1174 217; x_wconf 76' lang='lat' dir='ltr'><strong>FltONTONlS</strong></span> <span class='ocrx_word' id='word_1_4' title='bbox 1197 187 1326 217; x_wconf 71' lang='lat' dir='ltr'><strong>DUCIEI</strong></span> 
     </span>
    </p>
   </div>
   <div class='ocr_carea' id='block_1_3' title="bbox 1848 186 1925 216">
    <p class='ocr_par' dir='ltr' id='par_1_3' title="bbox 1848 186 1925 216">
     <span class='ocr_line' id='line_1_3' title="bbox 1848 186 1925 216; baseline -0.026 0"><span class='ocrx_word' id='word_1_5' title='bbox 1848 186 1925 216; x_wconf 78' lang='grc'><strong>1052</strong></span> 
     </span>
    </p>
   </div>
   <div class='ocr_carea' id='block_1_4' title="bbox 219 251 1927 289">
    <p class='ocr_par' dir='ltr' id='par_1_4' title="bbox 219 251 1927 289">
     <span class='ocr_line' id='line_1_4' title="bbox 219 251 1927 289; baseline -0.001 -10"><span class='ocrx_word' id='word_1_6' title='bbox 219 260 347 287; x_wconf 87' lang='lat' dir='ltr'><strong>quoque,</strong></span> <span class='ocrx_word' id='word_1_7' title='bbox 363 260 396 280; x_wconf 86' lang='lat' dir='ltr'><strong>ac</strong></span> <span class='ocrx_word' id='word_1_8' title='bbox 421 252 492 280; x_wconf 85' lang='lat' dir='ltr'><strong>Beza</strong></span> <span class='ocrx_word' id='word_1_9' title='bbox 507 252 591 287; x_wconf 81' lang='lat' dir='ltr'><strong>pejus</strong></span> <span class='ocrx_word' id='word_1_10' title='bbox 607 251 816 287; x_wconf 69' lang='lat' dir='ltr'><strong>interpretatus</strong></span> <span class='ocrx_word' id='word_1_11' title='bbox 835 253 923 286; x_wconf 83' lang='lat' dir='ltr'><strong>esset,</strong></span> <span class='ocrx_word' id='word_1_12' title='bbox 941 263 954 276; x_wconf 84' lang='grc'><strong>‹‹</strong></span> <span class='ocrx_word' id='word_1_13' title='bbox 971 260 1042 287; x_wconf 88' lang='lat' dir='ltr'><strong>quo-</strong></span> <span class='ocrx_word' id='word_1_14' title='bbox 1057 252 1085 286; x_wconf 77' lang='grc' dir='ltr'><strong>Α</strong></span> <span class='ocrx_word' id='word_1_15' title='bbox 1101 254 1219 288; x_wconf 72' lang='grc' dir='ltr'><strong>Πνεῦμα.</strong></span> <span class='ocrx_word' id='word_1_16' title='bbox 1236 253 1267 280; x_wconf 90' lang='lat' dir='ltr'><strong>Si</strong></span> <span class='ocrx_word' id='word_1_17' title='bbox 1291 252 1360 289; x_wconf 82' lang='lat' dir='ltr'><strong>quid</strong></span> <span class='ocrx_word' id='word_1_18' title='bbox 1387 254 1486 280; x_wconf 84' lang='lat' dir='ltr'><strong>arcani</strong></span> <span class='ocrx_word' id='word_1_19' title='bbox 1509 260 1570 280; x_wconf 81' lang='lat' dir='ltr'><strong>cum</strong></span> <span class='ocrx_word' id='word_1_20' title='bbox 1600 252 1652 280; x_wconf 84' lang='lat' dir='ltr'><strong>Deo</strong></span> <span class='ocrx_word' id='word_1_21' title='bbox 1675 259 1822 280; x_wconf 79' lang='lat' dir='ltr'><strong>commune</strong></span> <span class='ocrx_word' id='word_1_22' title='bbox 1846 251 1927 279; x_wconf 83' lang='lat' dir='ltr'><strong>habet</strong></span> 
     </span>
    </p>
   </div>
   <div class='ocr_carea' id='block_1_5' title="bbox 218 295 1042 332">
    <p class='ocr_par' dir='ltr' id='par_1_5' title="bbox 218 295 1042 332">
     <span class='ocr_line' id='line_1_5' title="bbox 218 295 1042 332; baseline -0.002 -8"><span class='ocrx_word' id='word_1_23' title='bbox 218 297 304 324; x_wconf 90' lang='lat' dir='ltr'><strong>modo</strong></span> <span class='ocrx_word' id='word_1_24' title='bbox 320 296 438 324; x_wconf 78' lang='lat' dir='ltr'><strong>tertium</strong></span> <span class='ocrx_word' id='word_1_25' title='bbox 455 296 524 325; x_wconf 82' lang='lat' dir='ltr'><strong>est?</strong></span> <span class='ocrx_word' id='word_1_26' title='bbox 536 307 549 320; x_wconf 88' lang='grc'><strong>››</strong></span> <span class='ocrx_word' id='word_1_27' title='bbox 565 295 746 324; x_wconf 73' lang='lat' dir='ltr'><strong>Existimavit</strong></span> <span class='ocrx_word' id='word_1_28' title='bbox 761 296 964 332; x_wconf 77' lang='lat' dir='ltr'><strong>corrigendum</strong></span> <span class='ocrx_word' id='word_1_29' title='bbox 983 298 1042 326; x_wconf 80' lang='grc' dir='ltr'><strong>πῶς</strong></span> 
     </span>
    </p>
   </div>
   <div class='ocr_carea' id='block_1_6' title="bbox 217 340 1042 378">
    <p class='ocr_par' dir='ltr' id='par_1_6' title="bbox 217 340 1042 378">
     <span class='ocr_line' id='line_1_6' title="bbox 217 340 1042 378; baseline 0.002 -12"><span class='ocrx_word' id='word_1_30' title='bbox 217 340 328 378; x_wconf 78' lang='grc' dir='ltr'><strong>τρίτον;</strong></span> <span class='ocrx_word' id='word_1_31' title='bbox 347 341 424 377; x_wconf 87' lang='lat' dir='ltr'><strong>quod</strong></span> <span class='ocrx_word' id='word_1_32' title='bbox 441 343 469 368; x_wconf 91' lang='lat' dir='ltr'><strong>et</strong></span> <span class='ocrx_word' id='word_1_33' title='bbox 492 341 602 369; x_wconf 85' lang='lat' dir='ltr'><strong>Veneta</strong></span> <span class='ocrx_word' id='word_1_34' title='bbox 626 341 713 369; x_wconf 79' lang='lat' dir='ltr'><strong>editio</strong></span> <span class='ocrx_word' id='word_1_35' title='bbox 730 350 787 377; x_wconf 68' lang='lat' dir='ltr'><strong>prae</strong></span> <span class='ocrx_word' id='word_1_36' title='bbox 809 349 839 368; x_wconf 87' lang='lat' dir='ltr'><strong>se</strong></span> <span class='ocrx_word' id='word_1_37' title='bbox 857 342 920 375; x_wconf 83' lang='lat' dir='ltr'><strong>fert,</strong></span> <span class='ocrx_word' id='word_1_38' title='bbox 938 341 986 368; x_wconf 86' lang='lat' dir='ltr'><strong>sed</strong></span> <span class='ocrx_word' id='word_1_39' title='bbox 1002 341 1042 369; x_wconf 85' lang='lat' dir='ltr'><strong>ita</strong></span> 
     </span>
    </p>
   </div>
   <div class='ocr_carea' id='block_1_7' title="bbox 215 385 1041 421">
    <p class='ocr_par' dir='ltr' id='par_1_7' title="bbox 215 385 1041 421">
     <span class='ocr_line' id='line_1_7' title="bbox 215 385 1041 421; baseline 0 -9"><span class='ocrx_word' id='word_1_40' title='bbox 215 386 387 413; x_wconf 84' lang='lat' dir='ltr'><strong>vertendum</strong></span> <span class='ocrx_word' id='word_1_41' title='bbox 411 387 482 419; x_wconf 72' lang='lat' dir='ltr'><strong>erat,</strong></span> <span class='ocrx_word' id='word_1_42' title='bbox 505 397 518 411; x_wconf 82' lang='lat'><strong>«</strong></span> <span class='ocrx_word' id='word_1_43' title='bbox 542 386 689 421; x_wconf 85' lang='lat' dir='ltr'><strong>quomodo</strong></span> <span class='ocrx_word' id='word_1_44' title='bbox 713 386 817 413; x_wconf 82' lang='lat' dir='ltr'><strong>tertius</strong></span> <span class='ocrx_word' id='word_1_45' title='bbox 833 386 931 413; x_wconf 80' lang='lat' dir='ltr'><strong>est?»</strong></span> <span class='ocrx_word' id='word_1_46' title='bbox 953 385 1041 412; x_wconf 85' lang='lat' dir='ltr'><strong>nimi-</strong></span> 
     </span>
    </p>
   </div>
   <div class='ocr_carea' id='block_1_8' title="bbox 215 430 1041 466">
    <p class='ocr_par' dir='ltr' id='par_1_8' title="bbox 215 430 1041 466">
     <span class='ocr_line' id='line_1_8' title="bbox 215 430 1041 466; baseline -0.001 -8"><span class='ocrx_word' id='word_1_47' title='bbox 215 439 281 458; x_wconf 88' lang='lat' dir='ltr'><strong>rum</strong></span> <span class='ocrx_word' id='word_1_48' title='bbox 305 431 431 466; x_wconf 80' lang='lat' dir='ltr'><strong>Spiritus</strong></span> <span class='ocrx_word' id='word_1_49' title='bbox 454 433 584 458; x_wconf 85' lang='lat' dir='ltr'><strong>sanctus.</strong></span> <span class='ocrx_word' id='word_1_50' title='bbox 602 431 692 466; x_wconf 76' lang='lat' dir='ltr'><strong>Major</strong></span> <span class='ocrx_word' id='word_1_51' title='bbox 715 431 870 458; x_wconf 85' lang='lat' dir='ltr'><strong>oscitantia</strong></span> <span class='ocrx_word' id='word_1_52' title='bbox 888 430 943 458; x_wconf 85' lang='lat' dir='ltr'><strong>l‘uit</strong></span> <span class='ocrx_word' id='word_1_53' title='bbox 966 431 1041 465; x_wconf 81' lang='lat' dir='ltr'><strong>ejus,</strong></span> 
     </span>
    </p>
   </div>
   <div class='ocr_carea' id='block_1_9' title="bbox 216 475 1041 511">
    <p class='ocr_par' dir='ltr' id='par_1_9' title="bbox 216 475 1041 511">
     <span class='ocr_line' id='line_1_9' title="bbox 216 475 1041 511; baseline 0 -9"><span class='ocrx_word' id='word_1_54' title='bbox 216 483 268 502; x_wconf 90' lang='lat' dir='ltr'><strong>nec</strong></span> <span class='ocrx_word' id='word_1_55' title='bbox 285 477 383 503; x_wconf 88' lang='lat' dir='ltr'><strong>tamen</strong></span> <span class='ocrx_word' id='word_1_56' title='bbox 400 475 436 502; x_wconf 85' lang='lat' dir='ltr'><strong>ab</strong></span> <span class='ocrx_word' id='word_1_57' title='bbox 451 475 587 502; x_wconf 75' lang='lat' dir='ltr'><strong>Herodoti</strong></span> <span class='ocrx_word' id='word_1_58' title='bbox 604 477 727 511; x_wconf 88' lang='lat' dir='ltr'><strong>patrono</strong></span> <span class='ocrx_word' id='word_1_59' title='bbox 743 475 958 509; x_wconf 83' lang='lat' dir='ltr'><strong>animadversa,</strong></span> <span class='ocrx_word' id='word_1_60' title='bbox 975 482 1041 502; x_wconf 89' lang='lat' dir='ltr'><strong>cum</strong></span> 
     </span>
    </p>
   </div>
   <div class='ocr_carea' id='block_1_10' title="bbox 216 519 1042 555">
    <p class='ocr_par' dir='ltr' id='par_1_10' title="bbox 216 519 1042 555">
     <span class='ocr_line' id='line_1_10' title="bbox 216 519 1042 555; baseline -0.001 -8"><span class='ocrx_word' id='word_1_61' title='bbox 216 521 388 555; x_wconf 81' lang='lat' dir='ltr'><strong>sequentem</strong></span> <span class='ocrx_word' id='word_1_62' title='bbox 410 519 544 548; x_wconf 79' lang='lat' dir='ltr'><strong>.leremiae</strong></span> <span class='ocrx_word' id='word_1_63' title='bbox 567 519 663 548; x_wconf 89' lang='lat' dir='ltr'><strong>locum</strong></span> <span class='ocrx_word' id='word_1_64' title='bbox 689 519 940 555; x_wconf 84' lang='lat' dir='ltr'><strong>interpretaretur,</strong></span> <span class='ocrx_word' id='word_1_65' title='bbox 961 519 1042 546; x_wconf 86' lang='lat' dir='ltr'><strong>Chri-</strong></span> 
     </span>
    </p>
   </div>
   <div class='ocr_carea' id='block_1_11' title="bbox 215 564 1042 599">
    <p class='ocr_par' dir='ltr' id='par_1_11' title="bbox 215 564 1042 599">
     <span class='ocr_line' id='line_1_11' title="bbox 215 564 1042 599; baseline -0.002 -7"><span class='ocrx_word' id='word_1_66' title='bbox 215 566 274 592; x_wconf 82' lang='lat' dir='ltr'><strong>stus</strong></span> <span class='ocrx_word' id='word_1_67' title='bbox 298 565 429 592; x_wconf 83' lang='lat' dir='ltr'><strong>Dominus</strong></span> <span class='ocrx_word' id='word_1_68' title='bbox 452 565 501 592; x_wconf 88' lang='lat' dir='ltr'><strong>sub</strong></span> <span class='ocrx_word' id='word_1_69' title='bbox 531 565 611 599; x_wconf 71' lang='lat' dir='ltr'><strong>cuius</strong></span> <span class='ocrx_word' id='word_1_70' title='bbox 634 564 795 592; x_wconf 79' lang='lat' dir='ltr'><strong>umbrarum</strong></span> <span class='ocrx_word' id='word_1_71' title='bbox 819 565 866 592; x_wconf 80' lang='lat' dir='ltr'><strong>ala</strong></span> <span class='ocrx_word' id='word_1_72' title='bbox 894 564 1011 591; x_wconf 84' lang='lat' dir='ltr'><strong>vivimus</strong></span> <span class='ocrx_word' id='word_1_73' title='bbox 1032 572 1042 591; x_wconf 75' lang='lat'><strong>.-</strong></span> 
     </span>
    </p>
   </div>
   <div class='ocr_carea' id='block_1_12' title="bbox 217 607 1042 644">
    <p class='ocr_par' dir='ltr' id='par_1_12' title="bbox 217 607 1042 644">
     <span class='ocr_line' id='line_1_12' title="bbox 217 607 1042 644; baseline -0.001 -8"><span class='ocrx_word' id='word_1_74' title='bbox 217 617 285 636; x_wconf 87' lang='lat' dir='ltr'><strong>nam</strong></span> <span class='ocrx_word' id='word_1_75' title='bbox 315 612 345 637; x_wconf 85' lang='lat' dir='ltr'><strong>et</strong></span> <span class='ocrx_word' id='word_1_76' title='bbox 373 609 473 637; x_wconf 91' lang='lat' dir='ltr'><strong>omisit</strong></span> <span class='ocrx_word' id='word_1_77' title='bbox 499 609 571 637; x_wconf 89' lang='lat' dir='ltr'><strong>illud</strong></span> <span class='ocrx_word' id='word_1_78' title='bbox 597 609 627 636; x_wconf 80' lang='grc' dir='ltr'>οὗ</span> <span class='ocrx_word' id='word_1_79' title='bbox 653 607 778 644; x_wconf 69' lang='grc' dir='ltr'><strong>ε’ίπαμεν,</strong></span> <span class='ocrx_word' id='word_1_80' title='bbox 802 611 831 636; x_wconf 90' lang='lat' dir='ltr'><strong>et</strong></span> <span class='ocrx_word' id='word_1_81' title='bbox 849 609 981 636; x_wconf 86' lang='lat' dir='ltr'><strong>ordinem</strong></span> <span class='ocrx_word' id='word_1_82' title='bbox 997 607 1042 635; x_wconf 90' lang='lat' dir='ltr'><strong>in-</strong></span> 
     </span>
    </p>
   </div>
   <div class='ocr_carea' id='block_1_13' title="bbox 213 652 1042 690">
    <p class='ocr_par' dir='ltr' id='par_1_13' title="bbox 213 652 1042 690">
     <span class='ocr_line' id='line_1_13' title="bbox 213 652 1042 690; baseline -0.001 -9"><span class='ocrx_word' id='word_1_83' title='bbox 213 654 301 681; x_wconf 81' lang='lat' dir='ltr'><strong>vertit</strong></span> <span class='ocrx_word' id='word_1_84' title='bbox 315 654 479 688; x_wconf 87' lang='lat' dir='ltr'><strong>verborum,</strong></span> <span class='ocrx_word' id='word_1_85' title='bbox 494 654 535 682; x_wconf 79' lang='lat' dir='ltr'><strong>ita</strong></span> <span class='ocrx_word' id='word_1_86' title='bbox 561 654 662 682; x_wconf 87' lang='lat' dir='ltr'><strong>dicens</strong></span> <span class='ocrx_word' id='word_1_87' title='bbox 679 663 730 690; x_wconf 89' lang='lat' dir='ltr'><strong>pro</strong></span> <span class='ocrx_word' id='word_1_88' title='bbox 748 665 762 679; x_wconf 83' lang='grc' dir='ltr'><strong>ι(</strong></span> <span class='ocrx_word' id='word_1_89' title='bbox 777 654 832 681; x_wconf 89' lang='lat' dir='ltr'><strong>sub</strong></span> <span class='ocrx_word' id='word_1_90' title='bbox 857 653 960 681; x_wconf 84' lang='lat' dir='ltr'><strong>umbra</strong></span> <span class='ocrx_word' id='word_1_91' title='bbox 986 652 1042 680; x_wconf 86' lang='lat' dir='ltr'><strong>ala-</strong></span> 
     </span>
    </p>
   </div>
   <div class='ocr_carea' id='block_1_14' title="bbox 214 697 1041 735">
    <p class='ocr_par' dir='ltr' id='par_1_14' title="bbox 214 697 1041 735">
     <span class='ocr_line' id='line_1_14' title="bbox 214 697 1041 735; baseline -0.002 -9"><span class='ocrx_word' id='word_1_92' title='bbox 214 707 291 726; x_wconf 90' lang='lat' dir='ltr'><strong>rum.</strong></span> <span class='ocrx_word' id='word_1_93' title='bbox 310 711 320 725; x_wconf 76' lang='grc'><strong>»</strong></span> <span class='ocrx_word' id='word_1_94' title='bbox 339 699 463 731; x_wconf 81' lang='lat' dir='ltr'><strong>Quidam</strong></span> <span class='ocrx_word' id='word_1_95' title='bbox 481 700 558 735; x_wconf 87' lang='lat' dir='ltr'><strong>apud</strong></span> <span class='ocrx_word' id='word_1_96' title='bbox 574 699 743 733; x_wconf 80' lang='lat' dir='ltr'><strong>Jeremiam,</strong></span> <span class='ocrx_word' id='word_1_97' title='bbox 760 699 866 726; x_wconf 86' lang='lat' dir='ltr'><strong>Thren.</strong></span> <span class='ocrx_word' id='word_1_98' title='bbox 887 707 924 731; x_wconf 81' lang='grc' dir='ltr'><strong>ιν,</strong></span> <span class='ocrx_word' id='word_1_99' title='bbox 946 697 1041 726; x_wconf 72' lang='grc' dir='ltr'><strong>2οεῡῦ</strong></span> 
     </span>
    </p>
   </div>
   <div class='ocr_carea' id='block_1_15' title="bbox 215 741 1041 780">
    <p class='ocr_par' dir='ltr' id='par_1_15' title="bbox 215 741 1041 780">
     <span class='ocr_line' id='line_1_15' title="bbox 215 741 1041 780; baseline -0.001 -11"><span class='ocrx_word' id='word_1_100' title='bbox 215 742 340 778; x_wconf 73' lang='grc' dir='ltr'><strong>εἶπαμεν,</strong></span> <span class='ocrx_word' id='word_1_101' title='bbox 371 743 415 771; x_wconf 78' lang='grc' dir='ltr'><strong>Ἑν</strong></span> <span class='ocrx_word' id='word_1_102' title='bbox 442 744 476 779; x_wconf 77' lang='grc' dir='ltr'><strong>τῇ</strong></span> <span class='ocrx_word' id='word_1_103' title='bbox 507 745 568 778; x_wconf 79' lang='grc' dir='ltr'>σκιᾷ</span> <span class='ocrx_word' id='word_1_104' title='bbox 596 745 648 770; x_wconf 74' lang='grc' dir='ltr'><strong>τῶν</strong></span> <span class='ocrx_word' id='word_1_105' title='bbox 679 742 818 780; x_wconf 75' lang='grc' dir='ltr'><strong>πτερύγων</strong></span> <span class='ocrx_word' id='word_1_106' title='bbox 849 741 931 769; x_wconf 63' lang='lat' dir='ltr'><strong>attito?)</strong></span> <span class='ocrx_word' id='word_1_107' title='bbox 961 741 1041 777; x_wconf 80' lang='grc' dir='ltr'>ζησό-</span> 
     </span>
    </p>
   </div>
   <div class='ocr_carea' id='block_1_16' title="bbox 216 787 1042 823">
    <p class='ocr_par' dir='ltr' id='par_1_16' title="bbox 216 787 1042 823">
     <span class='ocr_line' id='line_1_16' title="bbox 216 787 1042 823; baseline 0.001 -10"><span class='ocrx_word' id='word_1_108' title='bbox 216 792 295 822; x_wconf 73' lang='grc' dir='ltr'><strong>μεοοι,</strong></span> <span class='ocrx_word' id='word_1_109' title='bbox 312 788 355 815; x_wconf 89' lang='lat' dir='ltr'><strong>sic</strong></span> <span class='ocrx_word' id='word_1_110' title='bbox 372 788 470 816; x_wconf 83' lang='lat' dir='ltr'><strong>Latine</strong></span> <span class='ocrx_word' id='word_1_111' title='bbox 486 790 679 816; x_wconf 88' lang='lat' dir='ltr'><strong>convertunt:</strong></span> <span class='ocrx_word' id='word_1_112' title='bbox 699 789 754 816; x_wconf 86' lang='lat' dir='ltr'><strong>Cui</strong></span> <span class='ocrx_word' id='word_1_113' title='bbox 764 788 897 823; x_wconf 73' lang='lat' dir='ltr'><strong>diximus,</strong></span> <span class='ocrx_word' id='word_1_114' title='bbox 912 787 969 816; x_wconf 88' lang='lat' dir='ltr'><strong>Sub</strong></span> <span class='ocrx_word' id='word_1_115' title='bbox 981 795 1042 815; x_wconf 89' lang='lat' dir='ltr'><strong>um-</strong></span> 
     </span>
    </p>
   </div>
   <div class='ocr_carea' id='block_1_17' title="bbox 217 832 1042 868">
    <p class='ocr_par' dir='ltr' id='par_1_17' title="bbox 217 832 1042 868">
     <span class='ocr_line' id='line_1_17' title="bbox 217 832 1042 868; baseline 0 -8"><span class='ocrx_word' id='word_1_116' title='bbox 217 833 266 860; x_wconf 88' lang='lat' dir='ltr'><strong>bra</strong></span> <span class='ocrx_word' id='word_1_117' title='bbox 282 833 395 860; x_wconf 87' lang='lat' dir='ltr'><strong>alarum</strong></span> <span class='ocrx_word' id='word_1_118' title='bbox 418 833 476 868; x_wconf 81' lang='lat' dir='ltr'><strong>ejus</strong></span> <span class='ocrx_word' id='word_1_119' title='bbox 501 834 631 860; x_wconf 70' lang='lat' dir='ltr'><strong>vivemus.</strong></span> <span class='ocrx_word' id='word_1_120' title='bbox 648 833 702 860; x_wconf 83' lang='lat' dir='ltr'><strong>Sed</strong></span> <span class='ocrx_word' id='word_1_121' title='bbox 727 833 917 860; x_wconf 83' lang='lat' dir='ltr'><strong>scribendum</strong></span> <span class='ocrx_word' id='word_1_122' title='bbox 945 832 1042 868; x_wconf 79' lang='lat' dir='ltr'><strong>potius</strong></span> 
     </span>
    </p>
   </div>
   <div class='ocr_carea' id='block_1_18' title="bbox 215 876 1043 913">
    <p class='ocr_par' dir='ltr' id='par_1_18' title="bbox 215 876 1043 913">
     <span class='ocr_line' id='line_1_18' title="bbox 215 876 1043 913; baseline 0 -10"><span class='ocrx_word' id='word_1_123' title='bbox 215 876 322 905; x_wconf 84' lang='lat' dir='ltr'><strong>fuisset</strong></span> <span class='ocrx_word' id='word_1_124' title='bbox 342 879 374 904; x_wconf 90' lang='lat' dir='ltr'><strong>ut</strong></span> <span class='ocrx_word' id='word_1_125' title='bbox 396 880 441 905; x_wconf 87' lang='lat' dir='ltr'><strong>est</strong></span> <span class='ocrx_word' id='word_1_126' title='bbox 467 877 497 904; x_wconf 87' lang='lat' dir='ltr'><strong>in</strong></span> <span class='ocrx_word' id='word_1_127' title='bbox 522 877 658 913; x_wconf 80' lang='lat' dir='ltr'><strong>Vulgata,</strong></span> <span class='ocrx_word' id='word_1_128' title='bbox 674 879 726 906; x_wconf 84' lang='lat' dir='ltr'><strong>Cui</strong></span> <span class='ocrx_word' id='word_1_129' title='bbox 749 877 884 911; x_wconf 68' lang='lat' dir='ltr'><strong>diximus,</strong></span> <span class='ocrx_word' id='word_1_130' title='bbox 899 877 928 904; x_wconf 85' lang='lat' dir='ltr'><strong>In</strong></span> <span class='ocrx_word' id='word_1_131' title='bbox 946 876 1043 904; x_wconf 81' lang='lat' dir='ltr'><strong>umbra</strong></span> 
     </span>
    </p>
   </div>
   <div class='ocr_carea' id='block_1_19' title="bbox 216 922 1044 956">
    <p class='ocr_par' dir='ltr' id='par_1_19' title="bbox 216 922 1044 956">
     <span class='ocr_line' id='line_1_19' title="bbox 216 922 1044 956; baseline -0.001 -7"><span class='ocrx_word' id='word_1_132' title='bbox 216 926 262 949; x_wconf 85' lang='lat' dir='ltr'><strong>tua</strong></span> <span class='ocrx_word' id='word_1_133' title='bbox 276 922 411 949; x_wconf 81' lang='lat' dir='ltr'><strong>vivemus.</strong></span> <span class='ocrx_word' id='word_1_134' title='bbox 435 923 466 949; x_wconf 95' lang='lat' dir='ltr'><strong>In</strong></span> <span class='ocrx_word' id='word_1_135' title='bbox 493 922 622 950; x_wconf 83' lang='lat' dir='ltr'><strong>editione</strong></span> <span class='ocrx_word' id='word_1_136' title='bbox 644 922 775 950; x_wconf 78' lang='lat' dir='ltr'><strong>Romana</strong></span> <span class='ocrx_word' id='word_1_137' title='bbox 799 922 918 954; x_wconf 85' lang='lat' dir='ltr'><strong>rectius,</strong></span> <span class='ocrx_word' id='word_1_138' title='bbox 940 922 976 949; x_wconf 86' lang='lat' dir='ltr'><strong>Dc</strong></span> <span class='ocrx_word' id='word_1_139' title='bbox 991 929 1044 956; x_wconf 85' lang='lat' dir='ltr'><strong>quo</strong></span> 
     </span>
    </p>
   </div>
   <div class='ocr_carea' id='block_1_20' title="bbox 215 967 1043 1004">
    <p class='ocr_par' dir='ltr' id='par_1_20' title="bbox 215 967 1043 1004">
     <span class='ocr_line' id='line_1_20' title="bbox 215 967 1043 1004; baseline -0.001 -10"><span class='ocrx_word' id='word_1_140' title='bbox 215 967 347 1002; x_wconf 65' lang='lat' dir='ltr'><strong>diximus,</strong></span> <span class='ocrx_word' id='word_1_141' title='bbox 372 968 403 995; x_wconf 85' lang='lat' dir='ltr'><strong>In</strong></span> <span class='ocrx_word' id='word_1_142' title='bbox 424 968 523 995; x_wconf 82' lang='lat' dir='ltr'><strong>umbra</strong></span> <span class='ocrx_word' id='word_1_143' title='bbox 547 968 604 1004; x_wconf 83' lang='lat' dir='ltr'><strong>ejus</strong></span> <span class='ocrx_word' id='word_1_144' title='bbox 628 968 759 995; x_wconf 76' lang='lat' dir='ltr'><strong>vivemus.</strong></span> <span class='ocrx_word' id='word_1_145' title='bbox 777 967 832 995; x_wconf 89' lang='lat' dir='ltr'><strong>Sed</strong></span> <span class='ocrx_word' id='word_1_146' title='bbox 853 967 1043 994; x_wconf 87' lang='lat' dir='ltr'><strong>Hebraismus</strong></span> 
     </span>
    </p>
   </div>
   <div class='ocr_carea' id='block_1_21' title="bbox 216 1009 1042 1049">
    <p class='ocr_par' dir='ltr' id='par_1_21' title="bbox 216 1009 1042 1049">
     <span class='ocr_line' id='line_1_21' title="bbox 216 1009 1042 1049; baseline -0.002 -10"><span class='ocrx_word' id='word_1_147' title='bbox 216 1015 261 1040; x_wconf 88' lang='lat' dir='ltr'><strong>est</strong></span> <span class='ocrx_word' id='word_1_148' title='bbox 282 1013 310 1040; x_wconf 92' lang='lat' dir='ltr'><strong>in</strong></span> <span class='ocrx_word' id='word_1_149' title='bbox 331 1013 427 1041; x_wconf 87' lang='lat' dir='ltr'><strong>verbis</strong></span> <span class='ocrx_word' id='word_1_150' title='bbox 454 1013 531 1046; x_wconf 71' lang='lat' dir='ltr'><strong>LXX,</strong></span> <span class='ocrx_word' id='word_1_151' title='bbox 549 1013 579 1041; x_wconf 90' lang='lat' dir='ltr'><strong>in</strong></span> <span class='ocrx_word' id='word_1_152' title='bbox 603 1021 658 1049; x_wconf 88' lang='lat' dir='ltr'><strong>quo</strong></span> <span class='ocrx_word' id='word_1_153' title='bbox 679 1021 840 1049; x_wconf 87' lang='lat' dir='ltr'><strong>pronomen</strong></span> <span class='ocrx_word' id='word_1_154' title='bbox 854 1013 916 1048; x_wconf 84' lang='lat' dir='ltr'><strong>ejus</strong></span> <span class='ocrx_word' id='word_1_155' title='bbox 939 1009 1042 1049; x_wconf 71' lang='grc' dir='ltr'><strong>παρέλ-</strong></span> 
     </span>
    </p>
   </div>
   <div class='ocr_carea' id='block_1_22' title="bbox 216 1057 1044 1093">
    <p class='ocr_par' dir='ltr' id='par_1_22' title="bbox 216 1057 1044 1093">
     <span class='ocr_line' id='line_1_22' title="bbox 216 1057 1044 1093; baseline 0 -10"><span class='ocrx_word' id='word_1_156' title='bbox 216 1067 268 1091; x_wconf 77' lang='grc' dir='ltr'>κει,</span> <span class='ocrx_word' id='word_1_157' title='bbox 285 1057 361 1085; x_wconf 82' lang='lat' dir='ltr'><strong>sicut</strong></span> <span class='ocrx_word' id='word_1_158' title='bbox 383 1058 489 1093; x_wconf 86' lang='lat' dir='ltr'><strong>psalm.</strong></span> <span class='ocrx_word' id='word_1_159' title='bbox 515 1066 611 1093; x_wconf 80' lang='lat' dir='ltr'><strong>cxuu,</strong></span> <span class='ocrx_word' id='word_1_160' title='bbox 630 1058 664 1086; x_wconf 80' lang='grc'>15</span> <span class='ocrx_word' id='word_1_161' title='bbox 680 1066 687 1085; x_wconf 88' lang='lat'>:</span> <span class='ocrx_word' id='word_1_162' title='bbox 704 1059 807 1086; x_wconf 81' lang='lat' dir='ltr'><strong>Beatus</strong></span> <span class='ocrx_word' id='word_1_163' title='bbox 820 1058 949 1093; x_wconf 82' lang='lat' dir='ltr'><strong>populus,</strong></span> <span class='ocrx_word' id='word_1_164' title='bbox 966 1057 1044 1092; x_wconf 77' lang='lat' dir='ltr'><strong>cujus</strong></span> 
     </span>
    </p>
   </div>
   <div class='ocr_carea' id='block_1_23' title="bbox 218 1103 1044 1139">
    <p class='ocr_par' dir='ltr' id='par_1_23' title="bbox 218 1103 1044 1139">
     <span class='ocr_line' id='line_1_23' title="bbox 218 1103 1044 1139; baseline -0.001 -10"><span class='ocrx_word' id='word_1_165' title='bbox 218 1103 350 1130; x_wconf 82' lang='lat' dir='ltr'><strong>Dominus</strong></span> <span class='ocrx_word' id='word_1_166' title='bbox 366 1105 439 1130; x_wconf 85' lang='lat' dir='ltr'><strong>Deus</strong></span> <span class='ocrx_word' id='word_1_167' title='bbox 453 1103 520 1136; x_wconf 72' lang='lat' dir='ltr'><strong>eius.</strong></span> <span class='ocrx_word' id='word_1_168' title='bbox 537 1104 638 1139; x_wconf 83' lang='lat' dir='ltr'><strong>Itaque</strong></span> <span class='ocrx_word' id='word_1_169' title='bbox 655 1103 757 1131; x_wconf 84' lang='lat' dir='ltr'><strong>Latina</strong></span> <span class='ocrx_word' id='word_1_170' title='bbox 771 1103 930 1135; x_wconf 84' lang='lat' dir='ltr'><strong>locutione,</strong></span> <span class='ocrx_word' id='word_1_171' title='bbox 947 1104 1044 1129; x_wconf 82' lang='lat' dir='ltr'><strong>amoto</strong></span> 
     </span>
    </p>
   </div>
   <div class='ocr_carea' id='block_1_24' title="bbox 221 1147 1046 1183">
    <p class='ocr_par' dir='ltr' id='par_1_24' title="bbox 221 1147 1046 1183">
     <span class='ocr_line' id='line_1_24' title="bbox 221 1147 1046 1183; baseline -0.001 -9"><span class='ocrx_word' id='word_1_172' title='bbox 221 1147 407 1181; x_wconf 84' lang='lat' dir='ltr'><strong>Hebraismo,</strong></span> <span class='ocrx_word' id='word_1_173' title='bbox 436 1148 593 1175; x_wconf 88' lang='lat' dir='ltr'><strong>dicendum</strong></span> <span class='ocrx_word' id='word_1_174' title='bbox 619 1150 708 1182; x_wconf 83' lang='lat' dir='ltr'><strong>esset,</strong></span> <span class='ocrx_word' id='word_1_175' title='bbox 732 1148 818 1183; x_wconf 80' lang='lat' dir='ltr'><strong>Cujus</strong></span> <span class='ocrx_word' id='word_1_176' title='bbox 845 1147 969 1175; x_wconf 68' lang='lat' dir='ltr'><strong>diximus</strong></span> <span class='ocrx_word' id='word_1_177' title='bbox 996 1154 1046 1174; x_wconf 77' lang='lat' dir='ltr'><strong>nos</strong></span> 
     </span>
    </p>
   </div>
   <div class='ocr_carea' id='block_1_25' title="bbox 219 1191 1046 1224">
    <p class='ocr_par' dir='ltr' id='par_1_25' title="bbox 219 1191 1046 1224">
     <span class='ocr_line' id='line_1_25' title="bbox 219 1191 1046 1224; baseline 0 -6"><span class='ocrx_word' id='word_1_178' title='bbox 219 1191 268 1219; x_wconf 82' lang='lat' dir='ltr'><strong>sub</strong></span> <span class='ocrx_word' id='word_1_179' title='bbox 297 1193 396 1219; x_wconf 87' lang='lat' dir='ltr'><strong>umbra</strong></span> <span class='ocrx_word' id='word_1_180' title='bbox 410 1193 519 1220; x_wconf 86' lang='lat' dir='ltr'><strong>alarum</strong></span> <span class='ocrx_word' id='word_1_181' title='bbox 546 1194 755 1221; x_wconf 76' lang='lat' dir='ltr'><strong>essevicturos.</strong></span> <span class='ocrx_word' id='word_1_182' title='bbox 785 1193 832 1220; x_wconf 88' lang='lat' dir='ltr'><strong>Sic</strong></span> <span class='ocrx_word' id='word_1_183' title='bbox 861 1191 1046 1224; x_wconf 83' lang='lat' dir='ltr'><strong>Ambrosius,</strong></span> 
     </span>
    </p>
   </div>
   <div class='ocr_carea' id='block_1_26' title="bbox 221 1235 1044 1273">
    <p class='ocr_par' dir='ltr' id='par_1_26' title="bbox 221 1235 1044 1273">
     <span class='ocr_line' id='line_1_26' title="bbox 221 1235 1044 1273; baseline -0.002 -10"><span class='ocrx_word' id='word_1_184' title='bbox 221 1235 250 1263; x_wconf 89' lang='lat' dir='ltr'><strong>in</strong></span> <span class='ocrx_word' id='word_1_185' title='bbox 280 1236 428 1271; x_wconf 82' lang='lat' dir='ltr'><strong>psalmum</strong></span> <span class='ocrx_word' id='word_1_186' title='bbox 457 1245 552 1272; x_wconf 79' lang='lat' dir='ltr'><strong>cxvux,</strong></span> <span class='ocrx_word' id='word_1_187' title='bbox 581 1237 635 1264; x_wconf 87' lang='lat' dir='ltr'><strong>Sub</strong></span> <span class='ocrx_word' id='word_1_188' title='bbox 664 1239 744 1273; x_wconf 79' lang='lat' dir='ltr'><strong>cujus</strong></span> <span class='ocrx_word' id='word_1_189' title='bbox 772 1237 880 1269; x_wconf 84' lang='lat' dir='ltr'><strong>umbra,</strong></span> <span class='ocrx_word' id='word_1_190' title='bbox 911 1236 1044 1268; x_wconf 66' lang='lat' dir='ltr'><strong>diximus,</strong></span> 
     </span>
    </p>
   </div>
   <div class='ocr_carea' id='block_1_27' title="bbox 219 1280 1045 1318">
    <p class='ocr_par' dir='ltr' id='par_1_27' title="bbox 219 1280 1045 1318">
     <span class='ocr_line' id='line_1_27' title="bbox 219 1280 1045 1318; baseline -0.001 -10"><span class='ocrx_word' id='word_1_191' title='bbox 219 1282 342 1309; x_wconf 79' lang='lat' dir='ltr'><strong>vivemus</strong></span> <span class='ocrx_word' id='word_1_192' title='bbox 360 1301 366 1308; x_wconf 91' lang='lat'><strong>.</strong></span> <span class='ocrx_word' id='word_1_193' title='bbox 395 1282 450 1309; x_wconf 63' lang='lat' dir='ltr'><strong>Sed</strong></span> <span class='ocrx_word' id='word_1_194' title='bbox 480 1290 534 1309; x_wconf 84' lang='lat' dir='ltr'><strong>vox</strong></span> <span class='ocrx_word' id='word_1_195' title='bbox 559 1281 699 1318; x_wconf 71' lang='grc' dir='ltr'><strong>πτερύγων</strong></span> <span class='ocrx_word' id='word_1_196' title='bbox 728 1281 812 1309; x_wconf 87' lang='lat' dir='ltr'><strong>abest</strong></span> <span class='ocrx_word' id='word_1_197' title='bbox 847 1281 882 1308; x_wconf 89' lang='lat' dir='ltr'><strong>ab</strong></span> <span class='ocrx_word' id='word_1_198' title='bbox 911 1280 1045 1308; x_wconf 74' lang='lat' dir='ltr'><strong>Jeremite</strong></span> 
     </span>
    </p>
   </div>
   <div class='ocr_carea' id='block_1_28' title="bbox 220 1326 1045 1361">
    <p class='ocr_par' dir='ltr' id='par_1_28' title="bbox 220 1326 1045 1361">
     <span class='ocr_line' id='line_1_28' title="bbox 220 1326 1045 1361; baseline -0.004 -7"><span class='ocrx_word' id='word_1_199' title='bbox 220 1329 311 1360; x_wconf 86' lang='lat' dir='ltr'><strong>textu,</strong></span> <span class='ocrx_word' id='word_1_200' title='bbox 329 1326 420 1354; x_wconf 85' lang='lat' dir='ltr'><strong>ascita</strong></span> <span class='ocrx_word' id='word_1_201' title='bbox 436 1327 472 1354; x_wconf 90' lang='lat' dir='ltr'><strong>ab</strong></span> <span class='ocrx_word' id='word_1_202' title='bbox 496 1329 624 1361; x_wconf 87' lang='lat' dir='ltr'><strong>auctore,</strong></span> <span class='ocrx_word' id='word_1_203' title='bbox 641 1335 709 1354; x_wconf 91' lang='lat' dir='ltr'><strong>cum</strong></span> <span class='ocrx_word' id='word_1_204' title='bbox 734 1327 798 1361; x_wconf 84' lang='lat' dir='ltr'><strong>ejus</strong></span> <span class='ocrx_word' id='word_1_205' title='bbox 814 1326 938 1353; x_wconf 79' lang='lat' dir='ltr'><strong>fortasse</strong></span> <span class='ocrx_word' id='word_1_206' title='bbox 955 1327 1045 1356; x_wconf 81' lang='lat' dir='ltr'><strong>menti</strong></span> 
     </span>
    </p>
   </div>
   <div class='ocr_carea' id='block_1_29' title="bbox 220 1369 1047 1407">
    <p class='ocr_par' dir='ltr' id='par_1_29' title="bbox 220 1369 1047 1407">
     <span class='ocr_line' id='line_1_29' title="bbox 220 1369 1047 1407; baseline -0.005 -9"><span class='ocrx_word' id='word_1_207' title='bbox 220 1371 425 1399; x_wconf 79' lang='lat' dir='ltr'><strong>observaretur</strong></span> <span class='ocrx_word' id='word_1_208' title='bbox 445 1371 516 1399; x_wconf 86' lang='lat' dir='ltr'><strong>illud</strong></span> <span class='ocrx_word' id='word_1_209' title='bbox 544 1371 649 1407; x_wconf 84' lang='lat' dir='ltr'><strong>psalmi</strong></span> <span class='ocrx_word' id='word_1_210' title='bbox 670 1379 723 1406; x_wconf 82' lang='grc' dir='ltr'><strong>ινι,</strong></span> <span class='ocrx_word' id='word_1_211' title='bbox 745 1372 762 1397; x_wconf 82' lang='lat'><strong><em>2</em></strong></span> <span class='ocrx_word' id='word_1_212' title='bbox 780 1369 849 1397; x_wconf 70' lang='lat' dir='ltr'><strong>:Ka‘i</strong></span> <span class='ocrx_word' id='word_1_213' title='bbox 873 1369 898 1396; x_wconf 82' lang='grc' dir='ltr'>ἐν</span> <span class='ocrx_word' id='word_1_214' title='bbox 923 1371 958 1405; x_wconf 84' lang='grc' dir='ltr'><strong>τῇ</strong></span> <span class='ocrx_word' id='word_1_215' title='bbox 985 1370 1047 1403; x_wconf 82' lang='grc' dir='ltr'>σκιᾷ</span> 
     </span>
    </p>
   </div>
   <div class='ocr_carea' id='block_1_30' title="bbox 219 1414 1046 1452">
    <p class='ocr_par' dir='ltr' id='par_1_30' title="bbox 219 1414 1046 1452">
     <span class='ocr_line' id='line_1_30' title="bbox 219 1414 1046 1452; baseline -0.001 -10"><span class='ocrx_word' id='word_1_216' title='bbox 219 1417 274 1442; x_wconf 82' lang='grc' dir='ltr'><strong>τῶν</strong></span> <span class='ocrx_word' id='word_1_217' title='bbox 290 1414 430 1452; x_wconf 68' lang='grc' dir='ltr'><strong>πτερύγων</strong></span> <span class='ocrx_word' id='word_1_218' title='bbox 447 1425 495 1442; x_wconf 85' lang='grc' dir='ltr'><strong>σου</strong></span> <span class='ocrx_word' id='word_1_219' title='bbox 517 1414 616 1450; x_wconf 74' lang='grc' dir='ltr'><strong>ἐλπιῶ,</strong></span> <span class='ocrx_word' id='word_1_220' title='bbox 633 1417 666 1443; x_wconf 86' lang='lat' dir='ltr'><strong>Et</strong></span> <span class='ocrx_word' id='word_1_221' title='bbox 690 1416 719 1443; x_wconf 78' lang='lat' dir='ltr'><strong>in</strong></span> <span class='ocrx_word' id='word_1_222' title='bbox 745 1415 843 1442; x_wconf 87' lang='lat' dir='ltr'><strong>umbra</strong></span> <span class='ocrx_word' id='word_1_223' title='bbox 862 1415 972 1442; x_wconf 80' lang='lat' dir='ltr'><strong>alarum</strong></span> <span class='ocrx_word' id='word_1_224' title='bbox 987 1417 1046 1441; x_wconf 85' lang='lat' dir='ltr'><strong>tua-</strong></span> 
     </span>
    </p>
   </div>
   <div class='ocr_carea' id='block_1_31' title="bbox 221 1458 1046 1496">
    <p class='ocr_par' dir='ltr' id='par_1_31' title="bbox 221 1458 1046 1496">
     <span class='ocr_line' id='line_1_31' title="bbox 221 1458 1046 1496; baseline -0.004 -8"><span class='ocrx_word' id='word_1_225' title='bbox 221 1468 285 1487; x_wconf 87' lang='lat' dir='ltr'><strong>rum</strong></span> <span class='ocrx_word' id='word_1_226' title='bbox 295 1460 408 1496; x_wconf 79' lang='lat' dir='ltr'><strong>sperabo</strong></span> <span class='ocrx_word' id='word_1_227' title='bbox 425 1468 431 1492; x_wconf 85' lang='lat'><strong>;</strong></span> <span class='ocrx_word' id='word_1_228' title='bbox 449 1459 502 1488; x_wconf 90' lang='lat' dir='ltr'><strong>hoc</strong></span> <span class='ocrx_word' id='word_1_229' title='bbox 518 1464 571 1491; x_wconf 74' lang='lat' dir='ltr'><strong>est,</strong></span> <span class='ocrx_word' id='word_1_230' title='bbox 584 1460 613 1487; x_wconf 91' lang='lat' dir='ltr'><strong>in</strong></span> <span class='ocrx_word' id='word_1_231' title='bbox 629 1459 768 1495; x_wconf 77' lang='lat' dir='ltr'><strong>tegmine,</strong></span> <span class='ocrx_word' id='word_1_232' title='bbox 785 1458 840 1486; x_wconf 89' lang='lat' dir='ltr'><strong>sub</strong></span> <span class='ocrx_word' id='word_1_233' title='bbox 856 1458 1046 1494; x_wconf 88' lang='lat' dir='ltr'><strong>protectione,</strong></span> 
     </span>
    </p>
   </div>
   <div class='ocr_carea' id='block_1_32' title="bbox 221 1501 1045 1540">
    <p class='ocr_par' dir='ltr' id='par_1_32' title="bbox 221 1501 1045 1540">
     <span class='ocr_line' id='line_1_32' title="bbox 221 1501 1045 1540; baseline -0.005 -8"><span class='ocrx_word' id='word_1_234' title='bbox 221 1505 298 1532; x_wconf 83' lang='lat' dir='ltr'><strong>utin</strong></span> <span class='ocrx_word' id='word_1_235' title='bbox 323 1504 398 1540; x_wconf 89' lang='lat' dir='ltr'><strong>psal.</strong></span> <span class='ocrx_word' id='word_1_236' title='bbox 422 1513 481 1537; x_wconf 81' lang='lat' dir='ltr'><strong>xvr,</strong></span> <span class='ocrx_word' id='word_1_237' title='bbox 506 1505 534 1538; x_wconf 87' lang='lat'><strong>8,</strong></span> <span class='ocrx_word' id='word_1_238' title='bbox 560 1503 603 1531; x_wconf 68' lang='grc' dir='ltr'><strong>Ἑν</strong></span> <span class='ocrx_word' id='word_1_239' title='bbox 630 1503 713 1540; x_wconf 62' lang='grc' dir='ltr'>σκέπῃ</span> <span class='ocrx_word' id='word_1_240' title='bbox 736 1505 789 1529; x_wconf 77' lang='grc' dir='ltr'><strong>τῶν</strong></span> <span class='ocrx_word' id='word_1_241' title='bbox 814 1501 955 1539; x_wconf 73' lang='grc' dir='ltr'><strong>πτερύγων</strong></span> <span class='ocrx_word' id='word_1_242' title='bbox 985 1511 1045 1528; x_wconf 86' lang='grc' dir='ltr'>σκε-</span> 
     </span>
    </p>
   </div>
   <div class='ocr_carea' id='block_1_33' title="bbox 219 1548 1045 1585">
    <p class='ocr_par' dir='ltr' id='par_1_33' title="bbox 219 1548 1045 1585">
     <span class='ocr_line' id='line_1_33' title="bbox 219 1548 1045 1585; baseline -0.001 -10"><span class='ocrx_word' id='word_1_243' title='bbox 219 1548 313 1579; x_wconf 66' lang='lat' dir='ltr'><strong>micat:</strong></span> <span class='ocrx_word' id='word_1_244' title='bbox 331 1559 374 1585; x_wconf 82' lang='grc' dir='ltr'><strong>με,</strong></span> <span class='ocrx_word' id='word_1_245' title='bbox 389 1550 420 1576; x_wconf 79' lang='lat' dir='ltr'><strong>In.</strong></span> <span class='ocrx_word' id='word_1_246' title='bbox 441 1550 559 1585; x_wconf 85' lang='lat' dir='ltr'><strong>tegmine</strong></span> <span class='ocrx_word' id='word_1_247' title='bbox 581 1549 693 1576; x_wconf 86' lang='lat' dir='ltr'><strong>alarum</strong></span> <span class='ocrx_word' id='word_1_248' title='bbox 718 1552 832 1576; x_wconf 86' lang='lat' dir='ltr'><strong>tuarum</strong></span> <span class='ocrx_word' id='word_1_249' title='bbox 847 1552 970 1583; x_wconf 81' lang='lat' dir='ltr'><strong>proteges</strong></span> <span class='ocrx_word' id='word_1_250' title='bbox 992 1554 1045 1574; x_wconf 89' lang='lat' dir='ltr'><strong>me.</strong></span> 
     </span>
    </p>
   </div>
   <div class='ocr_carea' id='block_1_34' title="bbox 219 1592 1044 1629">
    <p class='ocr_par' dir='ltr' id='par_1_34' title="bbox 219 1592 1044 1629">
     <span class='ocr_line' id='line_1_34' title="bbox 219 1592 1044 1629; baseline -0.004 -8"><span class='ocrx_word' id='word_1_251' title='bbox 219 1593 357 1629; x_wconf 83' lang='lat' dir='ltr'><strong>Vulgata,</strong></span> <span class='ocrx_word' id='word_1_252' title='bbox 373 1593 427 1621; x_wconf 87' lang='lat' dir='ltr'><strong>Sub</strong></span> <span class='ocrx_word' id='word_1_253' title='bbox 442 1595 539 1621; x_wconf 86' lang='lat' dir='ltr'><strong>umbra</strong></span> <span class='ocrx_word' id='word_1_254' title='bbox 555 1594 666 1620; x_wconf 86' lang='lat' dir='ltr'><strong>uiarum</strong></span> <span class='ocrx_word' id='word_1_255' title='bbox 682 1595 807 1620; x_wconf 87' lang='lat' dir='ltr'><strong>tuarum.</strong></span> <span class='ocrx_word' id='word_1_256' title='bbox 825 1593 859 1620; x_wconf 88' lang='lat' dir='ltr'><strong>Et</strong></span> <span class='ocrx_word' id='word_1_257' title='bbox 874 1592 953 1619; x_wconf 71' lang='lat' dir='ltr'><strong>Isaiae</strong></span> <span class='ocrx_word' id='word_1_258' title='bbox 969 1599 1044 1624; x_wconf 80' lang='lat' dir='ltr'><strong>xux,</strong></span> 
     </span>
    </p>
   </div>
   <div class='ocr_carea' id='block_1_35' title="bbox 218 1627 1080 1673">
    <p class='ocr_par' dir='ltr' id='par_1_35' title="bbox 218 1627 1080 1673">
     <span class='ocr_line' id='line_1_35' title="bbox 218 1627 1080 1673; baseline -0.006 -8"><span class='ocrx_word' id='word_1_259' title='bbox 218 1639 246 1671; x_wconf 79' lang='lat'><strong>2,</strong></span> <span class='ocrx_word' id='word_1_260' title='bbox 261 1639 292 1665; x_wconf 85' lang='lat' dir='ltr'><strong>In</strong></span> <span class='ocrx_word' id='word_1_261' title='bbox 307 1638 406 1665; x_wconf 81' lang='lat' dir='ltr'><strong>umbra</strong></span> <span class='ocrx_word' id='word_1_262' title='bbox 421 1646 522 1666; x_wconf 83' lang='lat' dir='ltr'><strong>manus</strong></span> <span class='ocrx_word' id='word_1_263' title='bbox 545 1646 602 1665; x_wconf 59' lang='lat' dir='ltr'><strong>sua</strong></span> <span class='ocrx_word' id='word_1_264' title='bbox 616 1638 736 1673; x_wconf 70' lang='lat' dir='ltr'><strong>protexit</strong></span> <span class='ocrx_word' id='word_1_265' title='bbox 759 1645 802 1664; x_wconf 84' lang='lat' dir='ltr'><strong>me</strong></span> <span class='ocrx_word' id='word_1_266' title='bbox 818 1645 825 1664; x_wconf 84' lang='lat'><strong>:</strong></span> <span class='ocrx_word' id='word_1_267' title='bbox 841 1636 905 1662; x_wconf 79' lang='grc' dir='ltr'><strong>Ὑπὸ</strong></span> <span class='ocrx_word' id='word_1_268' title='bbox 920 1636 969 1670; x_wconf 79' lang='grc' dir='ltr'>τήν</span> <span class='ocrx_word' id='word_1_269' title='bbox 986 1633 1043 1662; x_wconf 77' lang='grc' dir='ltr'><strong>σκὲ-</strong></span> <span class='ocrx_word' id='word_1_270' title='bbox 1059 1627 1080 1660; x_wconf 86' lang='lat' dir='ltr'>C</span> 
     </span>
    </p>
   </div>
   <div class='ocr_carea' id='block_1_36' title="bbox 219 1681 1042 1719">
    <p class='ocr_par' dir='ltr' id='par_1_36' title="bbox 219 1681 1042 1719">
     <span class='ocr_line' id='line_1_36' title="bbox 219 1681 1042 1719; baseline -0.001 -11"><span class='ocrx_word' id='word_1_271' title='bbox 219 1692 272 1716; x_wconf 75' lang='grc' dir='ltr'><strong>πην</strong></span> <span class='ocrx_word' id='word_1_272' title='bbox 294 1685 344 1716; x_wconf 83' lang='grc' dir='ltr'><strong>τῆς</strong></span> <span class='ocrx_word' id='word_1_273' title='bbox 366 1682 458 1719; x_wconf 74' lang='grc' dir='ltr'>χειρὸς</span> <span class='ocrx_word' id='word_1_274' title='bbox 485 1681 580 1710; x_wconf 77' lang='grc' dir='ltr'><strong>αὐτοῦ.</strong></span> <span class='ocrx_word' id='word_1_275' title='bbox 605 1682 659 1710; x_wconf 85' lang='lat' dir='ltr'><strong>Sub</strong></span> <span class='ocrx_word' id='word_1_276' title='bbox 679 1683 849 1718; x_wconf 78' lang='lat' dir='ltr'><strong>proiectione</strong></span> <span class='ocrx_word' id='word_1_277' title='bbox 863 1689 961 1708; x_wconf 83' lang='lat' dir='ltr'><strong>manus</strong></span> <span class='ocrx_word' id='word_1_278' title='bbox 975 1689 1042 1708; x_wconf 73' lang='lat' dir='ltr'><strong>suae.</strong></span> 
     </span>
    </p>
   </div>
   <div class='ocr_carea' id='block_1_37' title="bbox 220 1725 1044 1762">
    <p class='ocr_par' dir='ltr' id='par_1_37' title="bbox 220 1725 1044 1762">
     <span class='ocr_line' id='line_1_37' title="bbox 220 1725 1044 1762; baseline -0.002 -8"><span class='ocrx_word' id='word_1_279' title='bbox 220 1727 360 1754; x_wconf 60' lang='lat' dir='ltr'><strong>Caeterum</strong></span> <span class='ocrx_word' id='word_1_280' title='bbox 386 1727 463 1754; x_wconf 88' lang='lat' dir='ltr'><strong>hunc</strong></span> <span class='ocrx_word' id='word_1_281' title='bbox 487 1727 584 1754; x_wconf 89' lang='lat' dir='ltr'><strong>locum</strong></span> <span class='ocrx_word' id='word_1_282' title='bbox 608 1726 718 1762; x_wconf 85' lang='lat' dir='ltr'><strong>passim</strong></span> <span class='ocrx_word' id='word_1_283' title='bbox 743 1727 779 1754; x_wconf 88' lang='lat' dir='ltr'><strong>de</strong></span> <span class='ocrx_word' id='word_1_284' title='bbox 807 1726 921 1753; x_wconf 82' lang='lat' dir='ltr'><strong>Christo</strong></span> <span class='ocrx_word' id='word_1_285' title='bbox 944 1725 1044 1752; x_wconf 88' lang='lat' dir='ltr'><strong>Salva-</strong></span> 
     </span>
    </p>
   </div>
   <div class='ocr_carea' id='block_1_38' title="bbox 222 1770 1044 1807">
    <p class='ocr_par' dir='ltr' id='par_1_38' title="bbox 222 1770 1044 1807">
     <span class='ocr_line' id='line_1_38' title="bbox 222 1770 1044 1807; baseline -0.002 -8"><span class='ocrx_word' id='word_1_286' title='bbox 222 1773 282 1799; x_wconf 90' lang='lat' dir='ltr'><strong>tore</strong></span> <span class='ocrx_word' id='word_1_287' title='bbox 297 1771 468 1807; x_wconf 82' lang='lat' dir='ltr'><strong>intelligunt</strong></span> <span class='ocrx_word' id='word_1_288' title='bbox 483 1772 592 1807; x_wconf 85' lang='lat' dir='ltr'><strong>Patres,</strong></span> <span class='ocrx_word' id='word_1_289' title='bbox 608 1773 640 1798; x_wconf 93' lang='lat' dir='ltr'><strong>ut</strong></span> <span class='ocrx_word' id='word_1_290' title='bbox 654 1772 792 1804; x_wconf 66' lang='lat' dir='ltr'><strong>lrenaeus,</strong></span> <span class='ocrx_word' id='word_1_291' title='bbox 804 1771 854 1798; x_wconf 91' lang='lat' dir='ltr'><strong>lib.</strong></span> <span class='ocrx_word' id='word_1_292' title='bbox 870 1779 901 1798; x_wconf 90' lang='grc' dir='ltr'>ιιι</span> <span class='ocrx_word' id='word_1_293' title='bbox 914 1770 1044 1798; x_wconf 78' lang='lat' dir='ltr'><strong>adversus</strong></span> 
     </span>
    </p>
   </div>
   <div class='ocr_carea' id='block_1_39' title="bbox 220 1815 1043 1852">
    <p class='ocr_par' dir='ltr' id='par_1_39' title="bbox 220 1815 1043 1852">
     <span class='ocr_line' id='line_1_39' title="bbox 220 1815 1043 1852; baseline -0.002 -8"><span class='ocrx_word' id='word_1_294' title='bbox 220 1818 351 1852; x_wconf 63' lang='lat' dir='ltr'><strong>ereses,</strong></span> <span class='ocrx_word' id='word_1_295' title='bbox 368 1825 431 1852; x_wconf 87' lang='lat' dir='ltr'><strong>cap.</strong></span> <span class='ocrx_word' id='word_1_296' title='bbox 449 1817 479 1844; x_wconf 91' lang='grc'><strong>11</strong></span> <span class='ocrx_word' id='word_1_297' title='bbox 494 1826 500 1851; x_wconf 89' lang='grc'><strong>;</strong></span> <span class='ocrx_word' id='word_1_298' title='bbox 517 1815 714 1844; x_wconf 81' lang='lat' dir='ltr'><strong>Tertullianus</strong></span> <span class='ocrx_word' id='word_1_299' title='bbox 726 1824 756 1843; x_wconf 89' lang='grc' dir='ltr'>ιιι</span> <span class='ocrx_word' id='word_1_300' title='bbox 769 1816 800 1843; x_wconf 84' lang='lat' dir='ltr'><strong>in</strong></span> <span class='ocrx_word' id='word_1_301' title='bbox 814 1816 962 1848; x_wconf 68' lang='lat' dir='ltr'><strong>Marciam,</strong></span> <span class='ocrx_word' id='word_1_302' title='bbox 980 1823 1043 1850; x_wconf 86' lang='lat' dir='ltr'><strong>cap.</strong></span> 
     </span>
    </p>
   </div>
   <div class='ocr_carea' id='block_1_40' title="bbox 218 1860 1043 1896">
    <p class='ocr_par' dir='ltr' id='par_1_40' title="bbox 218 1860 1043 1896">
     <span class='ocr_line' id='line_1_40' title="bbox 218 1860 1043 1896; baseline -0.004 -7"><span class='ocrx_word' id='word_1_303' title='bbox 218 1862 255 1896; x_wconf 84' lang='lat'><strong>6;</strong></span> <span class='ocrx_word' id='word_1_304' title='bbox 269 1862 411 1889; x_wconf 86' lang='lat' dir='ltr'><strong>Eusebius</strong></span> <span class='ocrx_word' id='word_1_305' title='bbox 427 1863 543 1894; x_wconf 64' lang='lat' dir='ltr'><strong>Caesam,</strong></span> <span class='ocrx_word' id='word_1_306' title='bbox 558 1862 596 1888; x_wconf 86' lang='lat' dir='ltr'><strong>De</strong></span> <span class='ocrx_word' id='word_1_307' title='bbox 619 1861 760 1889; x_wconf 77' lang='lat' dir='ltr'><strong>demonstr</strong></span> <span class='ocrx_word' id='word_1_308' title='bbox 779 1860 907 1896; x_wconf 86' lang='lat' dir='ltr'><strong>Evanget.</strong></span> <span class='ocrx_word' id='word_1_309' title='bbox 925 1868 962 1895; x_wconf 79' lang='lat' dir='ltr'><strong>xv,</strong></span> <span class='ocrx_word' id='word_1_310' title='bbox 978 1868 1043 1895; x_wconf 89' lang='lat' dir='ltr'><strong>cap.</strong></span> 
     </span>
    </p>
   </div>
   <div class='ocr_carea' id='block_1_41' title="bbox 218 1905 1044 1942">
    <p class='ocr_par' dir='ltr' id='par_1_41' title="bbox 218 1905 1044 1942">
     <span class='ocr_line' id='line_1_41' title="bbox 218 1905 1044 1942; baseline -0.002 -9"><span class='ocrx_word' id='word_1_311' title='bbox 218 1906 271 1940; x_wconf 67' lang='lat'><strong>2&#39;1;</strong></span> <span class='ocrx_word' id='word_1_312' title='bbox 287 1906 444 1942; x_wconf 79' lang='lat' dir='ltr'><strong>Gregorius</strong></span> <span class='ocrx_word' id='word_1_313' title='bbox 460 1906 664 1942; x_wconf 79' lang='lat' dir='ltr'><strong>Nyss.,Contra</strong></span> <span class='ocrx_word' id='word_1_314' title='bbox 677 1905 801 1939; x_wconf 72' lang='lat' dir='ltr'><strong>Judwos,</strong></span> <span class='ocrx_word' id='word_1_315' title='bbox 815 1908 844 1933; x_wconf 88' lang='lat' dir='ltr'><strong>et</strong></span> <span class='ocrx_word' id='word_1_316' title='bbox 854 1905 1044 1937; x_wconf 85' lang='lat' dir='ltr'><strong>Ambros.,vu</strong></span> 
     </span>
    </p>
   </div>
   <div class='ocr_carea' id='block_1_42' title="bbox 220 1951 533 1987">
    <p class='ocr_par' dir='ltr' id='par_1_42' title="bbox 220 1951 533 1987">
     <span class='ocr_line' id='line_1_42' title="bbox 220 1951 533 1987; baseline 0 -9"><span class='ocrx_word' id='word_1_317' title='bbox 220 1951 249 1978; x_wconf 80' lang='lat' dir='ltr'><strong>in</strong></span> <span class='ocrx_word' id='word_1_318' title='bbox 260 1951 372 1985; x_wconf 77' lang='lat' dir='ltr'><strong>Lucam,</strong></span> <span class='ocrx_word' id='word_1_319' title='bbox 389 1959 452 1987; x_wconf 89' lang='lat' dir='ltr'><strong>cap.</strong></span> <span class='ocrx_word' id='word_1_320' title='bbox 476 1951 533 1979; x_wconf 75' lang='lat'><strong>16.,</strong></span> 
     </span>
    </p>
   </div>
   <div class='ocr_carea' id='block_1_43' title="bbox 256 2002 1045 2039">
    <p class='ocr_par' dir='ltr' id='par_1_43' title="bbox 256 2002 1045 2039">
     <span class='ocr_line' id='line_1_43' title="bbox 256 2002 1045 2039; baseline -0.001 -8"><span class='ocrx_word' id='word_1_321' title='bbox 256 2004 316 2032; x_wconf 86' lang='lat' dir='ltr'><strong>Col.</strong></span> <span class='ocrx_word' id='word_1_322' title='bbox 333 2005 386 2032; x_wconf 86' lang='lat'><strong>663</strong></span> <span class='ocrx_word' id='word_1_323' title='bbox 402 2007 420 2031; x_wconf 89' lang='grc' dir='ltr'><strong>Β</strong></span> <span class='ocrx_word' id='word_1_324' title='bbox 437 2005 480 2032; x_wconf 91' lang='grc'><strong>10.</strong></span> <span class='ocrx_word' id='word_1_325' title='bbox 504 2005 566 2032; x_wconf 67' lang='lat' dir='ltr'><strong>Haec</strong></span> <span class='ocrx_word' id='word_1_326' title='bbox 589 2004 656 2032; x_wconf 83' lang='lat' dir='ltr'><strong>dicit</strong></span> <span class='ocrx_word' id='word_1_327' title='bbox 675 2003 749 2039; x_wconf 83' lang='lat' dir='ltr'><strong>Spir.</strong></span> <span class='ocrx_word' id='word_1_328' title='bbox 774 2003 967 2031; x_wconf 84' lang='lat' dir='ltr'><strong>Annotandus</strong></span> <span class='ocrx_word' id='word_1_329' title='bbox 990 2002 1045 2030; x_wconf 85' lang='lat' dir='ltr'><strong>fuit</strong></span> 
     </span>
    </p>
   </div>
   <div class='ocr_carea' id='block_1_44' title="bbox 219 2048 1043 2085">
    <p class='ocr_par' dir='ltr' id='par_1_44' title="bbox 219 2048 1043 2085">
     <span class='ocr_line' id='line_1_44' title="bbox 219 2048 1043 2085; baseline -0.004 -8"><span class='ocrx_word' id='word_1_330' title='bbox 219 2048 303 2077; x_wconf 87' lang='lat' dir='ltr'><strong>locus</strong></span> <span class='ocrx_word' id='word_1_331' title='bbox 318 2051 416 2077; x_wconf 83' lang='lat' dir='ltr'><strong>Actor.</strong></span> <span class='ocrx_word' id='word_1_332' title='bbox 441 2049 564 2085; x_wconf 86' lang='lat' dir='ltr'><strong>npostol.</strong></span> <span class='ocrx_word' id='word_1_333' title='bbox 587 2057 652 2085; x_wconf 89' lang='lat' dir='ltr'><strong>cap.</strong></span> <span class='ocrx_word' id='word_1_334' title='bbox 677 2057 735 2081; x_wconf 79' lang='lat' dir='ltr'><strong>xxI,</strong></span> <span class='ocrx_word' id='word_1_335' title='bbox 752 2048 795 2080; x_wconf 84' lang='grc'>11,</span> <span class='ocrx_word' id='word_1_336' title='bbox 820 2055 856 2075; x_wconf 87' lang='lat' dir='ltr'><strong>ne</strong></span> <span class='ocrx_word' id='word_1_337' title='bbox 878 2048 944 2083; x_wconf 89' lang='lat' dir='ltr'><strong>quis</strong></span> <span class='ocrx_word' id='word_1_338' title='bbox 959 2048 1043 2082; x_wconf 84' lang='lat' dir='ltr'><strong>forte,</strong></span> 
     </span>
    </p>
   </div>
   <div class='ocr_carea' id='block_1_45' title="bbox 220 2092 1044 2129">
    <p class='ocr_par' dir='ltr' id='par_1_45' title="bbox 220 2092 1044 2129">
     <span class='ocr_line' id='line_1_45' title="bbox 220 2092 1044 2129; baseline -0.004 -7"><span class='ocrx_word' id='word_1_339' title='bbox 220 2094 271 2129; x_wconf 90' lang='lat' dir='ltr'><strong>qui</strong></span> <span class='ocrx_word' id='word_1_340' title='bbox 286 2094 317 2121; x_wconf 94' lang='lat' dir='ltr'><strong>in</strong></span> <span class='ocrx_word' id='word_1_341' title='bbox 331 2094 495 2122; x_wconf 87' lang='lat' dir='ltr'><strong>versionem</strong></span> <span class='ocrx_word' id='word_1_342' title='bbox 511 2094 588 2121; x_wconf 76' lang='lat' dir='ltr'><strong>Beza:</strong></span> <span class='ocrx_word' id='word_1_343' title='bbox 602 2092 747 2126; x_wconf 88' lang='lat' dir='ltr'><strong>inciderit,</strong></span> <span class='ocrx_word' id='word_1_344' title='bbox 760 2100 868 2120; x_wconf 62' lang='lat' dir='ltr'><strong>secum</strong></span> <span class='ocrx_word' id='word_1_345' title='bbox 884 2093 988 2120; x_wconf 89' lang='lat' dir='ltr'><strong>ducem</strong></span> <span class='ocrx_word' id='word_1_346' title='bbox 1000 2100 1044 2119; x_wconf 89' lang='lat' dir='ltr'><strong>se-</strong></span> 
     </span>
    </p>
   </div>
   <div class='ocr_carea' id='block_1_46' title="bbox 221 2136 1045 2174">
    <p class='ocr_par' dir='ltr' id='par_1_46' title="bbox 221 2136 1045 2174">
     <span class='ocr_line' id='line_1_46' title="bbox 221 2136 1045 2174; baseline -0.004 -9"><span class='ocrx_word' id='word_1_347' title='bbox 221 2140 308 2166; x_wconf 87' lang='lat' dir='ltr'><strong>cutus</strong></span> <span class='ocrx_word' id='word_1_348' title='bbox 321 2140 415 2172; x_wconf 86' lang='lat' dir='ltr'><strong>erret;</strong></span> <span class='ocrx_word' id='word_1_349' title='bbox 433 2138 518 2174; x_wconf 84' lang='lat' dir='ltr'><strong>cujus</strong></span> <span class='ocrx_word' id='word_1_350' title='bbox 534 2137 683 2165; x_wconf 83' lang='lat' dir='ltr'><strong>subtilitas</strong></span> <span class='ocrx_word' id='word_1_351' title='bbox 698 2136 746 2164; x_wconf 88' lang='lat' dir='ltr'><strong>hic</strong></span> <span class='ocrx_word' id='word_1_352' title='bbox 763 2136 873 2163; x_wconf 83' lang='lat' dir='ltr'><strong>frustra</strong></span> <span class='ocrx_word' id='word_1_353' title='bbox 890 2136 955 2164; x_wconf 87' lang='lat' dir='ltr'><strong>fuit.</strong></span> <span class='ocrx_word' id='word_1_354' title='bbox 973 2136 1045 2163; x_wconf 86' lang='lat' dir='ltr'><strong>Cum</strong></span> 
     </span>
    </p>
   </div>
   <div class='ocr_carea' id='block_1_47' title="bbox 221 2181 1045 2218">
    <p class='ocr_par' dir='ltr' id='par_1_47' title="bbox 221 2181 1045 2218">
     <span class='ocr_line' id='line_1_47' title="bbox 221 2181 1045 2218; baseline -0.004 -8"><span class='ocrx_word' id='word_1_355' title='bbox 221 2182 300 2210; x_wconf 89' lang='lat' dir='ltr'><strong>enim</strong></span> <span class='ocrx_word' id='word_1_356' title='bbox 316 2190 347 2210; x_wconf 89' lang='lat' dir='ltr'><strong>se</strong></span> <span class='ocrx_word' id='word_1_357' title='bbox 361 2182 468 2218; x_wconf 85' lang='lat' dir='ltr'><strong>legisse</strong></span> <span class='ocrx_word' id='word_1_358' title='bbox 492 2191 550 2210; x_wconf 91' lang='lat' dir='ltr'><strong>non</strong></span> <span class='ocrx_word' id='word_1_359' title='bbox 566 2182 751 2210; x_wconf 85' lang='lat' dir='ltr'><strong>meminisset</strong></span> <span class='ocrx_word' id='word_1_360' title='bbox 765 2181 795 2208; x_wconf 89' lang='lat' dir='ltr'><strong>in</strong></span> <span class='ocrx_word' id='word_1_361' title='bbox 815 2181 894 2208; x_wconf 81' lang='lat' dir='ltr'><strong>Actis</strong></span> <span class='ocrx_word' id='word_1_362' title='bbox 910 2181 1045 2216; x_wconf 77' lang='lat' dir='ltr'><strong>Agabum</strong></span> 
     </span>
    </p>
   </div>
   <div class='ocr_carea' id='block_1_48' title="bbox 222 2225 1047 2262">
    <p class='ocr_par' dir='ltr' id='par_1_48' title="bbox 222 2225 1047 2262">
     <span class='ocr_line' id='line_1_48' title="bbox 222 2225 1047 2262; baseline -0.002 -8"><span class='ocrx_word' id='word_1_363' title='bbox 222 2227 283 2255; x_wconf 78' lang='lat' dir='ltr'><strong>haec</strong></span> <span class='ocrx_word' id='word_1_364' title='bbox 298 2227 386 2254; x_wconf 86' lang='lat' dir='ltr'><strong>verba</strong></span> <span class='ocrx_word' id='word_1_365' title='bbox 401 2227 558 2262; x_wconf 86' lang='lat' dir='ltr'><strong>protulisse</strong></span> <span class='ocrx_word' id='word_1_366' title='bbox 583 2226 795 2262; x_wconf 85' lang='lat' dir='ltr'><strong>prophetando,</strong></span> <span class='ocrx_word' id='word_1_367' title='bbox 817 2227 884 2253; x_wconf 64' lang='lat' dir='ltr'><strong>Haec</strong></span> <span class='ocrx_word' id='word_1_368' title='bbox 902 2225 968 2253; x_wconf 81' lang='lat' dir='ltr'><strong>dicit</strong></span> <span class='ocrx_word' id='word_1_369' title='bbox 984 2225 1047 2260; x_wconf 85' lang='lat' dir='ltr'><strong>Spi-</strong></span> 
     </span>
    </p>
   </div>
   <div class='ocr_carea' id='block_1_49' title="bbox 222 2270 1045 2306">
    <p class='ocr_par' dir='ltr' id='par_1_49' title="bbox 222 2270 1045 2306">
     <span class='ocr_line' id='line_1_49' title="bbox 222 2270 1045 2306; baseline -0.001 -8"><span class='ocrx_word' id='word_1_370' title='bbox 222 2272 294 2298; x_wconf 79' lang='lat' dir='ltr'><strong>ritus</strong></span> <span class='ocrx_word' id='word_1_371' title='bbox 308 2275 436 2299; x_wconf 80' lang='lat' dir='ltr'><strong>sanctus:</strong></span> <span class='ocrx_word' id='word_1_372' title='bbox 457 2272 548 2299; x_wconf 80' lang='lat' dir='ltr'><strong>Virum</strong></span> <span class='ocrx_word' id='word_1_373' title='bbox 575 2271 653 2306; x_wconf 85' lang='lat' dir='ltr'><strong>cujus</strong></span> <span class='ocrx_word' id='word_1_374' title='bbox 679 2272 718 2298; x_wconf 82' lang='lat' dir='ltr'><strong>est</strong></span> <span class='ocrx_word' id='word_1_375' title='bbox 745 2278 816 2298; x_wconf 70' lang='lat' dir='ltr'><strong>zona</strong></span> <span class='ocrx_word' id='word_1_376' title='bbox 843 2271 909 2305; x_wconf 66' lang='lat' dir='ltr'><strong>haec,</strong></span> <span class='ocrx_word' id='word_1_377' title='bbox 927 2272 993 2302; x_wconf 91' lang='lat' dir='ltr'><strong>etc.,</strong></span> <span class='ocrx_word' id='word_1_378' title='bbox 1009 2270 1045 2297; x_wconf 86' lang='lat' dir='ltr'><strong>ad</strong></span> 
     </span>
    </p>
   </div>
   <div class='ocr_carea' id='block_1_50' title="bbox 223 2314 1046 2351">
    <p class='ocr_par' dir='ltr' id='par_1_50' title="bbox 223 2314 1046 2351">
     <span class='ocr_line' id='line_1_50' title="bbox 223 2314 1046 2351; baseline -0.002 -8"><span class='ocrx_word' id='word_1_379' title='bbox 223 2324 309 2351; x_wconf 89' lang='lat' dir='ltr'><strong>quem</strong></span> <span class='ocrx_word' id='word_1_380' title='bbox 324 2315 420 2343; x_wconf 87' lang='lat' dir='ltr'><strong>locum</strong></span> <span class='ocrx_word' id='word_1_381' title='bbox 436 2315 500 2344; x_wconf 86' lang='lat' dir='ltr'><strong>sine</strong></span> <span class='ocrx_word' id='word_1_382' title='bbox 515 2315 606 2343; x_wconf 90' lang='lat' dir='ltr'><strong>dubio</strong></span> <span class='ocrx_word' id='word_1_383' title='bbox 621 2317 755 2351; x_wconf 81' lang='lat' dir='ltr'><strong>spectant</strong></span> <span class='ocrx_word' id='word_1_384' title='bbox 767 2314 827 2342; x_wconf 71' lang='lat' dir='ltr'><strong>hec</strong></span> <span class='ocrx_word' id='word_1_385' title='bbox 837 2315 925 2342; x_wconf 85' lang='lat' dir='ltr'><strong>verba</strong></span> <span class='ocrx_word' id='word_1_386' title='bbox 935 2314 1046 2350; x_wconf 79' lang='lat' dir='ltr'><strong>Basilii,</strong></span> 
     </span>
    </p>
   </div>
   <div class='ocr_carea' id='block_1_51' title="bbox 223 2359 1045 2392">
    <p class='ocr_par' dir='ltr' id='par_1_51' title="bbox 223 2359 1045 2392">
     <span class='ocr_line' id='line_1_51' title="bbox 223 2359 1045 2392; baseline -0.001 -4"><span class='ocrx_word' id='word_1_387' title='bbox 223 2359 393 2388; x_wconf 88' lang='lat' dir='ltr'><strong>mutilatum</strong></span> <span class='ocrx_word' id='word_1_388' title='bbox 417 2369 482 2388; x_wconf 87' lang='lat' dir='ltr'><strong>esse</strong></span> <span class='ocrx_word' id='word_1_389' title='bbox 506 2359 603 2388; x_wconf 87' lang='lat' dir='ltr'><strong>locum</strong></span> <span class='ocrx_word' id='word_1_390' title='bbox 619 2359 803 2392; x_wconf 83' lang='lat' dir='ltr'><strong>existimans,</strong></span> <span class='ocrx_word' id='word_1_391' title='bbox 819 2359 861 2387; x_wconf 88' lang='lat' dir='ltr'><strong>sic</strong></span> <span class='ocrx_word' id='word_1_392' title='bbox 876 2367 944 2387; x_wconf 88' lang='lat' dir='ltr'><strong>eum</strong></span> <span class='ocrx_word' id='word_1_393' title='bbox 960 2359 1045 2387; x_wconf 88' lang='lat' dir='ltr'><strong>resti-</strong></span> 
     </span>
    </p>
   </div>
   <div class='ocr_carea' id='block_1_52' title="bbox 222 2404 1046 2440">
    <p class='ocr_par' dir='ltr' id='par_1_52' title="bbox 222 2404 1046 2440">
     <span class='ocr_line' id='line_1_52' title="bbox 222 2404 1046 2440; baseline -0.001 -7"><span class='ocrx_word' id='word_1_394' title='bbox 222 2408 305 2433; x_wconf 87' lang='lat' dir='ltr'><strong>tuere</strong></span> <span class='ocrx_word' id='word_1_395' title='bbox 321 2407 444 2433; x_wconf 78' lang='lat' dir='ltr'><strong>conatus</strong></span> <span class='ocrx_word' id='word_1_396' title='bbox 459 2406 505 2433; x_wconf 87' lang='lat' dir='ltr'><strong>est</strong></span> <span class='ocrx_word' id='word_1_397' title='bbox 522 2414 529 2432; x_wconf 90' lang='lat'><strong><em>:</em></strong></span> <span class='ocrx_word' id='word_1_398' title='bbox 545 2405 649 2433; x_wconf 78' lang='lat' dir='ltr'><strong>Idcirco</strong></span> <span class='ocrx_word' id='word_1_399' title='bbox 672 2404 793 2432; x_wconf 84' lang='lat' dir='ltr'><strong>clamant</strong></span> <span class='ocrx_word' id='word_1_400' title='bbox 805 2404 942 2440; x_wconf 71' lang='lat' dir='ltr'><strong>propheta:</strong></span> <span class='ocrx_word' id='word_1_401' title='bbox 955 2405 985 2432; x_wconf 82' lang='lat' dir='ltr'><strong>in</strong></span> <span class='ocrx_word' id='word_1_402' title='bbox 1002 2404 1046 2432; x_wconf 88' lang='lat' dir='ltr'><strong>Ve-</strong></span> 
     </span>
    </p>
   </div>
   <div class='ocr_carea' id='block_1_53' title="bbox 222 2449 1047 2486">
    <p class='ocr_par' dir='ltr' id='par_1_53' title="bbox 222 2449 1047 2486">
     <span class='ocr_line' id='line_1_53' title="bbox 222 2449 1047 2486; baseline -0.002 -8"><span class='ocrx_word' id='word_1_403' title='bbox 222 2455 283 2478; x_wconf 85' lang='lat' dir='ltr'><strong>(ere</strong></span> <span class='ocrx_word' id='word_1_404' title='bbox 298 2451 476 2486; x_wconf 80' lang='lat' dir='ltr'><strong>Testamento,</strong></span> <span class='ocrx_word' id='word_1_405' title='bbox 492 2451 552 2478; x_wconf 66' lang='lat' dir='ltr'><strong>ch</strong></span> <span class='ocrx_word' id='word_1_406' title='bbox 567 2449 633 2477; x_wconf 79' lang='lat' dir='ltr'><strong>dicit</strong></span> <span class='ocrx_word' id='word_1_407' title='bbox 652 2449 802 2480; x_wconf 85' lang='lat' dir='ltr'><strong>Dominus;</strong></span> <span class='ocrx_word' id='word_1_408' title='bbox 818 2451 848 2477; x_wconf 77' lang='lat' dir='ltr'><strong>in</strong></span> <span class='ocrx_word' id='word_1_409' title='bbox 868 2449 940 2476; x_wconf 83' lang='lat' dir='ltr'><strong>Novo</strong></span> <span class='ocrx_word' id='word_1_410' title='bbox 955 2452 1047 2476; x_wconf 87' lang='lat' dir='ltr'><strong>autem</strong></span> 
     </span>
    </p>
   </div>
   <div class='ocr_carea' id='block_1_54' title="bbox 222 2493 1047 2532">
    <p class='ocr_par' dir='ltr' id='par_1_54' title="bbox 222 2493 1047 2532">
     <span class='ocr_line' id='line_1_54' title="bbox 222 2493 1047 2532; baseline -0.004 -9"><span class='ocrx_word' id='word_1_411' title='bbox 222 2495 362 2532; x_wconf 75' lang='lat' dir='ltr'><strong>apostoli,</strong></span> <span class='ocrx_word' id='word_1_412' title='bbox 391 2495 453 2522; x_wconf 60' lang='lat' dir='ltr'><strong>&quot;me</strong></span> <span class='ocrx_word' id='word_1_413' title='bbox 484 2494 551 2522; x_wconf 86' lang='lat' dir='ltr'><strong>dicit</strong></span> <span class='ocrx_word' id='word_1_414' title='bbox 578 2494 699 2530; x_wconf 81' lang='lat' dir='ltr'><strong>Spiritus</strong></span> <span class='ocrx_word' id='word_1_415' title='bbox 725 2494 836 2521; x_wconf 80' lang='lat' dir='ltr'><strong>sanctus</strong></span> <span class='ocrx_word' id='word_1_416' title='bbox 853 2514 859 2521; x_wconf 95' lang='lat'><strong>.</strong></span> <span class='ocrx_word' id='word_1_417' title='bbox 889 2493 1047 2521; x_wconf 82' lang='lat' dir='ltr'><strong>Cornarius</strong></span> 
     </span>
    </p>
   </div>
   <div class='ocr_carea' id='block_1_55' title="bbox 222 2537 1046 2574">
    <p class='ocr_par' dir='ltr' id='par_1_55' title="bbox 222 2537 1046 2574">
     <span class='ocr_line' id='line_1_55' title="bbox 222 2537 1046 2574; baseline -0.005 -6"><span class='ocrx_word' id='word_1_418' title='bbox 222 2541 312 2569; x_wconf 87' lang='lat' dir='ltr'><strong>etiam</strong></span> <span class='ocrx_word' id='word_1_419' title='bbox 333 2539 478 2567; x_wconf 87' lang='lat' dir='ltr'><strong>indicarat</strong></span> <span class='ocrx_word' id='word_1_420' title='bbox 500 2539 529 2567; x_wconf 87' lang='lat' dir='ltr'><strong>in</strong></span> <span class='ocrx_word' id='word_1_421' title='bbox 557 2538 689 2574; x_wconf 80' lang='lat' dir='ltr'><strong>margine</strong></span> <span class='ocrx_word' id='word_1_422' title='bbox 710 2538 805 2565; x_wconf 90' lang='lat' dir='ltr'><strong>Actor.</strong></span> <span class='ocrx_word' id='word_1_423' title='bbox 831 2546 875 2570; x_wconf 83' lang='lat' dir='ltr'><strong>xv,</strong></span> <span class='ocrx_word' id='word_1_424' title='bbox 891 2537 974 2565; x_wconf 86' lang='lat' dir='ltr'><strong>citari</strong></span> <span class='ocrx_word' id='word_1_425' title='bbox 991 2546 1046 2573; x_wconf 86' lang='lat' dir='ltr'><strong>pu-</strong></span> 
     </span>
    </p>
   </div>
   <div class='ocr_carea' id='block_1_56' title="bbox 223 2582 1047 2621">
    <p class='ocr_par' dir='ltr' id='par_1_56' title="bbox 223 2582 1047 2621">
     <span class='ocr_line' id='line_1_56' title="bbox 223 2582 1047 2621; baseline -0.005 -8"><span class='ocrx_word' id='word_1_426' title='bbox 223 2588 290 2614; x_wconf 86' lang='lat' dir='ltr'><strong>tans</strong></span> <span class='ocrx_word' id='word_1_427' title='bbox 311 2584 384 2613; x_wconf 90' lang='lat' dir='ltr'><strong>illud</strong></span> <span class='ocrx_word' id='word_1_428' title='bbox 409 2583 610 2621; x_wconf 79' lang='lat' dir='ltr'><strong>apostolorum</strong></span> <span class='ocrx_word' id='word_1_429' title='bbox 635 2583 665 2610; x_wconf 93' lang='lat' dir='ltr'><strong>in</strong></span> <span class='ocrx_word' id='word_1_430' title='bbox 693 2582 816 2610; x_wconf 89' lang='lat' dir='ltr'><strong>concilio</strong></span> <span class='ocrx_word' id='word_1_431' title='bbox 842 2582 1047 2618; x_wconf 77' lang='lat' dir='ltr'><strong>llierosolym.,</strong></span> 
     </span>
    </p>
   </div>
   <div class='ocr_carea' id='block_1_57' title="bbox 227 2626 1047 2666">
    <p class='ocr_par' dir='ltr' id='par_1_57' title="bbox 227 2626 1047 2666">
     <span class='ocr_line' id='line_1_57' title="bbox 227 2626 1047 2666; baseline -0.006 -8"><span class='ocrx_word' id='word_1_432' title='bbox 227 2631 317 2659; x_wconf 86' lang='lat' dir='ltr'><strong>Visum</strong></span> <span class='ocrx_word' id='word_1_433' title='bbox 333 2634 373 2658; x_wconf 78' lang='lat' dir='ltr'><strong>est</strong></span> <span class='ocrx_word' id='word_1_434' title='bbox 389 2629 507 2666; x_wconf 82' lang='lat' dir='ltr'><strong>Spiritui</strong></span> <span class='ocrx_word' id='word_1_435' title='bbox 521 2633 618 2657; x_wconf 71' lang='lat' dir='ltr'><strong>sancto</strong></span> <span class='ocrx_word' id='word_1_436' title='bbox 632 2631 658 2656; x_wconf 84' lang='lat' dir='ltr'><strong>et</strong></span> <span class='ocrx_word' id='word_1_437' title='bbox 677 2627 755 2655; x_wconf 83' lang='lat' dir='ltr'><strong>nobis</strong></span> <span class='ocrx_word' id='word_1_438' title='bbox 771 2635 777 2654; x_wconf 84' lang='lat'><strong>:</strong></span> <span class='ocrx_word' id='word_1_439' title='bbox 792 2627 843 2654; x_wconf 87' lang='lat' dir='ltr'><strong>sed</strong></span> <span class='ocrx_word' id='word_1_440' title='bbox 859 2626 914 2654; x_wconf 88' lang='lat' dir='ltr'><strong>hoc</strong></span> <span class='ocrx_word' id='word_1_441' title='bbox 928 2627 963 2654; x_wconf 86' lang='lat' dir='ltr'><strong>ad</strong></span> <span class='ocrx_word' id='word_1_442' title='bbox 982 2635 1047 2662; x_wconf 88' lang='lat' dir='ltr'><strong>pro-</strong></span> 
     </span>
    </p>
   </div>
   <div class='ocr_carea' id='block_1_58' title="bbox 222 2671 1047 2711">
    <p class='ocr_par' dir='ltr' id='par_1_58' title="bbox 222 2671 1047 2711">
     <span class='ocr_line' id='line_1_58' title="bbox 222 2671 1047 2711; baseline -0.006 -8"><span class='ocrx_word' id='word_1_443' title='bbox 222 2675 351 2703; x_wconf 87' lang='lat' dir='ltr'><strong>bandam</strong></span> <span class='ocrx_word' id='word_1_444' title='bbox 367 2675 495 2711; x_wconf 87' lang='lat' dir='ltr'><strong>Spiritus</strong></span> <span class='ocrx_word' id='word_1_445' title='bbox 505 2674 685 2702; x_wconf 88' lang='lat' dir='ltr'><strong>divinitatem</strong></span> <span class='ocrx_word' id='word_1_446' title='bbox 696 2671 895 2707; x_wconf 79' lang='lat' dir='ltr'><strong>sufﬁcit,quod</strong></span> <span class='ocrx_word' id='word_1_447' title='bbox 907 2672 1047 2699; x_wconf 83' lang='lat' dir='ltr'><strong>nimirum</strong></span> 
     </span>
    </p>
   </div>
   <div class='ocr_carea' id='block_1_59' title="bbox 224 2715 1046 2755">
    <p class='ocr_par' dir='ltr' id='par_1_59' title="bbox 224 2715 1046 2755">
     <span class='ocr_line' id='line_1_59' title="bbox 224 2715 1046 2755; baseline -0.004 -8"><span class='ocrx_word' id='word_1_448' title='bbox 224 2719 382 2755; x_wconf 74' lang='lat' dir='ltr'><strong>prophetica</strong></span> <span class='ocrx_word' id='word_1_449' title='bbox 399 2719 510 2747; x_wconf 91' lang='lat' dir='ltr'><strong>donum</strong></span> <span class='ocrx_word' id='word_1_450' title='bbox 521 2717 727 2749; x_wconf 82' lang='lat' dir='ltr'><strong>distribuat,ut</strong></span> <span class='ocrx_word' id='word_1_451' title='bbox 741 2715 873 2743; x_wconf 87' lang='lat' dir='ltr'><strong>indicant</strong></span> <span class='ocrx_word' id='word_1_452' title='bbox 887 2716 1046 2752; x_wconf 68' lang='lat' dir='ltr'><strong>prophetae,</strong></span> 
     </span>
    </p>
   </div>
   <div class='ocr_carea' id='block_1_60' title="bbox 226 2760 1047 2800">
    <p class='ocr_par' dir='ltr' id='par_1_60' title="bbox 226 2760 1047 2800">
     <span class='ocr_line' id='line_1_60' title="bbox 226 2760 1047 2800; baseline 0 -10"><span class='ocrx_word' id='word_1_453' title='bbox 226 2771 293 2792; x_wconf 88' lang='lat' dir='ltr'><strong>cum</strong></span> <span class='ocrx_word' id='word_1_454' title='bbox 309 2772 344 2791; x_wconf 84' lang='lat' dir='ltr'><strong>ex</strong></span> <span class='ocrx_word' id='word_1_455' title='bbox 358 2763 437 2792; x_wconf 86' lang='lat' dir='ltr'><strong>illius</strong></span> <span class='ocrx_word' id='word_1_456' title='bbox 461 2771 587 2800; x_wconf 86' lang='lat' dir='ltr'><strong>persona</strong></span> <span class='ocrx_word' id='word_1_457' title='bbox 611 2762 783 2798; x_wconf 87' lang='lat' dir='ltr'><strong>loquuntur.</strong></span> <span class='ocrx_word' id='word_1_458' title='bbox 807 2760 880 2789; x_wconf 85' lang='lat' dir='ltr'><strong>Vide</strong></span> <span class='ocrx_word' id='word_1_459' title='bbox 894 2760 1004 2789; x_wconf 87' lang='lat' dir='ltr'><strong>librum</strong></span> <span class='ocrx_word' id='word_1_460' title='bbox 1018 2769 1047 2797; x_wconf 73' lang='grc' dir='ltr'><strong>ν,</strong></span> 
     </span>
    </p>
   </div>
   <div class='ocr_carea' id='block_1_61' title="bbox 227 2805 613 2844">
    <p class='ocr_par' dir='ltr' id='par_1_61' title="bbox 227 2805 613 2844">
     <span class='ocr_line' id='line_1_61' title="bbox 227 2805 613 2844; baseline 0 -10"><span class='ocrx_word' id='word_1_461' title='bbox 227 2805 359 2844; x_wconf 74' lang='grc' dir='ltr'><strong>λεγόντων</strong></span> <span class='ocrx_word' id='word_1_462' title='bbox 375 2810 428 2835; x_wconf 79' lang='grc' dir='ltr'><strong>τῶν</strong></span> <span class='ocrx_word' id='word_1_463' title='bbox 440 2805 601 2835; x_wconf 74' lang='grc' dir='ltr'><strong>ἀποστόλων</strong></span> <span class='ocrx_word' id='word_1_464' title='bbox 607 2828 613 2834; x_wconf 89' lang='grc'><strong>.</strong></span> 
     </span>
    </p>
   </div>
   <div class='ocr_carea' id='block_1_62' title="bbox 262 2859 1049 2898">
    <p class='ocr_par' dir='ltr' id='par_1_62' title="bbox 262 2859 1049 2898">
     <span class='ocr_line' id='line_1_62' title="bbox 262 2859 1049 2898; baseline -0.003 -8"><span class='ocrx_word' id='word_1_465' title='bbox 262 2860 340 2890; x_wconf 82' lang='lat' dir='ltr'><strong>Ibid.</strong></span> <span class='ocrx_word' id='word_1_466' title='bbox 356 2864 375 2890; x_wconf 86' lang='lat' dir='ltr'><strong><em>C</em></strong></span> <span class='ocrx_word' id='word_1_467' title='bbox 388 2863 416 2890; x_wconf 89' lang='lat'><strong>2.</strong></span> <span class='ocrx_word' id='word_1_468' title='bbox 432 2862 462 2890; x_wconf 86' lang='lat' dir='ltr'><strong>Si</strong></span> <span class='ocrx_word' id='word_1_469' title='bbox 485 2863 553 2898; x_wconf 78' lang='lat' dir='ltr'><strong>quid</strong></span> <span class='ocrx_word' id='word_1_470' title='bbox 574 2869 638 2890; x_wconf 82' lang='lat' dir='ltr'><strong>cum</strong></span> <span class='ocrx_word' id='word_1_471' title='bbox 659 2861 722 2889; x_wconf 81' lang='lat' dir='ltr'><strong>Deo.</strong></span> <span class='ocrx_word' id='word_1_472' title='bbox 740 2860 871 2887; x_wconf 75' lang='grc' dir='ltr'>Κοινωνεῖ</span> <span class='ocrx_word' id='word_1_473' title='bbox 883 2861 922 2896; x_wconf 81' lang='grc' dir='ltr'><strong>τῷ</strong></span> <span class='ocrx_word' id='word_1_474' title='bbox 946 2862 1004 2896; x_wconf 80' lang='grc' dir='ltr'><strong>Θεῷ</strong></span> <span class='ocrx_word' id='word_1_475' title='bbox 1017 2859 1049 2888; x_wconf 75' lang='grc' dir='ltr'><strong>τὸ</strong></span> 
     </span>
    </p>
   </div>
   <div class='ocr_carea' id='block_1_63' title="bbox 1097 297 1924 336">
    <p class='ocr_par' dir='ltr' id='par_1_63' title="bbox 1097 297 1924 336">
     <span class='ocr_line' id='line_1_63' title="bbox 1097 297 1924 336; baseline -0.001 -12"><span class='ocrx_word' id='word_1_476' title='bbox 1097 297 1227 336; x_wconf 66' lang='lat' dir='ltr'><strong>Spiritus,</strong></span> <span class='ocrx_word' id='word_1_477' title='bbox 1240 306 1302 325; x_wconf 88' lang='lat' dir='ltr'><strong>cum</strong></span> <span class='ocrx_word' id='word_1_478' title='bbox 1318 305 1404 334; x_wconf 82' lang='lat' dir='ltr'><strong>neque</strong></span> <span class='ocrx_word' id='word_1_479' title='bbox 1419 298 1526 325; x_wconf 72' lang='lat' dir='ltr'><strong>alienus</strong></span> <span class='ocrx_word' id='word_1_480' title='bbox 1542 297 1578 325; x_wconf 84' lang='lat' dir='ltr'><strong>ab</strong></span> <span class='ocrx_word' id='word_1_481' title='bbox 1594 304 1624 325; x_wconf 86' lang='lat' dir='ltr'><strong>eo</strong></span> <span class='ocrx_word' id='word_1_482' title='bbox 1638 297 1684 329; x_wconf 84' lang='lat' dir='ltr'><strong>sit,</strong></span> <span class='ocrx_word' id='word_1_483' title='bbox 1700 305 1787 332; x_wconf 85' lang='lat' dir='ltr'><strong>neque</strong></span> <span class='ocrx_word' id='word_1_484' title='bbox 1797 298 1924 332; x_wconf 81' lang='lat' dir='ltr'><strong>peregri-</strong></span> 
     </span>
    </p>
   </div>
   <div class='ocr_carea' id='block_1_64' title="bbox 1098 342 1926 379">
    <p class='ocr_par' dir='ltr' id='par_1_64' title="bbox 1098 342 1926 379">
     <span class='ocr_line' id='line_1_64' title="bbox 1098 342 1926 379; baseline -0.001 -10"><span class='ocrx_word' id='word_1_485' title='bbox 1098 351 1164 375; x_wconf 77' lang='lat' dir='ltr'><strong>mu,</strong></span> <span class='ocrx_word' id='word_1_486' title='bbox 1201 342 1339 379; x_wconf 75' lang='lat' dir='ltr'><strong>profunda</strong></span> <span class='ocrx_word' id='word_1_487' title='bbox 1368 343 1546 379; x_wconf 83' lang='lat' dir='ltr'><strong>judiciorum</strong></span> <span class='ocrx_word' id='word_1_488' title='bbox 1581 343 1641 378; x_wconf 83' lang='lat' dir='ltr'><strong>ejus</strong></span> <span class='ocrx_word' id='word_1_489' title='bbox 1677 342 1798 369; x_wconf 74' lang='lat' dir='ltr'><strong>scrutari</strong></span> <span class='ocrx_word' id='word_1_490' title='bbox 1840 345 1926 377; x_wconf 77' lang='lat' dir='ltr'><strong>potest</strong></span> 
     </span>
    </p>
   </div>
   <div class='ocr_carea' id='block_1_65' title="bbox 1097 387 1318 422">
    <p class='ocr_par' dir='ltr' id='par_1_65' title="bbox 1097 387 1318 422">
     <span class='ocr_line' id='line_1_65' title="bbox 1097 387 1318 422; baseline 0.005 -8"><span class='ocrx_word' id='word_1_491' title='bbox 1097 387 1120 422; x_wconf 90' lang='lat' dir='ltr'><strong>(l</strong></span> <span class='ocrx_word' id='word_1_492' title='bbox 1137 387 1198 415; x_wconf 85' lang='lat' dir='ltr'><strong>Cor.</strong></span> <span class='ocrx_word' id='word_1_493' title='bbox 1215 395 1246 420; x_wconf 82' lang='grc' dir='ltr'><strong>ιι,</strong></span> <span class='ocrx_word' id='word_1_494' title='bbox 1264 388 1318 422; x_wconf 86' lang='grc'>10).</span> 
     </span>
    </p>
   </div>
   <div class='ocr_carea' id='block_1_66' title="bbox 1133 431 1925 468">
    <p class='ocr_par' dir='ltr' id='par_1_66' title="bbox 1133 431 1925 468">
     <span class='ocr_line' id='line_1_66' title="bbox 1133 431 1925 468; baseline -0.001 -9"><span class='ocrx_word' id='word_1_495' title='bbox 1133 431 1192 460; x_wconf 87' lang='lat' dir='ltr'><strong>Col.</strong></span> <span class='ocrx_word' id='word_1_496' title='bbox 1208 433 1261 459; x_wconf 90' lang='lat'><strong>666</strong></span> <span class='ocrx_word' id='word_1_497' title='bbox 1277 434 1301 460; x_wconf 77' lang='grc' dir='ltr'>Α</span> <span class='ocrx_word' id='word_1_498' title='bbox 1324 431 1357 459; x_wconf 74' lang='grc'><strong>14</strong></span> <span class='ocrx_word' id='word_1_499' title='bbox 1382 433 1474 468; x_wconf 84' lang='lat' dir='ltr'><strong>Utpote</strong></span> <span class='ocrx_word' id='word_1_500' title='bbox 1497 432 1632 468; x_wconf 82' lang='lat' dir='ltr'><strong>primum.</strong></span> <span class='ocrx_word' id='word_1_501' title='bbox 1656 432 1804 467; x_wconf 86' lang='lat' dir='ltr'><strong>Interpres</strong></span> <span class='ocrx_word' id='word_1_502' title='bbox 1824 431 1925 458; x_wconf 89' lang='lat' dir='ltr'><strong>edide-</strong></span> 
     </span>
    </p>
   </div>
   <div class='ocr_carea' id='block_1_67' title="bbox 1098 476 1925 511">
    <p class='ocr_par' dir='ltr' id='par_1_67' title="bbox 1098 476 1925 511">
     <span class='ocr_line' id='line_1_67' title="bbox 1098 476 1925 511; baseline -0.001 -8"><span class='ocrx_word' id='word_1_503' title='bbox 1098 479 1153 510; x_wconf 87' lang='lat' dir='ltr'><strong>rat,</strong></span> <span class='ocrx_word' id='word_1_504' title='bbox 1179 478 1209 504; x_wconf 86' lang='lat' dir='ltr'><strong>ut</strong></span> <span class='ocrx_word' id='word_1_505' title='bbox 1223 477 1329 511; x_wconf 78' lang='lat' dir='ltr'><strong>primus</strong></span> <span class='ocrx_word' id='word_1_506' title='bbox 1343 478 1368 504; x_wconf 84' lang='lat' dir='ltr'><strong>et</strong></span> <span class='ocrx_word' id='word_1_507' title='bbox 1383 477 1474 511; x_wconf 78' lang='lat' dir='ltr'><strong>maior</strong></span> <span class='ocrx_word' id='word_1_508' title='bbox 1489 476 1614 504; x_wconf 80' lang='lat' dir='ltr'><strong>omnibus</strong></span> <span class='ocrx_word' id='word_1_509' title='bbox 1639 480 1664 504; x_wconf 88' lang='lat' dir='ltr'><strong>et</strong></span> <span class='ocrx_word' id='word_1_510' title='bbox 1678 476 1750 504; x_wconf 81' lang='lat' dir='ltr'><strong>solus</strong></span> <span class='ocrx_word' id='word_1_511' title='bbox 1775 476 1842 503; x_wconf 79' lang='lat' dir='ltr'><strong>tatis</strong></span> <span class='ocrx_word' id='word_1_512' title='bbox 1858 476 1925 503; x_wconf 84' lang='lat' dir='ltr'><strong>uni-</strong></span> 
     </span>
    </p>
   </div>
   <div class='ocr_carea' id='block_1_68' title="bbox 1096 521 1927 556">
    <p class='ocr_par' dir='ltr' id='par_1_68' title="bbox 1096 521 1927 556">
     <span class='ocr_line' id='line_1_68' title="bbox 1096 521 1927 556; baseline -0.001 -8"><span class='ocrx_word' id='word_1_513' title='bbox 1096 521 1187 555; x_wconf 81' lang='lat' dir='ltr'><strong>geniti</strong></span> <span class='ocrx_word' id='word_1_514' title='bbox 1200 522 1319 556; x_wconf 77' lang='lat' dir='ltr'><strong>facturae</strong></span> <span class='ocrx_word' id='word_1_515' title='bbox 1336 530 1342 549; x_wconf 93' lang='lat'>:</span> <span class='ocrx_word' id='word_1_516' title='bbox 1357 521 1514 549; x_wconf 83' lang='lat' dir='ltr'><strong>Carnarius</strong></span> <span class='ocrx_word' id='word_1_517' title='bbox 1538 521 1630 549; x_wconf 92' lang='lat' dir='ltr'><strong>nihilo</strong></span> <span class='ocrx_word' id='word_1_518' title='bbox 1654 521 1770 554; x_wconf 87' lang='lat' dir='ltr'><strong>melius,</strong></span> <span class='ocrx_word' id='word_1_519' title='bbox 1786 525 1815 549; x_wconf 87' lang='lat' dir='ltr'><strong>et</strong></span> <span class='ocrx_word' id='word_1_520' title='bbox 1835 521 1927 556; x_wconf 86' lang='lat' dir='ltr'><strong>major</strong></span> 
     </span>
    </p>
   </div>
   <div class='ocr_carea' id='block_1_69' title="bbox 1096 565 1928 601">
    <p class='ocr_par' dir='ltr' id='par_1_69' title="bbox 1096 565 1928 601">
     <span class='ocr_line' id='line_1_69' title="bbox 1096 565 1928 601; baseline -0.001 -9"><span class='ocrx_word' id='word_1_521' title='bbox 1096 566 1223 593; x_wconf 79' lang='lat' dir='ltr'><strong>omnibus</strong></span> <span class='ocrx_word' id='word_1_522' title='bbox 1237 570 1264 594; x_wconf 82' lang='lat' dir='ltr'><strong>et</strong></span> <span class='ocrx_word' id='word_1_523' title='bbox 1287 567 1360 594; x_wconf 80' lang='lat' dir='ltr'><strong>solus</strong></span> <span class='ocrx_word' id='word_1_524' title='bbox 1374 566 1438 594; x_wconf 69' lang='lat' dir='ltr'><strong>tatis</strong></span> <span class='ocrx_word' id='word_1_525' title='bbox 1454 566 1593 601; x_wconf 80' lang='lat' dir='ltr'><strong>unigeniti</strong></span> <span class='ocrx_word' id='word_1_526' title='bbox 1608 567 1744 593; x_wconf 81' lang='lat' dir='ltr'><strong>creatura.</strong></span> <span class='ocrx_word' id='word_1_527' title='bbox 1770 565 1862 601; x_wconf 86' lang='lat' dir='ltr'><strong>Atqui</strong></span> <span class='ocrx_word' id='word_1_528' title='bbox 1878 567 1928 591; x_wconf 86' lang='lat' dir='ltr'><strong>Eu-</strong></span> 
     </span>
    </p>
   </div>
   <div class='ocr_carea' id='block_1_70' title="bbox 1097 609 1927 646">
    <p class='ocr_par' dir='ltr' id='par_1_70' title="bbox 1097 609 1927 646">
     <span class='ocr_line' id='line_1_70' title="bbox 1097 609 1927 646; baseline -0.002 -8"><span class='ocrx_word' id='word_1_529' title='bbox 1097 611 1216 638; x_wconf 88' lang='lat' dir='ltr'><strong>nomius</strong></span> <span class='ocrx_word' id='word_1_530' title='bbox 1231 610 1348 638; x_wconf 78' lang='lat' dir='ltr'><strong>nolebat</strong></span> <span class='ocrx_word' id='word_1_531' title='bbox 1364 611 1505 646; x_wconf 86' lang='lat' dir='ltr'><strong>majorem</strong></span> <span class='ocrx_word' id='word_1_532' title='bbox 1522 612 1607 638; x_wconf 86' lang='lat' dir='ltr'><strong>Patre</strong></span> <span class='ocrx_word' id='word_1_533' title='bbox 1623 613 1651 638; x_wconf 90' lang='lat' dir='ltr'><strong>et</strong></span> <span class='ocrx_word' id='word_1_534' title='bbox 1674 610 1742 638; x_wconf 86' lang='lat' dir='ltr'><strong>Filio</strong></span> <span class='ocrx_word' id='word_1_535' title='bbox 1759 609 1927 637; x_wconf 85' lang='lat' dir='ltr'><strong>existimari</strong></span> 
     </span>
    </p>
   </div>
   <div class='ocr_carea' id='block_1_71' title="bbox 1097 655 1928 692">
    <p class='ocr_par' dir='ltr' id='par_1_71' title="bbox 1097 655 1928 692">
     <span class='ocr_line' id='line_1_71' title="bbox 1097 655 1928 692; baseline -0.001 -9"><span class='ocrx_word' id='word_1_536' title='bbox 1097 655 1237 691; x_wconf 87' lang='lat' dir='ltr'><strong>Spiritum</strong></span> <span class='ocrx_word' id='word_1_537' title='bbox 1255 664 1261 683; x_wconf 93' lang='lat'>:</span> <span class='ocrx_word' id='word_1_538' title='bbox 1281 664 1337 684; x_wconf 93' lang='lat' dir='ltr'><strong>non</strong></span> <span class='ocrx_word' id='word_1_539' title='bbox 1354 656 1445 692; x_wconf 83' lang='lat' dir='ltr'><strong>igitur</strong></span> <span class='ocrx_word' id='word_1_540' title='bbox 1462 655 1604 691; x_wconf 79' lang='lat' dir='ltr'><strong>majorem</strong></span> <span class='ocrx_word' id='word_1_541' title='bbox 1627 655 1775 689; x_wconf 89' lang='lat' dir='ltr'><strong>omnibus,</strong></span> <span class='ocrx_word' id='word_1_542' title='bbox 1793 656 1847 683; x_wconf 87' lang='lat' dir='ltr'><strong>sed</strong></span> <span class='ocrx_word' id='word_1_543' title='bbox 1864 663 1928 682; x_wconf 88' lang='lat' dir='ltr'><strong>om-</strong></span> 
     </span>
    </p>
   </div>
   <div class='ocr_carea' id='block_1_72' title="bbox 1098 699 1928 736">
    <p class='ocr_par' dir='ltr' id='par_1_72' title="bbox 1098 699 1928 736">
     <span class='ocr_line' id='line_1_72' title="bbox 1098 699 1928 736; baseline -0.001 -8"><span class='ocrx_word' id='word_1_544' title='bbox 1098 700 1179 728; x_wconf 90' lang='lat' dir='ltr'><strong>nium</strong></span> <span class='ocrx_word' id='word_1_545' title='bbox 1196 701 1357 728; x_wconf 82' lang='lat' dir='ltr'><strong>maximum</strong></span> <span class='ocrx_word' id='word_1_546' title='bbox 1373 709 1458 736; x_wconf 86' lang='lat' dir='ltr'><strong>opus,</strong></span> <span class='ocrx_word' id='word_1_547' title='bbox 1469 700 1514 728; x_wconf 85' lang='lat' dir='ltr'><strong>vel</strong></span> <span class='ocrx_word' id='word_1_548' title='bbox 1530 699 1662 728; x_wconf 90' lang='lat' dir='ltr'><strong>omnium</strong></span> <span class='ocrx_word' id='word_1_549' title='bbox 1675 699 1835 727; x_wconf 76' lang='lat' dir='ltr'><strong>maximam</strong></span> <span class='ocrx_word' id='word_1_550' title='bbox 1850 707 1928 727; x_wconf 89' lang='lat' dir='ltr'><strong>crea-</strong></span> 
     </span>
    </p>
   </div>
   <div class='ocr_carea' id='block_1_73' title="bbox 1097 744 1929 780">
    <p class='ocr_par' dir='ltr' id='par_1_73' title="bbox 1097 744 1929 780">
     <span class='ocr_line' id='line_1_73' title="bbox 1097 744 1929 780; baseline -0.001 -8"><span class='ocrx_word' id='word_1_551' title='bbox 1097 747 1204 772; x_wconf 86' lang='lat' dir='ltr'><strong>turam.</strong></span> <span class='ocrx_word' id='word_1_552' title='bbox 1228 746 1260 773; x_wconf 90' lang='lat' dir='ltr'><strong>In</strong></span> <span class='ocrx_word' id='word_1_553' title='bbox 1285 745 1381 773; x_wconf 88' lang='lat' dir='ltr'><strong>verbis</strong></span> <span class='ocrx_word' id='word_1_554' title='bbox 1407 744 1519 777; x_wconf 86' lang='lat' dir='ltr'><strong>Basilii,</strong></span> <span class='ocrx_word' id='word_1_555' title='bbox 1542 753 1606 780; x_wconf 70' lang='lat' dir='ltr'><strong>quae</strong></span> <span class='ocrx_word' id='word_1_556' title='bbox 1632 746 1810 780; x_wconf 89' lang='lat' dir='ltr'><strong>sequuntur,</strong></span> <span class='ocrx_word' id='word_1_557' title='bbox 1826 744 1929 772; x_wconf 81' lang='lat' dir='ltr'><strong>deerat</strong></span> 
     </span>
    </p>
   </div>
   <div class='ocr_carea' id='block_1_74' title="bbox 1096 789 1927 825">
    <p class='ocr_par' dir='ltr' id='par_1_74' title="bbox 1096 789 1927 825">
     <span class='ocr_line' id='line_1_74' title="bbox 1096 789 1927 825; baseline -0.001 -8"><span class='ocrx_word' id='word_1_558' title='bbox 1096 789 1218 817; x_wconf 84' lang='lat' dir='ltr'><strong>verbum</strong></span> <span class='ocrx_word' id='word_1_559' title='bbox 1235 789 1328 824; x_wconf 79' lang='grc' dir='ltr'>οἰκεῖν,</span> <span class='ocrx_word' id='word_1_560' title='bbox 1344 789 1422 825; x_wconf 86' lang='lat' dir='ltr'><strong>quod</strong></span> <span class='ocrx_word' id='word_1_561' title='bbox 1439 798 1473 816; x_wconf 82' lang='lat' dir='ltr'><strong>ex</strong></span> <span class='ocrx_word' id='word_1_562' title='bbox 1488 789 1587 817; x_wconf 86' lang='lat' dir='ltr'><strong>codice</strong></span> <span class='ocrx_word' id='word_1_563' title='bbox 1603 789 1692 825; x_wconf 81' lang='lat' dir='ltr'><strong>Regio</strong></span> <span class='ocrx_word' id='word_1_564' title='bbox 1708 789 1927 825; x_wconf 88' lang='lat' dir='ltr'><strong>supplevimus.</strong></span> 
     </span>
    </p>
   </div>
   <div class='ocr_carea' id='block_1_75' title="bbox 1099 833 1927 862">
    <p class='ocr_par' dir='ltr' id='par_1_75' title="bbox 1099 833 1927 862">
     <span class='ocr_line' id='line_1_75' title="bbox 1099 833 1927 862; baseline 0 -2"><span class='ocrx_word' id='word_1_565' title='bbox 1099 846 1113 860; x_wconf 78' lang='grc' dir='ltr'>(ι</span> <span class='ocrx_word' id='word_1_566' title='bbox 1129 842 1182 862; x_wconf 89' lang='lat' dir='ltr'><strong>nec</strong></span> <span class='ocrx_word' id='word_1_567' title='bbox 1197 834 1335 862; x_wconf 85' lang='lat' dir='ltr'><strong>deitatem</strong></span> <span class='ocrx_word' id='word_1_568' title='bbox 1352 834 1381 861; x_wconf 93' lang='lat' dir='ltr'><strong>in</strong></span> <span class='ocrx_word' id='word_1_569' title='bbox 1398 834 1482 862; x_wconf 90' lang='lat' dir='ltr'><strong>nobis</strong></span> <span class='ocrx_word' id='word_1_570' title='bbox 1493 833 1626 861; x_wconf 80' lang='lat' dir='ltr'><strong>habitare</strong></span> <span class='ocrx_word' id='word_1_571' title='bbox 1641 834 1755 861; x_wconf 87' lang='lat' dir='ltr'><strong>videtur</strong></span> <span class='ocrx_word' id='word_1_572' title='bbox 1771 833 1927 860; x_wconf 64' lang='lat' dir='ltr'><strong>crederem</strong></span> 
     </span>
    </p>
   </div>
   <div class='ocr_carea' id='block_1_76' title="bbox 1099 878 1929 915">
    <p class='ocr_par' dir='ltr' id='par_1_76' title="bbox 1099 878 1929 915">
     <span class='ocr_line' id='line_1_76' title="bbox 1099 878 1929 915; baseline -0.001 -9"><span class='ocrx_word' id='word_1_573' title='bbox 1099 887 1187 915; x_wconf 87' lang='lat' dir='ltr'><strong>quam</strong></span> <span class='ocrx_word' id='word_1_574' title='bbox 1202 879 1238 907; x_wconf 91' lang='lat' dir='ltr'><strong>ob</strong></span> <span class='ocrx_word' id='word_1_575' title='bbox 1254 887 1374 906; x_wconf 88' lang='lat' dir='ltr'><strong>causam</strong></span> <span class='ocrx_word' id='word_1_576' title='bbox 1390 881 1491 914; x_wconf 88' lang='lat' dir='ltr'><strong>postea</strong></span> <span class='ocrx_word' id='word_1_577' title='bbox 1506 878 1576 906; x_wconf 84' lang='lat' dir='ltr'><strong>citat</strong></span> <span class='ocrx_word' id='word_1_578' title='bbox 1590 887 1624 906; x_wconf 84' lang='lat' dir='ltr'><strong>ex</strong></span> <span class='ocrx_word' id='word_1_579' title='bbox 1638 878 1788 914; x_wconf 86' lang='lat' dir='ltr'><strong>Apostolo,</strong></span> <span class='ocrx_word' id='word_1_580' title='bbox 1800 878 1929 914; x_wconf 76' lang='lat' dir='ltr'><strong>Spiritus</strong></span> 
     </span>
    </p>
   </div>
   <div class='ocr_carea' id='block_1_77' title="bbox 1099 922 1656 958">
    <p class='ocr_par' dir='ltr' id='par_1_77' title="bbox 1099 922 1656 958">
     <span class='ocr_line' id='line_1_77' title="bbox 1099 922 1656 958; baseline -0.004 -7"><span class='ocrx_word' id='word_1_581' title='bbox 1099 925 1147 951; x_wconf 80' lang='lat' dir='ltr'><strong>Dei</strong></span> <span class='ocrx_word' id='word_1_582' title='bbox 1160 923 1266 951; x_wconf 82' lang='lat' dir='ltr'><strong>habitat</strong></span> <span class='ocrx_word' id='word_1_583' title='bbox 1281 925 1309 951; x_wconf 84' lang='lat' dir='ltr'><strong>in</strong></span> <span class='ocrx_word' id='word_1_584' title='bbox 1326 923 1400 951; x_wconf 80' lang='lat' dir='ltr'><strong>vobis</strong></span> <span class='ocrx_word' id='word_1_585' title='bbox 1413 923 1438 958; x_wconf 84' lang='grc' dir='ltr'><strong>(Ι</strong></span> <span class='ocrx_word' id='word_1_586' title='bbox 1453 924 1518 952; x_wconf 88' lang='lat' dir='ltr'><strong>Cor.</strong></span> <span class='ocrx_word' id='word_1_587' title='bbox 1536 931 1579 958; x_wconf 87' lang='grc' dir='ltr'>ιιι,</span> <span class='ocrx_word' id='word_1_588' title='bbox 1599 922 1656 958; x_wconf 80' lang='grc'>16).</span> 
     </span>
    </p>
   </div>
   <div class='ocr_carea' id='block_1_78' title="bbox 1133 975 1930 1012">
    <p class='ocr_par' dir='ltr' id='par_1_78' title="bbox 1133 975 1930 1012">
     <span class='ocr_line' id='line_1_78' title="bbox 1133 975 1930 1012; baseline -0.001 -8"><span class='ocrx_word' id='word_1_589' title='bbox 1133 977 1191 1005; x_wconf 90' lang='lat' dir='ltr'><strong>Col.</strong></span> <span class='ocrx_word' id='word_1_590' title='bbox 1208 978 1261 1004; x_wconf 84' lang='lat'><strong>667</strong></span> <span class='ocrx_word' id='word_1_591' title='bbox 1275 978 1297 1004; x_wconf 89' lang='lat' dir='ltr'><strong>A</strong></span> <span class='ocrx_word' id='word_1_592' title='bbox 1321 978 1364 1005; x_wconf 89' lang='grc'><strong>13,</strong></span> <span class='ocrx_word' id='word_1_593' title='bbox 1390 978 1528 1005; x_wconf 83' lang='lat' dir='ltr'><strong>Montium</strong></span> <span class='ocrx_word' id='word_1_594' title='bbox 1553 981 1578 1005; x_wconf 85' lang='lat' dir='ltr'><strong>et</strong></span> <span class='ocrx_word' id='word_1_595' title='bbox 1603 976 1750 1012; x_wconf 70' lang='lat' dir='ltr'><strong>inexpleti.</strong></span> <span class='ocrx_word' id='word_1_596' title='bbox 1766 975 1859 1012; x_wconf 79' lang='lat' dir='ltr'><strong>Atqui</strong></span> <span class='ocrx_word' id='word_1_597' title='bbox 1874 975 1930 1003; x_wconf 91' lang='lat' dir='ltr'><strong>hoc</strong></span> 
     </span>
    </p>
   </div>
   <div class='ocr_carea' id='block_1_79' title="bbox 1099 1020 1930 1058">
    <p class='ocr_par' dir='ltr' id='par_1_79' title="bbox 1099 1020 1930 1058">
     <span class='ocr_line' id='line_1_79' title="bbox 1099 1020 1930 1058; baseline -0.004 -8"><span class='ocrx_word' id='word_1_598' title='bbox 1099 1022 1269 1058; x_wconf 85' lang='lat' dir='ltr'><strong>epiphetum</strong></span> <span class='ocrx_word' id='word_1_599' title='bbox 1286 1024 1379 1057; x_wconf 66' lang='lat' dir='ltr'><strong>terrae,</strong></span> <span class='ocrx_word' id='word_1_600' title='bbox 1398 1030 1455 1050; x_wconf 89' lang='lat' dir='ltr'><strong>non</strong></span> <span class='ocrx_word' id='word_1_601' title='bbox 1472 1021 1547 1049; x_wconf 84' lang='lat' dir='ltr'><strong>mari</strong></span> <span class='ocrx_word' id='word_1_602' title='bbox 1574 1021 1677 1049; x_wconf 85' lang='lat' dir='ltr'><strong>tribuit</strong></span> <span class='ocrx_word' id='word_1_603' title='bbox 1691 1020 1832 1054; x_wconf 81' lang='lat' dir='ltr'><strong>Basilius,</strong></span> <span class='ocrx_word' id='word_1_604' title='bbox 1850 1021 1930 1056; x_wconf 88' lang='lat' dir='ltr'><strong>quod</strong></span> 
     </span>
    </p>
   </div>
   <div class='ocr_carea' id='block_1_80' title="bbox 1099 1065 1930 1103">
    <p class='ocr_par' dir='ltr' id='par_1_80' title="bbox 1099 1065 1930 1103">
     <span class='ocr_line' id='line_1_80' title="bbox 1099 1065 1930 1103; baseline -0.002 -9"><span class='ocrx_word' id='word_1_605' title='bbox 1099 1066 1210 1102; x_wconf 82' lang='lat' dir='ltr'><strong>alioqui</strong></span> <span class='ocrx_word' id='word_1_606' title='bbox 1232 1067 1378 1103; x_wconf 88' lang='lat' dir='ltr'><strong>poeticum</strong></span> <span class='ocrx_word' id='word_1_607' title='bbox 1404 1066 1578 1094; x_wconf 86' lang='lat' dir='ltr'><strong>Plutarchus</strong></span> <span class='ocrx_word' id='word_1_608' title='bbox 1600 1066 1690 1094; x_wconf 86' lang='lat' dir='ltr'><strong>etiam</strong></span> <span class='ocrx_word' id='word_1_609' title='bbox 1711 1068 1838 1102; x_wconf 81' lang='lat' dir='ltr'><strong>usurpat</strong></span> <span class='ocrx_word' id='word_1_610' title='bbox 1853 1074 1860 1092; x_wconf 76' lang='grc' dir='ltr'>ι</span> <span class='ocrx_word' id='word_1_611' title='bbox 1877 1065 1930 1093; x_wconf 88' lang='lat' dir='ltr'><strong>sed</strong></span> 
     </span>
    </p>
   </div>
   <div class='ocr_carea' id='block_1_81' title="bbox 1100 1109 1931 1148">
    <p class='ocr_par' dir='ltr' id='par_1_81' title="bbox 1100 1109 1931 1148">
     <span class='ocr_line' id='line_1_81' title="bbox 1100 1109 1931 1148; baseline -0.005 -8"><span class='ocrx_word' id='word_1_612' title='bbox 1100 1120 1159 1140; x_wconf 92' lang='lat' dir='ltr'><strong>non</strong></span> <span class='ocrx_word' id='word_1_613' title='bbox 1181 1120 1298 1148; x_wconf 77' lang='lat' dir='ltr'><strong>semper</strong></span> <span class='ocrx_word' id='word_1_614' title='bbox 1321 1111 1438 1138; x_wconf 78' lang='grc' dir='ltr'><strong>ἄπλετον</strong></span> <span class='ocrx_word' id='word_1_615' title='bbox 1465 1113 1550 1139; x_wconf 83' lang='lat' dir='ltr'><strong>sonat</strong></span> <span class='ocrx_word' id='word_1_616' title='bbox 1574 1109 1713 1145; x_wconf 75' lang='grc' dir='ltr'>ἄπληστον</span> <span class='ocrx_word' id='word_1_617' title='bbox 1736 1109 1781 1138; x_wconf 88' lang='lat' dir='ltr'><strong>vel</strong></span> <span class='ocrx_word' id='word_1_618' title='bbox 1807 1109 1931 1147; x_wconf 78' lang='grc' dir='ltr'>ἀχόρτα-</span> 
     </span>
    </p>
   </div>
   <div class='ocr_carea' id='block_1_82' title="bbox 1101 1155 1931 1192">
    <p class='ocr_par' dir='ltr' id='par_1_82' title="bbox 1101 1155 1931 1192">
     <span class='ocr_line' id='line_1_82' title="bbox 1101 1155 1931 1192; baseline -0.001 -9"><span class='ocrx_word' id='word_1_619' title='bbox 1101 1166 1174 1190; x_wconf 66' lang='lat' dir='ltr'><strong>nov,</strong></span> <span class='ocrx_word' id='word_1_620' title='bbox 1193 1167 1206 1181; x_wconf 87' lang='grc'><strong>‹‹</strong></span> <span class='ocrx_word' id='word_1_621' title='bbox 1223 1155 1406 1192; x_wconf 80' lang='lat' dir='ltr'><strong>inexplebile,</strong></span> <span class='ocrx_word' id='word_1_622' title='bbox 1423 1167 1438 1181; x_wconf 84' lang='grc'><strong>››</strong></span> <span class='ocrx_word' id='word_1_623' title='bbox 1454 1155 1525 1192; x_wconf 88' lang='lat' dir='ltr'><strong>quin</strong></span> <span class='ocrx_word' id='word_1_624' title='bbox 1551 1156 1650 1191; x_wconf 86' lang='lat' dir='ltr'><strong>potius</strong></span> <span class='ocrx_word' id='word_1_625' title='bbox 1673 1155 1736 1188; x_wconf 85' lang='lat' dir='ltr'><strong>alii,</strong></span> <span class='ocrx_word' id='word_1_626' title='bbox 1752 1157 1898 1190; x_wconf 84' lang='lat' dir='ltr'><strong>tanquam</strong></span> <span class='ocrx_word' id='word_1_627' title='bbox 1915 1163 1931 1182; x_wconf 89' lang='lat' dir='ltr'><strong>a</strong></span> 
     </span>
    </p>
   </div>
   <div class='ocr_carea' id='block_1_83' title="bbox 1101 1199 1931 1237">
    <p class='ocr_par' dir='ltr' id='par_1_83' title="bbox 1101 1199 1931 1237">
     <span class='ocr_line' id='line_1_83' title="bbox 1101 1199 1931 1237; baseline -0.001 -9"><span class='ocrx_word' id='word_1_628' title='bbox 1101 1199 1211 1235; x_wconf 76' lang='grc' dir='ltr'>πελάζω</span> <span class='ocrx_word' id='word_1_629' title='bbox 1231 1202 1402 1234; x_wconf 86' lang='lat' dir='ltr'><strong>deductum,</strong></span> <span class='ocrx_word' id='word_1_630' title='bbox 1427 1199 1572 1237; x_wconf 73' lang='grc' dir='ltr'><strong>ἀπρόσιτον</strong></span> <span class='ocrx_word' id='word_1_631' title='bbox 1596 1200 1758 1236; x_wconf 84' lang='lat' dir='ltr'><strong>accipiunt,</strong></span> <span class='ocrx_word' id='word_1_632' title='bbox 1782 1201 1816 1227; x_wconf 87' lang='lat' dir='ltr'><strong>ut</strong></span> <span class='ocrx_word' id='word_1_633' title='bbox 1843 1200 1931 1235; x_wconf 79' lang='lat' dir='ltr'><strong>Hesy-</strong></span> 
     </span>
    </p>
   </div>
   <div class='ocr_carea' id='block_1_84' title="bbox 1101 1243 1928 1282">
    <p class='ocr_par' dir='ltr' id='par_1_84' title="bbox 1101 1243 1928 1282">
     <span class='ocr_line' id='line_1_84' title="bbox 1101 1243 1928 1282; baseline -0.005 -8"><span class='ocrx_word' id='word_1_634' title='bbox 1101 1246 1197 1279; x_wconf 86' lang='lat' dir='ltr'><strong>chius,</strong></span> <span class='ocrx_word' id='word_1_635' title='bbox 1225 1248 1253 1273; x_wconf 88' lang='lat' dir='ltr'><strong>et</strong></span> <span class='ocrx_word' id='word_1_636' title='bbox 1279 1243 1514 1282; x_wconf 79' lang='grc' dir='ltr'><strong>ἀπροσπέλαστον,</strong></span> <span class='ocrx_word' id='word_1_637' title='bbox 1545 1256 1559 1270; x_wconf 88' lang='grc'><strong>‹‹</strong></span> <span class='ocrx_word' id='word_1_638' title='bbox 1590 1245 1800 1278; x_wconf 82' lang='lat' dir='ltr'><strong>inaccessum;</strong></span> <span class='ocrx_word' id='word_1_639' title='bbox 1832 1256 1843 1270; x_wconf 75' lang='grc' dir='ltr'>ι</span> <span class='ocrx_word' id='word_1_640' title='bbox 1877 1243 1928 1271; x_wconf 85' lang='lat' dir='ltr'><strong>sed</strong></span> 
     </span>
    </p>
   </div>
   <div class='ocr_carea' id='block_1_85' title="bbox 1100 1289 1928 1327">
    <p class='ocr_par' dir='ltr' id='par_1_85' title="bbox 1100 1289 1928 1327">
     <span class='ocr_line' id='line_1_85' title="bbox 1100 1289 1928 1327; baseline -0.004 -9"><span class='ocrx_word' id='word_1_641' title='bbox 1100 1290 1265 1326; x_wconf 86' lang='lat' dir='ltr'><strong>simplicius</strong></span> <span class='ocrx_word' id='word_1_642' title='bbox 1281 1292 1326 1318; x_wconf 84' lang='lat' dir='ltr'><strong>est</strong></span> <span class='ocrx_word' id='word_1_643' title='bbox 1341 1290 1461 1327; x_wconf 72' lang='grc' dir='ltr'><strong>ἄπειρον,</strong></span> <span class='ocrx_word' id='word_1_644' title='bbox 1474 1300 1483 1314; x_wconf 74' lang='grc' dir='ltr'><strong><em>α</em></strong></span> <span class='ocrx_word' id='word_1_645' title='bbox 1495 1289 1699 1326; x_wconf 80' lang='lat' dir='ltr'><strong>magnitudine</strong></span> <span class='ocrx_word' id='word_1_646' title='bbox 1709 1290 1892 1317; x_wconf 86' lang='lat' dir='ltr'><strong>immensum</strong></span> <span class='ocrx_word' id='word_1_647' title='bbox 1902 1296 1928 1315; x_wconf 73' lang='grc' dir='ltr'><strong>ε»</strong></span> 
     </span>
    </p>
   </div>
   <div class='ocr_carea' id='block_1_86' title="bbox 1101 1333 1930 1371">
    <p class='ocr_par' dir='ltr' id='par_1_86' title="bbox 1101 1333 1930 1371">
     <span class='ocr_line' id='line_1_86' title="bbox 1101 1333 1930 1371; baseline -0.006 -8"><span class='ocrx_word' id='word_1_648' title='bbox 1101 1336 1195 1363; x_wconf 86' lang='lat' dir='ltr'><strong>scribe</strong></span> <span class='ocrx_word' id='word_1_649' title='bbox 1214 1335 1313 1371; x_wconf 83' lang='lat' dir='ltr'><strong>igitur,</strong></span> <span class='ocrx_word' id='word_1_650' title='bbox 1330 1346 1344 1360; x_wconf 78' lang='grc' dir='ltr'>α</span> <span class='ocrx_word' id='word_1_651' title='bbox 1362 1335 1512 1363; x_wconf 73' lang='lat' dir='ltr'><strong>immensae</strong></span> <span class='ocrx_word' id='word_1_652' title='bbox 1527 1336 1610 1362; x_wconf 86' lang='lat' dir='ltr'><strong>terrae</strong></span> <span class='ocrx_word' id='word_1_653' title='bbox 1626 1335 1653 1362; x_wconf 88' lang='lat' dir='ltr'><strong>et</strong></span> <span class='ocrx_word' id='word_1_654' title='bbox 1667 1333 1777 1361; x_wconf 80' lang='lat' dir='ltr'><strong>inﬁniti</strong></span> <span class='ocrx_word' id='word_1_655' title='bbox 1791 1333 1896 1361; x_wconf 86' lang='lat' dir='ltr'><strong>maris.</strong></span> <span class='ocrx_word' id='word_1_656' title='bbox 1914 1344 1930 1357; x_wconf 72' lang='grc' dir='ltr'><strong>ι»</strong></span> 
     </span>
    </p>
   </div>
   <div class='ocr_carea' id='block_1_87' title="bbox 1101 1378 1931 1415">
    <p class='ocr_par' dir='ltr' id='par_1_87' title="bbox 1101 1378 1931 1415">
     <span class='ocr_line' id='line_1_87' title="bbox 1101 1378 1931 1415; baseline -0.002 -8"><span class='ocrx_word' id='word_1_657' title='bbox 1101 1380 1241 1408; x_wconf 70' lang='lat' dir='ltr'><strong>Caeterum</strong></span> <span class='ocrx_word' id='word_1_658' title='bbox 1271 1380 1300 1407; x_wconf 91' lang='lat' dir='ltr'><strong>in</strong></span> <span class='ocrx_word' id='word_1_659' title='bbox 1324 1380 1421 1408; x_wconf 88' lang='lat' dir='ltr'><strong>verbis</strong></span> <span class='ocrx_word' id='word_1_660' title='bbox 1446 1378 1580 1407; x_wconf 87' lang='lat' dir='ltr'><strong>Eunomii</strong></span> <span class='ocrx_word' id='word_1_661' title='bbox 1600 1378 1759 1415; x_wconf 85' lang='lat' dir='ltr'><strong>propositis</strong></span> <span class='ocrx_word' id='word_1_662' title='bbox 1782 1379 1931 1414; x_wconf 88' lang='lat' dir='ltr'><strong>interpres</strong></span> 
     </span>
    </p>
   </div>
   <div class='ocr_carea' id='block_1_88' title="bbox 1101 1423 1931 1461">
    <p class='ocr_par' dir='ltr' id='par_1_88' title="bbox 1101 1423 1931 1461">
     <span class='ocr_line' id='line_1_88' title="bbox 1101 1423 1931 1461; baseline -0.002 -9"><span class='ocrx_word' id='word_1_663' title='bbox 1101 1425 1209 1461; x_wconf 83' lang='lat' dir='ltr'><strong>legisse</strong></span> <span class='ocrx_word' id='word_1_664' title='bbox 1222 1425 1307 1461; x_wconf 83' lang='lat' dir='ltr'><strong>plura</strong></span> <span class='ocrx_word' id='word_1_665' title='bbox 1318 1424 1442 1457; x_wconf 86' lang='lat' dir='ltr'><strong>videtur,</strong></span> <span class='ocrx_word' id='word_1_666' title='bbox 1459 1432 1546 1459; x_wconf 87' lang='lat' dir='ltr'><strong>quam</strong></span> <span class='ocrx_word' id='word_1_667' title='bbox 1562 1423 1670 1451; x_wconf 90' lang='lat' dir='ltr'><strong>suntin</strong></span> <span class='ocrx_word' id='word_1_668' title='bbox 1686 1423 1804 1451; x_wconf 88' lang='lat' dir='ltr'><strong>excusis</strong></span> <span class='ocrx_word' id='word_1_669' title='bbox 1822 1423 1931 1450; x_wconf 86' lang='lat' dir='ltr'><strong>Veneto</strong></span> 
     </span>
    </p>
   </div>
   <div class='ocr_carea' id='block_1_89' title="bbox 1102 1466 1931 1504">
    <p class='ocr_par' dir='ltr' id='par_1_89' title="bbox 1102 1466 1931 1504">
     <span class='ocr_line' id='line_1_89' title="bbox 1102 1466 1931 1504; baseline -0.005 -6"><span class='ocrx_word' id='word_1_670' title='bbox 1102 1473 1129 1498; x_wconf 92' lang='lat' dir='ltr'><strong>et</strong></span> <span class='ocrx_word' id='word_1_671' title='bbox 1145 1469 1298 1498; x_wconf 85' lang='lat' dir='ltr'><strong>Basiliensi</strong></span> <span class='ocrx_word' id='word_1_672' title='bbox 1327 1469 1422 1502; x_wconf 81' lang='lat' dir='ltr'><strong>libris,</strong></span> <span class='ocrx_word' id='word_1_673' title='bbox 1445 1469 1597 1503; x_wconf 88' lang='lat' dir='ltr'><strong>nimirum,</strong></span> <span class='ocrx_word' id='word_1_674' title='bbox 1622 1466 1685 1495; x_wconf 82' lang='grc' dir='ltr'><strong>ἀλλ’</strong></span> <span class='ocrx_word' id='word_1_675' title='bbox 1712 1466 1761 1494; x_wconf 68' lang='grc' dir='ltr'><strong>οὐκ</strong></span> <span class='ocrx_word' id='word_1_676' title='bbox 1783 1466 1931 1504; x_wconf 57' lang='grc' dir='ltr'><strong>ἀγὲ-θνητός</strong></span> 
     </span>
    </p>
   </div>
   <div class='ocr_carea' id='block_1_90' title="bbox 1102 1512 1930 1549">
    <p class='ocr_par' dir='ltr' id='par_1_90' title="bbox 1102 1512 1930 1549">
     <span class='ocr_line' id='line_1_90' title="bbox 1102 1512 1930 1549; baseline -0.005 -6"><span class='ocrx_word' id='word_1_677' title='bbox 1102 1513 1183 1548; x_wconf 74' lang='grc' dir='ltr'><strong>ἐστιν,</strong></span> <span class='ocrx_word' id='word_1_678' title='bbox 1200 1526 1214 1540; x_wconf 87' lang='grc'><strong>‹‹</strong></span> <span class='ocrx_word' id='word_1_679' title='bbox 1231 1515 1281 1543; x_wconf 86' lang='lat' dir='ltr'><strong>sed</strong></span> <span class='ocrx_word' id='word_1_680' title='bbox 1306 1523 1363 1542; x_wconf 89' lang='lat' dir='ltr'><strong>non</strong></span> <span class='ocrx_word' id='word_1_681' title='bbox 1385 1516 1430 1542; x_wconf 86' lang='lat' dir='ltr'><strong>est</strong></span> <span class='ocrx_word' id='word_1_682' title='bbox 1452 1513 1612 1549; x_wconf 85' lang='lat' dir='ltr'><strong>ingenitus,</strong></span> <span class='ocrx_word' id='word_1_683' title='bbox 1629 1525 1642 1538; x_wconf 89' lang='grc'><strong>››</strong></span> <span class='ocrx_word' id='word_1_684' title='bbox 1665 1513 1743 1548; x_wconf 89' lang='lat' dir='ltr'><strong>quod</strong></span> <span class='ocrx_word' id='word_1_685' title='bbox 1760 1512 1930 1540; x_wconf 84' lang='lat' dir='ltr'><strong>observavit</strong></span> 
     </span>
    </p>
   </div>
   <div class='ocr_carea' id='block_1_91' title="bbox 1102 1556 1931 1593">
    <p class='ocr_par' dir='ltr' id='par_1_91' title="bbox 1102 1556 1931 1593">
     <span class='ocr_line' id='line_1_91' title="bbox 1102 1556 1931 1593; baseline -0.002 -8"><span class='ocrx_word' id='word_1_686' title='bbox 1102 1558 1169 1585; x_wconf 87' lang='lat' dir='ltr'><strong>etin</strong></span> <span class='ocrx_word' id='word_1_687' title='bbox 1186 1558 1317 1593; x_wconf 82' lang='lat' dir='ltr'><strong>margine</strong></span> <span class='ocrx_word' id='word_1_688' title='bbox 1337 1558 1491 1585; x_wconf 88' lang='lat' dir='ltr'><strong>admonuit</strong></span> <span class='ocrx_word' id='word_1_689' title='bbox 1506 1557 1696 1585; x_wconf 86' lang='lat' dir='ltr'><strong>doctissimus</strong></span> <span class='ocrx_word' id='word_1_690' title='bbox 1716 1556 1931 1589; x_wconf 86' lang='lat' dir='ltr'><strong>Montacutius,</strong></span> 
     </span>
    </p>
   </div>
   <div class='ocr_carea' id='block_1_92' title="bbox 1101 1600 1934 1638">
    <p class='ocr_par' dir='ltr' id='par_1_92' title="bbox 1101 1600 1934 1638">
     <span class='ocr_line' id='line_1_92' title="bbox 1101 1600 1934 1638; baseline -0.004 -8"><span class='ocrx_word' id='word_1_691' title='bbox 1101 1603 1153 1630; x_wconf 90' lang='lat' dir='ltr'><strong>sed</strong></span> <span class='ocrx_word' id='word_1_692' title='bbox 1183 1605 1211 1630; x_wconf 90' lang='lat' dir='ltr'><strong>et</strong></span> <span class='ocrx_word' id='word_1_693' title='bbox 1239 1611 1255 1630; x_wconf 78' lang='grc' dir='ltr'><strong>θ.</strong></span> <span class='ocrx_word' id='word_1_694' title='bbox 1280 1602 1368 1638; x_wconf 83' lang='lat' dir='ltr'><strong>Regio</strong></span> <span class='ocrx_word' id='word_1_695' title='bbox 1386 1610 1501 1638; x_wconf 86' lang='lat' dir='ltr'><strong>queque</strong></span> <span class='ocrx_word' id='word_1_696' title='bbox 1530 1610 1586 1630; x_wconf 87' lang='lat' dir='ltr'><strong>ms.</strong></span> <span class='ocrx_word' id='word_1_697' title='bbox 1612 1601 1722 1629; x_wconf 85' lang='lat' dir='ltr'><strong>aberat.</strong></span> <span class='ocrx_word' id='word_1_698' title='bbox 1742 1600 1837 1628; x_wconf 88' lang='lat' dir='ltr'><strong>Paulo</strong></span> <span class='ocrx_word' id='word_1_699' title='bbox 1866 1603 1934 1637; x_wconf 89' lang='lat' dir='ltr'><strong>post</strong></span> 
     </span>
    </p>
   </div>
   <div class='ocr_carea' id='block_1_93' title="bbox 1099 1644 1930 1683">
    <p class='ocr_par' dir='ltr' id='par_1_93' title="bbox 1099 1644 1930 1683">
     <span class='ocr_line' id='line_1_93' title="bbox 1099 1644 1930 1683; baseline -0.005 -8"><span class='ocrx_word' id='word_1_700' title='bbox 1099 1647 1319 1676; x_wconf 87' lang='lat' dir='ltr'><strong>emendavimus</strong></span> <span class='ocrx_word' id='word_1_701' title='bbox 1335 1655 1370 1674; x_wconf 85' lang='lat' dir='ltr'><strong>ex</strong></span> <span class='ocrx_word' id='word_1_702' title='bbox 1383 1647 1417 1675; x_wconf 88' lang='lat' dir='ltr'><strong>H.</strong></span> <span class='ocrx_word' id='word_1_703' title='bbox 1433 1649 1462 1674; x_wconf 88' lang='lat' dir='ltr'><strong>et</strong></span> <span class='ocrx_word' id='word_1_704' title='bbox 1475 1646 1575 1682; x_wconf 88' lang='lat' dir='ltr'><strong>Steph.</strong></span> <span class='ocrx_word' id='word_1_705' title='bbox 1592 1646 1661 1673; x_wconf 79' lang='lat' dir='ltr'><strong>edit.</strong></span> <span class='ocrx_word' id='word_1_706' title='bbox 1674 1644 1930 1683; x_wconf 73' lang='grc' dir='ltr'>προσπελάζοντος,</span> 
     </span>
    </p>
   </div>
   <div class='ocr_carea' id='block_1_94' title="bbox 1098 1690 1931 1728">
    <p class='ocr_par' dir='ltr' id='par_1_94' title="bbox 1098 1690 1931 1728">
     <span class='ocr_line' id='line_1_94' title="bbox 1098 1690 1931 1728; baseline -0.002 -8"><span class='ocrx_word' id='word_1_707' title='bbox 1098 1694 1242 1728; x_wconf 86' lang='lat' dir='ltr'><strong>expuncto</strong></span> <span class='ocrx_word' id='word_1_708' title='bbox 1256 1692 1285 1719; x_wconf 88' lang='lat' dir='ltr'><strong>in</strong></span> <span class='ocrx_word' id='word_1_709' title='bbox 1308 1691 1462 1719; x_wconf 84' lang='lat' dir='ltr'><strong>Basiliensi</strong></span> <span class='ocrx_word' id='word_1_710' title='bbox 1487 1690 1771 1727; x_wconf 72' lang='grc' dir='ltr'>προσπλεονάζοντος,</span> <span class='ocrx_word' id='word_1_711' title='bbox 1787 1692 1817 1718; x_wconf 86' lang='lat' dir='ltr'><strong>et</strong></span> <span class='ocrx_word' id='word_1_712' title='bbox 1835 1690 1864 1717; x_wconf 90' lang='lat' dir='ltr'><strong>in</strong></span> <span class='ocrx_word' id='word_1_713' title='bbox 1879 1691 1931 1718; x_wconf 84' lang='lat' dir='ltr'><strong>Ve-</strong></span> 
     </span>
    </p>
   </div>
   <div class='ocr_carea' id='block_1_95' title="bbox 1098 1734 1929 1773">
    <p class='ocr_par' dir='ltr' id='par_1_95' title="bbox 1098 1734 1929 1773">
     <span class='ocr_line' id='line_1_95' title="bbox 1098 1734 1929 1773; baseline -0.002 -9"><span class='ocrx_word' id='word_1_714' title='bbox 1098 1739 1166 1764; x_wconf 85' lang='lat' dir='ltr'><strong>neta.</strong></span> <span class='ocrx_word' id='word_1_715' title='bbox 1186 1734 1462 1773; x_wconf 78' lang='grc' dir='ltr'>προσπλεονάζοντες·</span> <span class='ocrx_word' id='word_1_716' title='bbox 1483 1746 1498 1761; x_wconf 76' lang='grc' dir='ltr'>ιι</span> <span class='ocrx_word' id='word_1_717' title='bbox 1519 1744 1576 1772; x_wconf 78' lang='lat' dir='ltr'><strong>quo</strong></span> <span class='ocrx_word' id='word_1_718' title='bbox 1597 1735 1646 1768; x_wconf 89' lang='lat' dir='ltr'><strong>iis,</strong></span> <span class='ocrx_word' id='word_1_719' title='bbox 1667 1743 1730 1771; x_wconf 64' lang='lat' dir='ltr'><strong>quae</strong></span> <span class='ocrx_word' id='word_1_720' title='bbox 1747 1735 1842 1771; x_wconf 79' lang='lat' dir='ltr'><strong>aspici</strong></span> <span class='ocrx_word' id='word_1_721' title='bbox 1859 1743 1929 1772; x_wconf 87' lang='lat' dir='ltr'><strong>pos-</strong></span> 
     </span>
    </p>
   </div>
   <div class='ocr_carea' id='block_1_96' title="bbox 1098 1781 1354 1814">
    <p class='ocr_par' dir='ltr' id='par_1_96' title="bbox 1098 1781 1354 1814">
     <span class='ocr_line' id='line_1_96' title="bbox 1098 1781 1354 1814; baseline -0.004 -5"><span class='ocrx_word' id='word_1_722' title='bbox 1098 1782 1178 1814; x_wconf 88' lang='lat' dir='ltr'><strong>sunt,</strong></span> <span class='ocrx_word' id='word_1_723' title='bbox 1195 1781 1323 1808; x_wconf 85' lang='lat' dir='ltr'><strong>admoto.</strong></span> <span class='ocrx_word' id='word_1_724' title='bbox 1340 1791 1354 1804; x_wconf 83' lang='grc'><strong>››</strong></span> 
     </span>
    </p>
   </div>
   <div class='ocr_carea' id='block_1_97' title="bbox 1133 1833 1927 1870">
    <p class='ocr_par' dir='ltr' id='par_1_97' title="bbox 1133 1833 1927 1870">
     <span class='ocr_line' id='line_1_97' title="bbox 1133 1833 1927 1870; baseline -0.004 -8"><span class='ocrx_word' id='word_1_725' title='bbox 1133 1834 1207 1862; x_wconf 91' lang='lat' dir='ltr'><strong>Ibid.</strong></span> <span class='ocrx_word' id='word_1_726' title='bbox 1223 1834 1242 1861; x_wconf 90' lang='lat' dir='ltr'>B</span> <span class='ocrx_word' id='word_1_727' title='bbox 1259 1834 1301 1861; x_wconf 90' lang='grc'><strong>10.</strong></span> <span class='ocrx_word' id='word_1_728' title='bbox 1317 1834 1391 1869; x_wconf 86' lang='lat' dir='ltr'><strong>Quid</strong></span> <span class='ocrx_word' id='word_1_729' title='bbox 1416 1833 1513 1870; x_wconf 85' lang='lat' dir='ltr'><strong>igitur.</strong></span> <span class='ocrx_word' id='word_1_730' title='bbox 1530 1834 1600 1861; x_wconf 87' lang='lat' dir='ltr'><strong>Post</strong></span> <span class='ocrx_word' id='word_1_731' title='bbox 1615 1834 1735 1861; x_wconf 88' lang='lat' dir='ltr'><strong>verbum</strong></span> <span class='ocrx_word' id='word_1_732' title='bbox 1755 1844 1768 1860; x_wconf 74' lang='grc' dir='ltr'>α</span> <span class='ocrx_word' id='word_1_733' title='bbox 1783 1835 1900 1869; x_wconf 90' lang='lat' dir='ltr'><strong>oportet</strong></span> <span class='ocrx_word' id='word_1_734' title='bbox 1913 1845 1927 1858; x_wconf 81' lang='grc' dir='ltr'>ιι</span> 
     </span>
    </p>
   </div>
   <div class='ocr_carea' id='block_1_98' title="bbox 1098 1878 1927 1914">
    <p class='ocr_par' dir='ltr' id='par_1_98' title="bbox 1098 1878 1927 1914">
     <span class='ocr_line' id='line_1_98' title="bbox 1098 1878 1927 1914; baseline -0.001 -8"><span class='ocrx_word' id='word_1_735' title='bbox 1098 1878 1336 1914; x_wconf 83' lang='lat' dir='ltr'><strong>interrogationis</strong></span> <span class='ocrx_word' id='word_1_736' title='bbox 1352 1880 1422 1906; x_wconf 90' lang='lat' dir='ltr'><strong>nota</strong></span> <span class='ocrx_word' id='word_1_737' title='bbox 1437 1878 1607 1906; x_wconf 84' lang='lat' dir='ltr'><strong>collocanda</strong></span> <span class='ocrx_word' id='word_1_738' title='bbox 1622 1880 1676 1912; x_wconf 85' lang='lat' dir='ltr'><strong>est,</strong></span> <span class='ocrx_word' id='word_1_739' title='bbox 1699 1880 1730 1906; x_wconf 90' lang='lat' dir='ltr'><strong>ut</strong></span> <span class='ocrx_word' id='word_1_740' title='bbox 1746 1878 1776 1905; x_wconf 92' lang='lat' dir='ltr'><strong>in</strong></span> <span class='ocrx_word' id='word_1_741' title='bbox 1795 1878 1904 1906; x_wconf 68' lang='lat' dir='ltr'><strong>Graecis</strong></span> <span class='ocrx_word' id='word_1_742' title='bbox 1919 1886 1927 1905; x_wconf 73' lang='grc' dir='ltr'>ι</span> 
     </span>
    </p>
   </div>
   <div class='ocr_carea' id='block_1_99' title="bbox 1099 1922 1930 1959">
    <p class='ocr_par' dir='ltr' id='par_1_99' title="bbox 1099 1922 1930 1959">
     <span class='ocr_line' id='line_1_99' title="bbox 1099 1922 1930 1959; baseline -0.002 -8"><span class='ocrx_word' id='word_1_743' title='bbox 1099 1923 1176 1959; x_wconf 84' lang='lat' dir='ltr'><strong>apud</strong></span> <span class='ocrx_word' id='word_1_744' title='bbox 1201 1923 1387 1958; x_wconf 87' lang='lat' dir='ltr'><strong>interpretem</strong></span> <span class='ocrx_word' id='word_1_745' title='bbox 1413 1923 1483 1950; x_wconf 87' lang='lat' dir='ltr'><strong>item</strong></span> <span class='ocrx_word' id='word_1_746' title='bbox 1505 1922 1727 1951; x_wconf 88' lang='lat' dir='ltr'><strong>immutavimus</strong></span> <span class='ocrx_word' id='word_1_747' title='bbox 1742 1922 1831 1956; x_wconf 90' lang='lat' dir='ltr'><strong>illud,</strong></span> <span class='ocrx_word' id='word_1_748' title='bbox 1848 1934 1862 1947; x_wconf 87' lang='grc'><strong>‹‹</strong></span> <span class='ocrx_word' id='word_1_749' title='bbox 1879 1930 1930 1958; x_wconf 87' lang='lat' dir='ltr'><strong>per</strong></span> 
     </span>
    </p>
   </div>
   <div class='ocr_carea' id='block_1_100' title="bbox 1099 1967 1930 2004">
    <p class='ocr_par' dir='ltr' id='par_1_100' title="bbox 1099 1967 1930 2004">
     <span class='ocr_line' id='line_1_100' title="bbox 1099 1967 1930 2004; baseline -0.002 -8"><span class='ocrx_word' id='word_1_750' title='bbox 1099 1968 1193 1996; x_wconf 81' lang='lat' dir='ltr'><strong>filium</strong></span> <span class='ocrx_word' id='word_1_751' title='bbox 1207 1967 1375 2004; x_wconf 76' lang='lat' dir='ltr'><strong>praebitum.</strong></span> <span class='ocrx_word' id='word_1_752' title='bbox 1394 1978 1407 1993; x_wconf 81' lang='grc'><strong>››</strong></span> <span class='ocrx_word' id='word_1_753' title='bbox 1420 1968 1452 1995; x_wconf 91' lang='lat' dir='ltr'><strong>In</strong></span> <span class='ocrx_word' id='word_1_754' title='bbox 1474 1976 1530 1995; x_wconf 88' lang='lat' dir='ltr'><strong>ms.</strong></span> <span class='ocrx_word' id='word_1_755' title='bbox 1548 1967 1582 1995; x_wconf 83' lang='grc' dir='ltr'><strong>Η.</strong></span> <span class='ocrx_word' id='word_1_756' title='bbox 1608 1975 1659 2003; x_wconf 83' lang='lat' dir='ltr'><strong>pro</strong></span> <span class='ocrx_word' id='word_1_757' title='bbox 1676 1968 1844 2002; x_wconf 74' lang='grc' dir='ltr'><strong>ζωοποιοῦν,</strong></span> <span class='ocrx_word' id='word_1_758' title='bbox 1861 1967 1930 1995; x_wconf 87' lang='lat' dir='ltr'><strong>scri-</strong></span> 
     </span>
    </p>
   </div>
   <div class='ocr_carea' id='block_1_101' title="bbox 1099 2011 1929 2049">
    <p class='ocr_par' dir='ltr' id='par_1_101' title="bbox 1099 2011 1929 2049">
     <span class='ocr_line' id='line_1_101' title="bbox 1099 2011 1929 2049; baseline -0.002 -8"><span class='ocrx_word' id='word_1_759' title='bbox 1099 2015 1183 2049; x_wconf 91' lang='lat' dir='ltr'><strong>ptum</strong></span> <span class='ocrx_word' id='word_1_760' title='bbox 1198 2014 1261 2040; x_wconf 88' lang='lat' dir='ltr'><strong>erat</strong></span> <span class='ocrx_word' id='word_1_761' title='bbox 1275 2011 1421 2046; x_wconf 84' lang='grc' dir='ltr'>ζωοποιόν,</span> <span class='ocrx_word' id='word_1_762' title='bbox 1438 2023 1453 2038; x_wconf 89' lang='grc'><strong>‹‹</strong></span> <span class='ocrx_word' id='word_1_763' title='bbox 1477 2012 1636 2040; x_wconf 80' lang='lat' dir='ltr'><strong>viviﬁcum.</strong></span> <span class='ocrx_word' id='word_1_764' title='bbox 1661 2023 1676 2037; x_wconf 87' lang='grc'><strong>››</strong></span> <span class='ocrx_word' id='word_1_765' title='bbox 1701 2011 1776 2039; x_wconf 90' lang='lat' dir='ltr'><strong>Ibid.</strong></span> <span class='ocrx_word' id='word_1_766' title='bbox 1806 2023 1818 2036; x_wconf 82' lang='grc' dir='ltr'>ι</span> <span class='ocrx_word' id='word_1_767' title='bbox 1836 2011 1929 2040; x_wconf 88' lang='lat' dir='ltr'><strong>credi-</strong></span> 
     </span>
    </p>
   </div>
   <div class='ocr_carea' id='block_1_102' title="bbox 1100 2055 1931 2093">
    <p class='ocr_par' dir='ltr' id='par_1_102' title="bbox 1100 2055 1931 2093">
     <span class='ocr_line' id='line_1_102' title="bbox 1100 2055 1931 2093; baseline -0.002 -8"><span class='ocrx_word' id='word_1_768' title='bbox 1100 2066 1167 2086; x_wconf 89' lang='lat' dir='ltr'><strong>mus</strong></span> <span class='ocrx_word' id='word_1_769' title='bbox 1182 2061 1313 2092; x_wconf 86' lang='lat' dir='ltr'><strong>speclare</strong></span> <span class='ocrx_word' id='word_1_770' title='bbox 1324 2068 1337 2082; x_wconf 74' lang='grc' dir='ltr'><strong>υ</strong></span> <span class='ocrx_word' id='word_1_771' title='bbox 1351 2056 1537 2093; x_wconf 82' lang='lat' dir='ltr'><strong>scripsimus,</strong></span> <span class='ocrx_word' id='word_1_772' title='bbox 1551 2064 1617 2084; x_wconf 89' lang='lat' dir='ltr'><strong>cum</strong></span> <span class='ocrx_word' id='word_1_773' title='bbox 1628 2055 1785 2092; x_wconf 82' lang='lat' dir='ltr'><strong>legeretur,</strong></span> <span class='ocrx_word' id='word_1_774' title='bbox 1807 2066 1818 2079; x_wconf 73' lang='grc' dir='ltr'><strong>α</strong></span> <span class='ocrx_word' id='word_1_775' title='bbox 1835 2055 1931 2084; x_wconf 87' lang='lat' dir='ltr'><strong>credi-</strong></span> 
     </span>
    </p>
   </div>
   <div class='ocr_carea' id='block_1_103' title="bbox 1099 2100 1932 2138">
    <p class='ocr_par' dir='ltr' id='par_1_103' title="bbox 1099 2100 1932 2138">
     <span class='ocr_line' id='line_1_103' title="bbox 1099 2100 1932 2138; baseline -0.002 -8"><span class='ocrx_word' id='word_1_776' title='bbox 1099 2111 1165 2130; x_wconf 87' lang='lat' dir='ltr'><strong>mus</strong></span> <span class='ocrx_word' id='word_1_777' title='bbox 1189 2102 1264 2135; x_wconf 84' lang='lat' dir='ltr'><strong>ﬁeri,</strong></span> <span class='ocrx_word' id='word_1_778' title='bbox 1280 2113 1294 2127; x_wconf 85' lang='grc'><strong>››</strong></span> <span class='ocrx_word' id='word_1_779' title='bbox 1324 2101 1403 2137; x_wconf 83' lang='lat' dir='ltr'><strong>quod</strong></span> <span class='ocrx_word' id='word_1_780' title='bbox 1431 2101 1644 2138; x_wconf 85' lang='lat' dir='ltr'><strong>Trapezuntius</strong></span> <span class='ocrx_word' id='word_1_781' title='bbox 1667 2101 1792 2128; x_wconf 84' lang='lat' dir='ltr'><strong>fortasse</strong></span> <span class='ocrx_word' id='word_1_782' title='bbox 1818 2100 1932 2128; x_wconf 79' lang='lat' dir='ltr'><strong>calamo</strong></span> 
     </span>
    </p>
   </div>
   <div class='ocr_carea' id='block_1_104' title="bbox 1099 2143 1932 2182">
    <p class='ocr_par' dir='ltr' id='par_1_104' title="bbox 1099 2143 1932 2182">
     <span class='ocr_line' id='line_1_104' title="bbox 1099 2143 1932 2182; baseline -0.005 -8"><span class='ocrx_word' id='word_1_783' title='bbox 1099 2148 1248 2174; x_wconf 72' lang='lat' dir='ltr'><strong>exarsisset</strong></span> <span class='ocrx_word' id='word_1_784' title='bbox 1263 2157 1277 2171; x_wconf 77' lang='grc' dir='ltr'><strong>ι(</strong></span> <span class='ocrx_word' id='word_1_785' title='bbox 1295 2145 1373 2173; x_wconf 86' lang='lat' dir='ltr'><strong>ferri.</strong></span> <span class='ocrx_word' id='word_1_786' title='bbox 1390 2157 1404 2171; x_wconf 84' lang='lat'>»</span> <span class='ocrx_word' id='word_1_787' title='bbox 1416 2147 1459 2173; x_wconf 87' lang='lat' dir='ltr'><strong>Ita</strong></span> <span class='ocrx_word' id='word_1_788' title='bbox 1474 2145 1608 2182; x_wconf 89' lang='lat' dir='ltr'><strong>sequenti</strong></span> <span class='ocrx_word' id='word_1_789' title='bbox 1624 2153 1690 2181; x_wconf 86' lang='lat' dir='ltr'><strong>pag.</strong></span> <span class='ocrx_word' id='word_1_790' title='bbox 1707 2144 1777 2182; x_wconf 82' lang='grc' dir='ltr'>πρὸς</span> <span class='ocrx_word' id='word_1_791' title='bbox 1792 2145 1844 2178; x_wconf 74' lang='grc' dir='ltr'>τήν</span> <span class='ocrx_word' id='word_1_792' title='bbox 1859 2143 1932 2171; x_wconf 72' lang='grc' dir='ltr'><strong>ἐνευ-</strong></span> 
     </span>
    </p>
   </div>
   <div class='ocr_carea' id='block_1_105' title="bbox 1100 2188 1931 2228">
    <p class='ocr_par' dir='ltr' id='par_1_105' title="bbox 1100 2188 1931 2228">
     <span class='ocr_line' id='line_1_105' title="bbox 1100 2188 1931 2228; baseline 0 -11"><span class='ocrx_word' id='word_1_793' title='bbox 1100 2190 1240 2228; x_wconf 79' lang='grc' dir='ltr'><strong>θρώπησιν</strong></span> <span class='ocrx_word' id='word_1_794' title='bbox 1261 2191 1308 2217; x_wconf 73' lang='grc' dir='ltr'><strong>τοῦ</strong></span> <span class='ocrx_word' id='word_1_795' title='bbox 1332 2188 1434 2226; x_wconf 72' lang='grc' dir='ltr'><strong>Κυρῖου</strong></span> <span class='ocrx_word' id='word_1_796' title='bbox 1452 2189 1579 2228; x_wconf 69' lang='grc' dir='ltr'>φέρωσα.</span> <span class='ocrx_word' id='word_1_797' title='bbox 1597 2190 1775 2225; x_wconf 88' lang='lat' dir='ltr'><strong>Trapezunt.</strong></span> <span class='ocrx_word' id='word_1_798' title='bbox 1792 2201 1807 2214; x_wconf 84' lang='lat'><strong>«</strong></span> <span class='ocrx_word' id='word_1_799' title='bbox 1826 2189 1931 2217; x_wconf 87' lang='lat' dir='ltr'><strong>huma-</strong></span> 
     </span>
    </p>
   </div>
   <div class='ocr_carea' id='block_1_106' title="bbox 1100 2234 1931 2263">
    <p class='ocr_par' dir='ltr' id='par_1_106' title="bbox 1100 2234 1931 2263">
     <span class='ocr_line' id='line_1_106' title="bbox 1100 2234 1931 2263; baseline -0.001 -1"><span class='ocrx_word' id='word_1_800' title='bbox 1100 2235 1221 2263; x_wconf 87' lang='lat' dir='ltr'><strong>nitatem</strong></span> <span class='ocrx_word' id='word_1_801' title='bbox 1237 2234 1353 2262; x_wconf 90' lang='lat' dir='ltr'><strong>Domini</strong></span> <span class='ocrx_word' id='word_1_802' title='bbox 1369 2243 1558 2262; x_wconf 88' lang='lat' dir='ltr'><strong>conccrnens.</strong></span> <span class='ocrx_word' id='word_1_803' title='bbox 1572 2246 1585 2258; x_wconf 78' lang='lat' dir='ltr'><strong>n</strong></span> <span class='ocrx_word' id='word_1_804' title='bbox 1602 2234 1762 2262; x_wconf 85' lang='lat' dir='ltr'><strong>Cornarius</strong></span> <span class='ocrx_word' id='word_1_805' title='bbox 1778 2234 1854 2262; x_wconf 82' lang='lat' dir='ltr'><strong>dixit</strong></span> <span class='ocrx_word' id='word_1_806' title='bbox 1867 2246 1880 2259; x_wconf 73' lang='grc' dir='ltr'><strong>(ι</strong></span> <span class='ocrx_word' id='word_1_807' title='bbox 1894 2234 1931 2261; x_wconf 82' lang='lat' dir='ltr'><strong>ad</strong></span> 
     </span>
    </p>
   </div>
   <div class='ocr_carea' id='block_1_107' title="bbox 1100 2279 1932 2311">
    <p class='ocr_par' dir='ltr' id='par_1_107' title="bbox 1100 2279 1932 2311">
     <span class='ocr_line' id='line_1_107' title="bbox 1100 2279 1932 2311; baseline -0.001 -4"><span class='ocrx_word' id='word_1_808' title='bbox 1100 2279 1332 2307; x_wconf 78' lang='lat' dir='ltr'><strong>incarnationem</strong></span> <span class='ocrx_word' id='word_1_809' title='bbox 1359 2279 1475 2307; x_wconf 88' lang='lat' dir='ltr'><strong>Domini</strong></span> <span class='ocrx_word' id='word_1_810' title='bbox 1499 2279 1634 2307; x_wconf 87' lang='lat' dir='ltr'><strong>tendens.</strong></span> <span class='ocrx_word' id='word_1_811' title='bbox 1652 2289 1666 2303; x_wconf 93' lang='grc'><strong>››</strong></span> <span class='ocrx_word' id='word_1_812' title='bbox 1690 2279 1720 2306; x_wconf 89' lang='lat' dir='ltr'><strong>S.</strong></span> <span class='ocrx_word' id='word_1_813' title='bbox 1742 2279 1932 2311; x_wconf 79' lang='lat' dir='ltr'><strong>Ambrosius,</strong></span> 
     </span>
    </p>
   </div>
   <div class='ocr_carea' id='block_1_108' title="bbox 1061 2314 1931 2359">
    <p class='ocr_par' dir='ltr' id='par_1_108' title="bbox 1061 2314 1931 2359">
     <span class='ocr_line' id='line_1_108' title="bbox 1061 2314 1931 2359; baseline -0.002 -7"><span class='ocrx_word' id='word_1_814' title='bbox 1061 2314 1085 2346; x_wconf 81' lang='lat' dir='ltr'><strong>D</strong></span> <span class='ocrx_word' id='word_1_815' title='bbox 1101 2324 1202 2352; x_wconf 87' lang='lat' dir='ltr'><strong>Basilii</strong></span> <span class='ocrx_word' id='word_1_816' title='bbox 1218 2323 1340 2359; x_wconf 83' lang='lat' dir='ltr'><strong>vestigia</strong></span> <span class='ocrx_word' id='word_1_817' title='bbox 1364 2323 1506 2359; x_wconf 82' lang='lat' dir='ltr'><strong>relegens,</strong></span> <span class='ocrx_word' id='word_1_818' title='bbox 1533 2323 1574 2351; x_wconf 88' lang='lat' dir='ltr'><strong>ita</strong></span> <span class='ocrx_word' id='word_1_819' title='bbox 1589 2322 1686 2351; x_wconf 88' lang='lat' dir='ltr'><strong>locum</strong></span> <span class='ocrx_word' id='word_1_820' title='bbox 1712 2323 1814 2358; x_wconf 85' lang='lat' dir='ltr'><strong>Amos,</strong></span> <span class='ocrx_word' id='word_1_821' title='bbox 1833 2331 1870 2356; x_wconf 80' lang='grc' dir='ltr'><strong>ιν,</strong></span> <span class='ocrx_word' id='word_1_822' title='bbox 1889 2324 1931 2355; x_wconf 86' lang='grc'><strong>13,</strong></span> 
     </span>
    </p>
   </div>
   <div class='ocr_carea' id='block_1_109' title="bbox 1102 2368 1933 2404">
    <p class='ocr_par' dir='ltr' id='par_1_109' title="bbox 1102 2368 1933 2404">
     <span class='ocr_line' id='line_1_109' title="bbox 1102 2368 1933 2404; baseline -0.002 -7"><span class='ocrx_word' id='word_1_823' title='bbox 1102 2369 1221 2404; x_wconf 86' lang='lat' dir='ltr'><strong>exponit</strong></span> <span class='ocrx_word' id='word_1_824' title='bbox 1234 2368 1286 2396; x_wconf 92' lang='lat' dir='ltr'><strong>lib.</strong></span> <span class='ocrx_word' id='word_1_825' title='bbox 1303 2377 1334 2403; x_wconf 87' lang='lat' dir='ltr'><strong>II,</strong></span> <span class='ocrx_word' id='word_1_826' title='bbox 1351 2376 1415 2404; x_wconf 85' lang='lat' dir='ltr'><strong>cap.</strong></span> <span class='ocrx_word' id='word_1_827' title='bbox 1435 2369 1462 2402; x_wconf 88' lang='lat'><strong>7,</strong></span> <span class='ocrx_word' id='word_1_828' title='bbox 1478 2370 1520 2396; x_wconf 87' lang='lat' dir='ltr'><strong>De</strong></span> <span class='ocrx_word' id='word_1_829' title='bbox 1536 2368 1646 2404; x_wconf 81' lang='lat' dir='ltr'><strong>Spiritu</strong></span> <span class='ocrx_word' id='word_1_830' title='bbox 1660 2369 1759 2402; x_wconf 49' lang='lat' dir='ltr'><strong>jsancto</strong></span> <span class='ocrx_word' id='word_1_831' title='bbox 1774 2376 1781 2396; x_wconf 87' lang='lat'><strong>:</strong></span> <span class='ocrx_word' id='word_1_832' title='bbox 1799 2379 1814 2393; x_wconf 85' lang='grc'><strong>‹‹</strong></span> <span class='ocrx_word' id='word_1_833' title='bbox 1831 2369 1933 2396; x_wconf 89' lang='lat' dir='ltr'><strong>Nonne</strong></span> 
     </span>
    </p>
   </div>
   <div class='ocr_carea' id='block_1_110' title="bbox 1101 2412 1934 2442">
    <p class='ocr_par' dir='ltr' id='par_1_110' title="bbox 1101 2412 1934 2442">
     <span class='ocr_line' id='line_1_110' title="bbox 1101 2412 1934 2442; baseline -0.001 -1"><span class='ocrx_word' id='word_1_834' title='bbox 1101 2414 1253 2442; x_wconf 89' lang='lat' dir='ltr'><strong>evidenter</strong></span> <span class='ocrx_word' id='word_1_835' title='bbox 1261 2413 1404 2441; x_wconf 88' lang='lat' dir='ltr'><strong>dictorum</strong></span> <span class='ocrx_word' id='word_1_836' title='bbox 1416 2413 1592 2441; x_wconf 85' lang='lat' dir='ltr'><strong>testiﬁcatur</strong></span> <span class='ocrx_word' id='word_1_837' title='bbox 1603 2412 1694 2440; x_wconf 88' lang='lat' dir='ltr'><strong>series</strong></span> <span class='ocrx_word' id='word_1_838' title='bbox 1705 2413 1742 2440; x_wconf 90' lang='lat' dir='ltr'><strong>de</strong></span> <span class='ocrx_word' id='word_1_839' title='bbox 1753 2412 1844 2441; x_wconf 85' lang='lat' dir='ltr'><strong>istius</strong></span> <span class='ocrx_word' id='word_1_840' title='bbox 1857 2421 1934 2441; x_wconf 87' lang='lat' dir='ltr'><strong>crea-</strong></span> 
     </span>
    </p>
   </div>
   <div class='ocr_carea' id='block_1_111' title="bbox 1101 2457 1932 2494">
    <p class='ocr_par' dir='ltr' id='par_1_111' title="bbox 1101 2457 1932 2494">
     <span class='ocr_line' id='line_1_111' title="bbox 1101 2457 1932 2494; baseline 0 -9"><span class='ocrx_word' id='word_1_841' title='bbox 1101 2461 1168 2486; x_wconf 81' lang='lat' dir='ltr'><strong>tura</strong></span> <span class='ocrx_word' id='word_1_842' title='bbox 1184 2458 1287 2485; x_wconf 83' lang='lat' dir='ltr'><strong>mundi</strong></span> <span class='ocrx_word' id='word_1_843' title='bbox 1300 2457 1431 2486; x_wconf 88' lang='lat' dir='ltr'><strong>locutum</strong></span> <span class='ocrx_word' id='word_1_844' title='bbox 1447 2457 1622 2494; x_wconf 82' lang='lat' dir='ltr'><strong>prophetam</strong></span> <span class='ocrx_word' id='word_1_845' title='bbox 1633 2457 1669 2485; x_wconf 67' lang='lat'><strong>‘2»</strong></span> <span class='ocrx_word' id='word_1_846' title='bbox 1680 2457 1788 2486; x_wconf 79' lang='lat' dir='ltr'><strong>Hausit</strong></span> <span class='ocrx_word' id='word_1_847' title='bbox 1798 2466 1835 2486; x_wconf 79' lang='lat' dir='ltr'><strong>ex</strong></span> <span class='ocrx_word' id='word_1_848' title='bbox 1847 2458 1932 2494; x_wconf 80' lang='lat' dir='ltr'><strong>Didy-</strong></span> 
     </span>
    </p>
   </div>
   <div class='ocr_carea' id='block_1_112' title="bbox 1103 2501 1931 2538">
    <p class='ocr_par' dir='ltr' id='par_1_112' title="bbox 1103 2501 1931 2538">
     <span class='ocr_line' id='line_1_112' title="bbox 1103 2501 1931 2538; baseline 0 -8"><span class='ocrx_word' id='word_1_849' title='bbox 1103 2511 1162 2537; x_wconf 92' lang='lat' dir='ltr'><strong>mo,</strong></span> <span class='ocrx_word' id='word_1_850' title='bbox 1177 2502 1242 2530; x_wconf 79' lang='lat' dir='ltr'><strong>lib.1</strong></span> <span class='ocrx_word' id='word_1_851' title='bbox 1251 2503 1289 2530; x_wconf 85' lang='lat' dir='ltr'><strong>De</strong></span> <span class='ocrx_word' id='word_1_852' title='bbox 1300 2502 1408 2538; x_wconf 81' lang='lat' dir='ltr'><strong>Cpiritu</strong></span> <span class='ocrx_word' id='word_1_853' title='bbox 1420 2506 1523 2538; x_wconf 81' lang='lat' dir='ltr'><strong>sancto,</strong></span> <span class='ocrx_word' id='word_1_854' title='bbox 1537 2501 1666 2537; x_wconf 84' lang='lat' dir='ltr'><strong>quibbus</strong></span> <span class='ocrx_word' id='word_1_855' title='bbox 1675 2501 1750 2530; x_wconf 87' lang='lat' dir='ltr'><strong>adde</strong></span> <span class='ocrx_word' id='word_1_856' title='bbox 1760 2502 1824 2531; x_wconf 67' lang='lat' dir='ltr'><strong>haec</strong></span> <span class='ocrx_word' id='word_1_857' title='bbox 1833 2511 1868 2531; x_wconf 87' lang='lat' dir='ltr'><strong>ex</strong></span> <span class='ocrx_word' id='word_1_858' title='bbox 1877 2504 1931 2538; x_wconf 78' lang='lat' dir='ltr'><strong>Cy-</strong></span> 
     </span>
    </p>
   </div>
   <div class='ocr_carea' id='block_1_113' title="bbox 1102 2546 1931 2585">
    <p class='ocr_par' dir='ltr' id='par_1_113' title="bbox 1102 2546 1931 2585">
     <span class='ocr_line' id='line_1_113' title="bbox 1102 2546 1931 2585; baseline -0.001 -10"><span class='ocrx_word' id='word_1_859' title='bbox 1102 2547 1161 2575; x_wconf 89' lang='lat' dir='ltr'><strong>rilli</strong></span> <span class='ocrx_word' id='word_1_860' title='bbox 1176 2547 1332 2575; x_wconf 83' lang='lat' dir='ltr'><strong>Alexandr.</strong></span> <span class='ocrx_word' id='word_1_861' title='bbox 1357 2547 1568 2575; x_wconf 84' lang='lat' dir='ltr'><strong>commentario</strong></span> <span class='ocrx_word' id='word_1_862' title='bbox 1584 2547 1614 2575; x_wconf 82' lang='lat' dir='ltr'><strong>in</strong></span> <span class='ocrx_word' id='word_1_863' title='bbox 1633 2546 1714 2575; x_wconf 83' lang='lat' dir='ltr'><strong>Amos</strong></span> <span class='ocrx_word' id='word_1_864' title='bbox 1730 2555 1737 2575; x_wconf 90' lang='lat'><strong>:</strong></span> <span class='ocrx_word' id='word_1_865' title='bbox 1754 2548 1868 2583; x_wconf 76' lang='grc' dir='ltr'><strong>Πνεῦμά</strong></span> <span class='ocrx_word' id='word_1_866' title='bbox 1880 2557 1931 2585; x_wconf 73' lang='grc' dir='ltr'><strong>φη-</strong></span> 
     </span>
    </p>
   </div>
   <div class='ocr_carea' id='block_1_114' title="bbox 1103 2589 1932 2629">
    <p class='ocr_par' dir='ltr' id='par_1_114' title="bbox 1103 2589 1932 2629">
     <span class='ocr_line' id='line_1_114' title="bbox 1103 2589 1932 2629; baseline 0 -11"><span class='ocrx_word' id='word_1_867' title='bbox 1103 2602 1142 2619; x_wconf 83' lang='grc' dir='ltr'><strong>σιν</strong></span> <span class='ocrx_word' id='word_1_868' title='bbox 1161 2590 1225 2628; x_wconf 70' lang='grc' dir='ltr'>οὐχὶ</span> <span class='ocrx_word' id='word_1_869' title='bbox 1245 2591 1276 2618; x_wconf 83' lang='grc' dir='ltr'><strong>τὸ</strong></span> <span class='ocrx_word' id='word_1_870' title='bbox 1301 2592 1370 2618; x_wconf 77' lang='grc' dir='ltr'>θεῖον</span> <span class='ocrx_word' id='word_1_871' title='bbox 1394 2591 1438 2619; x_wconf 86' lang='grc' dir='ltr'>καὶ</span> <span class='ocrx_word' id='word_1_872' title='bbox 1465 2591 1538 2629; x_wconf 80' lang='grc' dir='ltr'>ἅγιον</span> <span class='ocrx_word' id='word_1_873' title='bbox 1565 2590 1623 2627; x_wconf 77' lang='grc' dir='ltr'><strong>(κᾶν</strong></span> <span class='ocrx_word' id='word_1_874' title='bbox 1649 2591 1672 2618; x_wconf 72' lang='grc' dir='ltr'><strong>εἱ</strong></span> <span class='ocrx_word' id='word_1_875' title='bbox 1699 2589 1842 2627; x_wconf 58' lang='lat' dir='ltr'><strong>petiverit-:6</strong></span> <span class='ocrx_word' id='word_1_876' title='bbox 1863 2601 1932 2621; x_wconf 79' lang='grc' dir='ltr'>τινες</span> 
     </span>
    </p>
   </div>
   <div class='ocr_carea' id='block_1_115' title="bbox 1101 2634 1931 2675">
    <p class='ocr_par' dir='ltr' id='par_1_115' title="bbox 1101 2634 1931 2675">
     <span class='ocr_line' id='line_1_115' title="bbox 1101 2634 1931 2675; baseline -0.002 -11"><span class='ocrx_word' id='word_1_877' title='bbox 1101 2639 1156 2664; x_wconf 81' lang='grc' dir='ltr'><strong>τῶν</strong></span> <span class='ocrx_word' id='word_1_878' title='bbox 1172 2635 1206 2663; x_wconf 74' lang='grc' dir='ltr'><strong>τὰ</strong></span> <span class='ocrx_word' id='word_1_879' title='bbox 1221 2635 1288 2673; x_wconf 76' lang='grc' dir='ltr'>ὀρθὰ</span> <span class='ocrx_word' id='word_1_880' title='bbox 1304 2634 1471 2675; x_wconf 59' lang='grc' dir='ltr'>διαστρέφειν</span> <span class='ocrx_word' id='word_1_881' title='bbox 1496 2634 1747 2673; x_wconf 79' lang='grc' dir='ltr'><strong>μεμελετηκότων),</strong></span> <span class='ocrx_word' id='word_1_882' title='bbox 1767 2635 1843 2664; x_wconf 72' lang='grc' dir='ltr'>ἀλλὰ</span> <span class='ocrx_word' id='word_1_883' title='bbox 1857 2635 1931 2663; x_wconf 76' lang='grc' dir='ltr'>τουτὶ</span> 
     </span>
    </p>
   </div>
   <div class='ocr_carea' id='block_1_116' title="bbox 1102 2679 1930 2718">
    <p class='ocr_par' dir='ltr' id='par_1_116' title="bbox 1102 2679 1930 2718">
     <span class='ocr_line' id='line_1_116' title="bbox 1102 2679 1930 2718; baseline 0.002 -11"><span class='ocrx_word' id='word_1_884' title='bbox 1102 2681 1133 2708; x_wconf 85' lang='grc' dir='ltr'><strong>τὸ</strong></span> <span class='ocrx_word' id='word_1_885' title='bbox 1153 2679 1242 2718; x_wconf 75' lang='grc' dir='ltr'>ἆὲριόν</span> <span class='ocrx_word' id='word_1_886' title='bbox 1257 2690 1287 2707; x_wconf 86' lang='grc' dir='ltr'>τε</span> <span class='ocrx_word' id='word_1_887' title='bbox 1301 2680 1344 2707; x_wconf 77' lang='grc' dir='ltr'>καὶ</span> <span class='ocrx_word' id='word_1_888' title='bbox 1363 2680 1519 2717; x_wconf 72' lang='grc' dir='ltr'>ἐγκόσμιον,</span> <span class='ocrx_word' id='word_1_889' title='bbox 1535 2692 1550 2706; x_wconf 83' lang='lat'><strong>«</strong></span> <span class='ocrx_word' id='word_1_890' title='bbox 1565 2681 1710 2716; x_wconf 85' lang='lat' dir='ltr'><strong>Spiritum</strong></span> <span class='ocrx_word' id='word_1_891' title='bbox 1723 2681 1859 2710; x_wconf 86' lang='lat' dir='ltr'><strong>nominat</strong></span> <span class='ocrx_word' id='word_1_892' title='bbox 1874 2690 1930 2709; x_wconf 87' lang='lat' dir='ltr'><strong>non</strong></span> 
     </span>
    </p>
   </div>
   <div class='ocr_carea' id='block_1_117' title="bbox 1103 2725 1930 2762">
    <p class='ocr_par' dir='ltr' id='par_1_117' title="bbox 1103 2725 1930 2762">
     <span class='ocr_line' id='line_1_117' title="bbox 1103 2725 1930 2762; baseline -0.001 -8"><span class='ocrx_word' id='word_1_893' title='bbox 1103 2726 1236 2754; x_wconf 85' lang='lat' dir='ltr'><strong>divinum</strong></span> <span class='ocrx_word' id='word_1_894' title='bbox 1253 2727 1281 2753; x_wconf 84' lang='lat' dir='ltr'><strong>et</strong></span> <span class='ocrx_word' id='word_1_895' title='bbox 1291 2729 1424 2754; x_wconf 82' lang='lat' dir='ltr'><strong>sanctum</strong></span> <span class='ocrx_word' id='word_1_896' title='bbox 1437 2725 1567 2762; x_wconf 88' lang='lat' dir='ltr'><strong>(tametsi</strong></span> <span class='ocrx_word' id='word_1_897' title='bbox 1578 2725 1699 2761; x_wconf 83' lang='lat' dir='ltr'><strong>quidam</strong></span> <span class='ocrx_word' id='word_1_898' title='bbox 1710 2725 1752 2754; x_wconf 86' lang='lat' dir='ltr'><strong>ita</strong></span> <span class='ocrx_word' id='word_1_899' title='bbox 1767 2725 1930 2758; x_wconf 83' lang='lat' dir='ltr'><strong>insaniunt,</strong></span> 
     </span>
    </p>
   </div>
   <div class='ocr_carea' id='block_1_118' title="bbox 1104 2770 1929 2808">
    <p class='ocr_par' dir='ltr' id='par_1_118' title="bbox 1104 2770 1929 2808">
     <span class='ocr_line' id='line_1_118' title="bbox 1104 2770 1929 2808; baseline -0.002 -8"><span class='ocrx_word' id='word_1_900' title='bbox 1104 2771 1154 2808; x_wconf 90' lang='lat' dir='ltr'><strong>qui</strong></span> <span class='ocrx_word' id='word_1_901' title='bbox 1170 2773 1250 2799; x_wconf 86' lang='lat' dir='ltr'><strong>recta</strong></span> <span class='ocrx_word' id='word_1_902' title='bbox 1273 2773 1435 2806; x_wconf 87' lang='lat' dir='ltr'><strong>pervertere</strong></span> <span class='ocrx_word' id='word_1_903' title='bbox 1459 2770 1627 2806; x_wconf 84' lang='lat' dir='ltr'><strong>conantur),</strong></span> <span class='ocrx_word' id='word_1_904' title='bbox 1653 2771 1704 2798; x_wconf 84' lang='lat' dir='ltr'><strong>sed</strong></span> <span class='ocrx_word' id='word_1_905' title='bbox 1729 2770 1810 2798; x_wconf 86' lang='lat' dir='ltr'><strong>hunc</strong></span> <span class='ocrx_word' id='word_1_906' title='bbox 1831 2778 1929 2799; x_wconf 86' lang='lat' dir='ltr'><strong>acrum</strong></span> 
     </span>
    </p>
   </div>
   <div class='ocr_carea' id='block_1_119' title="bbox 1104 2814 1929 2849">
    <p class='ocr_par' dir='ltr' id='par_1_119' title="bbox 1104 2814 1929 2849">
     <span class='ocr_line' id='line_1_119' title="bbox 1104 2814 1929 2849; baseline -0.001 -4"><span class='ocrx_word' id='word_1_907' title='bbox 1104 2818 1133 2845; x_wconf 87' lang='lat' dir='ltr'><strong>et</strong></span> <span class='ocrx_word' id='word_1_908' title='bbox 1145 2816 1330 2844; x_wconf 88' lang='lat' dir='ltr'><strong>mundanum</strong></span> <span class='ocrx_word' id='word_1_909' title='bbox 1347 2824 1353 2849; x_wconf 73' lang='grc' dir='ltr'><strong><em>ς</em></strong></span> <span class='ocrx_word' id='word_1_910' title='bbox 1373 2827 1383 2841; x_wconf 83' lang='grc' dir='ltr'>ι</span> <span class='ocrx_word' id='word_1_911' title='bbox 1401 2817 1430 2844; x_wconf 80' lang='lat' dir='ltr'><strong>et</strong></span> <span class='ocrx_word' id='word_1_912' title='bbox 1442 2815 1629 2849; x_wconf 86' lang='lat' dir='ltr'><strong>Theodoret.,</strong></span> <span class='ocrx_word' id='word_1_913' title='bbox 1644 2814 1675 2843; x_wconf 88' lang='lat' dir='ltr'><strong>in</strong></span> <span class='ocrx_word' id='word_1_914' title='bbox 1691 2816 1868 2844; x_wconf 64' lang='lat' dir='ltr'><strong>Comment:</strong></span> <span class='ocrx_word' id='word_1_915' title='bbox 1883 2816 1929 2844; x_wconf 74' lang='lat' dir='ltr'><strong>&quot;0c</strong></span> 
     </span>
    </p>
   </div>
   <div class='ocr_carea' id='block_1_120' title="bbox 1102 2857 1927 2898">
    <p class='ocr_par' dir='ltr' id='par_1_120' title="bbox 1102 2857 1927 2898">
     <span class='ocr_line' id='line_1_120' title="bbox 1102 2857 1927 2898; baseline -0.001 -11"><span class='ocrx_word' id='word_1_916' title='bbox 1102 2859 1134 2887; x_wconf 78' lang='grc' dir='ltr'><strong>τὸ</strong></span> <span class='ocrx_word' id='word_1_917' title='bbox 1151 2860 1237 2897; x_wconf 70' lang='grc' dir='ltr'><strong>μανὸν</strong></span> <span class='ocrx_word' id='word_1_918' title='bbox 1252 2861 1302 2887; x_wconf 71' lang='grc' dir='ltr'>τοῦ</span> <span class='ocrx_word' id='word_1_919' title='bbox 1327 2859 1407 2898; x_wconf 66' lang='grc' dir='ltr'>ἀέρος</span> <span class='ocrx_word' id='word_1_920' title='bbox 1428 2859 1475 2888; x_wconf 76' lang='grc' dir='ltr'><strong>καὶ</strong></span> <span class='ocrx_word' id='word_1_921' title='bbox 1496 2859 1529 2887; x_wconf 79' lang='grc' dir='ltr'><strong>τὸ</strong></span> <span class='ocrx_word' id='word_1_922' title='bbox 1550 2860 1653 2897; x_wconf 67' lang='grc' dir='ltr'>χαῦνον</span> <span class='ocrx_word' id='word_1_923' title='bbox 1679 2858 1716 2890; x_wconf 74' lang='grc' dir='ltr'><strong>εἷς</strong></span> <span class='ocrx_word' id='word_1_924' title='bbox 1740 2859 1789 2887; x_wconf 79' lang='grc' dir='ltr'><strong>τὸν</strong></span> <span class='ocrx_word' id='word_1_925' title='bbox 1805 2857 1927 2898; x_wconf 76' lang='grc' dir='ltr'>φρικώδη</span> 
     </span>
    </p>
   </div>
  </div>
