2029 3143
128 182 204 212 1053

659 182 696 211 ΙΝ
718 181 858 212 LIBROS
880 182 1036 212 CONTRA
1059 181 1283 212 EUNOMIUM.

1754 180 1831 210 105M

125 250 175 282 τῆς
199 247 316 284 βροντῆς
341 243 507 283 μεταϐάλλει
532 246 644 279 κτύπον,
663 244 706 273 διὰ
728 247 782 273 τῶν
813 246 856 273 ὑπ’
872 245 953 273 αὐτοῦ
971 277 972 281 η

1031 255 1078 279 16.,
1092 245 1136 273 καὶ
1153 245 1214 277 Υἱὸς
1229 246 1272 273 καὶ
1291 246 1447 283 μονογενής,
1464 249 1495 274 ut
1510 245 1673 283 exigitipsa
1685 246 1829 282 interpre-

126 292 318 330 γεγενημένων
348 291 455 327 ἀνέμων
485 293 580 318 τοῦτον
612 291 744 318 ἀνακινῶν
774 291 818 318 καὶ
844 291 954 327 συστρέ-

127 347 196 376 cpi-rw
218 347 228 360 π
244 337 296 369 Qui
327 345 423 364 aerem
454 344 552 364 rarum
583 344 615 364 ac
646 336 762 364 mollem
780 336 808 364 in
825 337 954 364 sonitum

127 382 280 410 horribilis
293 381 413 409 tonitrui
431 381 582 416 convertit,
596 389 628 408 ac
644 381 738 408 ventis
761 389 776 408 ιι
799 389 830 409 se
852 380 956 409 creatis

127 427 209 455 hunc
225 428 390 454 comm0vet
405 428 495 461 atque
510 425 646 452 concitat.
664 436 678 449 ν
694 425 780 452 Τοῦτο
798 426 912 453 videtur
924 425 957 452 lc-

126 470 376 507 gisseinterpres,
394 478 452 497 non
476 470 584 502 τοῦτον,
602 470 679 505 quod
709 470 745 497 ad
771 478 867 498 aerem
883 469 957 497 rele-

127 516 254 544 rendum
271 517 326 547 est,
344 523 400 542 non
419 514 453 542 ad
472 514 594 542 tonitru.

163 573 225 602 Col.
241 573 294 600 670
309 573 330 600 C
344 573 370 599 5.
397 572 589 608 Contemptum
613 580 679 600 esse.
702 572 843 606 Ἀθὲτησιν
863 572 960 607 aptius

128 618 277 654 expressit
290 617 458 651 Cornarius,
473 628 486 642 α
498 617 670 645 substantia:
682 617 927 653 reprobationem,
946 627 959 641 ››

127 663 184 691 Th.
213 664 297 695 Beza,
317 673 328 686 ι
359 661 468 689 aboleri
495 661 590 697 ipsius
619 661 823 697 hypostasim;
843 673 856 686 »
881 663 961 697 potes

128 708 219 735 etiam
233 709 353 740 vertere,
368 716 381 731 ι(
401 706 621 742 abrogationem
641 714 705 734 esse
720 706 928 739 subsistentiaz,
947 716 960 729 ››

128 753 184 780 hoc
196 751 325 785 est,ideo
336 751 415 786 rejici
425 753 476 778 aut
487 751 638 786 reprobari
648 751 874 779 subsistentiam
886 751 961 786 ejus,

130 797 211 833 quod
227 804 296 824 eum
312 804 376 824 esse
406 797 570 823 creaturam
596 797 728 832 negetur.
746 798 895 823 Postremo
912 795 963 822 illa

129 842 220 869 verba
236 849 300 876 qum
315 841 481 876 sequuntur
496 839 665 875 ἀξιωθῶμεκ,
679 839 838 875 aliquando
851 840 966 867 censui-

131 895 159 914 m
170 894 205 914 us
223 886 411 921 interpretem
428 885 463 912 de
479 893 532 912 suo
548 884 700 919 adiecisse,
714 894 778 920 quis
793 894 811 913 ει
822 885 928 913 Veneta
939 879 967 911 ct

136 929 353 958 Besiliensibus
362 929 541 956 editionibus
553 929 683 962 aberant,
691 931 719 956 et
729 929 862 957 clausula
869 929 967 964 potius
982 935 1006 968 Β

135 975 266 1010 alicujus
280 973 430 1010 popularis
441 973 569 1001 humilia;
580 973 727 1007 videntur,
736 982 825 1009 quam
838 972 967 1011 ἀνιιρῤη-

137 1020 217 1046 τικοῦ
235 1017 328 1055 λόγου·
346 1018 396 1046 sed
413 1018 441 1045 in
459 1017 548 1054 Regio
563 1020 598 1045 H.
615 1021 686 1046 sunt
702 1021 823 1054 reperta.

174 1077 237 1105 Col.
263 1077 313 1104 671
346 1077 375 1104 in
410 1075 506 1104 titulo.
538 1075 740 1113 Ἀντιῤῥητικά.
771 1077 824 1104 Hic
862 1076 968 1104 titulus

140 1121 349 1158 praeﬁgebatur
372 1120 403 1148 in
432 1120 520 1156 Regio
551 1120 583 1148 ΙΙ.
611 1121 681 1148 huic
709 1121 784 1148 libro
810 1123 923 1156 quarto,
941 1123 970 1149 et

139 1166 262 1194 omissis
288 1165 360 1199 illis,
373 1165 398 1191 ὲν
416 1164 450 1200 ᾧ,
473 1165 674 1201 sequebatur:
692 1165 816 1201 Ἀπορίαι
845 1165 888 1192 καὶ
919 1163 968 1191 λύ-

140 1220 196 1240 σεις
213 1219 219 1226 ·
251 1210 403 1245 Ite/“utalia,
434 1210 491 1237 sive
520 1211 683 1244 quaestiones
713 1212 739 1237 et
761 1211 910 1238 solutiones
936 1219 971 1238 ea:

140 1256 295 1292 Scripturis
323 1255 456 1283 divinitus
484 1255 637 1291 inspiratis,
652 1263 736 1290 super
761 1256 805 1287 iis,
828 1263 891 1291 quae
919 1256 970 1283 ob—

140 1301 282 1335 jiciuntur
307 1299 340 1327 de
367 1300 437 1326 Filio
466 1299 496 1326 in
525 1299 598 1326 Novo
623 1301 648 1327 et
676 1300 767 1328 Veteri
790 1300 969 1328 Testamento.

141 1346 253 1373 Aberat
281 1346 379 1372 autem
408 1352 425 1371 a
449 1345 557 1371 Veneta
581 1344 708 1372 editione
732 1347 855 1380 quartus
881 1345 928 1372 hic
943 1347 972 1372 et

144 1389 269 1425 quintus
297 1388 390 1423 liber;
421 1390 580 1424 utrumque
615 1389 722 1425 Regius
752 1391 972 1425 manuscriptus

146 1433 292 1469 agnoscit.

181 1483 240 1510 Col.
259 1483 313 1510 672
331 1483 355 1509 A
376 1482 401 1509 Ιι.
423 1482 535 1518 Λέγεται
551 1481 607 1510 θῦν.
625 1483 796 1518 Conjunctio
812 1482 857 1510 οὖν
874 1483 974 1512 aberat

148 1536 165 1556 Β,
182 1536 240 1555 ms.
258 1526 308 1562 qui
323 1526 473 1563 conspirat
488 1535 555 1554 cum
571 1535 604 1555 eo
621 1536 678 1564 quo
694 1528 810 1556 videtur
831 1537 902 1556 usus
928 1528 972 1556 in-

146 1575 278 1608 terpres;
294 1573 323 1599 et
337 1579 372 1599 ex
395 1579 453 1607 quo
477 1571 560 1606 illud,
576 1570 686 1608 ψεῦδος,
702 1573 890 1607 correximus,
908 1573 974 1608 ψευ-

1009 291 1080 318 tatio
1096 293 1269 327 Trapezunt.
1287 294 1314 320 ct
1330 292 1417 319 Bezze.

1046 336 1117 363 Ibid.
1137 337 1154 364 It
1170 337 1186 362 2
1203 338 1271 364 Deus
1294 337 1365 364 enim
1378 345 1426 364 nec
1438 344 1500 364 cum
1517 336 1584 364 ulla.
1604 336 1830 364 Immutavimus

1011 381 1088 416 quod
1103 381 1260 416 scripserat
1274 383 1482 417 'I‘rapezunt.,«
1499 382 1573 409 Deus
1588 381 1667 408 enim
1682 381 1717 409 ad
1734 380 1833 408 omnia

1011 429 1040 454 et
1055 435 1105 462 per
1120 428 1219 455 omnia
1234 427 1474 463 incomparabilis
1489 430 1544 455 est.
1567 438 1581 452 η

1049 471 1120 499 Ibid.
1139 471 1159 499 Β
1187 473 1228 499 1-1.
1247 472 1320 506 Quod
1344 473 1372 500 in
1397 474 1491 508 forma
1515 473 1572 500 Dei.
1590 471 1752 500 Dilucidior
1778 470 1836 498 alia

1013 516 1214 551 interpretatio
1224 525 1258 544 ex
1269 517 1368 553 Steph.
1385 526 1418 544 :u
1436 517 1512 544 Illud
1529 517 1559 544 in
1575 517 1669 544 forma
1680 516 1742 549 Dei,
1754 517 1798 543 est
1809 515 1837 542 in

1014 561 1143 589 essentia
1158 561 1206 589 Dei
1221 569 1226 588 :
1254 570 1348 598 neque
1377 562 1453 590 enim
1484 561 1564 589 aliud
1580 564 1625 589 est
1641 562 1742 593 forma,
1760 559 1838 587 aliud

1015 605 1142 632 essentia
1158 605 1216 633 Dei.
1236 616 1250 629 n
1266 605 1396 641 Respicit
1410 605 1487 634 enim
1505 605 1600 633 locum
1617 604 1710 639 Pauli,
1727 603 1840 639 Philip-

1017 657 1099 684 pens.
1116 657 1147 682 ll,
1163 650 1180 676 6
1197 657 1202 677 :
1220 650 1273 684 Qui
1287 658 1348 678 cum
1368 652 1396 677 in
1412 651 1502 685 [arma
1519 650 1567 677 Dei
1588 654 1666 683 esset,
1682 657 1737 677 non
1762 649 1838 684 rapi-

1017 702 1092 721 nam.
1107 694 1150 721 Ab
1165 695 1266 722 eadem
1284 697 1380 722 mente
1396 694 1469 722 illud
1490 697 1534 722 est
1548 695 1577 722 S.
1594 693 1744 722 Athanasii
1760 693 1838 720 hunc

1017 738 1147 774 Apostoli
1163 738 1338 767 versiculum
1352 739 1524 775 exponentis
1540 739 1590 766 lib.
1606 747 1634 766 IV
1648 743 1743 767 contra
1757 737 1838 765 Aria-

1018 792 1077 817 nos,
1095 793 1122 820 p.
1138 785 1190 812 255
1207 795 1213 819 ;
1231 783 1288 812 0'37.
1303 783 1333 811 ὲκ
1357 784 1453 821 μέρους
1470 783 1498 812 δὲ
1513 785 1530 819 ἡ
1546 787 1595 819 τῆς
1613 783 1740 817 θεότητος
1772 791 1839 819 μορ-

1020 829 1069 866 φὴ,
1098 828 1171 856 ἀλλά
1197 829 1228 856 τὸ
1254 828 1395 866 πλήρωμα
1421 833 1471 864 τῆς
1499 832 1547 856 τοῦ
1577 829 1681 866 Ματρὸς
1712 826 1840 862 Oed-crte:

1021 873 1076 900 ἐστι
1102 873 1132 900 τὸ
1158 874 1223 900 εἶναι
1252 876 1300 900 τοῦ
1330 874 1403 910 Ποῦ,
1419 874 1463 901 καὶ
1493 874 1557 905 ὅλος
1573 873 1637 904 Θεός
1654 873 1721 900 ἐστιν
1740 873 1753 899 ὁ
1769 871 1841 902 Υἱός·

1022 930 1037 944 α
1053 919 1115 946 Non
1129 921 1226 957 autem
1240 927 1274 946 ex
1288 922 1369 955 parte
1385 919 1481 955 aliqua
1496 920 1589 947 Forma
1599 918 1718 947 deitatis
1729 916 1845 946 coniici-

1023 966 1079 996 tur,
1093 964 1143 992 sed
1159 972 1193 991 ex
1207 963 1321 1000 integra
1336 965 1443 992 deitate
1459 964 1549 992 Patris
1563 963 1690 992 essentia
1705 962 1768 990 Filii
1780 970 1846 989 con-

1023 1008 1127 1044 surgit,
1144 1010 1172 1036 et
1187 1008 1298 1036 solidus
1313 1009 1393 1037 Deus
1407 1011 1452 1037 est
1467 1009 1558 1037 Filius
1575 1017 1581 1036 :
1600 1020 1614 1033 n
1631 1009 1673 1036 sic
1693 1007 1774 1035 illius
1790 1006 1845 1034 loci

1023 1053 1206 1081 restituenda
1229 1056 1273 1081 est
1288 1054 1401 1088 versio;
1417 1056 1445 1082 et
1461 1054 1489 1081 in
1505 1054 1585 1082 Orat.
1600 1057 1701 1081 contra
1721 1051 1842 1080 Sabellii

1023 1097 1154 1134 gregales
1170 1106 1197 1133 p.
1213 1098 1266 1125 509
1283 1107 1289 1126 :
1306 1097 1384 1125 Ἀλλ’
1402 1098 1415 1124 ὁ
1431 1097 1460 1124 ἐκ
1486 1099 1533 1125 τοῦ
1559 1098 1625 1125 θεοῦ
1651 1097 1714 1127 Θεὸς
1734 1095 1780 1122 ἴσοι
1793 1093 1845 1130 ἕξει

1023 1144 1061 1176 τῷ
1075 1139 1244 1179 γεγεννηκότι
1260 1143 1328 1169 7.115:
1342 1143 1391 1176 τὴν
1407 1142 1496 1180 φύσιν,
1513 1142 1550 1174 ὡς
1572 1142 1618 1169 καὶ
1643 1141 1759 1181 Παῦλος.
1777 1149 1846 1177 μαρ-

1023 1189 1117 1223 τυρεῖ,
1145 1186 1177 1213 τὰ
1205 1187 1257 1223 πρὸ
1290 1190 1340 1221 τῆς
1374 1186 1603 1224 ἐνανορωπήσεως
1640 1185 1845 1222 ἐξηγούμενος·

1024 1232 1106 1266 Atqui
1128 1233 1154 1259 si
1178 1234 1250 1260 Deus
1273 1240 1308 1259 ex
1327 1233 1378 1260 Deo
1398 1234 1447 1267 est,
1462 1232 1524 1267 ﬁeri
1538 1233 1646 1268 nequit,
1662 1232 1729 1268 quin
1745 1231 1850 1258 ratione

1024 1282 1135 1306 naturae
1147 1278 1228 1314 parta
1243 1278 1341 1306 habeat
1355 1287 1417 1306 cum
1431 1279 1557 1313 genitore
1571 1286 1631 1313 suo,
1647 1282 1678 1305 ut
1700 1279 1725 1305 et
1744 1276 1850 1304 Paulus

1025 1325 1151 1357 testatur,
1168 1324 1216 1358 qui
1230 1323 1263 1350 de
1280 1324 1317 1351 iis
1332 1331 1393 1359 quae
1403 1325 1623 1352 incarnationem
1636 1325 1847 1358 prmesserunt,

1025 1369 1249 1404 explanationem
1264 1369 1343 1403 favit.

1062 1412 1122 1441 Col.
1137 1413 1190 1440 675
1204 1414 1227 1440 Α
1240 1414 1267 1441 7.
1283 1414 1403 1447 Quorum
1419 1413 1530 1442 eazdem.
1547 1412 1756 1441 Emendandus
1771 1411 1847 1438 Grie-

1027 1465 1079 1485 cus
1096 1459 1191 1485 textus
1207 1458 1339 1485 omnium
1356 1458 1570 1493 editionum,ex
1585 1457 1851 1502 mg.H.,utconve-

1028 1502 1091 1530 niat
1114 1510 1180 1530 cum
1200 1502 1386 1538 Trapezuntii
1412 1497 1664 1538 interpretatione,
1679 1500 1797 1538 ἐνέργεια
1823 1497 1851 1525 δὶ

1029 1545 1133 1583 [ἰατρὸς
1157 1545 1201 1572 καὶ
1228 1546 1290 1572 Υἱοῦ
1315 1546 1374 1582 μία.
1391 1547 1473 1575 Unde
1497 1549 1525 1575 et
1549 1547 1578 1574 in
1600 1547 1662 1574 loco
1677 1544 1799 1574 Joannis
1822 1552 1851 1577 v,

1031 1591 1073 1623 19,
1088 1591 1224 1627 ρτωεεάἰῐ
1236 1599 1342 1619 nomen
1357 1591 1462 1625 Patris,
1482 1593 1510 1619 et
1525 1591 1657 1627 sequitur
1680 1590 1753 1618 illud
1778 1588 1851 1616 Filii.

147 1614 324 1672 €93ﬁ‘3“
425 1616 713 1672 Ξῗῐθτξξξξᾟθίῖοξίξὶέ
728 1618 974 1672 id_“R‘“fi‘j’e{§‘f’
989 1621 1011 1654 ί)
1032 1614 1114 1668 Bc'zg,
1129 1635 1197 1663 licet
1212 1636 1241 1663 in
1256 1638 1336 1664 textu
1353 1614 1575 1672 Grieco’Steph.‘l
1575 1645 1632 1664 non
1649 1635 1732 1663 aliter
1746 1634 1853 1670 legere-

149 1661 282 1697 poterit:
302 1672 315 1686 ‹‹
332 1660 360 1687 Si
387 1669 454 1688 vero
480 1660 572 1688 Filius
600 1663 706 1689 natura
730 1662 807 1689 Deus
836 1670 895 1690 non
919 1664 974 1695 est,

148 1706 228 1734 sicut
257 1705 307 1742 qui
337 1705 410 1733 falso
439 1705 480 1733 dii
508 1708 662 1741 vocantur,
677 1706 785 1734 dicitur
806 1710 835 1735 et
858 1715 915 1734 non
932 1708 977 1735 est

147 1751 241 1778 Deus.
264 1761 277 1775 »

186 1795 260 1822 Ibid.
277 1795 320 1822 11.
338 1794 412 1828 Quod
427 1794 581 1830 adoptione.
600 1796 656 1824 Hoc
673 1797 713 1824 ita
728 1805 794 1824 cum
815 1796 881 1824 aliis
901 1797 975 1824 duo-

150 1840 205 1868 bus
221 1839 431 1875 interpretibus
442 1840 537 1868 elI'erri
547 1840 716 1877 maluimus,
729 1850 817 1878 quam
833 1843 974 1878 positione.

149 1884 260 1912 Paulus
272 1884 422 1920 apostolus
430 1884 562 1911 utoﬁeoiav
574 1886 712 1921 appellat,
721 1889 753 1914 ut
763 1887 913 1922 Ephesior.
923 1887 975 1920 1,3,

151 1928 306 1966 Προορῖσας
335 1929 409 1964 ἡμᾶς
442 1929 479 1961 εἷς
509 1930 663 1962 υἱοθεσίαν·
688 1932 740 1965 Qui
764 1933 977 1968 praedestinavit

151 1982 200 2001 nos
215 1975 245 2002 in
261 1974 384 2009 ﬁliorum
400 1975 582 2010 adoptionem.

187 2027 247 2055 Col.
263 2027 318 2055 674
346 2028 379 2055 A.
413 2028 478 2056 Vere
506 2029 646 2064 imposita.
672 2029 712 2057 Τὰ
736 2028 848 2064 ἀληθῶς
879 2028 978 2066 ὀνόμα-

148 2081 193 2100 τα.
209 2072 281 2105 lmo,
293 2080 355 2107 quae
368 2081 433 2100 vere
444 2074 514 2101 sunt
531 2073 742 2107 nomins,notsa
758 2076 827 2102 sunt
843 2075 977 2103 essentiaa

151 2126 254 2145 earum
267 2126 509 2153 rerum,quarum
521 2121 589 2146 sunt
600 2119 809 2147 nomina.Beza
820 2128 920 2148 vocem
930 2119 978 2146 ού-

152 2160 213 2192 σίας
236 2162 433 2197 praetermisit.
447 2163 530 2198 Apud
548 2164 720 2192 Cornarium
741 2173 894 2201 perperam
916 2165 977 2193 edi-

150 2208 215 2234 tum
232 2209 285 2240 est,
305 2217 319 2232 ‹‹
335 2215 398 2242 qua:
414 2215 480 2235 vero
496 2210 565 2235 sunt
581 2209 713 2236 nomine.
731 2219 745 2234 »

191 2259 265 2287 Ibid.
295 2260 323 2288 6.
354 2260 406 2288 Sed
425 2262 492 2297 quia
517 2261 756 2298 incomparabilis.
783 2263 836 2290 Hic
865 2271 980 2299 quoque

1030 1683 1079 1708 tur
1091 1683 1179 1716 atque
1194 1681 1224 1708 in
1240 1681 1405 1716 Basiliensi,
1426 1681 1546 1717 scripsit
1568 1683 1677 1708 tamen.
1689 1691 1703 1704 ‹‹
1721 1680 1849 1712 Quorum

1030 1725 1132 1753 eadem
1143 1728 1187 1753 est
1197 1725 1283 1761 actio,
1294 1726 1395 1754 eadem
1409 1734 1524 1762 quoque
1542 1728 1588 1754 est
1601 1725 1740 1753 essentia.
1758 1723 1852 1751 Patris

1031 1773 1128 1798 autem
1149 1773 1177 1798 et
1191 1770 1255 1798 Filii
1272 1779 1330 1798 uno.
1345 1774 1390 1799 est
1404 1771 1489 1799 actio.
1505 1782 1520 1797 »
1537 1770 1625 1806 Atqui
1651 1768 1780 1806 ἐνεργείας
1806 1768 1852 1795 di-

1029 1815 1082 1849 xit,
1098 1823 1154 1843 non
1170 1812 1316 1852 ἐνέργειαν.

1067 1859 1140 1887 Ibid.
1167 1860 1187 1887 C
1214 1860 1256 1887 10.
1286 1859 1360 1896 Πρὸς
1389 1859 1420 1886 τὸ
1458 1859 1502 1886 καὶ
1541 1857 1692 1894 ἀδνναμεῖν.
1722 1858 1854 1885 Verterat

1029 1904 1119 1938 idem,
1139 1915 1149 1929 α
1167 1905 1237 1931 Cum
1254 1905 1289 1931 ad
1306 1904 1360 1932 hoc
1375 1904 1463 1932 etiam
1481 1904 1667 1932 imbecillitas
1682 1903 1738 1939 ipsi
1755 1902 1853 1930 insit.»

1031 1948 1090 1976 Hoc
1104 1950 1159 1983 est,
1171 1948 1200 1975 Si
1213 1957 1268 1976 non
1281 1950 1376 1984 potest
1386 1950 1572 1984 generare,et
1586 1947 1739 1976 deterioris
1751 1947 1854 1975 condi-

1031 1992 1118 2020 tionis
1134 1995 1178 2020 est
1194 2001 1281 2028 quam
1296 2001 1451 2029 generatis,
1468 2005 1482 2019 α
1505 1996 1534 2022 et
1557 1995 1697 2030 preterea
1724 1991 1851 2020 imbecil.

1030 2037 1139 2065 lis.»In
1153 2037 1285 2065 membro
1301 2038 1378 2073 quod
1393 2038 1596 2074 scquitur,pro
1613 2038 1650 2073 μή
1667 2047 1733 2065 ποτε
1748 2037 1854 2073 legitur

1032 2082 1061 2109 in
1086 2090 1142 2110 me.
1160 2084 1205 2115 H.,
1225 2082 1261 2117 μή
1288 2092 1331 2108 πω
1355 2082 1488 2119 ἐγέννησε.
1507 2084 1568 2116 Quo
1591 2085 1674 2118 pacto
1698 2086 1726 2110 et
1747 2082 1854 2118 legisse

1032 2127 1261 2162 Trupezuntium
1278 2135 1336 2162 prae
1353 2136 1383 2155 se
1399 2128 1455 2155 fert
1469 2128 1533 2163 ejus
1549 2127 1652 2161 versio,
1667 2138 1681 2152 ‹‹
1697 2127 1763 2162 etsi,
1779 2135 1854 2155 non-

1033 2172 1103 2199 dum
1120 2171 1240 2207 genuit;
1256 2183 1270 2196 »
1286 2172 1368 2206 Beza,
1383 2184 1396 2197 ‹‹
1413 2172 1467 2200 etsi
1484 2181 1636 2208 nunquam
1649 2172 1751 2209 genuit
1768 2180 1774 2200 :
1791 2183 1805 2196 »
1822 2180 1856 2199 ex

1033 2216 1173 2251 Stcphan.
1191 2219 1220 2244 et
1235 2216 1323 2244 Basil.
1342 2217 1379 2252 μή
1397 2227 1472 2245 ποτε.

1072 2269 1142 2297 Ibid.
1171 2270 1190 2297 Ο
1217 2270 1262 2298 13.
1283 2271 1315 2298 Et
1340 2276 1433 2307 postea
1459 2272 1528 2299 sine.
1556 2271 1719 2307 Scripserat
1746 2271 1854 2306 Trape-

152 2305 336 2352 lapsuscum
348 2307 484 2352 Cornerio
500 2308 664 2352 communis
679 2311 735 2342 est,
751 2309 781 2336 ni
796 2309 891 2344 fallor,
912 2311 980 2336 Tra-
994 2310 1017 2342 D
1034 2317 1129 2348 zunt.,
1148 2326 1161 2341 (ι
1172 2314 1214 2343 vel
1230 2323 1297 2342 cum
1313 2305 1403 2343 semel
1419 2315 1519 2349 voluit,
1535 2305 1644 2344 invitus
1658 2316 1688 2344 in
1705 2305 1854 2352 posterum

155 2350 304 2386 pezuntio,
321 2352 398 2387 quod
413 2350 444 2378 τὸ
467 2351 625 2390 ἀσύγκριτον
653 2353 738 2381 vertit
766 2362 822 2382 non
839 2363 854 2380 (ι
869 2354 980 2382 incom-

155 2394 299 2431 parabile,
311 2406 326 2420 »
353 2396 403 2424 sed
430 2407 443 2421 ι(
465 2396 739 2433 incomparabilis,»
757 2399 791 2426 ad
807 2399 920 2426 Patrem
934 2407 981 2426 re.

155 2439 276 2468 ferendo
293 2447 300 2467 ε
318 2442 396 2468 Bezae
411 2443 508 2469 autem
524 2442 662 2478 proprius
676 2444 721 2470 est
742 2451 832 2478 error,
850 2444 927 2479 quod
951 2443 982 2470 τὸ

159 2482 299 2520 μονογενὲς
315 2484 401 2512 vertit
417 2496 429 2511 α
448 2486 626 2522 unigenitus.
645 2497 659 2511 »
675 2489 712 2514 Ut
732 2487 823 2523 igitur
847 2488 883 2515 ab
903 2490 982 2516 utro-

156 2537 213 2565 que
227 2528 314 2564 lapsu
330 2529 388 2556 sibi
403 2532 503 2558 caveat
522 2530 623 2564 lector,
639 2531 680 2559 ita
694 2531 802 2560 scribet
817 2540 824 2559 :
842 2544 856 2558 «
871 2533 899 2560 Si
916 2533 983 2560 uni-

159 2573 293 2609 genitum
310 2582 374 2602 esse
388 2575 585 2610 generationis
600 2584 657 2603 non
674 2578 727 2610 est,
744 2576 794 2604 sed
810 2577 845 2604 ob
863 2577 889 2604 id
905 2577 984 2612 quod

157 2617 196 2645 sit
213 2617 454 2654 incomparabile,
469 2619 640 2656 unigenitus
655 2620 743 2648 etiam
758 2622 803 2648 est
817 2620 902 2648 Pater
918 2629 925 2649 :
941 2623 985 2649 est

159 2662 239 2690 enim
255 2662 507 2699 incomparabilis.
523 2674 539 2690 ))

194 2720 269 2748 Ibid.
285 2721 311 2749 9.
328 2719 362 2748 Et
386 2721 400 2748 ὁ
425 2721 498 2752 Υἱός.
525 2722 711 2751 Correximus
734 2723 869 2752 vitiosam
887 2724 985 2753 lectio-

160 2773 227 2792 nem
243 2764 332 2793 Basil.
349 2765 363 2791 ὁ
379 2765 440 2796 Υἱὸς
457 2765 509 2804 οὐχ
525 2767 630 2802 ἁπλῶς,
643 2770 672 2795 et
687 2767 766 2795 illam
781 2768 985 2804 manuscripti,

161 2809 201 2839 εἷς
217 2809 291 2842 Υἱός,
308 2810 400 2838 secuti
417 2811 488 2839 edit.
503 2811 604 2848 Steph.
621 2812 736 2840 Rursus
750 2812 780 2840 in
797 2813 898 2841 eodem
917 2814 987 2842 arti-

161 2852 238 2888 culo,
255 2862 308 2890 pro
323 2853 337 2881 ὸ
352 2853 415 2885 Υἱὸς
430 2854 474 2882 καὶ
500 2855 653 2894 μονογενής
673 2855 739 2892 tm,
756 2856 930 2894 scripsimus
953 2866 988 2887 ex

1035 2361 1089 2387 est.
1109 2370 1119 2384 ι
1138 2359 1305 2393 Carnarius,
1321 2371 1335 2386 ‹‹
1352 2360 1396 2388 vel
1413 2369 1479 2388 cum
1495 2361 1586 2389 semel
1601 2362 1732 2396 voluerit,
1751 2362 1788 2389 de
1802 2369 1855 2389 ca:-

1036 2406 1098 2431 tero
1118 2412 1174 2432 non
1191 2403 1262 2432 vult.
1280 2416 1295 2429 »
1310 2401 1480 2440 ’Δϐούλητος
1496 2415 1554 2434 non
1569 2414 1686 2443 semper
1710 2406 1855 2442 passivam

1037 2448 1126 2476 habet
1141 2449 1394 2484 significationem,
1404 2453 1436 2478 ut
1452 2451 1557 2479 Suidas
1571 2452 1671 2479 docet:
1689 2448 1857 2484 Ἀϐούλητον

1038 2492 1130 2528 κακὸν,
1146 2491 1287 2527 ἀθέλητον,
1303 2494 1317 2520 ὃ
1333 2493 1365 2521 οὐ
1381 2493 1453 2526 θέλει
1468 2505 1521 2528 τις,
1536 2495 1580 2522 καὶ
1601 2492 1767 2529 ἀϐούλητος,
1785 2495 1798 2521 ὁ
1820 2494 1858 2530 μὴ

1041 2535 1221 2574 βουλόμενος.
1239 2549 1253 2564 ‹‹
1267 2538 1498 2568 Involuntarium
1515 2540 1623 2568 dicitur
1647 2540 1759 2568 malum
1781 2540 1859 2575 quod

1040 2583 1106 2618 quis
1122 2591 1180 2610 non
1196 2582 1267 2618 vult,
1285 2586 1314 2611 et
1328 2580 1553 2620 déoékmocqui
1569 2593 1627 2612 non
1643 2584 1704 2612 vuIt
1717 2593 1723 2612 :
1738 2595 1751 2609 ››
1763 2592 1859 2612 exem-

1040 2626 1122 2663 plum
1138 2635 1172 2656 ex
1187 2628 1242 2656 hoc
1258 2628 1357 2657 Basilii
1372 2628 1434 2656 loco
1449 2631 1598 2665 suppetet.

1076 2681 1135 2710 Col.
1150 2682 1239 2710 678A
1269 2682 1311 2709 12.
1340 2682 1406 2710 Cum
1433 2691 1482 2710 nos
1510 2691 1675 2710 oneramus.
1704 2683 1861 2711 Obscurior

1041 2728 1103 2754 erat
1118 2729 1203 2754 antea
1218 2726 1364 2755 sententia
1387 2727 1525 2762 auctoris,
1548 2739 1558 2753 σ
1577 2728 1649 2756 Cum
1674 2737 1728 2757 nos
1750 2737 1863 2757 assera-

1043 2779 1108 2799 mus
1123 2772 1238 2800 Patrem
1253 2779 1318 2799 esse
1332 2779 1583 2806 semper,necesse
1597 2776 1643 2802 est
1655 2774 1744 2802 etiam
1758 2774 1864 2802 Filium

1042 2823 1106 2843 esse
1123 2823 1248 2852 semper.
1267 2814 1312 2844 Illi
1337 2815 1440 2844 dicunt
1461 2824 1540 2852 ergo,
1557 2818 1707 2853 quoniam.
1724 2832 1735 2847 ι
1753 2821 1809 2848 Sed
1834 2821 1864 2848 in

1042 2859 1139 2888 locum
1169 2860 1334 2888 Graecarum
1357 2868 1461 2890 vocum
1485 2859 1653 2901 δημιουργός
1675 2866 1704 2893 et
1733 2862 1864 2903 δημιουρ·
