2029 3143
199 148 280 178 1055

799 146 915 176 NOTAE
939 147 1158 178 FRONTONlS
1181 148 1311 178 DUG/EI

1832 142 1913 171 1056

197 213 251 252 γὶα,
275 214 298 241 si
324 213 549 241 substituuntur
573 220 606 240 ex
631 212 762 240 Cornarii
787 212 1071 248 interpretationeA
1086 211 1264 249 ἐπιτάττεται,
1296 213 1402 241 melius
1430 211 1527 239 verbis
1556 209 1686 238 Cornsrii
1718 208 1914 246 exprimetur,

203 258 356 291 duaeistzn,
373 269 387 281 α
411 257 508 293 opifex
532 259 560 284 et
586 257 748 292 opiﬁcium,
775 269 789 281 υ
815 258 912 292 potius
941 265 1030 292 quam

202 313 216 328 «
235 305 349 330 creator
364 305 392 329 et
407 304 540 330 creatura
557 313 570 326 η
587 302 630 329 vel
648 314 660 326 α
675 302 782 329 ereatio
795 312 807 327 ι
821 310 888 329 cum
905 304 976 329 Beza
987 301 1031 329 vel

201 347 571 383 'l‘rapezuntio,dilucidior
585 347 639 374 erit
651 347 754 380 oratio,
766 348 841 382 quod
854 355 919 374 cum
933 354 1031 374 exem-

204 392 261 428 plis
278 391 372 426 magis
389 391 564 418 conveniant
579 391 764 418 mdiﬁcatoris
790 394 817 419 et
834 391 1006 419 navicularii
1024 399 1030 419 :

201 444 296 472 neque
307 437 384 464 enim
398 435 439 463 illi
452 437 574 463 domum
588 438 637 463 aut
648 436 745 463 navim
757 444 854 464 creare
869 436 1030 463 dicuntur:

203 483 233 508 at
246 481 343 516 opifex
354 481 569 516 adiﬁcatorque
585 481 688 508 mundi
705 483 782 508 Deus
794 482 838 508 est
849 481 936 508 etiam
953 480 1033 508 Cice-

202 525 278 561 roni,
296 533 304 552 ι
322 525 357 552 οε
371 527 473 552 natura
489 524 610 552 deomm.

238 569 297 597 Col.
309 570 361 596 678
373 571 402 596 Β.
412 570 598 605 Omnipotens.
611 569 669 597 Hoc
682 570 830 604 usitatius,
839 578 927 606 quam
941 581 954 595 ‹‹
965 569 1032 597 0m-

203 614 350 648 nitenens,
367 626 381 639 ››
397 614 583 650 Trapezuntii
598 622 604 641 :
622 614 664 642 sic
689 614 766 642 enim
794 615 877 642 eﬂ‘ert
902 615 1032 642 Graecam

201 667 302 687 vocem
325 658 518 696 παντοκράτωρ
541 661 643 686 auctor
671 659 746 686 itala:
772 659 1031 695 interpretationis,

203 711 238 732 ex
262 712 321 739 qua
344 703 398 731 viri
422 704 500 730 docti
526 703 610 731 nobis
634 707 743 731 restare
759 706 864 739 putant
879 712 928 731 eos
944 712 1032 731 sacras

204 748 362 783 Scriptura:
388 747 488 782 libros,
507 756 580 783 quos
602 756 636 775 ex
662 748 779 775 Hebraeo
804 748 925 776 minime
947 748 1034 776 vertit

202 794 230 820 Β.
249 792 453 828 Hieronymus,
478 794 510 819 ut
534 792 690 828 Sapientiae
709 801 761 828 vu,
786 794 845 821 25:
868 792 918 819 Καὶ
947 789 1032 830 and;-

204 834 265 872 p'omt
291 838 341 870 τῆς
363 837 411 862 τοῦ
443 836 664 873 Παντοκράτορος
700 835 798 872 δόξης·
830 837 861 865 Et
891 837 1033 865 emanatio

203 880 332 916 quaedam
353 885 393 908 est
406 881 546 908 claritatis
573 882 768 916 omnipotentis
783 882 840 909 Dei.
858 882 938 909 Adde
955 881 1032 917 quod

205 925 399 961 Septuaginta
415 925 513 953 Graeca
528 925 577 952 illa
602 933 670 953 voce
699 926 744 954 usi
774 929 844 954 sunt
867 926 902 954 ad
933 926 1027 962 expri-

203 969 339 997 mendam
356 970 505 998 Hebrtsam
521 974 588 1001 ’πιεῖν
605 970 703 1004 Sadai,
720 979 783 1006 quae
800 971 876 1007 apud
892 971 1027 998 Hebraeos

204 1022 294 1041 unum
313 1022 347 1042 ex
363 1015 462 1042 decem
481 1014 528 1042 Dei
548 1015 918 1051 nominibus,uberrimum
933 1017 1027 1049 sonat,

204 1061 232 1086 et
260 1066 328 1085 eum
357 1059 443 1094 cujus
472 1059 588 1086 bonitas
617 1067 668 1095 per
697 1061 849 1088 universas
878 1062 1027 1088 creaturas

206 1105 354 1138 permeat;
372 1106 525 1139 propterea
544 1103 598 1131 Job
621 1112 682 1137 vm,
697 1105 725 1137 3,
747 1105 869 1132 vertitur
882 1104 913 1132 Ὁ
941 1104 1028 1130 πάντα

206 1147 338 1181 ποιήσας·
365 1149 423 1183 Qui
449 1149 543 1175 omnia
568 1149 652 1183 fecit;
682 1149 819 1185 Vulgata,
846 1150 1028 1185 Omnipotens

206 1191 347 1218 subvertit.
379 1193 477 1226 idem,
509 1200 571 1228 cap.
602 1201 671 1225 xm,
700 1193 735 1220 25
760 1202 766 1220 :
791 1193 885 1220 Ἔσται
909 1191 954 1220 οὖν
980 1203 1027 1219 σου

207 1235 221 1261 ὁ
251 1235 448 1274 Παντοκράτωρ
485 1235 608 1273 βοηθός’
637 1237 696 1265 Erit
732 1238 820 1272 igitur
856 1239 1028 1274 Omnipotens

206 1280 358 1308 auxiliator
388 1285 460 1308 tuus.
476 1286 561 1310 nam:
592 1278 706 1312 Σιϐαώθ
733 1284 828 1309 autem
856 1282 940 1318 jungi
955 1282 1030 1309 solet

207 1333 274 1353 cum
291 1325 470 1353 dictionibus
495 1323 604 1362 Κύριος,
621 1325 665 1353 vel
688 1325 764 1361 Θεός,
781 1329 812 1354 ut
836 1327 950 1355 dicatur
975 1325 1026 1352 Κύ-

208 1379 266 1406 ριος
297 1366 425 1402 Σαϐαὼθ,
445 1381 458 1396 α
480 1369 622 1397 Dominus
649 1371 840 1407 exercituum,
856 1383 870 1396 »
899 1371 941 1399 vel
957 1372 1029 1399 Deus

207 1416 418 1449 exercituum,l
443 1415 513 1450 Reg.
538 1422 556 1446 l,
584 1414 623 1441 3:
650 1414 699 1442 Καὶ
729 1415 800 1446 θύειν
827 1418 867 1451 τῷ
897 1417 954 1452 Θεῷ
975 1419 1027 1442 Σα-

209 1455 296 1490 ϐαὼθ·
313 1459 346 1486 Et
371 1460 532 1495 sqrriﬁcare
559 1459 611 1486 Deo
634 1461 812 1488 exercituum.
840 1461 919 1489 Isaiae
944 1470 964 1494 ι,
987 1461 1026 1488 9:

206 1502 239 1530 Ei
267 1503 305 1538 μὴ
336 1502 435 1540 Κύριος
466 1499 581 1534 Σαϐαὼθ
610 1502 785 1540 ἐγκατέλιπε·
811 1507 871 1534 Nisi
899 1507 1030 1534 Dominus

206 1550 377 1577 exercituum
394 1550 562 1587 reliquisset.

1087 269 1100 283 υ
1116 259 1263 294 siquidem
1282 258 1337 295 ipsi
1350 258 1481 294 jubetur.
1508 266 1522 281 ››

1121 303 1181 331 Col.
1210 304 1263 330 682
1287 304 1307 332 C
1337 303 1363 330 4,
1388 303 1425 330 Et
1449 302 1542 329 omnia
1565 309 1600 329 ex
1615 300 1915 336 opposito.1nterpres

1086 348 1256 384 scripserat,
1274 359 1287 373 ‹‹
1304 350 1332 375 et
1347 347 1584 383 quandocunque
1597 354 1630 373 ex
1643 343 1777 380 opposito
1794 343 1873 370 inter
1888 351 1917 370 se

1087 391 1258 420 dividuntur
1276 401 1282 420 :
1301 392 1389 420 etiam
1406 389 1622 419 innascibilitas
1638 387 1830 417 nascibilitati
1846 395 1916 414 con-

1087 437 1175 464 traria
1190 440 1244 465 est.
1257 438 1352 470 Quare
1363 436 1387 464 si
1404 436 1509 463 modus
1532 433 1730 462 subsistentia:
1752 431 1918 459 innascibi-

1088 481 1154 509 litas
1170 490 1226 510 non
1256 483 1309 517 est,
1327 481 1377 509 sed
1403 479 1582 513 substantia,
1598 479 1682 506 Pater
1708 477 1778 505 Filio
1809 483 1917 504 secun-

1087 526 1157 554 dum
1179 527 1374 554 substantiam
1389 525 1553 554 contrarius
1569 524 1635 552 erit.
1646 535 1658 549 ››
1676 523 1764 551 Porro
1780 522 1816 549 ad
1834 529 1916 549 oram

1087 571 1142 599 loci
1158 571 1249 606 illius,
1264 572 1396 599 Dominus
1411 578 1510 598 nomen
1526 570 1588 602 tibi,
1607 569 1721 596 notarat
1743 566 1916 599 Cornarius,

1088 615 1192 652 psalm.
1206 625 1310 650 Lxxxu,
1327 617 1412 652 cujus
1426 615 1455 643 in
1467 623 1550 643 versu
1566 614 1599 641 19
1613 613 1738 649 legimus
1755 620 1762 639 :
1780 611 1832 638 Καὶ
1847 609 1916 647 γνώ-

1086 670 1173 687 τωσαν
1192 682 1200 696 ,
1230 659 1270 687 ὅτι
1301 658 1389 696 ὄνομά
1421 669 1463 686 σοι
1503 657 1627 696 Κύριοςο
1662 658 1693 685 Et
1729 658 1918 692 cognoscant,

1087 706 1154 741 quia
1168 713 1267 734 nomen
1283 706 1334 733 tibi
1348 705 1491 740 Dominus,
1508 704 1556 731 ubi
1573 702 1713 731 Hebraice
1742 703 1788 729 est
1813 700 1846 727 τὸ
1873 709 1918 726 τι-

1087 748 1311 786 τραγράμματον.
1328 750 1408 783 Quod
1426 751 1524 777 autem
1542 748 1595 776 hoc
1611 747 1706 784 capite
1732 746 1919 774 demonstrat

1087 793 1215 822 Basilius
1231 794 1262 820 τὸ
1276 793 1431 831 ἀγέννητον,
1448 793 1613 829 ingenitum
1632 791 1675 819 vel
1701 789 1917 818 innaseibilita-

1088 841 1147 866 tem
1164 847 1221 867 non
1238 839 1403 875 signiﬁcare
1413 837 1609 866 substantiam
1626 836 1670 864 vel
1682 833 1916 869 essentiam,sed

1089 883 1207 911 modum
1224 884 1367 918 essentia,
1385 883 1427 911 vel
1445 883 1564 911 modum
1586 880 1745 909 assistendi
1770 886 1916 916 persona,

1087 928 1249 956 admittunt
1274 929 1362 956 etiam
1387 928 1435 955 alii
1458 928 1567 962 Patres,
1586 935 1660 962 quos
1683 925 1794 961 profert
1816 925 1917 951 noster

1082 972 1196 1000 Gabriel
1207 973 1350 1008 Vasques,
1364 973 1508 1008 Disputat.
1523 972 1573 999 137
1585 971 1613 998 in
1631 980 1639 998 ι
1656 972 1768 1006 partem
1784 969 1815 996 S.
1832 967 1912 995 Tho-

1082 1024 1146 1049 mts,
1163 1019 1194 1044 ut
1217 1017 1351 1053 Cyrillus,
1369 1017 1420 1045 tib.
1438 1025 1447 1044 ι
1464 1017 1604 1050 Thesauri,
1621 1023 1684 1050 cap.
1706 1014 1732 1047 4,
1749 1013 1839 1048 cujus
1865 1011 1913 1038 hic

1081 1061 1188 1088 titulus
1213 1063 1258 1088 est
1274 1069 1281 1089 :
1298 1060 1446 1098 Ἀπολογία
1468 1059 1618 1096 αὖτολεξεὶ,
1635 1058 1677 1085 ὅτι
1705 1058 1742 1094 μὴ
1770 1056 1804 1083 τό
1835 1054 1913 1093 ἀγέν-

1081 1115 1162 1139 νητον
1193 1104 1281 1140 οὐσία,
1299 1105 1381 1141 μόνον
1410 1104 1438 1132 δὲ
1465 1106 1513 1132 τοῦ
1546 1104 1584 1140 μὴ
1615 1102 1754 1141 γεγονέναι
1770 1101 1816 1128 τὸν
1847 1100 1911 1127 Θεὸν

1082 1149 1259 1185 σημαντικόν,
1278 1161 1291 1176 ‹‹
1307 1151 1388 1182 Quod
1403 1150 1566 1186 ingenitum
1583 1147 1752 1176 substantia
1767 1155 1827 1174 non
1856 1147 1913 1178 est,

1082 1194 1133 1221 sed
1145 1194 1330 1222 solummodo
1341 1195 1433 1222 Deum
1445 1203 1503 1221 non
1515 1202 1578 1221 esse
1590 1192 1720 1229 genitum
1733 1191 1909 1227 signiﬁcat;-

1082 1241 1110 1265 et
1124 1247 1187 1274 cap.
1203 1239 1220 1266 3
1234 1239 1366 1274 ejusdem
1380 1238 1447 1266 libri
1466 1247 1472 1266 :
1489 1237 1546 1266 Οὐκ
1559 1236 1609 1274 ἄρα
1631 1237 1662 1264 τὸ
1689 1235 1838 1272 ἀγέννητον
1866 1232 1911 1260 οὖ-

1083 1281 1152 1311 σίας.
1169 1281 1242 1310 ἀλλᾶ
1260 1284 1307 1309 τοῦ
1333 1283 1371 1318 μὴ
1395 1281 1515 1309 τοιῶσδε
1539 1282 1605 1308 εἶναι
1627 1281 1676 1314 τήν
1694 1279 1786 1307 οὐσίαν
1805 1288 1913 1314 σημαν-

1081 1326 1167 1353 τικόν
1176 1337 1190 1352 «
1202 1329 1265 1355 Non
1281 1336 1345 1355 esse
1360 1327 1449 1363 igitur
1460 1327 1624 1363 ingenitum
1635 1324 1849 1357 substantiam,
1862 1322 1912 1350 sed

1083 1372 1278 1400 substantiam
1301 1381 1358 1399 non
1383 1379 1447 1399 esse
1469 1372 1518 1399 tali
1549 1371 1635 1398 modo
1665 1369 1836 1405 signiﬁcat;
1855 1379 1868 1391 »ι
1885 1369 1913 1394 et

1082 1416 1239 1452 Gregorius
1250 1417 1399 1452 Nyssenus
1417 1416 1467 1443 lib.
1479 1424 1519 1443 χιι
1535 1416 1667 1443 adversus
1681 1413 1870 1446 Eunomium,
1884 1420 1913 1447 p.

1083 1462 1134 1489 304
1152 1469 1158 1488 ε
1175 1459 1207 1487 Ei.
1235 1460 1266 1487 τὸ
1293 1460 1434 1498 ἀγέννητον
1466 1457 1552 1495 ὄνομά
1580 1469 1643 1497 φασι
1669 1458 1720 1492 τήν
1737 1456 1832 1484 οὐσίαν
1865 1465 1914 1488 ση-

1086 1504 1200 1541 μαίνειν,
1216 1504 1260 1531 καὶ
1279 1505 1316 1540 μή
1331 1504 1362 1530 τὸ
1376 1502 1436 1531 ἄνευ
1461 1503 1549 1533 stitia:
1571 1503 1621 1536 τὴν
1649 1502 1794 1529 ὑπόστασιν
1827 1498 1913 1538 ἔχειν,

1084 1549 1156 1585 ποίῳ
1177 1548 1293 1585 ὀνόματι
1320 1548 1350 1575 τὸ
1376 1547 1438 1575 ἄνευ
1463 1547 1549 1578 αἰτίας
1580 1546 1706 1574 εἴναιτὸν
1732 1544 1841 1582 Πατέρα
1868 1555 1914 1571 συ-

241 1593 315 1621 Ibid.
334 1594 354 1621 Β
370 1594 414 1622 11.
427 1596 529 1625 Rursus
543 1599 728 1633 interrogant.
747 1597 798 1625 Hic
813 1604 929 1633 quoque
953 1596 1030 1624 dilu-

1089 1595 1214 1629 στήσουσι
1230 1603 1235 1627 ;
1252 1605 1266 1619 ‹‹
1283 1594 1312 1621 Si
1329 1602 1435 1621 nomen
1452 1594 1507 1621 hoc
1532 1593 1687 1629 ingenitum
1713 1589 1916 1618 substantiam

208 1637 358 1673 cidiorem,
376 1639 488 1675 opinor,
518 1642 726 1670 substituimus
747 1642 911 1669 versionem
932 1641 1033 1677 ejectis

207 1681 266 1708 illis
281 1683 388 1716 verbis,
407 1693 421 1707 «
438 1692 473 1711 an
491 1693 557 1713 cum
575 1686 614 1713 sit
633 1688 720 1714 natus
734 1688 778 1713 est
793 1685 892 1719 Filius,
910 1694 944 1713 an
965 1694 1032 1713 cum

208 1734 266 1752 non
283 1726 331 1759 sit,
344 1738 354 1752 1
374 1729 402 1754 et
422 1727 452 1755 in
467 1729 504 1756 iis
520 1738 581 1765 qua:
601 1732 765 1765 sequuntur
778 1730 835 1758 alia
854 1731 1007 1757 emendata
1024 1738 1031 1757 :

207 1770 256 1798 sed
281 1774 309 1798 et
334 1772 508 1805 majusculis
534 1774 640 1802 litteris
664 1773 714 1802 illa
729 1775 874 1802 efferenda
903 1775 1032 1808 fuerunt,

211 1825 222 1838 ι
242 1814 404 1851 Aliquando
424 1820 452 1844 et
468 1817 498 1845 In
527 1821 666 1855 tempore,
683 1823 712 1847 et
735 1821 804 1847 Cum
826 1821 905 1847 esset
921 1827 927 1848 :
946 1830 960 1844 ‹‹
979 1819 1034 1846 hoc

209 1861 263 1894 est,
279 1871 292 1885 «
309 1860 370 1888 Non
387 1862 497 1890 audent
513 1863 619 1898 dicere,
637 1865 679 1892 An
694 1864 863 1900 aliquando,
881 1875 895 1889 »
911 1864 955 1892 vel
970 1875 985 1889 «
1002 1865 1033 1892 In

208 1906 340 1940 tempore
355 1905 394 1933 sit
409 1909 498 1934 natus
513 1908 557 1936 vel
573 1908 699 1943 genitus.
717 1920 731 1934 ››

246 1957 319 1985 Ibid.
344 1958 374 1985 Ο.
393 1959 436 1986 12.
454 1960 485 1987 Et
509 1962 558 1996 qui
579 1969 651 1989 cum.
672 1962 864 1990 Distinximus
893 1962 952 1990 haec
977 1963 1034 1990 duo

209 2002 274 2029 loca
303 2005 369 2030 ante
394 2005 517 2032 confusa
541 2006 571 2033 in
601 2015 692 2034 unum
710 2014 718 2034 ε
740 2007 813 2034 alter
826 2007 904 2035 enim
920 2009 964 2034 est
979 2007 1036 2034 He-

211 2047 366 2082 braeorum,
382 2056 403 2083 ι,
420 2049 446 2079 3,
463 2050 515 2083 Qui
543 2058 605 2078 cum
625 2052 663 2078 sit
685 2051 814 2087 splendor
834 2060 840 2079 :
867 2051 941 2079 alter
968 2051 1036 2078 Phi‘

215 2091 339 2127 lippens.
354 2101 384 2128 ιι,
402 2093 429 2128 6,
445 2093 489 2120 καὶ
505 2093 534 2124 ὃς
558 2093 583 2121 ἐν
607 2095 700 2132 μορφῇ
715 2097 781 2122 Θεοῦ
797 2094 939 2133 ὑπάρχων,
957 2096 1036 2131 quod

213 2144 366 2172 perperam
392 2136 474 2172 Beza,
492 2139 545 2173 Qui
563 2147 625 2166 cum
651 2140 688 2167 sit
710 2141 740 2167 in
764 2141 854 2176 forma
878 2141 950 2167 Dei:
968 2148 1036 2167 nam

213 2183 242 2208 et
270 2181 333 2216 ipse
360 2181 390 2209 in
419 2184 500 2210 textu
530 2183 664 2218 Epistolas
681 2185 715 2211 ad
735 2184 939 2220 Philippenses
955 2186 982 2212 et
1007 2185 1037 2212 in

213 2225 294 2252 Notis
310 2225 373 2253 suis
389 2226 516 2254 reddidit
530 2227 641 2262 Latine,
660 2229 713 2263 Qui
725 2237 787 2257 cum
802 2233 870 2257 esset
890 2230 919 2257 in
941 2229 1038 2265 forma

215 2268 264 2296 Dei
270 2289 275 2296 .

250 2312 308 2340 Col.
325 2313 379 2340 679
406 2315 428 2342 A
457 2315 483 2342 3.
501 2318 589 2345 Homo
616 2318 689 2345 enim
711 2317 807 2346 altera.
823 2320 888 2346 Haec
914 2319 1037 2347 obscura

215 2358 375 2386 admodum
387 2359 429 2386 sic
440 2359 570 2388 ediderat
581 2361 734 2398 interpres,
747 2374 760 2387 α
778 2363 865 2391 homo
881 2363 958 2391 enim
982 2363 1038 2391 ho-

213 2402 293 2430 mine
324 2403 420 2438 magis
447 2412 505 2432 non
522 2405 629 2434 dicitur
649 2415 656 2435 :
672 2408 767 2435 bonus
791 2410 888 2436 autem
906 2409 992 2444 bono,
1010 2410 1038 2435 et

209 2447 312 2482 justus
324 2447 440 2482 justo.»
451 2450 517 2476 Haec
532 2449 671 2478 nimirum
688 2454 743 2487 est,
755 2453 832 2488 quod
857 2452 958 2480 dicunt
974 2453 1037 2489 phi-

213 2490 341 2527 losophi,
357 2493 530 2522 Substantia
544 2503 600 2522 non
618 2496 741 2532 suscipit
765 2497 858 2533 magis
879 2500 908 2525 et
927 2497 1036 2531 minus,

213 2537 264 2564 sed
291 2536 436 2572 qualitas:
457 2539 535 2566 unde
553 2539 724 2568 Aristoteles
748 2541 776 2568 in
802 2542 896 2577 Categ.
909 2552 918 2568 .-
932 2541 986 2567 Οὐκ
1007 2540 1036 2568 ἂν

214 2579 371 2618 ἐπιδέχοιτο
386 2582 403 2616 ἡ
420 2582 500 2609 οὐσία
514 2582 545 2610 τὸ
563 2582 668 2620 μᾶλλον
685 2583 729 2611 καὶ
741 2584 772 2611 τὸ
787 2586 1037 2619 ἦττον.Ροε¹ίι·εῐΠο

213 2634 238 2654 c.
256 2635 295 2659 ix,
312 2635 346 2654 ex
360 2635 415 2654 ms.
432 2630 460 2655 et
473 2628 613 2665 Stephan.
631 2629 778 2665 ἀρξάμενον
795 2630 968 2666 scripsimus
987 2640 1037 2667 pro

213 2669 374 2707 ἀρξάμενον,
391 2682 405 2697 ‹‹
423 2673 500 2708 quod
515 2673 636 2709 incmpit
650 2681 724 2708 esse,
741 2682 797 2702 non
813 2683 938 2703 cessare.
954 2687 968 2701 ››

250 2723 324 2751 Ibid.
341 2725 500 2762 013.lpsi.
530 2727 678 2755 Truncsta
709 2729 771 2755 erat
797 2727 858 2756 haec
882 2729 1036 2764 sententis,

216 2775 283 2794 cum
311 2766 458 2803 legeretur
481 2773 578 2805 antea,
597 2782 607 2797 ι
625 2771 765 2808 quoniam
780 2774 810 2800 et
823 2772 879 2808 ipsi
892 2774 1014 2809 jubetur
1029 2782 1036 2802 :

217 2812 336 2839 coactus
350 2814 379 2840 et
394 2813 496 2842 nolens
512 2816 670 2844 ministrat'
688 2827 702 2842 υ
718 2817 769 2845 sed
786 2819 814 2845 et
827 2817 901 2846 illud
916 2817 972 2855 εἶ’γδ
994 2817 1039 2846 καὶ

1087 1639 1170 1666 aiunt
1186 1638 1360 1674 signiﬁcare,
1378 1640 1406 1666 et
1420 1647 1478 1666 non
1494 1638 1605 1673 absque
1615 1644 1704 1664 causa
1718 1636 1835 1663 Patrem
1845 1634 1915 1662 sub-

1088 1683 1251 1711 sistentiam
1285 1683 1400 1715 habere,
1421 1691 1478 1719 quo
1516 1682 1634 1710 nomine
1658 1683 1770 1708 Patrem
1801 1680 1915 1715 absque

1088 1736 1177 1755 causa
1193 1736 1256 1755 esse
1272 1727 1472 1755 constituent?
1486 1738 1500 1753 ››

1123 1782 1182 1810 Col.
1199 1782 1251 1809 683
1280 1782 1298 1809 Β
1327 1782 1354 1809 5.
1370 1782 1424 1810 Sci
1451 1782 1539 1817 ipsum
1566 1779 1731 1808 substantia.
1757 1775 1914 1806 Αὐτοουσία

1088 1826 1207 1862 scripsit
1222 1826 1434 1862 typograpbus,
1444 1826 1596 1854 dubitante
1606 1825 1730 1852 fortasse
1739 1825 1913 1855 correctore,

1089 1879 1161 1899 num
1175 1870 1300 1898 Basilius
1322 1871 1419 1906 potius
1434 1870 1575 1898 edidisset
1594 1867 1749 1900 αὖτοουσία,
1765 1867 1915 1904 quomodo

1089 1918 1118 1943 et
1131 1916 1161 1943 in
1178 1915 1353 1951 Stephanzea
1369 1915 1532 1951 legebatiJr,
1547 1916 1575 1942 et
1597 1916 1670 1942 Beza
1684 1912 1818 1940 vertebat
1833 1920 1841 1939 ε
1859 1922 1873 1936 ‹‹
1888 1911 1915 1938 Si

1089 1960 1239 1996 ingenitus
1263 1968 1321 1987 non
1351 1962 1396 1987 est
1419 1959 1555 1988 essentia:
1584 1966 1702 1991 nomen,
1719 1957 1770 1984 sed
1788 1957 1916 1992 ipsamet

1090 2005 1217 2032 essentia
1233 2012 1240 2032 :
1260 2015 1270 2029 ιι
1289 2004 1459 2032 Basiliensis
1475 2006 1504 2031 et
1519 2003 1624 2039 Regius
1640 2003 1687 2035 Η.,
1701 2000 1766 2029 ἀλλ’
1787 1999 1855 2027 αὐτὸ
1870 1999 1916 2027 οὖ-

1091 2048 1144 2082 σία,
1163 2060 1176 2074 α
1194 2049 1244 2077 sed
1269 2048 1365 2084 ipsum
1383 2048 1552 2076 substantia
1566 2049 1611 2075 est
1626 2056 1633 2075 :
1649 2057 1662 2074 ι
1681 2048 1710 2074 et
1734 2046 1775 2074 ita
1801 2053 1917 2081 quoque

1091 2094 1313 2130 Trapezuntius.
1329 2093 1512 2129 Sequebatur
1529 2093 1604 2128 apud
1621 2091 1758 2120 eumdem
1773 2091 1917 2125 interpre-

1091 2141 1161 2172 tem,
1178 2150 1192 2165 «
1208 2146 1273 2167 cum
1291 2141 1319 2166 et
1335 2137 1424 2166 Filius
1440 2137 1607 2166 substantia
1628 2137 1676 2170 sit,
1692 2138 1721 2164 et
1747 2135 1812 2171 ipse
1836 2135 1918 2170 inge-

1092 2183 1172 2211 nitus
1188 2182 1355 2211 substantia
1369 2185 1425 2217 est,
1437 2184 1465 2210 et
1485 2182 1581 2209 omnis
1605 2179 1772 2208 substantia
1788 2179 1919 2214 ingenita

1092 2230 1153 2262 est;
1171 2239 1185 2253 »
1203 2227 1253 2255 sed
1269 2235 1337 2255 cum
1353 2227 1382 2254 in
1399 2226 1563 2260 Basiliensi,
1579 2225 1715 2261 Steph.et
1729 2232 1786 2252 ms.
1799 2223 1833 2251 Η.
1851 2223 1920 2251 scri-

1050 2274 1074 2307 D
1090 2276 1174 2308 ptum
1203 2272 1253 2307 sit,
1270 2270 1413 2308 άγὲννητος
1427 2270 1472 2298 καὶ
1499 2271 1512 2297 ὁ
1543 2269 1615 2304 Υἱός,
1640 2269 1746 2297 merito
1773 2268 1919 2296 immuta-

1091 2318 1199 2353 vimus,
1217 2327 1230 2342 α
1245 2316 1396 2353 ingenitus
1411 2315 1500 2344 etiam
1516 2314 1571 2343 erit
1586 2314 1687 2342 Filius.
1707 2325 1722 2339 η

1127 2370 1186 2398 Col.
1204 2371 1256 2397 687
1278 2371 1297 2397 C
1318 2370 1345 2397 3.
1363 2369 1393 2397 Si
1412 2369 1480 2405 quid
1502 2369 1588 2397 enim.
1612 2368 1644 2396 In
1669 2375 1725 2395 ms.
1749 2367 1818 2403 Reg.
1846 2366 1919 2395 scri-

1092 2417 1175 2451 ptum
1204 2414 1380 2442 otl'endimus
1410 2412 1531 2441 δεκτιχὸν
1561 2412 1605 2440 καὶ
1643 2410 1787 2449 ἅνθρωπος
1818 2413 1919 2438 τοῦτο·

1092 2457 1162 2486 ἴδιον
1177 2457 1206 2485 δὲ
1220 2458 1375 2496 ἀνθρώπου,
1392 2458 1584 2494 quamobrem
1600 2457 1699 2485 addita
1715 2458 1760 2484 est
1774 2456 1922 2492 particula

1092 2503 1136 2530 καί
1160 2504 1247 2540 priori
1273 2504 1347 2539 loco,
1363 2512 1430 2531 cum
1453 2503 1569 2531 abesset
1591 2511 1608 2530 s
1623 2501 1778 2529 Basiliensi
1795 2509 1801 2529 :
1819 2509 1921 2528 verum

1093 2558 1127 2576 cx
1150 2549 1320 2585 Stephanum
1344 2549 1441 2585 potius
1467 2548 1509 2576 ita
1532 2546 1733 2575 restituendus
1752 2547 1798 2574 est
1823 2548 1922 2573 textus

1093 2594 1209 2622 Graecus
1226 2603 1232 2622 :
1249 2591 1286 2621 Ei’
1307 2603 1333 2620 τι
1361 2593 1412 2631 γὰρ
1444 2594 1512 2626 ζῶον
1540 2590 1664 2628 λογικὸν,
1680 2589 1791 2624 θνητὸν,
1811 2591 1860 2616 νοῦ
1875 2589 1918 2615 καὶ

1093 2638 1248 2674 ἐπιστήμης
1277 2636 1418 2674 δεκτικὸν,
1449 2635 1590 2674 ἅνθρωπος
1627 2636 1727 2670 τοῦτο,
1756 2633 1802 2661 καὶ
1840 2632 1920 2662 τοῦτο

1093 2683 1245 2720 ἄνθρωπος·
1261 2694 1275 2708 ‹‹
1290 2683 1364 2711 Nam
1384 2683 1409 2711 si
1425 2682 1503 2719 quod
1524 2683 1568 2710 est
1583 2679 1691 2709 animal
1707 2679 1831 2708 rationis
1854 2687 1921 2715 par-

1092 2728 1196 2764 ticeps,
1222 2727 1355 2763 mortale,
1380 2726 1580 2762 intelligentia:
1608 2727 1636 2753 et
1659 2724 1787 2752 scientiae
1817 2732 1918 2760 capax,

1092 2773 1181 2801 homo
1211 2772 1283 2800 illud
1310 2774 1363 2806 est,
1380 2774 1409 2800 et
1432 2771 1506 2800 illud
1529 2772 1575 2799 est
1593 2770 1691 2798 homo.
1709 2780 1724 2794 ››
1740 2768 1920 2805 Porphyrius

1095 2825 1158 2854 cap.
1185 2818 1202 2845 3
1229 2819 1279 2852 τῆς
1301 2816 1465 2855 Εἱσαγωγῆς
1493 2815 1547 2844 hac
1578 2814 1748 2842 deﬁnitione
1790 2813 1919 2843 hominis
