2029 3143
95 162 109 191 Ι
114 163 173 192 05'!

634 159 674 189 IN
696 158 836 189 LIBROS
858 158 1013 188 CONTRA
1038 156 1266 187 EUNOMIUM.

1731 162 1808 192 1058

91 229 249 257 contentus
277 227 342 264 fuit,
364 228 432 262 ζῶον
462 226 574 265 λογικὸν
605 226 702 261 θνητὸν
723 226 737 253 ὁ
762 223 915 262 ἄνθρωπος,

983 232 1037 251 ιειπι
1053 224 1246 251 mutationem
1257 231 1375 260 passam
1389 233 1463 260 esse,
1473 226 1601 261 primum
1613 226 1696 255 illum
1709 231 1806 257 ortum

93 285 107 298 «
125 273 237 301 animal
261 273 385 300 rationis
410 272 556 308 particeps
572 271 704 305 mortale,
721 270 820 299 homo.
835 279 849 296 ι
869 269 924 297 Ra-

95 318 185 346 tionis
200 318 349 354 particeps
373 326 440 345 cum
457 317 575 351 dicitur,
592 317 628 344 ab
648 315 827 344 animalibus
853 315 924 342 bru-

94 363 144 397 tis,
161 370 230 390 cum
258 371 325 390 vero
354 361 487 396 mortale,
502 362 538 389 ab
564 361 676 398 angelis
699 369 764 388 eum
782 359 925 395 distingui

95 408 192 435 docet.

131 453 191 481 Col.
207 453 260 480 689
274 453 297 480 Α
314 453 356 480 12.
369 453 417 479 Ἦν
444 450 494 489 ἄρα
508 462 574 479 ταπ.
598 451 744 479 Vitiosam
769 450 924 478 lectionem

94 499 137 527 sic
147 499 292 535 expressit
302 499 470 532 Carnarius,
482 509 495 522 ι‹
510 498 579 525 Erat
591 505 659 532 ergo
673 495 924 531 humilius,quam

93 546 126 572 ut
144 544 222 572 Patri
237 544 415 578 conveniret,
435 551 533 571 creare
556 551 600 577 ea,
622 550 686 577 qum
712 549 728 568 a
752 540 823 568 Filio
849 540 926 567 facta

92 591 173 624 sunt,
190 600 203 614 »
222 589 272 616 sed
289 588 473 616 emendanda
497 589 542 615 est
563 595 598 614 ex
620 586 708 622 Regio
733 585 778 620 IL,
796 583 845 611 οὒκ
874 582 925 621 ἄρα

90 632 136 660 οὖν
151 633 354 670 ταπιινότερον,
371 632 413 660 vel
442 640 476 660 ex
500 631 641 667 Stephan.
659 639 687 666 p.
713 630 776 663 399,
799 628 848 656 οὐκ
873 626 924 665 ἄρα

90 676 244 712 ταπεινότ.,
276 689 290 703 (ι
320 679 383 705 Non
410 679 456 705 est
494 677 585 712 igitur
616 674 759 703 humilius
799 673 925 709 aliquid,

92 731 183 758 quam
195 724 228 749 ut
247 722 325 749 Patri
346 721 614 755 conveniat,creare
625 728 688 755 qua
700 719 775 746 ﬁunt
785 727 802 746 ε.
813 717 896 746 Filio.
911 729 924 742 η

93 767 175 799 Quod
207 766 352 802 sequitur,
367 765 399 792 οὐ
428 764 477 803 γὰρ
506 764 539 798 ἦν
568 773 633 791 ποτε
649 762 762 800 hoc)“,
784 763 923 789 immuta-

95 812 194 839 vimus
209 811 250 838 ita
265 819 381 838 versum
399 811 424 846 (α
442 818 500 837 non
517 809 595 837 enim
622 810 695 842 erat,
715 807 833 843 quando
863 811 924 833 erat

95 855 252 891 insipiens.
269 855 296 891 ››)

131 899 192 927 Col.
208 899 259 927 691
277 900 296 926 Α
318 898 345 926 5.
371 898 462 944 Quare
482 897 612 944 adlatam
638 897 783 944 Interpres
809 894 899 944 edidit
917 903 923 922 :
940 912 963 944 Β

96 956 109 970 ‹‹
125 945 222 978 Quare
238 944 355 973 videtur
370 943 405 971 de
421 941 618 970 similitudine
633 950 665 969 ac
682 940 834 968 identitate
850 940 926 975 ipso-

95 998 160 1017 rum
178 988 207 1016 in
222 988 361 1016 omnibus
374 986 524 1022 similique
541 985 783 1019 substantia,non
799 984 835 1012 de
845 991 924 1011 crea-

95 1037 161 1062 tura
186 1042 221 1061 ea
243 1033 334 1060 verba
358 1031 478 1059 dixisse.
506 1041 520 1056 ››
546 1031 620 1063 Quid
651 1030 689 1058 sit
716 1027 925 1065 ἀπαράλλακτος

94 1077 182 1113 οὐσία,
199 1079 228 1105 et
243 1077 389 1113 quomodo
402 1075 503 1103 Latine
529 1083 545 1103 a
570 1074 705 1102 Patribus
729 1073 924 1109 exprimatur,

94 1123 178 1150 docet
191 1122 220 1149 in
236 1121 298 1149 suis
328 1121 358 1148 in
386 1120 548 1154 Gregorium
570 1119 779 1147 Nazianzenum
803 1117 924 1145 scholiis

95 1166 286 1195 doctissimus
316 1165 418 1199 Bilius,
438 1164 489 1200 qui
518 1166 547 1191 et
575 1163 653 1198 apud
683 1162 780 1195 illum,
807 1170 836 1197 p.
860 1162 924 1196 682,

94 1212 192 1245 vertit,
207 1213 281 1238 orat.
311 1210 356 1242 4‘3,
381 1210 398 1243 ἡ
425 1206 636 1245 ἂπαράλλακτος
661 1205 750 1241 statim,
768 1206 782 1232 ὁ
805 1207 853 1232 τοῦ
873 1207 926 1232 Ποι-

93 1257 156 1294 τρὸς
173 1255 237 1293 ὅρος
252 1254 295 1282 καὶ
313 1253 409 1292 λόγος,
423 1266 436 1279 (ς
455 1254 502 1281 illa
518 1262 570 1288 per
583 1253 683 1280 omnia
698 1251 804 1279 similis
815 1251 923 1286 imago,

95 1302 142 1331 ille
157 1301 254 1329 Patris
274 1299 418 1328 terminus
436 1301 465 1326 et
480 1298 554 1325 ratio
572 1306 577 1324 :
594 1308 607 1321 »
624 1297 725 1332 itaque
744 1296 817 1323 illud
833 1295 924 1322 Atho.-

96 1346 182 1380 nasii,
199 1345 341 1380 disputat.
357 1344 373 1370 2
388 1345 489 1371 contra
503 1342 631 1376 Arianae,
647 1350 675 1377 p.
694 1340 756 1375 i55,
771 1339 816 1367 καὶ
837 1339 924 1376 ἐπαρ-

95 1390 231 1419 άλλαχτον
267 1385 345 1425 ἔσχεν
376 1386 486 1421 εἰκόνα,
513 1386 556 1414 sic
598 1385 784 1421 interpretari
821 1387 924 1422 potes,

94 1448 107 1461 «
121 1435 283 1470 habuitque
298 1441 350 1469 per
364 1432 464 1461 omnia
480 1431 610 1459 similem
636 1431 681 1458 sui
707 1429 866 1465 imaginem
884 1438 890 1456 :
909 1439 922 1453 n

94 1484 125 1510 ut
140 1481 170 1508 in
186 1480 286 1508 eodem
308 1477 384 1505 libro
406 1476 480 1505 dixit
499 1476 602 1512 p.151,
613 1473 657 1502 καί
674 1473 771 1511 ὅμοιός
786 1473 841 1500 ἐστι
856 1473 924 1500 κατὰ

93 1525 176 1553 πάντα
191 1525 238 1550 τοῦ
254 1521 373 1560 Πατρός,
389 1532 404 1547 ‹‹
422 1520 588 1556 similisque
612 1528 663 1556 per
687 1518 787 1546 omnia
803 1518 890 1545 Patri.
908 1529 922 1543 n

92 1571 149 1598 Nec
166 1569 238 1597 satis
255 1568 425 1604 exprimunt
439 1565 498 1593 vim
513 1563 720 1600 dictionis,qui
739 1574 752 1589 ι(
769 1571 826 1590 non
836 1562 923 1590 dissi-

94 1615 203 1647 milem,
212 1625 226 1639 υ
237 1612 281 1641 vel
291 1596 307 1637 λ
318 1609 592 1639 incommutabilem
605 1619 619 1633 »
631 1609 764 1643 vertunt;
780 1607 925 1634 excedunt
939 1596 961 1630 C

94 1662 202 1694 autem,
214 1657 265 1693 qui
276 1668 290 1682 «
310 1655 497 1684 identitatem
518 1664 531 1678 n
548 1653 596 1680 hic
611 1653 734 1680 addunt.

131 1712 162 1740 Ih
172 1712 213 1739 id.
237 1713 257 1737 B
271 1711 298 1737 7.
315 1709 346 1737 Si
360 1710 462 1744 imago.
479 1707 690 1743 Corrigendum
719 1705 748 1732 in
776 1705 873 1732 Graeco
897 1712 932 1744 ex

97 1766 150 1785 ms.
167 1756 203 1784 Η.
230 1754 381 1781 ιαθοτιοῦν·
400 1741 450 1780 sed
481 1741 576 1779 aliter'
595 1749 813 1778 distinctionem
843 1741 930 1786 adh’;

99 1803 204 1830 buerat
235 1797 423 1835 Trapezuntii
453 1797 553 1829 codex,
579 1804 646 1823 cum
673 1803 731 1831 quo
750 1794 837 1823 etiam
864 1794 930 1823 Ste-

99 1847 190 1883 phani
213 1844 303 1873 editio
319 1841 473 1876 consentit,
491 1840 513 1868 si
531 1839 610 1867 εἰκὼν
627 1839 734 1869 πάντως
761 1838 843 1874 ὁμοία
866 1838 928 1864 καθ-

93 1893 200 1924 οτιοῦν,
216 1888 265 1916 καὶ
282 1888 295 1915 ὁ
312 1886 375 1917 Υἱός
396 1885 466 1914 ἐστιν
490 1884 580 1920 εἰκών,
597 1895 611 1910 ‹‹
636 1884 665 1912 Si
690 1883 809 1911 omnino
833 1883 930 1918 imago

94 1940 136 1965 est
157 1935 189 1963 in
206 1933 311 1970 quovis
328 1931 447 1967 similis,
459 1933 487 1959 et
502 1929 595 1958 Filius
611 1931 655 1957 est
671 1929 778 1963 imago.
796 1938 808 1953 ι»
823 1928 929 1954 Emam

94 1980 228 2009 davimus
244 1987 278 2006 cx
294 1978 395 2005 eadem
424 1978 453 2004 et
480 1984 512 2003 ex
538 1983 593 2002 ms.
610 1973 668 2000 κατ’
688 1970 764 1999 οὐδὲν
789 1970 884 2008 ὁμοία,
901 1973 928 1998 ct

94 2025 161 2052 κατὰ
196 2023 283 2050 πάντα.
312 2021 461 2057 ἀνόμοιος·
487 2020 538 2047 sed
574 2019 602 2046 in
634 2017 761 2053 capitulo
795 2015 927 2052 sequenti

96 2070 235 2099 mendose
252 2068 280 2096 in
297 2066 439 2102 Stephan.
457 2067 485 2093 et
508 2062 666 2092 Busilicnsi
692 2062 747 2090 fuit
775 2059 884 2098 βλέπων
900 2062 928 2088 et

96 2113 222 2149 ἀκούων,
250 2121 300 2149 pro
333 2110 436 2148 βλέπον
469 2112 497 2138 et
526 2109 644 2136 ἀκοῦον·
678 2109 709 2136 ut
738 2106 869 2142 suggerit
893 2105 926 2133 Η.

97 2170 152 2189 ms.
185 2159 235 2196 qui
265 2166 369 2185 rursus
408 2162 560 2192 perperam
602 2152 708 2181 habuit
744 2150 850 2188 βλέπει,
875 2157 927 2187 pro

99 2205 204 2243 βλέψει·
223 2204 301 2231 unde
315 2199 538 2237 Trapezuntius,
560 2209 574 2223 ‹‹
591 2199 624 2225 ut
647 2205 753 2232 corpus
776 2197 883 2230 cernet,
900 2197 929 2223 et

98 2240 128 2280 ut
157 2240 265 2285 corpus
298 2247 407 2281 audiet,
437 2245 480 2281 (ut
512 2242 675 2280 ἐνεργήσει,>
703 2240 881 2277 operabitur.
915 2252 924 2265 ιι

980 277 1045 296 esse
1060 267 1289 304 negant:eidem
1309 271 1406 296 tamen
1424 270 1593 305 angelorum
1610 271 1806 308 principatum

981 312 1111 340 delatum
1129 320 1192 340 esse
1208 313 1385 343 concedunt.
1402 314 1451 350 qui
1470 323 1546 342 unus
1567 323 1582 342 e
1606 316 1709 350 primis
1729 317 1808 352 prin-

981 357 1096 393 cipibus
1120 359 1208 392 esset,
1225 366 1242 385 a
1264 366 1321 393 quo
1347 367 1400 386 nec
1426 358 1497 387 illud
1514 359 1639 388 dissidet
1656 370 1661 389 :
1678 362 1710 388 Et
1737 363 1810 390 sicut

979 410 1052 430 unus
1075 401 1107 430 de
1132 401 1308 438 principibus
1333 404 1437 431 caditis
1457 404 1544 439 (Psal.
1569 406 1676 440 LXXXI).
1698 407 1807 436 «Idem

980 447 1176 482 Hieronymus
1191 447 1323 475 adversus
1337 448 1515 476 Jovi'm'anum
1539 449 1574 476 de
1600 449 1731 478 Lucifero
1748 454 1808 479 tra-

981 491 1023 518 dit
1045 495 1073 518 et
1094 491 1157 526 ejus
1174 499 1255 518 casu.
1272 493 1300 519 S.
1317 492 1502 528 Augustinus
1528 493 1579 521 lib.
1596 503 1628 521 ni
1651 495 1688 522 De
1714 496 1811 524 Galaesi

980 536 1017 564 ad
1044 536 1179 570 litteram,
1200 545 1264 572 cap.
1298 537 1340 570 10,
1368 537 1503 565 meminit
1532 541 1740 575 quorumdam,
1759 542 1808 577 qui

981 582 1021 609 ita
1038 582 1214 615 sentiebant,
1227 590 1280 609 nec
1295 581 1362 610 illos
1378 584 1460 610 notat
1475 585 1526 611 aut
1541 584 1642 620 carpit.
1652 585 1809 621 Gregorius

981 626 1118 662 Magnus,
1134 625 1238 653 homil.
1264 626 1298 653 34
1325 628 1364 654 De
1384 629 1492 654 centum
1517 628 1624 661 ovibus,
1653 637 1740 664 quem
1760 638 1808 658 se-

980 671 1081 706 quitur
1096 669 1125 698 S.
1142 670 1279 705 Thomas,
1296 679 1303 698 ι
1320 679 1361 707 p.,
1374 673 1476 706 quaest.
1493 672 1538 707 63,
1550 672 1632 700 artic.
1649 674 1678 707 7,
1694 682 1747 701 nec
1762 676 1807 702 ta-

981 724 1048 743 men
1074 714 1196 742 alteram
1226 715 1393 751 opinionem
1418 716 1552 744 damnari
1576 716 1648 750 vult,
1676 726 1739 753 quae
1763 721 1809 747 est

981 759 1154 787 Damusceni
1170 759 1222 787 lib.
1240 768 1260 787 ιι
1276 760 1313 788 De
1327 760 1382 796 ﬁde
1400 761 1565 795 orthodoxa,
1581 770 1645 797 cap.
1662 762 1690 797 4,
1705 771 1739 790 ex
1763 763 1807 791 in-

980 804 1136 832 ferioribus
1152 804 1292 832 nimirum
1309 805 1465 833 ordinibus
1492 805 1584 834 fuisse
1609 807 1730 842 angelos
1756 807 1807 843 qui

979 849 1053 886 lapsi
1069 851 1232 878 sunt.Sane
1244 851 1360 884 quidem
1378 850 1474 878 locum
1490 851 1573 879 illum
1588 852 1655 880 Jobi
1666 852 1807 882 historico

981 903 1068 922 sensu
1085 894 1201 922 malunt
1215 894 1264 922 alii
1279 895 1315 922 de
1330 895 1452 922 animali
1462 896 1590 931 quodam
1604 897 1746 933 terrestri,
1763 898 1807 926 vel

981 940 1016 968 de
1035 942 1170 976 serpente
1185 940 1215 967 in
1237 940 1433 968 humentibus
1455 940 1526 969 locis
1552 942 1675 977 degente
1699 943 1809 971 intelli-

980 993 1057 1021 gere,
1076 984 1211 1020 nihilque
1226 985 1261 1012 de
1276 984 1408 1020 principe
1433 986 1599 1014 daemonum
1622 986 1672 1022 qui
1696 987 1808 1015 cecide-

980 1031 1058 1062 runt,
1072 1038 1106 1056 ex
1122 1029 1274 1065 Scriptura
1290 1031 1367 1057 certo
1383 1029 1482 1066 colligi
1499 1038 1595 1066 posse,
1619 1034 1650 1059 ut
1672 1031 1808 1067 pluribus

980 1073 1083 1108 probat
1096 1077 1193 1101 noster
1208 1073 1324 1101 Gabriel
1338 1073 1471 1110 Vasques
1490 1074 1520 1102 in
1545 1074 1624 1102 illam
1646 1077 1674 1103 Β.
1691 1075 1808 1104 Thomas

978 1119 1014 1145 63
1028 1118 1233 1154 quastionem.

1015 1162 1073 1190 Col.
1091 1164 1144 1190 695
1165 1163 1184 1191 Ο
1208 1163 1236 1190 8.
1262 1162 1331 1190 Cum
1356 1169 1521 1200 sperassent.
1538 1164 1623 1192 Aliud
1649 1167 1693 1192 est
1717 1165 1808 1201 paeni-

979 1207 1102 1235 tentiam
1118 1216 1214 1243 agere,
1225 1207 1304 1235 aliud
1317 1208 1562 1244 rcsipiscere,uut
1579 1209 1665 1237 vitam
1681 1212 1806 1246 mutare,

980 1252 1168 1288 quamobrem
1181 1252 1342 1280 delevimus
1355 1252 1427 1280 illud
1439 1255 1626 1289 Trapezunt.,
1645 1265 1655 1278 α
1665 1262 1733 1282 cum
1744 1262 1808 1290 spe-

980 1304 1080 1324 ramus
1096 1296 1268 1332 paenitentia
1283 1305 1370 1332 posse
1385 1296 1501 1324 salvari.
1521 1308 1535 1322 ι)

1014 1350 1072 1377 Col.
1088 1350 1141 1377 699
1157 1350 1175 1377 It
1189 1350 1217 1378 8.
1234 1350 1268 1378 Et
1281 1351 1418 1378 creatrix.
1435 1350 1490 1378 Ms.
1507 1353 1554 1383 H.,
1571 1350 1614 1377 καὶ
1639 1351 1656 1384 ἡ
1682 1350 1806 1382 timid-ro:

979 1393 1087 1428 θεότης,
1103 1405 1117 1419 ‹‹
1143 1397 1172 1422 et
1197 1394 1327 1421 increata
1352 1394 1492 1422 divinitas
1510 1403 1516 1421 :
1535 1406 1546 1419 ι
1572 1398 1602 1422 at
1621 1395 1761 1431 Stephan.
1777 1398 1806 1424 et

978 1440 1051 1466 Beza
1070 1437 1192 1473 κτίστης,
1210 1450 1223 1463 ι(
1246 1442 1274 1466 et
1297 1439 1423 1466 creatrix
1441 1439 1545 1472 deitas,
1570 1450 1584 1464 ››
1605 1440 1722 1467 tametsi
1747 1441 1804 1468 for-

979 1484 1057 1510 tasse
1076 1482 1147 1518 legit
1165 1483 1377 1518 Trapezuntius
1394 1485 1497 1512 κτῖστις
1513 1481 1619 1517 θεότης.
1637 1483 1724 1511 Paulo
1738 1487 1805 1520 post

978 1535 1012 1554 ex
1027 1527 1127 1554 eadem
1140 1527 1209 1554 edit.
1233 1527 1374 1563 Stephan.
1391 1530 1551 1556 correctum
1569 1530 1614 1556 est
1639 1527 1681 1554 ἐπὶ
1705 1528 1736 1555 τὸ
1760 1538 1804 1555 πι-

979 1569 1091 1597 στεύεινη
1108 1582 1122 1596 u
1137 1572 1376 1607 quandoquidem
1400 1572 1517 1599 credere
1541 1581 1594 1600 nos
1619 1572 1648 1600 in
1664 1581 1743 1606 eum,
1759 1573 1804 1600 vel

982 1615 1072 1643 simul
1088 1624 1155 1643 cum
1168 1624 1211 1650 eo,
1229 1615 1270 1643 vel
1292 1618 1359 1643 ante
1378 1616 1476 1652 ipsum
1496 1617 1684 1645 inveniretur.
1702 1628 1716 1642 »
1733 1620 1806 1645 Beza

984 1667 1136 1695 perperam
1151 1659 1204 1695 πρό
1221 1660 1305 1687 vertit
1321 1670 1334 1684 ‹‹
1352 1662 1426 1695 post,
1443 1670 1457 1685 »
1474 1662 1503 1687 et
1516 1660 1590 1696 ἡμᾶς
1609 1661 1719 1689 omisit.

1019 1713 1078 1741 Col.
1103 1713 1156 1740 702
1183 1713 1206 1740 A
1231 1713 1274 1740 15.
1301 1713 1391 1745 Ipsam
1425 1714 1542 1748 petebat.
1567 1714 1713 1742 Truncata
1746 1714 1807 1742 hac

984 1757 1100 1785 fuerant
1116 1757 1216 1785 Latine
1235 1766 1373 1785 conversa
1391 1758 1426 1785 ab
1442 1758 1610 1794 interprete,
1626 1759 1710 1794 quasi
1726 1759 1808 1787 dees-

983 1804 1050 1829 sent
1074 1801 1141 1833 ista,
1164 1800 1248 1834 αὐτὴν
1277 1798 1348 1837 ᾔτει.
1364 1799 1402 1828 Οὐ
1426 1801 1477 1838 γὰρ
1494 1800 1523 1827 ἂν
1538 1801 1552 1827 ὃ
1569 1801 1626 1838 εἶχε
1642 1798 1734 1828 λαϐεῖν
1751 1800 1810 1829 ἐπι-

985 1846 1070 1880 ζήτει,
1087 1854 1149 1880 qum
1166 1853 1268 1873 omnes
1284 1845 1426 1872 editiones
1441 1847 1469 1873 et
1484 1854 1554 1873 mss.
1572 1846 1717 1873 exhibent.
1732 1847 1809 1874 Rur-

983 1898 1035 1917 sus
1046 1890 1074 1917 in
1086 1890 1143 1917 ﬁne
1153 1888 1272 1925 capituli
1285 1889 1374 1924 hujus
1382 1897 1479 1917 vocem
1491 1888 1649 1926 οἰκονομίας
1658 1890 1808 1918 omiserat.

983 1934 1023 1962 De
1043 1933 1165 1961 Photino
1182 1933 1375 1968 Epiphanius,
1391 1933 1495 1961 haeresi
1510 1934 1556 1966 7t,
1573 1935 1622 1969 qui
1640 1934 1669 1961 in
1686 1934 1809 1962 concilio

982 1977 1149 2006 Sardicensi
1171 1986 1237 2005 eum
1261 1978 1434 2005 damnatum
1458 1978 1574 2011 asserit,
1598 1977 1653 2006 hoc
1674 1980 1718 2005 est
1733 1978 1810 2006 circa

984 2031 1099 2051 annum
1111 2022 1219 2049 Christi
1231 2022 1281 2048 347
1296 2030 1301 2049 :
1315 2021 1415 2048 Φάσκει
1431 2021 1560 2058 ἀπαρχῆς
1575 2021 1621 2048 τὸν
1637 2021 1752 2058 Χριστὸν
1772 2022 1811 2058 μή

983 2066 1122 2103 εἶναι,ἀπὸ
1139 2064 1167 2093 δὲ
1182 2065 1299 2102 Μαρίας,
1316 2066 1359 2092 καὶ
1377 2064 1455 2103 δεῦρο
1471 2065 1550 2092 αὐτὸν
1565 2064 1709 2102 ὑπάρχειν,
1726 2065 1810 2102 ἐξότε,

983 2111 1059 2150 φησὶ,
1083 2110 1115 2138 τὸ
1144 2112 1254 2146 Πνεῦμα
1278 2109 1309 2136 τὸ
1335 2110 1410 2147 ἅγιον
1435 2108 1554 2144 ἐπῆλθεν
1579 2108 1620 2136 ἐπ’
1647 2109 1742 2143 αὐτὴν,
1765 2109 1810 2136 καὶ

981 2155 1108 2194 ἐγεννήθη
1130 2154 1159 2182 ἐκ
1185 2154 1341 2190 Ηνεύματος
1366 2153 1464 2191 ἁγίου·
1485 2166 1494 2178 ι
1525 2154 1637 2182 Asserit
1666 2154 1702 2181 ab
1726 2154 1809 2182 initio

982 2201 1127 2228 Christum
1149 2209 1206 2227 non
1227 2207 1302 2232 esse,
1321 2207 1420 2226 verum
1444 2207 1460 2226 ιι
1485 2198 1587 2232 Maria,
1604 2201 1631 2226 et
1655 2198 1810 2234 hucusque
1836 2231 1841 2235 Α

981 2245 1079 2280 ipsum
1104 2243 1253 2276 exsistere,
1269 2251 1303 2270 ex
1325 2250 1382 2278 quo
1409 2242 1537 2278 Spiritus
1551 2244 1683 2276 sanctus,
1701 2241 1808 2280 inquit,

131 2303 192 2333 Col.
207 2281 334 2330 59408.
361 2299 394 2327 Se
421 2298 572 2326 diabolum.
590 2295 790 2331 Expunximus
816 2293 920 2321 obscu-
936 2281 959 2314 D
975 2288 1145 2325 supervenit
1170 2288 1199 2315 in
1225 2288 1331 2324 ipsam,
1359 2289 1387 2314 et
1412 2288 1530 2323 genitus
1563 2289 1607 2314 est
1635 2295 1668 2314 ex
1698 2286 1810 2323 Spiritu

99 2357 160 2377 ram
177 2346 352 2379 versionem,
365 2355 379 2369 «
399 2343 489 2370 latent
503 2341 654 2369 diabolum
671 2338 800 2367 colentes
820 2339 848 2365 et
863 2346 921 2366 non
975 2336 1086 2361 sancto.
1105 2344 1118 2379 ν

98 2393 203 2421 Filium
232 2389 295 2418 Dei.
314 2401 324 2414 ι
344 2391 429 2416 Porro
459 2386 537 2414 hunc
561 2385 659 2413 locum
681 2383 867 2419 Jobixn,14,
888 2383 922 2410 de

99 2437 229 2475 principe
255 2436 422 2462 daemonum
439 2431 582 2467 quosdam
605 2428 785 2456 intellexisse
810 2428 925 2455 constat

97 2470 131 2511 ex
146 2470 356 2517 Olympiodoro
384 2478 413 2504 in
434 2476 541 2504 Catena
556 2474 661 2502 Niceten
679 2482 685 2502 :
705 2472 745 2517 Oi
761 2470 807 2508 μιν
821 2481 923 2517 ’φασιη

98 2528 138 2555 ὅτι
167 2514 276 2562 π-ρῶτον
301 2523 396 2549 τοῦτον
422 2518 525 2547 ’ἔκτισεν
552 2519 566 2545 ὁ
593 2516 675 2548 Θεός”
694 2517 720 2543 οἱ
736 2514 765 2543 δί
779 2515 923 2552 φεύγοντες

98 2571 196 2604 εἰπεῖν,
225 2568 266 2596 ὅτι
295 2567 403 2603 πρῶτον
432 2563 541 2600 ποίημα
569 2565 617 2590 τοῦ
646 2563 712 2589 Θεοῦ
741 2560 790 2594 τὴν
820 2560 924 2596 τροπὴν

99 2616 247 2651 Latinive,
276 2610 374 2650 φασὶν,
405 2609 446 2636 ὅτι
476 2608 506 2635 οὐ
533 2610 641 2646 πρῶτος
674 2606 712 2643 μὴ
738 2605 846 2642 γέγονε,
875 2604 925 2637 τὴν

99 2649 209 2696 πρώτην
239 2649 386 2692 δὶνάρχὴν
419 2652 493 2690 παρὰ
526 2651 654 2689 ἀγγέλοις
685 2650 777 2687 εἶχεν,
805 2649 843 2679 εἷς
872 2649 925 2674 τῶν

99 2692 214 2741 πξλώτων
242 2700 382 2738 ἀρχόντων
410 2697 564 2735 τυγχάνων,
580 2697 648 2723 κατὰ
676 2695 717 2730 τὸ,
750 2693 801 2722 Καὶ
827 2692 864 2723 ὡς
890 2692 926 2723 εἷς

97 2738 148 2777 nim
186 2746 329 2784 ἀρχόντων
369 2742 497 2770 πίπτετε·
530 2753 543 2767 ‹‹
575 2742 700 2774 Quidam
735 2739 820 2767 aiunt
852 2738 929 2765 hunc

100 2782 261 2831 primuma
276 2792 334 2816 Deo
361 2789 493 2816 creatum
515 2794 596 2821 esse;
614 2785 662 2814 alii
690 2793 767 2818 vero,
791 2790 858 2811 cum
888 2782 929 2810 di-

98 2828 160 2872 éere
178 2833 370 2864 reformident
391 2831 516 2868 primam
534 2839 550 2859 a
566 2833 624 2859 Deo
641 2830 789 2858 conditam
816 2828 928 2856 creatu-

1012 2377 1072 2406 Col.
1089 2376 1141 2403 703
1165 2378 1187 2402 Α
1213 2376 1256 2403 13.
1283 2375 1389 2403 Creavi.
1416 2375 1460 2403 lta
1487 2376 1648 2403 Cornarius
1673 2377 1701 2403 et
1725 2375 1810 2410 Beza,

978 2422 1085 2450 rectius
1112 2428 1199 2456 quam
1222 2419 1445 2454 Trapezuntius,
1464 2419 1577 2447 Possedi
1600 2419 1757 2455 hominem,
1773 2420 1810 2447 ut

979 2469 1024 2494 est
1039 2466 1066 2492 in
1083 2465 1211 2501 Vulgata
1236 2472 1269 2492 ex
1294 2463 1424 2498 Hebraeo,
1441 2464 1525 2499 quasi
1554 2464 1674 2500 legisset
1694 2462 1808 2498 ἐκτησά-

982 2521 1046 2548 μην,
1064 2508 1318 2546 proutedidcrunt
1338 2508 1425 2536 etiam
1444 2508 1525 2543 LXX,
1539 2508 1662 2536 Genesis
1681 2517 1735 2535 xu.
1753 2507 1808 2535 Ite-

980 2556 1040 2592 gin.
1058 2555 1090 2582 Η.
1107 2554 1196 2582 habet
1211 2552 1371 2589 ἰχτισ-έμην,
1390 2555 1419 2580 et
1434 2553 1474 2580 ita
1489 2556 1602 2581 certum
1621 2555 1665 2580 est
1687 2552 1733 2580 edi
1758 2560 1808 2580 vo-

980 2601 1071 2629 luisse
1091 2599 1242 2632 Basilium,
1260 2599 1335 2634 quod
1363 2598 1544 2626 existimaret
1568 2597 1608 2625 ita
1632 2597 1776 2632 scriptum
1792 2605 1809 2624 a

981 2645 1060 2673 LXX.
1076 2645 1149 2672 Nam
1181 2642 1348 2678 ἐκτησάμην,
1366 2652 1380 2669 a
1404 2643 1540 2678 praesenti
1563 2641 1692 2677 κτάομαι,
1714 2640 1806 2675 possi-

982 2692 1033 2719 deo
1049 2691 1144 2724 sonat,
1162 2697 1217 2717 non
1234 2696 1295 2716 creo
1311 2697 1319 2714 :
1337 2695 1429 2723 neque
1444 2690 1487 2715 est
1504 2687 1533 2715 in
1560 2696 1613 2714 usu
1639 2686 1716 2720 apud
1740 2694 1806 2721 pro-

983 2737 1067 2764 fanos
1082 2737 1196 2763 Graecos
1212 2736 1344 2762 auctores
1361 2732 1499 2768 χτίζομαι,
1516 2735 1547 2761 ut
1569 2732 1713 2768 signiﬁcet
1732 2739 1807 2767 creo,

984 2781 1027 2809 vel
1049 2781 1147 2808 condo.
1165 2778 1316 2814 Scriptura
1340 2785 1454 2813 quoque
1481 2778 1567 2805 verbo
1590 2776 1689 2811 κτίζειν
1715 2776 1808 2806 activo

985 2825 1079 2854 utitur
1106 2826 1230 2857 tantum,
1258 2823 1289 2850 ut
1311 2822 1378 2858 Sap.
1410 2830 1441 2857 ιι,
1465 2822 1500 2849 23
1527 2831 1532 2850 :
1554 2821 1619 2853 Θεὸς
1646 2818 1733 2849 ἔκτισε
1760 2821 1806 2848 τὸν
