2029 3143
209 134 221 162 l
227 133 286 162 059

801 131 917 161 ΝΟΤιΕ
939 130 1162 161 FRONTONIS
1186 130 1315 162 DUGIEI

1836 133 1919 164 1060

208 195 349 233 ἄνθρωπον
374 195 415 223 ἐπ’
441 194 584 234 (temp-sia,
602 196 672 224 Deus
700 197 803 224 crearit
833 196 971 224 hominem
1000 197 1028 223 in

1087 194 1357 232 ritatis,nisiopera
1377 199 1658 226 cunctasanetorum
1674 199 1794 226 Patrum
1812 199 1917 226 eadem

208 242 439 277 incorruptione;
463 243 491 268 et
513 240 601 268 Eccli.
627 249 706 274 xvm,
729 241 740 268 1
761 241 812 269 :‘O
843 242 895 274 ζῶν
927 239 964 271 εἷς
987 239 1032 267 τὸν

209 286 293 314 αἰῶνα
322 283 410 312 ἔκτισε
433 285 467 312 τὰ
495 285 581 312 πάντα
610 286 699 321 κοινῇγ
721 286 774 320 Qui
799 286 867 313 vivit
896 286 925 312 in
951 290 1032 313 (vter-

209 340 273 359 num
288 332 391 359 creavit
415 331 507 358 omnia
527 330 619 358 simul.
639 330 804 366 Suspicioni
828 332 925 358 tamen
952 330 1033 358 locus

209 376 385 412 relinquitur
400 375 429 403 in
445 375 622 411 quibusdam
640 374 724 402 libris
733 376 878 402 Geneseos
889 375 1032 411 scriptum

209 421 365 450 oliondisse
390 420 530 448 Basilium
559 418 693 454 éxricm,
723 419 962 455 quandoquidem
992 420 1033 447 ita

208 474 325 503 quoque
340 465 466 501 legimus
479 465 557 500 apud
573 465 637 499 ejus
650 464 767 492 fratrem
779 464 949 500 Gregorium
961 464 1033 500 Nys-

209 519 323 546 senum,
340 510 390 538 lib.
408 519 426 537 ιι
449 511 546 538 contra
575 509 751 542 Eunomium,
778 518 805 545 p.
833 510 866 536 34
897 508 1033 536 editionis

208 555 329 590 Morelli,
345 555 393 583 ubi
414 555 450 582 de
474 554 658 582 humanitate
677 553 783 581 Christi
806 562 923 589 quoque
945 561 1033 589 expo-

209 601 286 629 nitur
306 600 388 628 locus
413 598 633 626 l’roverbiorum
658 607 721 633 vui,
746 600 780 626 22
800 607 807 625 :
825 598 950 632 Ἐκτῐσοη
981 598 1033 634 γΞιρ

208 645 318 680 ἀληθῶς
350 643 392 671 ἐπ’
419 642 536 680 ἐσχάτου
556 644 610 669 τῶν
634 644 746 679 ἡμερῶν
771 643 785 669 ὁ
811 640 844 669 δι’
867 643 941 678 ἡμᾶς
974 643 1033 674 καθ’

207 692 281 726 ἡμᾶς
297 688 452 726 γενόμενος·
470 699 484 713 ‹‹
509 688 630 716 Crestus
659 688 736 715 enim
763 690 808 716 est
831 696 896 716 vere
920 688 950 715 in
979 696 1033 715 no-

207 735 338 763 vissimis
352 734 468 768 diebus,
479 733 526 760 ille
538 733 585 768 qui
599 735 717 769 propter
732 741 785 760 nos
801 733 962 760 secundum
979 741 1033 761 nos

208 783 296 808 natus
316 780 368 806 est.
389 789 402 802 ››

241 833 302 862 Col.
317 830 371 859 706
394 833 416 859 Α
433 833 457 858 8.
474 832 543 858 Nam
565 832 626 867 ipsa
650 839 699 865 per
721 839 760 858 se.
787 829 944 869 Αὗτοσοφία
959 831 1032 858 seri-

207 878 320 915 psimus
342 885 376 904 ex
395 878 428 903 Η.
446 885 513 909 ms.,
530 878 562 903 ut
577 878 662 904 antea
678 874 803 909 αὖτοζωή
820 875 885 902 εἶναι
900 875 932 902 οὐ
949 873 1029 902 seu.
1046 889 1070 921 Β

204 933 259 950 ται.
276 923 369 957 Atque
383 921 410 948 in
428 921 554 956 vulgatis
571 921 682 948 Lexicis
698 922 868 948 annotatum
886 923 930 948 est
941 922 1031 948 Deum

206 967 345 1002 αὖτοζωήν
362 976 379 995 a
394 967 531 1003 Dionysio
557 975 632 1002 srepe
658 966 814 1000 nominari,
831 967 908 1002 quod
934 975 986 1002 per
1001 974 1032 994 se

205 1015 292 1048 vivat,
310 1015 339 1040 et
361 1012 427 1040 aliis
451 1011 567 1040 vivendi
591 1014 693 1039 auctor
711 1012 760 1047 sit,
777 1014 804 1039 et
819 1021 836 1040 a
851 1011 1031 1039 Nazianzeno

206 1059 346 1095 Spiritum
373 1059 508 1085 sanctum
534 1056 658 1095 αὖτοφῶς
682 1056 836 1093 appellari,
863 1057 939 1092 quod
968 1056 1032 1092 ipse

206 1111 273 1131 vero
299 1102 349 1130 lux
377 1102 426 1134 sit,
441 1106 468 1129 et
497 1101 559 1129 sine
593 1109 626 1129 eo
660 1109 744 1129 nemo
776 1101 970 1129 illuminetur.
997 1100 1033 1128 Ut

206 1150 280 1176 Orat.
297 1148 341 1180 37,
357 1155 422 1182 pag.
447 1146 502 1173 6l0
517 1154 523 1173 :
542 1145 718 1183 φωτιστικὸν,
735 1145 862 1178 ζωτικὸν,
880 1144 985 1181 μᾶλλον
1003 1143 1032 1172 δὲ

208 1192 332 1230 adsequi):
348 1191 391 1217 καὶ
408 1190 475 1225 ζωή·
493 1202 507 1215 ‹‹
524 1191 574 1225 qui
586 1190 680 1218 lucem
696 1198 729 1218 ac
748 1190 836 1218 vitam
854 1190 946 1225 affert,
961 1190 1030 1224 imo,

209 1238 257 1274 qui
284 1238 409 1273 ipsumet
431 1235 481 1263 lux
516 1238 545 1263 et
567 1235 626 1263 vita
651 1238 704 1263 est.
726 1245 739 1260 ι
767 1237 802 1263 Et
825 1244 842 1263 a
864 1235 979 1263 Justino
1001 1236 1031 1262 in

211 1282 408 1317 Quaestionibus
421 1280 456 1308 ad
472 1280 576 1308 Graecos
599 1279 675 1307 Deus
696 1279 804 1307 dicitur
828 1278 1031 1316 αὖτοπάραιτος

209 1326 253 1354 καὶ
278 1325 434 1362 αὐτογενής,
452 1336 465 1349 α
483 1332 534 1360 per
559 1333 590 1351 se
616 1324 776 1359 productus
800 1326 828 1351 et
853 1333 903 1359 per
925 1332 955 1351 se
980 1332 1030 1359 ge-

209 1371 299 1399 nitus.
312 1381 326 1395 n
343 1371 375 1397 In
392 1368 545 1397 Basiliensi
562 1370 658 1395 tamen
675 1370 736 1396 erat
751 1368 822 1395 etin
838 1368 964 1404 Stephui,
979 1367 1030 1405 γᾶιρ

208 1416 291 1443 αὐτοῦ
306 1414 385 1453 σοφία
400 1413 451 1440 οὐχ
469 1412 583 1450 ἐγένετο.
598 1413 822 1449 Trapezuntius,
845 1424 858 1438 ‹‹
885 1413 958 1440 Nam
983 1421 1029 1440 sa—

209 1461 316 1497 pientia
328 1461 392 1495 ejus
416 1459 492 1486 facta
510 1467 569 1486 non
593 1460 638 1486 est
654 1466 660 1486 z
679 1468 693 1483 n
710 1460 834 1493 utraque
855 1457 939 1485 lectio
963 1457 1030 1485 ferri

209 1508 313 1542 potest.

241 1549 304 1578 lbid
320 1549 340 1576 Ο
354 1548 380 1575 3.
399 1550 441 1576 Ex
455 1548 583 1583 opposito.
601 1544 715 1577 Ψευδῶς
740 1554 856 1582 quoque
885 1546 1027 1582 scriptum

207 1595 323 1623 exhibet
334 1594 441 1630 Regius
451 1594 541 1621 codex
552 1592 598 1627 H.,
609 1593 708 1627 itaque
719 1592 930 1627 'l‘rapezuntius
944 1600 979 1619 ex
993 1591 1031 1619 si-

207 1639 268 1667 mili
284 1641 363 1666 textu
379 1639 571 1673 expresserat,
583 1649 596 1661 (ι
613 1637 666 1669 Qui
681 1645 766 1664 verus
779 1638 833 1671 est,
850 1636 885 1664 ad
901 1645 961 1672 eos,
978 1636 1029 1672 qui

206 1691 240 1710 ex
250 1682 383 1718 opposito
394 1681 467 1708 falso
479 1680 830 1716 distinguuntur,dicitur.
842 1692 856 1705 ››
870 1681 906 1708 At
917 1681 945 1708 in
958 1681 1027 1708 edit.

206 1726 346 1762 Stephan.
363 1725 425 1760 lego
449 1724 517 1762 πρὸς
543 1723 606 1754 τοὺς
621 1722 727 1760 ψευδεῖς
741 1722 1027 1760 ἆντιδιαστελλόμενος

207 1770 326 1808 λέγεται.
343 1769 436 1798 Nimis
460 1769 666 1805 compendiose
689 1769 773 1803 Beza,
789 1780 802 1794 ‹‹
829 1769 921 1797 Verus
945 1769 1027 1797 falsis

205 1815 373 1852 opponitur.
392 1826 405 1839 υ

240 1870 299 1898 Col.
314 1869 366 1896 707
384 1869 403 1896 A
417 1868 444 1896 7.
462 1868 492 1895 Si
506 1869 589 1896 solus.
607 1866 686 1895 Duas
710 1866 802 1895 lineas
827 1867 899 1895 istas
923 1867 1028 1903 adjeci-

206 1922 272 1942 mus
288 1912 532 1949 interpretationi,
549 1920 623 1948 quas
639 1911 776 1939 omiserat
793 1912 1026 1947 Trapezuntius:

203 1960 317 1986 tantum
332 1957 408 1985 enim
425 1957 568 1991 ediderat,
580 1968 594 1981 ‹‹
607 1956 636 1984 Si
653 1964 742 1992 super
754 1956 853 1984 omnia
867 1959 913 1984 est
923 1959 1026 1992 Deus,»

204 2005 258 2030 etc.
278 2002 309 2030 Et
325 2002 355 2028 in
370 2001 470 2029 eadem
488 2000 604 2037 pagina,
621 2009 684 2036 cap.
703 2001 746 2035 12,
761 2003 855 2028 totam
876 2000 956 2028 illam
981 2002 1027 2029 in-

204 2046 393 2082 scriptionem
410 2045 529 2082 capituli
545 2045 691 2073 edidimus
707 2046 735 2073 in
751 2045 847 2073 Graeca
869 2046 956 2073 etiam
973 2046 1026 2074 Ba-

204 2091 317 2119 siliensi
335 2091 464 2118 secunda
479 2092 507 2118 et
531 2089 702 2125 Stephanum
725 2090 918 2118 desideratam
936 2099 942 2118 :
960 2102 973 2116 ‹‹
995 2091 1026 2119 Ιιι

203 2135 288 2171 illud,
304 2136 363 2164 Non
387 2138 426 2163 est
452 2143 544 2162 meum
570 2135 640 2162 dare
659 2135 734 2162 vobis
749 2134 863 2170 (Matth.
880 2144 928 2168 xx,
942 2136 998 2171 23),
1013 2147 1024 2162 1

202 2190 290 2217 quam
307 2181 414 2217 Regius
431 2181 520 2208 codex
536 2179 772 2215 repraesentavit;
787 2182 815 2208 et
831 2181 902 2208 satis
913 2184 1028 2210 constat

201 2225 321 2253 alterius
349 2224 507 2260 Scriptura
538 2225 748 2260 expositionem
773 2224 848 2252 hanc
877 2226 1027 2262 πιρικοπήν

202 2269 348 2298 exhibere.

236 2313 296 2342 Col.
312 2314 365 2341 710
380 2317 404 2340 Α
420 2314 447 2341 9.
463 2315 566 2342 Eorum
581 2315 676 2349 igitur.
693 2316 839 2350 Interpres
855 2317 1029 2352 scripserat:

203 2370 214 2383 ι
240 2359 347 2386 Eorum
373 2358 465 2394 igitur
489 2359 538 2394 qui
565 2358 724 2394 accipiunt,
747 2362 802 2392 est,
819 2359 923 2396 dignos
948 2369 979 2388 se
994 2361 1030 2388 ad

206 2404 356 2431 dexteram
371 2402 415 2430 vel
439 2403 474 2430 ad
501 2403 651 2431 sinistram
674 2403 775 2431 sedere
800 2405 893 2432 facere
911 2413 917 2432 :
935 2416 949 2429 n
965 2414 1029 2440 quas

204 2447 293 2476 verba
303 2455 370 2474 cum
386 2449 484 2482 aperte
496 2447 639 2475 catholico
651 2448 984 2485 dogmatisuti‘ragentur
995 2451 1030 2478 de

202 2493 335 2521 libertate
353 2493 475 2520 humani
493 2492 617 2526 arbitrii,
633 2493 727 2529 deque
748 2502 867 2529 operum
885 2495 1030 2523 bonorum

203 2537 458 2574 meritis,insigui,
467 2537 564 2573 plagio
575 2537 724 2573 dicam,an
737 2539 899 2574 sacrilegio,
911 2548 926 2567 a
939 2540 1030 2567 Theo-

202 2583 273 2610 doro
289 2582 362 2611 Beza
377 2590 538 2618 suppressa
553 2584 633 2617 sunt,
650 2591 744 2618 neque
760 2591 844 2610 suam
861 2583 1031 2619 interpreta-

202 2629 310 2656 tionem
329 2629 488 2664 adjungere
505 2627 612 2655 Graecis
629 2627 717 2655 voluit
732 2629 761 2656 in
773 2629 899 2656 editione
911 2629 1030 2665 Stepha-

204 2683 352 2711 naia,pag.
365 2674 486 2708 421,3ed
499 2673 558 2701 hinc
572 2673 659 2701 verba
669 2676 786 2702 tantum
798 2675 1032 2710 appinxit.«Cur

205 2719 265 2747 hinc
281 2720 392 2748 omissa
406 2719 514 2753 sint,in
530 2718 650 2747 scholiis
666 2719 779 2747 dicetur
795 2729 828 2747 ς»
844 2729 909 2756 quae
919 2721 1031 2750 scholia

206 2764 241 2790 ad
254 2763 399 2792 Kalendas
412 2765 524 2792 Graacas
535 2764 642 2799 rejects.
653 2767 732 2800 sunt,
745 2773 798 2792 nec
809 2766 1030 2802 usquam,quod

205 2807 306 2844 sciam,
321 2810 572 2844 comparuerunt:
590 2809 640 2837 sed
666 2809 740 2838 nihil
765 2812 856 2846 agunt
872 2810 969 2840 hostes
983 2819 1030 2839 ve-

1089 249 1158 268 cura
1168 241 1371 275 exterminent,
1384 250 1450 269 cum
1467 250 1532 270 eam
1549 242 1599 270 illa
1623 243 1733 279 ubique
1758 245 1916 270 testentur.

1089 287 1160 312 Nam
1177 287 1205 312 et
1220 285 1266 313 hic
1281 285 1344 322 ipse
1355 286 1481 314 Basilius
1497 287 1626 323 idipsum
1643 288 1726 315 docet
1741 287 1771 315 in
1786 287 1919 316 Sermone

1088 330 1120 358 de
1147 331 1263 358 ascetica
1291 339 1340 358 seu
1363 333 1517 359 monastica
1546 333 1602 359 vita
1619 341 1628 360 :
1647 341 1657 355 ι
1674 332 1918 360 Custodientibus

1089 375 1228 402 mandata
1247 376 1311 410 ejus
1333 376 1486 403 retributio
1512 376 1623 410 multa;
1640 384 1751 404 merces
1773 377 1917 404 nimirum

1088 419 1138 446 illa
1153 419 1270 453 copiosa
1284 422 1328 447 est
1343 421 1373 447 et
1387 428 1494 448 corona
1505 420 1641 456 justitize,
1657 423 1764 449 mterna
1780 421 1918 449 taberna-

1088 463 1164 497 cula,
1180 464 1238 491 vita
1253 464 1341 491 ﬁnem
1358 473 1510 501 nunquam
1535 465 1683 493 habitura.
1702 476 1716 489 n
1733 467 1767 493 Et
1789 465 1919 493 Homilia

1087 509 1117 536 in
1144 508 1322 544 principium
1348 509 1495 542 Proverb.,
1512 518 1539 545 p.
1559 510 1633 537 l173:
1653 510 1761 543 Omnes,
1778 511 1830 546 qui
1847 511 1919 537 viam

1087 554 1275 588 evangelicum
1290 554 1452 589 incedimus,
1467 557 1631 582 mercatores
1646 563 1753 590 sumus,
1766 563 1818 590 per
1832 563 1918 588 opera

1089 600 1287 628 mandatorum
1302 601 1379 628 nobis
1401 601 1596 637 possessionem
1621 601 1776 629 caelestium
1805 609 1918 637 compa-

1088 647 1193 673 rantes.
1210 645 1346 673 Justinus
1361 646 1498 682 Apologia
1513 646 1530 672 2
1555 653 1604 681 pro
1628 646 1778 673 Christian.
1795 654 1804 672 :
1821 645 1857 673 Οἳ
1874 644 1916 672 ἐᾶν

1089 689 1178 724 ἀξῖους
1201 691 1241 725 τῷ
1263 688 1366 716 ἐκείνου
1395 689 1552 727 βουλήματι
1578 689 1688 720 ἑαυτοὺς
1709 688 1745 716 δι’
1761 689 1849 726 ἔργων
1865 688 1918 716 δεί-

1088 734 1162 770 ξωσι,
1179 737 1228 768 τῆς
1258 735 1314 769 μετ’
1330 733 1412 761 αὑτοῦ
1438 734 1608 772 ἀναστρονῆς
1630 734 1829 769 καταξιωθῆναι
1848 744 1917 771 προ-

1087 778 1249 817 ειλῆςεαμεν,
1273 776 1523 815 συμϐασιλεύοντας
1556 779 1706 818 ἀφθάρτους
1729 778 1773 805 καὶ
1805 778 1920 808 ἀπαθεῖς

1086 823 1259 861 γενομένους·
1275 835 1288 849 ι(
1303 824 1357 855 Qui
1374 823 1399 851 si
1415 823 1520 860 dignos
1537 832 1567 851 se
1583 824 1721 859 operibus
1747 823 1811 851 suis
1836 823 1918 851 illius

1086 868 1208 896 consilio
1237 870 1266 895 et
1293 868 1436 895 voluntati
1467 868 1667 904 prazstiterint,
1694 868 1919 896 conversatione

1087 922 1153 940 eum
1171 912 1220 940 illo
1235 912 1388 948 dignatum
1406 912 1441 940 iri
1459 913 1580 946 scimus,
1597 915 1625 940 et
1644 915 1821 949 regnaturos
1849 921 1916 940 cum

1087 957 1136 985 illo
1150 957 1346 993 corruptionis
1361 966 1394 985 ac
1407 957 1605 993 perpessionis
1615 960 1747 993 expertes
1759 958 1888 985 futuros.
1903 969 1917 981 υ

1086 1003 1291 1037 Hieronymus,
1307 1002 1357 1029 lib.
1370 1010 1390 1030 ιι
1405 1004 1503 1030 contra
1517 1002 1704 1037 Iovinianum,
1720 1001 1760 1029 ita
1777 1001 1866 1038 plane
1877 1001 1917 1028 lo-

1087 1055 1153 1074 cum
1169 1046 1248 1074 hunc
1264 1046 1392 1074 Matthmi
1409 1046 1444 1074 de
1459 1046 1600 1082 petitione
1629 1045 1757 1073 filiorum
1781 1046 1914 1074 Zebedzei

1087 1091 1205 1127 exponit
1223 1100 1228 1119 :
1245 1091 1304 1118 Non
1319 1095 1358 1119 cst
1380 1090 1451 1119 Filii
1471 1091 1546 1127 dare,
1563 1094 1589 1118 ct
1612 1090 1744 1126 quomodo
1765 1091 1861 1118 Patris
1874 1093 1914 1118 est

1085 1137 1269 1172 pra’parare?
1286 1137 1405 1170 Paratae,
1419 1137 1520 1171 inquit,
1537 1139 1600 1164 sunt
1615 1136 1645 1162 in
1668 1135 1735 1163 creto
1757 1134 1874 1162 diversa
1889 1136 1915 1162 et

1084 1182 1213 1216 plurimm
1228 1180 1383 1208 mansiones
1405 1180 1535 1216 plurimis
1559 1180 1730 1216 diversisque
1750 1180 1913 1213 virtutibus,

1086 1235 1157 1262 quas
1172 1234 1227 1254 non
1237 1233 1364 1261 persona:
1378 1225 1527 1261 accipiunt,
1543 1225 1588 1253 sed
1613 1233 1714 1261 opera;
1726 1225 1838 1260 frustra
1851 1232 1914 1259 ergo

1085 1280 1102 1298 ιι
1117 1279 1160 1298 me
1182 1270 1283 1306 petitis,
1299 1269 1368 1306 quod
1399 1271 1427 1298 in
1454 1271 1528 1297 vobis
1556 1271 1641 1297 silum
1669 1273 1720 1303 est,
1739 1269 1818 1306 quod
1833 1271 1916 1296 Pater

1085 1324 1161 1343 incus
1177 1315 1234 1342 illis
1256 1316 1378 1351 paravit,
1394 1315 1443 1350 qui
1467 1315 1557 1350 dignis
1573 1315 1722 1342 virtutibus
1746 1314 1786 1341 ad
1801 1316 1914 1341 tantam

1085 1360 1229 1387 asccusuri
1254 1362 1320 1387 sunt
1345 1360 1521 1394 dignitatem.
1539 1359 1572 1387 Et
1592 1359 1621 1386 S.
1637 1359 1721 1386 Joan.
1738 1358 1912 1394 Chrysosto-

1086 1413 1153 1432 mus
1168 1405 1196 1432 in
1213 1404 1348 1432 eumdem
1365 1404 1472 1438 locum,
1489 1404 1512 1431 II
1528 1404 1564 1431 ad
1581 1402 1711 1431 Corinth.
1727 1411 1756 1437 v,
1769 1403 1814 1438 10,
1830 1411 1865 1431 ex
1880 1411 1913 1430 eo

1085 1449 1196 1486 colligit
1211 1457 1264 1477 nos
1281 1448 1412 1485 corporis
1428 1448 1520 1476 nostri
1535 1448 1658 1484 gloriam
1674 1447 1759 1476 bonis
1772 1447 1913 1484 operibus

1085 1494 1254 1528 morituros,
1270 1493 1372 1521 bomil.
1384 1493 1416 1520 10
1433 1500 1439 1520 :
1456 1492 1494 1520 Οὐ
1510 1492 1559 1529 γὰρ
1577 1490 1665 1526 δήπου
1688 1491 1719 1518 τὸ
1744 1489 1910 1526 διακονησά-

1087 1549 1165 1574 μενον
1180 1537 1216 1569 εἲς
1231 1540 1321 1572 τοῦτο,
1338 1536 1446 1564 κάκεῖνο
1470 1538 1523 1562 τῶν
1548 1533 1671 1572 ἀμυιϐῶν
1695 1534 1745 1571 ἔξω
1770 1536 1911 1571 στήσεται,

1085 1582 1157 1610 ἀλλὰ
1174 1582 1240 1618 μετὰ
1253 1581 1302 1616 τῆς
1318 1583 1411 1619 ψυχῆς
1430 1581 1463 1608 τὰ
1490 1581 1536 1617 μὲν
1566 1580 1719 1615 κολάζεται,
1736 1580 1770 1606 τὰ
1795 1579 1825 1607 δὲ
1853 1591 1911 1607 στε-

1084 1629 1223 1666 φανυῦται·
1235 1638 1248 1653 ‹‹
1260 1627 1322 1655 Non
1333 1627 1411 1655 enim
1427 1626 1562 1654 videlicet
1577 1626 1605 1653 id
1623 1627 1701 1661 quod
1718 1625 1754 1653 ad
1770 1625 1912 1653 virtutem

1083 1673 1127 1701 vel
1143 1673 1246 1700 vitium
1263 1680 1381 1708 operam
1399 1679 1483 1699 suam
1500 1670 1746 1703 subministravit,
1759 1679 1777 1697 a
1792 1670 1913 1706 praemio

1082 1718 1126 1746 vel
1143 1727 1228 1754 poma
1243 1717 1414 1745 excludetur
1430 1723 1437 1744 :
1453 1716 1504 1744 sed
1521 1724 1580 1743 una
1592 1723 1659 1743 cum
1675 1715 1775 1742 anima
1804 1723 1913 1751 corpus

1083 1763 1190 1799 partim
1219 1761 1407 1796 cruciabitur,
1437 1761 1543 1796 partim
1583 1768 1720 1788 coronam
1749 1768 1912 1796 conseque-

1081 1810 1139 1834 tur.
1159 1819 1169 1832 ιι

1117 1861 1175 1889 Col.
1191 1860 1244 1887 710
1272 1860 1302 1887 in
1333 1858 1418 1887 titulo
1437 1867 1443 1886 :
1461 1857 1512 1886 Καὶ
1535 1857 1575 1885 ὅτι
1599 1857 1630 1884 οὐ
1652 1856 1765 1893 κτίσμα.
1783 1858 1850 1885 Ilaec
1880 1857 1911 1885 in

1082 1905 1167 1933 titulo
1183 1906 1297 1941 adjecta
1312 1906 1381 1932 sunt
1397 1913 1413 1931 a
1428 1903 1515 1931 nobis
1530 1911 1565 1930 ex
1580 1911 1634 1931 ms.
1654 1903 1742 1938 Regio
1760 1902 1908 1938 H.,inter-

1082 1950 1236 1987 pretationi
1251 1958 1317 1977 vero
1334 1946 1403 1976 illud
1430 1956 1464 1976 ex
1488 1947 1625 1976 Cornario
1653 1947 1815 1982 adjectum,
1828 1958 1842 1971 ‹ι
1859 1950 1910 1974 aut

1082 2003 1115 2023 ea
1129 2004 1192 2031 qum
1208 1995 1339 2022 nondum
1355 1994 1492 2029 corrupta
1503 1994 1832 2027 sunt,corrumpantur,
1842 2003 1855 2016 υ
1865 1991 1908 2019 vel

1083 2052 1096 2065 α
1113 2041 1210 2076 potius
1225 2038 1373 2074 corrumpi
1389 2038 1524 2065 debeant.
1541 2047 1556 2062 »

1117 2093 1176 2122 Col.
1190 2094 1240 2120 711
1259 2095 1281 2119 Α
1305 2092 1348 2120 14.
1366 2091 1518 2119 Secundum
1547 2090 1723 2126 prophetam.
1741 2091 1836 2117 Locus
1867 2091 1911 2117 est

1082 2139 1168 2166 Amos
1183 2146 1211 2170 v,
1227 2139 1253 2170 8,
1271 2136 1321 2164 ubi
1333 2138 1432 2164 tamen
1448 2143 1506 2163 non
1524 2135 1643 2163 additur
1659 2133 1726 2160 αὐτά
1741 2135 1809 2169 post
1827 2143 1907 2170 μετα-

1082 2181 1228 2216 σκευάζὼν.
1245 2180 1402 2209 Cornarius
1429 2181 1469 2214 τῷ
1493 2180 1550 2214 Θεῷ
1578 2177 1664 2206 vertit
1693 2177 1730 2205 ad
1744 2178 1841 2205 Deum.
1857 2179 1914 2213 Qui

1081 2227 1151 2264 fucis
1166 2227 1269 2261 omnia,
1285 2227 1312 2253 et
1326 2226 1495 2253 transmulas
1512 2225 1581 2259 ipsa.
1597 2222 1678 2256 Quod
1695 2222 1719 2250 si
1735 2222 1831 2250 oratio
1847 2230 1912 2258 pro-

1083 2272 1176 2308 pheta:
1191 2271 1227 2300 ad
1241 2271 1333 2298 Deum
1350 2270 1459 2297 directo.
1475 2267 1667 2303 intelligatur,
1679 2268 1755 2295 recte
1771 2266 1914 2303 interpre-

1085 2320 1176 2352 tatur,
1193 2317 1206 2343 ὁ
1219 2318 1317 2351 ποιῶν,
1334 2316 1381 2352 qui
1394 2315 1476 2351 facis.
1490 2314 1521 2341 In
1539 2312 1662 2349 Vulgata
1686 2315 1741 2347 est,
1757 2313 1913 2340 Facicntem

1085 2363 1232 2390 Arcturum
1246 2363 1272 2389 et
1285 2362 1422 2389 Orionem.
1439 2359 1495 2386 Sed
1513 2357 1664 2395 praecessit
1682 2357 1712 2384 in
1734 2357 1840 2385 eodem
1864 2366 1913 2384 ca-

1086 2408 1145 2443 pite
1161 2415 1248 2434 versu
1264 2407 1280 2433 4
1297 2415 1303 2433 ;
1320 2406 1390 2440 Quia
1414 2403 1474 2432 haec
1497 2403 1565 2430 dicit
1584 2402 1720 2430 Dominus
1748 2402 1847 2429 domui
1874 2403 1915 2430 ls-

1084 2452 1154 2486 ruel,
1168 2451 1285 2485 Quwrite
1299 2451 1455 2478 Dominum.
1469 2447 1669 2476 Thcodoretus
1685 2447 1715 2474 in
1730 2448 1822 2475 Amos
1835 2445 1917 2483 ιΘαρ-

1087 2495 1196 2534 ῥήσατε,
1213 2495 1290 2533 φησὶ,
1306 2496 1340 2531 τῇ
1356 2495 1404 2520 τοῦ
1429 2494 1496 2520 Θεοῦ
1521 2490 1643 2527 δυνάμει,
1659 2490 1703 2517 καὶ
1723 2490 1828 2525 ταύτης
1853 2488 1916 2528 ἕχε-

1085 2536 1131 2568 ἇθε
1159 2542 1209 2572 τῆς
1233 2537 1356 2570 ἐλπίδος.
1374 2537 1500 2567 Εὖπετῶς
1526 2536 1575 2574 γὰρ
1604 2537 1679 2562 ποιεῖ
1706 2535 1750 2562 καὶ
1780 2535 1916 2569 σκευάζει,

1085 2585 1101 2611 Et
1132 2584 1270 2623 βούλεται,
1295 2581 1340 2610 καὶ
1378 2580 1469 2620 ρᾖιον
1499 2580 1574 2615 αὐτῷ
1601 2579 1646 2606 xxi
1675 2579 1738 2610 τοὺς
1769 2579 1916 2616 μεγίστους

1085 2628 1227 2660 κινδύνους
1244 2628 1281 2659 εἷς
1297 2626 1426 2664 εὐθυμίαν
1458 2622 1619 2662 μεταϐαλεῖν
1635 2633 1641 2652 :
1662 2635 1672 2650 ι
1689 2625 1837 2652 Conﬁdite
1869 2624 1918 2652 Dei

1086 2675 1235 2711 potestati,
1253 2674 1386 2708 hancque
1399 2679 1480 2708 spem
1495 2669 1718 2706 amplectimini.
1730 2669 1828 2697 Facile
1839 2669 1918 2697 enim

1085 2720 1156 2748 facit
1166 2723 1195 2747 et
1210 2719 1411 2752 transformat,
1429 2724 1492 2753 quae
1508 2715 1580 2748 vult,
1597 2717 1685 2750 atque
1713 2714 1740 2742 ei
1765 2714 1852 2742 facile
1875 2716 1919 2741 est

1088 2765 1219 2793 maxima
1245 2762 1377 2800 pericula
1399 2763 1428 2790 in
1453 2759 1697 2796 tranquillitatem
1712 2759 1885 2786 transferre.
1902 2769 1916 2783 υ

1088 2813 1121 2839 In
1151 2810 1252 2838 eodem
1281 2808 1387 2845 capite,
1403 2814 1469 2844 pag.
1499 2805 1563 2840 297,
1592 2813 1645 2841 pro
1675 2803 1758 2841 ἑτέρῳ
1787 2803 1917 2841 παρέχειν
