2029 3143
125 114 202 144 1061

664 114 704 144 ΙΝ
725 113 865 144 LIBROS
887 113 1044 144 CONTRA
1067 113 1290 144 EUNOMIUM.

1753 113 1832 144 1062

121 181 302 218 suggerebat
317 181 393 209 idem
409 189 481 209 mss.
497 181 531 209 H.
547 183 619 217 Reg.
642 180 726 217 ἑτέρῳ
742 178 854 217 ὀρέγειν·
873 179 948 208 Illud

1015 180 1051 208 sic
1075 180 1194 208 effertur
1221 180 1301 208 Isaiae
1326 180 1427 208 locus:
1453 179 1627 218 Τετύφλωκεν
1653 178 1741 207 αὐτῶν
1766 179 1830 210 τοὺς

120 228 233 259 autem,
256 223 540 261 ἀπαθανατιζομένων,
557 225 780 253 emendavimus
790 233 824 253 ex
834 225 950 253 eodem.

121 279 190 299 cum
209 273 295 298 antea
320 273 399 298 esset
421 270 672 306 ἀπαθπνιζομὲνων.
697 271 757 301 Quo
772 270 862 297 verbo
877 277 952 297 usus

121 318 168 343 est
178 314 267 343 etiam
277 315 451 349 Herodotus,
475 314 526 342 lib.
547 323 587 347 iv,
598 317 627 342 et
640 323 714 350 quos
726 313 812 343 Getas
824 314 872 341 ille
883 313 954 341 dicit

123 359 333 393 ἀθανατίζοντας
357 360 500 388 Arrianus
525 358 769 393 ἀπαθανατίζοντας
801 362 894 392 vocat,
922 358 951 386 id

124 404 462 440 est,quiimmortalitate
471 405 659 439 donant,etin
667 405 787 431 deorum
795 411 952 431 numerum

125 450 268 478 referunt.
286 450 362 477 Usus
386 451 430 477 est
454 451 482 477 et
499 449 578 476 Philo
599 449 635 476 De.
649 450 708 476 vita
723 448 810 482 Musis,
827 447 954 479 ἀθανατί-

127 496 200 528 ζεται
225 493 298 531 παρᾶ
319 495 376 528 Θεῷ
409 504 420 518 α
446 492 667 521 immortalitate
691 492 851 528 perfruitur
876 492 953 528 apud

127 539 232 566 Deum.
249 547 262 564 η
282 538 361 566 ldem
378 538 500 565 verbum
516 538 604 565 etiam
620 537 835 565 restituendum
849 545 954 565 censeo

125 585 153 611 S.
175 583 314 620 Gregorio
341 583 485 619 Nysseno,
502 582 603 610 Basilii
620 582 712 617 fratri,
726 581 755 609 in
772 582 847 609 libro
871 582 953 609 Cate~

126 628 253 660 chetico,
281 635 345 663 cap.
371 628 415 660 37,
433 635 498 663 pag.
512 627 576 661 535,
592 629 621 654 et
635 626 731 654 locum
749 626 789 654 ita
806 626 954 662 corrigen-

126 673 218 700 dum:
249 671 372 708 Καθάπερ
401 671 451 709 γὰρ
484 671 567 708 μικρὰ
598 670 669 707 ζύμη
697 669 763 698 ὃλον
783 670 814 697 τὸ
845 669 957 708 φύραμα

125 716 195 753 πρὸς
217 716 314 750 ἑαυτὴν
339 716 521 752 συνεξομοιυῖ,
552 714 623 742 οὕτω
649 715 678 742 τὸ
701 715 874 746 ἀΟανατισθέν
905 714 956 741 ὑπὸ

126 763 175 788 τοῦ
192 763 260 788 Θεοῦ
277 763 356 797 σῶμα
370 760 396 787 ἐν
413 762 454 796 τῷ
469 760 597 796 ἡμετέρῳ
612 757 771 797 γενὸμενον,
789 758 856 787 δλυν
889 759 957 797 πρὸς

127 806 208 833 ἑαυτὸ
237 807 379 842 μεταποιεῖ
399 805 443 832 καὶ
467 805 651 841 paratione-iw
679 816 690 830 (ι
717 805 790 832 Nam
816 805 957 840 quemad-

128 851 252 879 modum
269 858 373 886 parum
388 849 524 878 fermenti
538 850 594 877 sibi
610 851 702 877 totam
718 849 957 885 conspersionem

129 894 294 924 assimilat:
313 894 353 922 ita
369 902 475 930 corpus
492 895 625 922 nostrum
641 902 659 921 a
673 894 731 921 Deo
743 894 890 921 redditum
907 893 961 921 im-

130 940 256 969 mortale
272 948 339 967 cum
359 939 448 967 fuerit
470 939 548 967 intra
572 941 716 972 nostrum,
747 940 842 967 totum
870 938 899 966 in
928 946 960 966 se

128 986 312 1014 transmutat
332 985 361 1013 et
385 984 537 1012 transfert.
559 994 573 1008 ι»
589 983 703 1019 Alioqui
719 991 776 1011 non
801 983 960 1019 quadraret

129 1029 350 1066 comparatio,si
366 1027 550 1063 οανατισθὲν,‹‹
567 1030 661 1058 morte
671 1028 807 1056 affectum
820 1039 834 1053 »
849 1028 960 1056 dicere.

132 1077 182 1102 tur
197 1073 271 1101 illud
287 1082 406 1110 corpus,
433 1074 510 1109 quod
542 1075 644 1109 postea
676 1072 707 1099 τὸ
729 1073 859 1104 ἀθάνατον
879 1075 960 1109 σῶμα

129 1119 298 1146 immortale
313 1127 443 1154 corpus»
458 1117 635 1154 appellatur,
651 1120 683 1145 ut
707 1117 958 1146 immortalitatem

130 1163 245 1200 corpori
261 1163 390 1191 humano
408 1163 566 1199 impertiat.
584 1165 618 1190 Et
633 1163 661 1190 in
682 1163 739 1190 fine
764 1163 867 1198 capitis
894 1165 960 1198 post

131 1208 182 1236 illa
204 1209 304 1243 verba,
327 1207 376 1234 οὐκ
400 1205 451 1245 ἄρα
475 1207 576 1242 κτίσμα
590 1207 621 1234 τὸ
647 1208 766 1243 Πνεῦμα,
783 1207 960 1242 subjiciebat

132 1261 189 1281 ms.
206 1255 252 1286 H.,
277 1251 322 1279 καὶ
348 1252 397 1278 ὅσα
423 1251 485 1287 μίαν
511 1251 556 1278 καὶ
580 1252 629 1286 τήν
655 1251 737 1286 αὐτὴν
757 1250 887 1288 ἐνέργΙιαν
905 1250 960 1278 δεί-

131 1307 209 1323 κνυσι
224 1297 274 1329 τῆς
290 1296 369 1334 ἁγίας
385 1296 429 1323 καὶ
447 1294 580 1333 μακαρίας
595 1294 725 1333 Τριάδος,
746 1308 755 1320 ιι
772 1296 803 1324 Et
819 1304 959 1332 quaecun-

133 1351 191 1378 que
216 1350 306 1370 unam
328 1342 462 1369 eamdem
487 1349 550 1369 esse
578 1341 776 1377 operationem
800 1343 907 1369 sanctae
932 1344 960 1370 et

132 1387 224 1414 beatas
239 1386 392 1414 Trinitatis
403 1386 563 1414 ostendunt
577 1394 583 1420 ;
595 1395 608 1411 ι
627 1386 678 1413 sed
695 1386 755 1413 haec
770 1394 834 1413 meo
846 1386 959 1421 judicio

133 1440 193 1460 non
212 1433 284 1459 sunt
297 1431 388 1466 hujus
407 1431 463 1458 loci
477 1430 524 1459 vel
540 1430 761 1466 disputationis.

167 1484 230 1512 Col.
245 1485 298 1512 714
318 1487 339 1512 C
366 1485 408 1512 10.
433 1485 464 1511 Et
490 1483 627 1519 deﬁcient.
651 1483 710 1511 Hoc
730 1492 747 1511 θ.
763 1484 847 1511 nobis
876 1484 958 1519 adje-

132 1532 213 1558 ctum
230 1531 320 1557 estex
337 1537 391 1557 ms.
409 1529 443 1557 H.
457 1527 501 1555 καὶ
518 1526 685 1564 ἑκλείψουσι,
712 1530 739 1556 et
764 1528 870 1565 psalm.
896 1537 956 1564 cur,

131 1575 176 1609 30,
194 1578 222 1602 et
243 1574 387 1610 scriptum
412 1574 534 1608 Emittes,
560 1582 618 1601 non
637 1574 745 1608 Emitte,
763 1573 831 1601 licet
845 1574 876 1601 in
891 1574 956 1609 qui-

132 1619 259 1647 busdam
271 1618 354 1646 libris
367 1618 496 1653 Vulgatas
521 1618 627 1646 Latinae
643 1618 684 1646 ita
707 1618 853 1654 legeretur
877 1619 959 1653 olim,

132 1664 184 1692 sed
200 1663 272 1691 LXX
287 1660 475 1697 ἕξαποστελεῖς
493 1663 659 1696 ediderunt,
676 1664 704 1691 et
718 1663 746 1691 S.
763 1663 960 1699 Hieronymus

133 1717 168 1736 ex
183 1708 303 1736 Hebraeo
319 1708 443 1735 Emittes.

171 1757 233 1785 Col.
261 1757 314 1784 716
337 1757 360 1784 D
389 1757 415 1783 2.
434 1755 574 1792 Σημείων.
590 1759 655 1784 Haec
674 1756 761 1784 verba
777 1755 897 1792 σημείων
914 1756 959 1784 καὶ

136 1800 259 1837 ἰαμάτων
274 1800 303 1827 τὸ
332 1801 358 1827 ὲν
389 1811 415 1827 τι
444 1801 543 1828 addita
568 1803 638 1828 sunt
653 1809 705 1837 per
720 1809 849 1829 errorem
869 1802 960 1830 textui

136 1845 308 1874 Basiliensis
322 1845 458 1873 editionis
474 1853 508 1873 ex
525 1845 613 1873 variis
627 1845 803 1873 lectionibus
820 1846 902 1883 Regii
917 1856 963 1874 co-

136 1891 231 1918 dicis:
247 1889 512 1918 idcirco‘delenda:
543 1889 601 1917 nisi
617 1890 703 1918 malis
721 1890 845 1918 retinere
864 1890 895 1918 τὸ
912 1902 960 1925 ση-

138 1934 233 1972 μείων,
250 1935 291 1962 ita
302 1935 436 1971 legendo,
453 1934 642 1972 χαρισμάτων,
657 1934 687 1961 τὸ
703 1934 824 1970 σημείων
846 1935 901 1961 ἐστὶ
917 1936 961 1962 καὶ

134 1981 190 2006 τῶν
206 1979 341 2015 ΐαμάτων,
370 1979 401 2006 τὸ
429 1976 456 2006 ἓν
483 1989 520 2014 τι,
550 1978 595 2005 καὶ
619 1978 682 2016 ούχὶ
702 1979 735 2005 τὰ
750 1978 812 2007 ὅλα.
830 1980 882 2008 Sed
894 1982 962 2015 quia

135 2032 225 2052 unum
236 2023 372 2059 quoddam
387 2031 422 2051 ex
435 2023 570 2061 diuisione
591 2024 726 2052 donorum
741 2028 779 2052 est
792 2024 893 2052 donum
907 2026 960 2053 mi-

135 2069 307 2103 raculorum,
333 2072 360 2096 et
387 2073 425 2096 est
445 2068 547 2096 donum
563 2070 756 2103 sanationum,
775 2078 862 2097 unum
877 2070 960 2107 quod-

134 2114 208 2149 dam,
225 2117 251 2141 et
265 2121 318 2140 non
334 2114 474 2141 universa.

169 2162 232 2190 Col.
252 2163 305 2189 722
319 2165 339 2190 C
354 2163 396 2190 10.
414 2163 486 2191 Dicit
501 2162 576 2190 enim
592 2163 622 2190 in
639 2163 834 2199 proprio.Heec
850 2165 961 2193 omissa

134 2208 252 2235 fuerant
281 2207 316 2234 ab
346 2207 522 2242 interprete:
553 2209 669 2235 tantum
695 2208 773 2235 enim
803 2208 957 2237 ediderat:

976 873 999 906 B

1007 223 1179 262 ὀφθαλμοὺς,
1222 224 1267 252 καὶ
1295 225 1460 262 πεπώρωκεν
1491 224 1578 251 αὐτῶν
1610 225 1660 259 τήν
1701 223 1827 262 καρδίαν¹

1004 268 1050 296 ἵνα
1067 270 1104 305 μὴ
1123 268 1228 296 ἴδωσιν·
1251 270 1410 298 Emoaecauit
1431 271 1522 298 oculos
1545 278 1650 304 eorum,
1677 274 1701 298 et
1717 270 1834 298 indura-

1008 315 1046 342 vit
1061 322 1108 343 cor
1135 322 1241 348 eorum,
1269 316 1300 342 ut
1314 323 1369 342 non
1384 314 1514 345 videant;
1543 314 1672 342 Matthrei
1687 322 1754 342 vero
1772 322 1835 349 xm,

1010 360 1052 392 14,
1071 361 1100 387 ct
1113 360 1247 387 Actorum
1263 367 1362 392 xxvm,
1378 360 1424 392 27,
1441 360 1541 387 eadem
1558 359 1694 393 citantur,
1712 361 1744 386 ut
1756 360 1833 395 apud

1009 404 1182 439 prophetam
1209 404 1316 432 Isaiam
1338 413 1377 437 xx,
1404 404 1433 438 9,
1461 404 1644 431 eil'eruntur:
1672 403 1832 440 Ἐπαχύνοη

1008 447 1058 485 γὰρ
1088 449 1105 482 ἡ
1129 446 1227 485 καρδία
1250 450 1298 475 τοῦ
1326 447 1394 475 λαοῦ
1417 447 1526 481 τούτου,
1555 447 1600 474 καὶ
1633 446 1697 478 τοὺς
1731 447 1834 484 ὀφθαλ-

1012 492 1079 528 μοὺς
1108 492 1195 520 αὐτων
1225 491 1393 529 ἐκάμμυσαν·
1420 494 1610 521 Incrassatum
1635 500 1677 520 est
1710 501 1758 520 cor
1785 501 1834 529 p0-

1008 538 1072 574 puti
1095 537 1185 573 hujus,
1209 540 1235 565 et
1258 538 1354 565 oculos
1378 545 1440 565 suos
1463 537 1643 565 clauserunt:
1665 539 1692 565 at
1710 537 1836 565 Basilius

1011 582 1085 609 dixit
1098 581 1283 618 τετύφλωνται
1297 582 1321 608 οἱ
1338 579 1537 620 ὀφθαλμοὶ,καὶ
1554 581 1718 618 πεπώρωται
1731 582 1748 616 ἡ
1765 591 1836 619 παρ-

1012 624 1054 653 δία
1070 628 1098 654 et
1123 627 1220 662 verba,
1246 627 1354 662 quibus
1370 629 1414 655 est
1429 635 1500 655 usus
1515 626 1704 663 evangelista,
1721 628 1836 662 passivo

1012 679 1115 707 genere
1131 671 1234 699 extulit
1250 673 1282 699 ut
1298 671 1366 699 LXX
1387 672 1464 708 apud
1482 671 1654 708 prophetam
1672 671 1837 699 extulerant

1013 714 1170 752 ἐπαχύνοηῑ
1189 716 1266 752 puod
1283 716 1347 744 sine
1362 716 1450 744 dubio
1468 716 1589 751 impune
1603 724 1660 744 non
1676 716 1838 750 tulisset,si

1013 760 1102 788 Notas
1118 760 1147 788 in
1163 769 1230 788 eum
1258 760 1424 796 scripsisset
1452 761 1535 795 Beza,
1553 761 1601 795 qui
1627 760 1736 788 librum
1760 761 1838 789 hunc

1013 804 1151 840 quintum
1171 805 1412 841 interpretatione
1437 814 1490 833 sua
1511 805 1650 841 dignatus
1664 814 1721 833 non
1738 808 1795 842 est,
1810 807 1839 833 et

1015 849 1165 878 immerito
1180 852 1280 878 tamen
1291 850 1408 878 vellicat
1418 852 1567 878 auctorem
1583 850 1716 886 Vulgatat
1730 851 1840 878 Latinas

1015 902 1096 922 more
1112 903 1176 929 suo,
1193 895 1269 930 quod
1284 896 1361 931 apud
1387 897 1528 923 Joannem
1542 895 1694 930 πεπώρωκε
1707 895 1757 929 τὴν
1773 904 1838 931 καρ-

1015 937 1072 965 δίαν
1090 939 1190 967 Latine
1215 939 1375 967 reddiderit
1390 940 1550 974 excaecauit,
1575 938 1704 976 πώρωσιν
1725 942 1753 967 et
1780 940 1838 974 πή-

1016 993 1098 1020 ρωσιν
1115 993 1168 1012 suo
1180 992 1260 1012 more
1275 984 1550 1020 confundens,quod
1562 984 1647 1020 plane
1658 984 1764 1012 falsum
1781 986 1836 1019 est;

1015 1028 1100 1056 vertit
1115 1028 1204 1063 enim,
1220 1028 1365 1057 induravit
1379 1037 1426 1056 cor
1434 1036 1529 1056 eorum
1546 1037 1552 1056 :
1571 1037 1664 1064 neque
1677 1031 1776 1056 tamen
1794 1037 1838 1057 er-

1015 1075 1118 1108 rasset,
1131 1073 1156 1101 si
1170 1073 1213 1101 ita
1227 1073 1375 1106 vertisset,
1398 1075 1431 1101 ut
1446 1073 1533 1101 Marci
1550 1081 1591 1107 1n,
1612 1074 1639 1107 5,
1671 1072 1714 1099 ἐπὶ
1739 1073 1840 1110 πωρώ-

1015 1127 1065 1152 σει,
1081 1125 1165 1154 super
1179 1119 1308 1154 excitate,
1325 1126 1403 1153 cum,
1422 1120 1453 1145 ut
1467 1126 1534 1146 eum
1548 1118 1651 1145 docere
1661 1118 1757 1154 potuit
1773 1118 1836 1146 The-

1013 1164 1095 1191 sauri
1109 1164 1200 1190 Grmci
1210 1165 1330 1197 auctor;
1347 1163 1439 1199 πωρός
1456 1163 1552 1190 Suida:
1564 1162 1602 1190 sit
1613 1161 1727 1200 τυφλός,
1745 1171 1839 1191 caecus

1016 1209 1045 1235 et
1068 1207 1182 1244 πωρόω,
1207 1215 1325 1241 exczeco,
1349 1206 1648 1244 πώρωσις,τύφλωσις,
1666 1208 1837 1242 excaecatio;

1016 1260 1104 1287 quam
1121 1252 1158 1279 ob
1173 1260 1293 1279 causam
1308 1253 1449 1279 Erasmus
1465 1260 1582 1288 quoque
1598 1253 1674 1287 apud
1691 1252 1838 1288 evangeli-

1015 1299 1076 1324 stas
1099 1298 1128 1323 et
1151 1296 1274 1324 Paulum
1300 1297 1392 1324 edidit
1416 1295 1559 1334 ἐπώρωσεν
1587 1298 1748 1330 εχείεσαυίι,
1772 1297 1839 1324 licet

1014 1340 1064 1368 alii
1079 1341 1225 1369 obduravit
1241 1340 1346 1368 malint
1356 1343 1477 1375 vertere,
1490 1341 1565 1376 quod
1581 1342 1673 1377 πῶρος
1684 1340 1792 1368 callum
1810 1343 1838 1369 et

1014 1385 1152 1412 duritiem
1170 1387 1263 1420 sonet,
1280 1385 1358 1412 unde
1373 1387 1401 1412 et
1415 1386 1523 1421 πωροῦν
1540 1385 1698 1412 indurare:
1714 1388 1838 1420 utraque

1013 1438 1082 1458 voce
1099 1429 1191 1457 animi
1206 1429 1346 1457 obstinati
1361 1429 1521 1465 pertinacia
1536 1431 1564 1457 et
1585 1429 1698 1457 hebetis
1720 1430 1838 1458 inscitia

1014 1474 1194 1509 designatur.

1049 1518 1107 1546 Col.
1123 1518 1175 1545 124
1190 1520 1214 1544 A
1229 1518 1255 1545 8.
1272 1516 1381 1545 Εἷκόνα.
1407 1518 1634 1546 Emendavimus
1663 1518 1778 1546 titulum
1801 1527 1835 1547 ex

1014 1571 1070 1591 ms.
1086 1563 1132 1598 Η.,
1149 1571 1215 1590 cum
1232 1565 1317 1591 antea
1332 1563 1361 1590 in
1377 1563 1532 1596 Basilicus,
1554 1562 1700 1598 legeretur
1717 1563 1749 1590 τὰ
1778 1563 1836 1590 κατ’

1014 1606 1114 1641 εῗκὸνα,
1125 1609 1204 1634 τοῦτο
1222 1605 1250 1633 δὲ
1266 1606 1310 1634 διὰ
1322 1609 1370 1634 τοῦ
1399 1606 1552 1643 πνεύματος
1568 1607 1699 1644 γινόμενα
1715 1616 1721 1635 :
1753 1610 1781 1636 et
1807 1609 1837 1636 in

1014 1654 1094 1680 textu
1110 1652 1214 1688 capitis
1229 1652 1423 1687 expunximus
1439 1650 1549 1678 Παύλου
1565 1649 1593 1678 δὲ
1608 1651 1700 1686 εἰκών,
1718 1652 1838 1688 scripsi-

1015 1705 1141 1733 mnsque
1169 1695 1275 1727 πάντως
1305 1695 1333 1723 δὲ
1361 1697 1378 1731 ἡ
1393 1695 1484 1730 εἶκών,
1501 1698 1530 1724 et
1544 1697 1621 1733 apud
1636 1697 1838 1733 interpretem,

1017 1753 1031 1767 υ
1047 1741 1172 1770 Omnino
1188 1743 1297 1774 autem,
1314 1753 1328 1766 υ
1346 1750 1397 1778 pro
1413 1753 1426 1766 «
1443 1741 1583 1769 Omnium
1599 1743 1707 1770 autem.
1729 1753 1742 1766 »

1050 1795 1110 1823 Coi.
1124 1796 1178 1822 726
1193 1797 1211 1821 Β
1225 1796 1252 1822 3.
1270 1796 1338 1823 Cum
1355 1795 1594 1824 inhabitationem.
1626 1796 1772 1831 lnterpres
1789 1804 1840 1824 no-

1015 1848 1082 1868 vam
1112 1840 1265 1876 periodum
1282 1840 1444 1874 inchoaret,
1461 1849 1528 1868 cum
1545 1841 1676 1868 nondum
1690 1840 1840 1868 conclusio

1017 1885 1182 1921 argumenti
1206 1887 1282 1912 esset
1305 1884 1396 1919 illata,
1421 1885 1476 1912 hoc
1500 1887 1604 1920 pacto:
1620 1896 1633 1910 α
1650 1884 1784 1913 Christus
1811 1885 1841 1913 in

1017 1930 1159 1957 nobis.....
1177 1929 1240 1957 Haec
1255 1929 1346 1965 igitur
1360 1937 1427 1957 cum
1443 1929 1532 1965 dicat,
1554 1929 1680 1965 Spiritus
1694 1929 1839 1957 inhabita-

1016 1974 1126 2002 tionem
1141 1974 1246 2002 Christi
1263 1974 1472 2002 habitationem
1489 1982 1553 2002 esse
1569 1974 1705 2002 afﬁrmet.
1719 1985 1733 2000 »
1750 1977 1790 2002 Ac
1808 1974 1842 2002 li-

1016 2021 1062 2047 cet
1076 2019 1106 2047 in
1120 2019 1216 2047 Graeco
1231 2019 1365 2046 videatur
1387 2019 1500 2055 aliquid
1517 2019 1619 2047 deesse
1633 2020 1721 2046 etiam
1737 2019 1768 2046 in
1782 2027 1839 2047 ms.

1015 2065 1062 2097 H.,
1080 2067 1179 2101 utpote
1195 2065 1328 2101 repetitio
1344 2065 1422 2092 vocis
1442 2064 1588 2099 ἐνοίκησιν,
1612 2073 1671 2092 non
1696 2064 1842 2092 dubitavit

1015 2112 1114 2137 tamen
1125 2109 1166 2137 ita
1180 2112 1290 2137 vertere
1305 2109 1461 2137 Cornarius
1474 2118 1479 2136 :
1497 2109 1597 2145 quibus
1611 2109 1702 2137 verbis
1717 2109 1839 2144 Spiritus

1014 2154 1248 2182 inhabitationem
1263 2154 1366 2182 Christi
1381 2154 1614 2182 inhabitationem
1628 2154 1802 2189 pronuntiat.

1051 2209 1123 2237 Ibid.
1148 2211 1169 2236 B
1193 2210 1236 2236 10.
1263 2209 1317 2237 Sed
1340 2212 1368 2236 et
1392 2209 1494 2244 imago.
1519 2209 1614 2244 Hujus
1630 2208 1718 2236 etiam
1734 2207 1841 2243 capitis

135 2263 148 2277 «
169 2251 330 2288 praebuisse
355 2251 514 2287 prophetae,
542 2252 682 2287 quoniam
711 2252 782 2280 dicit
805 2253 895 2281 lsaias
924 2255 958 2282 de
975 2248 999 2279 Ι)
1015 2253 1131 2281 initium
1148 2254 1317 2282 mutilatum
1331 2252 1762 2290 expresseratinterpres,quod
1774 2252 1841 2280 sub-

132 2296 218 2332 ipsis,
248 2297 400 2324 Excmcavit
426 2296 518 2324 oculos
545 2304 650 2330 eorum,
681 2298 709 2324 et
741 2297 886 2326 induravit
913 2307 959 2326 cor

131 2349 255 2368 eorum.»
274 2342 367 2376 Atque
381 2340 422 2368 ita
439 2340 557 2376 quidem
573 2340 634 2368 haec
650 2341 759 2377 scripta
773 2342 959 2378 reperiuntur

131 2385 252 2413 Joannis
267 2394 317 2419 xu,
335 2385 379 2420 40,
404 2385 481 2420 apud
511 2387 660 2413 auctorem
689 2385 821 2422 Vulgata)
837 2387 956 2423 Latinio,

132 2431 218 2466 cujus
234 2432 314 2457 amat
329 2438 472 2465 usurpare
487 2430 577 2458 verba
599 2430 822 2466 Trapezuntius,
838 2434 871 2460 ut
884 2441 956 2468 prae-

133 2474 247 2503 cedenti
263 2482 330 2510 pag.
357 2474 420 2506 299,
437 2475 517 2510 quasi
542 2475 594 2502 nix
609 2474 812 2503 dealbabuntur
840 2481 864 2504 et
875 2479 905 2505 ut
920 2478 958 2505 ιιι-

132 2528 167 2547 na
183 2519 247 2547 alba
262 2521 353 2551 erunt,
370 2519 500 2546 ediderat
522 2519 603 2547 Isaiae
627 2528 646 2552 ι,
678 2519 708 2546 1;
737 2520 789 2547 sed
819 2521 957 2556 quoniam

133 2572 167 2592 ex
178 2564 298 2592 Hebraeo
311 2572 367 2591 non
385 2572 400 2591 e
416 2564 513 2591 Graeco
529 2564 616 2591 vertit
632 2566 732 2591 auctor
751 2564 892 2600 Vulgata,
910 2566 956 2594 in-

133 2609 302 2645 terpretatio
324 2608 422 2644 potius
446 2608 522 2636 LXX
545 2608 708 2636 exhibenda
731 2611 777 2636 est
799 2609 842 2636 vel
868 2611 956 2639 Graeci

134 2656 229 2682 textus
245 2653 315 2681 Novi
330 2653 519 2686 Testamenti,
535 2653 579 2681 vel
595 2653 684 2680 etiam
697 2654 794 2680 textus
818 2656 956 2689 auctoris,

133 2698 181 2733 qui
199 2696 387 2733 Evangelium
410 2696 529 2724 mutatis
554 2697 651 2725 verbis
677 2697 756 2732 citat,
777 2699 809 2724 ut
824 2697 877 2726 hoc
893 2698 956 2727 loco

132 2741 270 2776 Basilius,
287 2750 323 2769 ne
339 2749 475 2769 censores
491 2742 589 2778 potius
605 2743 632 2770 ct
652 2744 840 2778 correctores,
869 2752 955 2778 quam

132 2787 305 2823 interpretes
321 2794 406 2822 agere
417 2786 582 2816 videamur.
597 2787 633 2815 Ac
649 2786 772 2815 Joannis
784 2787 904 2823 quidem
915 2797 955 2817 xu

1009 2299 1157 2334 jiciemus,
1172 2307 1207 2326 ne
1224 2299 1292 2334 quis
1305 2299 1334 2326 in
1351 2298 1480 2326 deterius
1492 2299 1679 2326 immutatam
1696 2297 1839 2333 interpre-

1013 2343 1152 2371 tationem
1169 2346 1309 2379 queratur
1324 2352 1329 2371 :
1348 2355 1361 2368 (ε
1383 2344 1419 2371 Et
1434 2343 1532 2379 imago
1547 2351 1614 2371 vera
1631 2351 1688 2371 non
1705 2351 1739 2370 ex
1762 2343 1838 2370 ima-

1013 2388 1079 2424 gine
1095 2396 1163 2416 vera
1177 2389 1253 2416 sicut
1269 2397 1340 2416 nos:
1358 2391 1510 2424 propterea
1528 2387 1672 2416 assimilat
1683 2388 1717 2416 ad
1735 2387 1841 2423 imagi-

1014 2441 1091 2467 nem,
1108 2435 1137 2460 ct
1151 2432 1249 2466 efficit,
1267 2441 1325 2460 non
1341 2432 1480 2466 eiticilur,
1496 2435 1523 2460 et
1536 2433 1635 2460 unctio
1651 2435 1706 2467 est,
1729 2435 1758 2460 et
1782 2439 1839 2459 non

1014 2477 1194 2514 inungitur.»
1212 2478 1326 2505 Rursus
1342 2478 1564 2505 emendavimus
1576 2478 1661 2510 inira,
1679 2487 1693 2501 ‹‹
1710 2485 1760 2512 pcr
1772 2476 1840 2503 alie~

1014 2531 1084 2550 num
1111 2531 1127 2550 a
1152 2521 1269 2555 deitate,
1297 2532 1308 2547 ι)
1333 2529 1401 2549 cum
1423 2525 1499 2550 esset
1515 2523 1600 2549 antea
1616 2532 1628 2547 ‹ι
1646 2529 1696 2556 per
1712 2519 1838 2548 alienam

1013 2567 1162 2595 deitatem.
1181 2577 1194 2590 n
1219 2566 1308 2594 Porro
1324 2566 1429 2593 citatur
1444 2565 1534 2600 hujus
1549 2564 1654 2600 capitis
1669 2563 1775 2591 titulus
1801 2563 1838 2591 ab

1013 2611 1162 2639 illustriss.
1180 2611 1321 2638 cardinali
1337 2610 1524 2643 Bellarmino,
1540 2609 1590 2636 lib.
1608 2617 1640 2643 ιι,
1657 2617 1722 2644 cap.
1739 2609 1786 2642 25,
1802 2608 1840 2636 De

1013 2657 1121 2684 Christo
1154 2657 1184 2683 ut
1218 2656 1357 2691 probetur
1395 2654 1533 2682 divinitas
1569 2653 1696 2689 Spiritus
1733 2653 1838 2686 sancti,

1012 2702 1167 2737 ejusquea
1189 2701 1273 2728 Patre
1303 2700 1432 2735 Filioque
1460 2697 1628 2734 processio:
1660 2705 1727 2725 cum
1757 2697 1838 2725 enim

1012 2747 1090 2774 dicat
1115 2745 1162 2772 hic
1191 2745 1306 2778 titulus,
1337 2743 1379 2770 ὅτι
1410 2741 1490 2769 εῗκὼν
1520 2741 1628 2776 ἀληθὴς
1654 2741 1699 2768 καὶ
1737 2741 1837 2780 φυσική

1011 2791 1077 2817 Θεοῦ
1115 2789 1160 2816 καὶ
1196 2789 1311 2826 Χριστοῦ
1344 2788 1375 2815 τὸ
1414 2788 1542 2823 Πνεῦμαιε
1584 2798 1598 2812 ‹‹
1639 2795 1738 2815 veram
1774 2795 1839 2816 esse
