2029 3143
181 157 258 187 1063

771 157 890 186 NOTAE
911 156 1133 187 FRONTONIS
1154 157 1285 189 DUCJEI

1805 157 1885 188 1064

178 230 211 250 ac
227 223 390 250 naturalem
405 223 562 258 imaginem
580 222 631 250 Dei
647 224 674 249 et
689 222 795 249 Christi
812 222 968 258 Spiritum,
986 232 997 246 -ι

1056 219 1142 258 ἤγουν
1168 221 1194 257 ἐξ
1218 223 1310 260 ἑτέρας
1345 223 1446 254 οὐσίας’
1475 221 1623 261 ἐπειδήπερ
1651 223 1748 251 ἐκεῖνοι
1776 223 1882 260 ἐπῆγον

177 267 250 295 satis
266 267 533 303 indicat—Spiritum
550 267 657 294 habere
676 274 741 294 esse
762 275 778 294 ιι
795 269 878 294 Patre
901 269 928 294 et
953 266 1001 293 Fi-

176 311 232 339 lio:
260 320 317 339 non
340 312 419 339 enim
442 314 487 339 est
511 319 579 338 vera
603 315 631 338 et
654 311 797 338 naturalis
814 311 921 346 imago,
938 319 1001 346 qua

176 365 233 384 non
251 356 423 392 producitur
439 356 475 383 ab
490 356 661 391 exemplari.

212 409 272 437 Col.
287 410 340 436 7‘28
353 410 374 436 Λ
391 410 415 436 4.
442 411 496 442 Τῆς
520 407 685 444 ὁμοιότητος
706 409 756 440 τῆς
771 407 854 439 θείας.
868 409 927 436 Has
942 411 1001 437 tres

178 455 283 487 lineas,
301 463 363 489 qua:
380 454 408 481 in
426 453 578 481 Basiliensi
595 454 849 487 desiderabantur,
867 463 900 482 ex
916 454 1002 482 H.ad-

177 499 317 533 didimus,
333 507 407 534 quas
420 501 449 526 et
462 499 607 534 interpres
624 499 768 534 agnoscit.

211 552 284 580 Ibid.
299 552 319 579 Β
334 552 360 579 2.
379 551 570 587 Διαμένουσαν·
585 552 614 578 In
632 551 721 588 Regio
736 554 798 579 erat
814 551 859 585 H.,
877 549 920 578 διὰ
936 550 999 578 Θεό-

175 607 257 632 τητος
272 595 309 627 ἐς
336 595 421 623 uid»:
437 595 573 632 μένουσιν·
594 607 607 620 (ί
626 604 678 632 per
697 596 884 624 Divinitatem
902 596 930 623 in
947 605 1000 624 saa-

176 643 275 671 culum
291 644 530 678 permanentem:
550 653 564 666 ››
588 645 616 670 et
640 638 830 675 Emuhéeiv,
857 651 907 678 pro
935 641 983 668 ἀνα

177 684 282 715 λαϐεῖν.

211 740 270 769 Col.
294 741 347 768 732
372 742 392 767 Δ
415 741 443 768 ὃ.
475 740 523 766 Διὰ
546 741 626 766 τοῦτο
656 739 699 766 καὶ
718 741 796 766 Θεοῦ.
827 739 924 768 Utitur
952 739 998 767 his

175 785 282 818 verbis,
297 787 326 812 et
341 784 376 811 iis
393 792 456 819 quas
473 783 501 810 in
518 783 602 811 titulo
618 783 784 818 sunthujus
801 783 998 819 capitis,idem

174 828 333 856 cardinalis
349 828 545 856 Bcllarminus
567 827 629 855 loco
641 828 705 863 jam
721 828 820 862 citato,
847 831 878 855 ut
894 835 996 863 proce-

175 874 242 901 dere
257 882 274 900 a
290 873 360 901 Filio
375 873 515 908 Spiritum
543 872 654 908 probet.
671 872 821 904 Quomodo
838 872 915 899 enim
941 872 996 898 dici

175 920 270 953 potest
285 918 326 944 sic
343 925 374 944 se
396 916 504 944 habere
526 916 667 952 Spiritum
690 917 724 944 ad
743 916 859 952 Filium,
876 917 953 944 sicut
969 924 999 944 se
1014 915 1037 948 B

175 962 263 989 habet
277 962 369 989 Filius
385 962 420 989 ad
438 961 564 996 Patrem,
590 961 614 988 si
635 961 726 988 Filius
742 961 860 996 quidem
878 970 894 989 a
919 961 1000 988 Patre

177 1006 318 1041 procedit,
340 1005 467 1041 Spiritus
488 1007 586 1032 autem
603 1006 724 1032 sanctus
742 1013 758 1032 a
773 1004 845 1032 Filio
860 1013 916 1031 non
934 1013 999 1040 pro-

174 1050 271 1077 rcdit?
288 1052 339 1079 aut
361 1049 506 1085 quomodo
530 1049 657 1085 Spiritus
674 1052 717 1077 est
733 1050 851 1078 verbum
870 1049 945 1084 Filii,
974 1049 997 1076 si

173 1094 209 1122 ab
225 1094 289 1131 ipso
304 1103 362 1122 non
380 1094 530 1130 procedit?

208 1149 282 1177 Ibid.
298 1150 326 1176 Β.
343 1147 392 1175 Διᾶ
405 1147 431 1174 1i
449 1148 486 1183 μή
503 1147 533 1174 τὸ
549 1148 670 1184 Πνεῦμα.
688 1149 795 1176 Eodem
812 1148 899 1176 modo
916 1148 999 1184 quin-

173 1197 236 1222 tum
251 1193 330 1221 hunc
348 1193 444 1220 locum
461 1193 572 1228 profert
587 1193 618 1220 in
634 1194 734 1220 eodem
752 1193 845 1228 capite
861 1192 911 1220 lib.
928 1201 947 1220 ιι
962 1193 1000 1220 De

174 1239 292 1271 Christo,
323 1238 352 1265 in
379 1246 436 1274 quo
460 1237 544 1264 docet
559 1237 687 1265 Basilius
713 1238 855 1273 Spiritum
881 1246 915 1264 ex
940 1237 998 1264 Deo

173 1292 238 1312 esse
254 1291 305 1319 per
319 1282 435 1314 Filium,
452 1282 502 1309 sed
520 1291 577 1310 non
593 1282 649 1309 dici
668 1282 773 1309 Filium
789 1282 865 1315 Filii,
890 1290 926 1308 ne
948 1290 997 1308 su-

175 1327 505 1365 spicemurTrinilatcm
518 1327 546 1354 in
558 1327 706 1354 infinitum
719 1326 997 1362 multiplicari.Nam

173 1374 197 1401 si
215 1373 344 1409 Spiritus
360 1372 508 1400 diceretur
531 1371 610 1398 ﬁlius
627 1371 702 1406 Filii,
719 1379 903 1406 consequens
918 1371 998 1398 vide-

174 1421 265 1452 retur,
281 1420 314 1445 ut
329 1416 416 1444 etiam
434 1415 524 1444 alium
541 1415 635 1443 filium
662 1415 782 1443 haberet
803 1415 874 1451 ipse,
904 1417 933 1442 et
956 1415 998 1442 sit:

174 1463 322 1497 deinceps.

207 1520 268 1548 Col.
303 1520 353 1547 731
379 1519 468 1547 C13.
503 1519 625 1546 Curiose.
660 1517 881 1555 Περιεργάζεσθαι
911 1518 997 1545 vertit

172 1565 345 1600 Trapezunt.
363 1575 377 1589 ‹‹
402 1563 492 1591 variis
515 1563 595 1591 curis
610 1571 739 1595 versare,
755 1574 765 1588 ι
784 1563 862 1598 quod
880 1562 996 1598 proprie

1057 264 1184 302 λέγοντες
1213 267 1244 294 τὸ
1270 269 1379 304 Ηνεῦμα
1402 267 1513 304 κτίσμαο
1539 280 1553 294 ‹‹
1577 268 1608 296 In
1634 269 1688 296 hoc
1709 269 1807 304 capite
1823 270 1886 295 Ma-

1056 319 1133 347 gnus
1149 312 1275 339 Basilius
1290 313 1575 341 conaturostendere
1586 313 1726 349 Spiritum
1744 315 1883 340 sanctum

1056 363 1089 382 ex
1106 355 1190 383 Patre
1204 365 1269 384 esse
1284 360 1313 385 et
1327 366 1384 385 non
1407 357 1536 389 aliunde,
1553 358 1607 385 hoc
1622 360 1667 386 est
1683 366 1716 385 ex
1731 357 1791 385 alia
1811 358 1886 385 sub-

1056 401 1179 428 stantia:
1193 401 1258 429 ideo
1266 402 1515 437 quodinfersbant
1528 402 1653 430 haeretici
1662 403 1806 438 Spiritum
1819 411 1885 430 esse

1055 447 1231 474 creaturam.
1251 458 1261 470 ι
1275 447 1347 474 Cum
1360 447 1448 480 igitur
1460 455 1543 475 mens
1559 447 1657 474 Basilii
1672 447 1759 474 fuerit
1775 447 1887 479 haec,ut

1055 488 1182 524 Spiritus
1199 493 1320 518 sanctus
1337 499 1393 518 non
1410 491 1450 518 sit
1464 490 1565 519 aliena:
1590 494 1711 525 naturae,
1741 492 1791 518 sed
1818 492 1885 526 ejus

1055 541 1144 568 quam
1154 534 1240 562 habet
1249 537 1344 567 Pater,
1353 537 1382 562 et
1391 535 1532 570 Spiritum
1546 539 1679 563 sanctum
1689 545 1745 563 non
1758 535 1884 572 intelligi

1057 586 1073 604 a
1088 578 1172 605 Patre
1187 587 1251 606 csse
1267 580 1322 606 nisi
1339 589 1356 607 a
1371 580 1537 608 substantia
1552 580 1645 608 Patris
1666 583 1695 608 et
1709 582 1772 609 Filii
1784 591 1791 610 ε
1803 590 1839 609 ex
1850 589 1883 608 eo

1055 622 1239 651 concluditur
1254 624 1452 651 substantiam
1468 631 1542 658 esse,
1560 633 1623 660 quae
1639 626 1774 658 producit
1787 626 1884 662 Spiri-

1031 670 1038 675 ‘
1054 668 1118 694 tum
1135 669 1270 695 sanctum
1286 676 1293 695 :
1317 676 1349 695 ac
1374 668 1497 704 proinde
1522 677 1539 696 a
1561 669 1633 697 Filio
1649 677 1764 705 quoque
1780 678 1884 706 proce-

1055 711 1133 743 dere,
1148 719 1214 738 cum
1232 712 1326 740 Patris
1341 715 1370 740 et
1384 712 1448 740 Filii
1464 713 1502 740 sit
1518 721 1576 740 una
1592 714 1769 741 substantia.
1796 714 1886 742 Plura

1054 755 1088 782 ad
1105 755 1195 789 hujus
1206 755 1259 784 loci
1270 756 1498 784 illustrationem
1513 757 1592 784 illinc
1604 758 1662 793 peti
1678 761 1885 792 poterunt;nos

1054 800 1132 826 solas
1144 801 1288 828 variantes
1298 800 1436 829 lectiones
1444 810 1545 837 perseq
1552 802 1740 830 uemur.Nam
1751 802 1883 835 illum”?

1054 841 1096 869 ὅτι
1114 843 1152 879 μή
1167 844 1291 881 γέννησις
1307 846 1324 878 ἡ
1348 847 1396 872 τοῦ
1417 845 1586 881 Πνεύματος.
1603 846 1645 874 sic
1662 847 1788 874 refertur
1804 847 1885 874 illic:

1053 886 1164 922 Ἐπειδὴ
1196 889 1212 922 ἡ
1242 888 1399 925 ἐκπόρευσις
1422 891 1470 916 τοῦ
1497 889 1653 926 Πνεῦματος
1675 892 1722 917 τοῦ
1738 893 1806 917 Θιοῦ
1822 891 1883 927 γὲν-

1055 942 1133 966 νησις
1163 932 1211 960 οὐκ
1243 932 1362 968 ἐκλήθη·
1398 937 1427 962 et
1453 935 1536 964 illud.
1565 935 1614 962 Καὶ
1634 937 1806 972 περιφρονῶν
1827 937 1883 962 τῶν

1056 976 1232 1013 ἀνθρωπίνων
1262 977 1448 1015 παριδειγμ.,
1481 980 1522 1007 ita
1546 979 1696 1013 scribitur,
1723 979 1769 1006 καὶ
1796 989 1883 1016 παρα-

1055 1019 1196 1059 δείγμασιν
1226 1022 1406 1060 ἀνθρωπίνοις
1431 1024 1540 1061 ἀφορῶν
1566 1024 1723 1061 ἀνατρὲπεις
1743 1024 1777 1050 τὰ
1793 1024 1818 1058 ἐξ
1835 1024 1882 1050 αὒ-

1053 1068 1107 1092 τῶν
1134 1066 1313 1103 συνιστάμενα
1340 1068 1399 1095 θεῖα
1423 1063 1556 1104 δάγματα.
1585 1068 1669 1096 Unde
1691 1072 1809 1097 constat
1833 1070 1883 1096 ad-

1054 1111 1182 1139 dendum
1191 1112 1378 1148 participium
1391 1113 1569 1145 συνιστάμινα
1581 1113 1673 1141 textui
1685 1114 1880 1149 Basilii.quod

1054 1157 1208 1190 agnovisse
1224 1157 1340 1184 videtur
1351 1158 1495 1193 interpres
1506 1166 1573 1185 cum
1585 1158 1637 1190 ait,
1647 1169 1661 1183 «
1678 1166 1744 1193 quae
1759 1166 1794 1185 ex
1810 1158 1882 1194 ipsis

1054 1199 1261 1236 intelliguntur
1275 1201 1374 1229 divina
1388 1203 1544 1238 dogmata;
1563 1213 1576 1227 (ι
1593 1202 1738 1238 interpres
1764 1202 1880 1230 concilii

1054 1244 1134 1278 dixit,
1152 1256 1166 1270 «
1183 1253 1246 1281 quae
1263 1254 1314 1282 per
1328 1246 1378 1274 illa
1391 1249 1630 1282 cognoscuntur:
1648 1257 1662 1270 »
1685 1249 1714 1274 et
1733 1246 1820 1279 illud.
1836 1246 1881 1273 καὶ

1053 1287 1179 1326 δέχεσθαι
1209 1289 1256 1316 σὺν
1281 1287 1410 1325 εὐσεϐείᾳ,
1436 1291 1550 1319 concilii
1574 1293 1682 1325 textus,
1706 1291 1752 1318 καὶ
1776 1294 1830 1318 πᾶν
1851 1291 1880 1318 τὸ

1053 1333 1200 1371 λεγόμενον
1214 1333 1413 1372 προσδέχεσθαι
1431 1335 1489 1371 μετ’
1513 1332 1645 1366 εὐσεϐείας
1660 1335 1704 1362 καὶ
1729 1335 1782 1362 οὐκ
1797 1335 1880 1370 ἀνοη-

1051 1377 1150 1405 τότατα
1178 1378 1245 1405 κατὰ
1272 1382 1321 1413 τῆς
1343 1376 1476 1409 εὐσεϐείας
1499 1379 1659 1416 ἐπιχειρεῖν·
1685 1383 1716 1407 et
1731 1380 1880 1416 interpres

1053 1423 1128 1457 ejus,
1144 1434 1158 1448 «
1175 1426 1204 1450 et
1219 1432 1275 1451 non
1292 1427 1394 1452 contra
1409 1424 1547 1459 pietatem
1559 1424 1768 1452 insulsissimis
1779 1426 1819 1452 uti
1833 1434 1880 1452 ar-

1052 1468 1220 1503 gumentis:
1236 1478 1249 1493 η
1268 1469 1378 1504 quibus
1388 1468 1483 1496 verbis
1495 1469 1689 1497 conﬁrmatur
1698 1469 1783 1497 lectio
1795 1470 1877 1505 Regii

1051 1512 1160 1540 codicis
1177 1513 1210 1540 H.
1239 1513 1284 1540 καὶ
1302 1513 1339 1548 μὴ
1364 1512 1509 1550 μωρότατα
1529 1513 1562 1539 τὰ
1576 1516 1625 1547 τῆς
1650 1511 1786 1543 εὐσεϐείας
1803 1514 1880 1552 σοφί-

1053 1557 1151 1590 ζεσθαι.
1182 1557 1304 1591 Rursus,
1333 1556 1377 1583 καὶ
1405 1556 1436 1583 τὸ
1450 1556 1573 1591 γίννημα
1588 1556 1612 1591 ἐξ
1638 1556 1720 1583 αὐτοῦ
1744 1555 1878 1595 incentiva,

173 1613 266 1642 ssnat,
282 1610 389 1637 curiose
402 1609 532 1642 scrutari,
549 1610 578 1635 et
595 1606 665 1638 θέσει
678 1606 811 1644 γινέσθω.
827 1617 842 1633 ι(
857 1607 997 1643 positione

1056 1601 1171 1628 concilii
1187 1604 1295 1635 textus,
1311 1601 1354 1628 καὶ
1379 1601 1410 1628 τὸ
1430 1600 1626 1638 γεγεννημένον
1642 1600 1666 1636 ἐξ
1683 1600 1766 1628 αὐτοῦ
1797 1601 1881 1639 ἀναγ-

172 1654 275 1687 factos,
292 1664 306 1678 »
324 1661 391 1680 cum
403 1654 506 1688 postea
522 1652 693 1680 meminerit
706 1653 761 1678 τῶν
777 1651 1001 1687 υἱοθςτουμένων,

171 1709 185 1723 ‹‹
203 1697 425 1733 adoptivorum;
443 1706 457 1720 ››
474 1697 601 1731 ideoque
618 1708 631 1720 «
649 1697 808 1732 adoptione
823 1696 914 1724 factos
930 1706 944 1720 »
960 1696 1002 1723 di-

171 1745 196 1769 ci
213 1741 390 1769 maluimus.

212 1799 272 1827 Col.
288 1799 342 1826 735
356 1800 377 1826 Α
393 1799 421 1825 5.
439 1799 476 1826 Tu
490 1806 553 1826 vero
567 1798 708 1826 similiter.
740 1798 770 1825 ln
797 1797 920 1826 com-ilio
936 1797 1000 1825 Flo-

173 1844 300 1878 rentino,
318 1843 450 1871 sessione
467 1843 542 1878 t8,p.
559 1843 612 1870 440
624 1842 762 1870 editionis
778 1844 998 1879 Romanm,tom_

168 1891 205 1917 IV
222 1889 383 1920 Conciliat,
401 1888 549 1923 profertur
564 1889 592 1915 et
607 1887 763 1923 diligenter
778 1887 924 1914 excutitur
952 1886 1001 1917 hic

170 1933 263 1967 locus,
294 1934 330 1960 ab
358 1932 405 1960 bis
428 1931 526 1960 verbis
551 1940 646 1967 usque
667 1933 701 1959 ad
718 1931 769 1959 illa
786 1931 926 1969 μόρφωσιν
942 1930 1000 1958 κτί-

168 1988 245 2012 σεως,
262 1989 275 2002 ‹‹
294 1977 498 2004 formationem
513 1979 666 2004 creaturae.
681 1987 695 2001 »
711 1977 782 2004 Cum
795 1976 873 2003 enim
886 1976 1001 2004 Marcus

169 2022 311 2058 preSIus
321 2029 373 2057 pro
381 2021 488 2048 Graecis
501 2020 657 2056 disputans
665 2020 802 2048 dixisset:
813 2020 843 2048 '0
856 2019 938 2057 μέγας
947 2021 1000 2048 Βα-

168 2065 269 2096 σίλειος
284 2064 311 2092 ἐν
325 2067 385 2096 τοῖς
400 2064 468 2101 πρὸς
493 2064 628 2100 Εὐνόμιον
645 2063 851 2101 ἀντιρῥητικοῖς
868 2065 930 2102 περί
946 2068 998 2098 τῆς

167 2110 198 2138 ἐκ
208 2112 256 2137 τοῦ
276 2109 381 2146 Πατρὸς
395 2107 517 2146 προόδου
537 2111 586 2136 τοῦ
609 2108 688 2146 ἁγίου
705 2108 862 2144 ηνιύματος
878 2109 923 2136 τὸν
951 2108 998 2136 λό-

167 2165 213 2191 γον
236 2153 401 2190 ποιούμενος
426 2151 519 2180 τοιάδε
541 2152 616 2191 φησί’
647 2155 729 2187 Γεννᾷ
753 2153 767 2178 ὁ
793 2152 858 2182 Θεὸς
883 2151 936 2189 οὐχ
961 2153 998 2182 ὡς

168 2198 322 2236 ἄνθρωπος.
355 2197 385 2224 El
399 2196 487 2224 τοίνυν
513 2196 544 2224 τὸ
561 2198 674 2232 Ηνεῦμα
699 2195 724 2230 ἐξ
740 2196 822 2222 αὑτοῦ
845 2195 996 2231 ἀκούοντες,

168 2245 282 2279 νοοῦμεν
306 2241 336 2269 ἐκ
350 2244 401 2276 τῆς
417 2241 592 2271 ὑποστάσεως
613 2240 706 2272 αὐτοῦ,
720 2239 774 2274 ἤδη
791 2243 914 2277 καθαρῶς
931 2241 996 2267 ἀπε-

1057 1644 1150 1682 γὲλλει
1167 1645 1242 1682 ῥῆμα
1257 1645 1273 1680 ἦ
1291 1645 1384 1683 λόγον.

1091 1698 1149 1726 Col.
1162 1699 1215 1726 738
1231 1700 1252 1726 A
1267 1699 1292 1726 Ii.
1316 1699 1400 1734 Quasi
1424 1700 1553 1728 humano.
1578 1700 1657 1728 Hanc
1672 1699 1824 1736 periodum
1852 1699 1880 1726 in

1056 1742 1130 1770 duas
1145 1743 1284 1772 diviserat
1298 1744 1452 1780 interpres,
1464 1747 1492 1772 et
1507 1753 1627 1773 sensum
1638 1745 1766 1772 auctoris
1778 1744 1884 1772 obscu-

1056 1789 1151 1815 raret:
1165 1799 1178 1812 ‹‹
1193 1788 1281 1820 Quasi
1292 1789 1369 1816 enim
1379 1790 1582 1825 proferebatur
1592 1789 1724 1816 humana
1734 1788 1883 1816 locutione

1056 1835 1088 1859 ut
1102 1841 1151 1868 per
1166 1833 1289 1869 ﬁguram
1306 1833 1467 1862 humanam
1479 1838 1640 1870 exponatur
1655 1842 1706 1869 per
1722 1834 1821 1869 ipsum
1839 1834 1882 1860 fa-

1055 1879 1132 1904 ctam
1149 1886 1213 1905 esse
1227 1880 1401 1905 creaturam.
1419 1890 1430 1904 ι
1460 1879 1528 1910 Quae
1552 1882 1717 1913 sequuntur
1732 1886 1827 1913 usque
1843 1878 1878 1905 ad

1054 1921 1141 1949 ﬁnem
1158 1922 1434 1958 capitis,decurtata
1445 1923 1570 1950 erantin
1583 1922 1710 1950 editione
1725 1922 1879 1950 Basiliensi

1054 1965 1108 1993 hcc
1121 1967 1226 1994 modo:
1243 1967 1319 1994 ’Ἐστι
1335 1967 1366 1993 τὸ
1387 1968 1497 2003 Πνεῦμα
1522 1966 1563 1994 ἀεὶ
1587 1966 1630 1993 καὶ
1655 1966 1718 2003 πρὶν
1743 1969 1881 2004 γραφῆναι

1055 2009 1106 2036 ὑπὸ
1120 2010 1240 2040 Μωσέως
1256 2010 1428 2049 ἐπιφέρεσθαι
1444 2012 1510 2038 αὐτό
1531 2011 1620 2038 ἐπάνω
1641 2013 1689 2038 τοῦ
1712 2009 1809 2041 ὕδατος
1835 2011 1881 2038 val

1053 2053 1236 2092 ἐκερυσηθῆναι
1253 2055 1318 2082 αὐτὸ
1330 2055 1367 2086 εἴς
1384 2056 1560 2091 ζωοποίησιν.
1578 2056 1736 2084 Cornarius
1751 2056 1786 2084 ad
1804 2057 1881 2084 hanc

1052 2099 1206 2127 lectionem
1223 2109 1307 2128 suam
1323 2101 1488 2128 versionem
1507 2101 1721 2129 oonformarat:
1745 2111 1760 2126 «
1776 2101 1829 2128 Est
1851 2103 1881 2128 et

1051 2144 1179 2179 Spiritus
1208 2153 1334 2180 semper,
1357 2145 1444 2173 etiam
1475 2148 1632 2181 antequam
1658 2145 1838 2173 scriberetur
1864 2154 1881 2172 ιι

1052 2188 1132 2216 Mosa
1145 2189 1211 2216 lerri
1223 2189 1321 2224 ipsum
1334 2198 1423 2226 super
1435 2190 1766 2226 aquas,etexsut‘ﬂatum
1780 2190 1880 2225 ipsum

1053 2241 1117 2260 esse
1133 2233 1167 2260 ad
1185 2233 1409 2261 viviﬁcationem
1424 2242 1430 2262 :
1449 2245 1462 2259 n
1479 2235 1529 2262 sed
1556 2234 1635 2269 Regii
1653 2234 1762 2261 codicis
1778 2233 1880 2262 lectio-

170 2288 273 2326 φήνατο
296 2285 325 2312 ἐκ
351 2285 438 2322 μόνης
460 2287 510 2318 τῆς
537 2285 710 2315 ὑποστάσεως
734 2287 782 2312 τοῦ
810 2285 923 2322 Πατρὸς,
951 2285 996 2312 καὶ

1055 2285 1121 2305 nem
1139 2278 1288 2313 antiquior
1302 2278 1487 2314 Trapezuntii
1502 2278 1596 2305 versio
1612 2278 1779 2306 conﬁrmat.

170 2331 220 2358 οὐκ
230 2330 256 2366 ἐξ
272 2329 361 2364 ἄλλης
384 2330 455 2360 τινὸς
472 2329 645 2360 ὑποστάσεως
675 2329 740 2356 εἶναι
768 2329 800 2356 τὸ
830 2331 940 2365 Πνεῦμα
965 2330 996 2357 τὸ

168 2377 253 2413 ἅγιον·
271 2387 284 2401 ι(
298 2374 423 2402 Basilius
436 2375 560 2410 Magnus
575 2375 603 2402 in
621 2375 932 2410 sermonibus,quibus
945 2376 998 2402 Eu-

171 2420 302 2449 nomium
319 2420 490 2450 confutavit,
507 2419 631 2454 loquens
643 2420 678 2447 de
690 2420 883 2454 productione
898 2421 995 2448 sancti

167 2465 299 2501 Spiritus
315 2473 349 2491 ex
366 2464 460 2497 Patre,
477 2463 523 2490 his
540 2464 634 2490 utitur
649 2464 764 2491 verbis:
782 2464 905 2491 Generat
921 2466 997 2491 Deus

168 2519 226 2538 non
243 2512 276 2536 ut
291 2509 389 2540 homo,
401 2515 468 2536 vere
485 2510 581 2534 tamen
599 2508 759 2543 generat.Si
776 2515 844 2542 ergo
856 2508 994 2543 Spiritum

166 2563 200 2581 ex
215 2554 278 2589 ipso
294 2553 460 2586 audientes,
475 2551 664 2584 intelligimus
675 2560 709 2578 ex
724 2552 787 2585 ejus
803 2551 996 2580 subsistentia

169 2598 324 2634 perspicue
334 2599 401 2632 jam
414 2596 541 2624 Basilius
554 2596 755 2631 pronuntiavit
769 2603 802 2622 ex
818 2596 879 2623 sola
901 2596 995 2624 Patris

169 2641 332 2678 hypostasi.
357 2645 384 2668 et
411 2649 467 2667 non
491 2648 525 2667 ex
541 2640 598 2667 alia
614 2640 740 2674 quadam
758 2639 905 2675 bypostasi
933 2648 995 2668 esse

167 2686 308 2720 Spiritum
320 2690 456 2713 sanctum
470 2693 477 2712 :
498 2696 511 2709 ››
529 2684 681 2719 respondit
691 2684 819 2711 Joannes
831 2684 994 2712 Provincia-

168 2731 215 2765 lis,
232 2731 282 2765 qui
299 2731 469 2758 Latinorum
487 2732 586 2765 partes
612 2729 766 2756 tuebatur:
794 2728 838 2755 ’Ev
851 2728 940 2764 τούτῳ
955 2731 995 2765 τῷ

166 2772 307 2812 κεφαλαίῳ
323 2774 457 2812 ἐπείγεται
473 2773 487 2800 ὃ
510 2774 591 2810 μέγας
608 2772 752 2803 Βασίλειος
768 2771 851 2808 δεῖξαι
865 2773 897 2800 τὸ
912 2776 994 2801 Πνεῦ-

169 2828 206 2854 μα
229 2818 260 2845 τὸ
290 2818 363 2854 ἅγιον
385 2817 451 2845 εἶναι
477 2817 506 2845 ἐκ
529 2819 577 2844 τοῦ
601 2817 705 2854 Πατρὸς
725 2817 770 2844 καὶ
786 2817 839 2855 οὐχ
853 2818 992 2855 ἑτέρωθεν,

1087 2331 1146 2358 Col.
1161 2331 1214 2358 739
1229 2334 1248 2358 Ο
1262 2332 1289 2358 2.
1306 2331 1478 2359 Discentibus
1493 2331 1607 2366 apostol.
1638 2333 1701 2358 Haec
1724 2338 1880 2366 perperam

1052 2384 1135 2402 versa
1151 2383 1272 2402 sensum
1289 2376 1419 2403 auctoris
1436 2376 1678 2403 interverterunt:
1701 2385 1713 2401 α
1731 2375 1881 2410 Apostolis

1052 2420 1125 2455 ipsis
1141 2419 1265 2454 gloriam
1281 2420 1556 2454 tribuentibus,haec
1571 2420 1643 2447 dicit
1656 2419 1801 2455 Spiritum
1814 2428 1879 2447 san-

1051 2468 1125 2492 ctus.
1144 2477 1155 2490 ι
1175 2465 1348 2500 Quanquam
1361 2465 1421 2492 hac
1437 2465 1527 2499 Agabi
1543 2464 1690 2500 prophetae
1706 2466 1778 2491 sunt
1791 2464 1882 2491 verba

1051 2510 1187 2536 Actorum
1204 2510 1310 2542 uult.
1327 2509 1381 2536 Sed
1399 2509 1459 2536 haec
1475 2509 1649 2536 conﬁrmant
1663 2509 1878 2536 correctionem

1051 2556 1195 2586 nostram,
1221 2562 1280 2589 qua
1304 2553 1488 2581 temerariam
1511 2553 1784 2588 interpretationem
1802 2555 1880 2580 Beza:

1050 2599 1258 2633 castigavimus
1275 2606 1374 2633 supra,
1387 2597 1461 2624 libro
1477 2606 1508 2624 Π.
1520 2597 1609 2624 Paulo
1626 2599 1701 2632 post,
1718 2596 1749 2623 οὗ
1766 2597 1877 2623 omnia.

1051 2651 1140 2672 σοντες
1156 2642 1393 2678 Trapezuntiusa
1412 2650 1468 2669 non
1486 2641 1691 2669 coordinantes
1709 2653 1723 2665 »
1739 2644 1877 2675 verterat,

1050 2695 1102 2723 pro
1118 2697 1132 2711 ‹‹
1149 2687 1585 2721 componentes,comparantes,
1599 2697 1612 2710 n
1626 2686 1831 2714 utllCorinth.
1847 2695 1878 2720 κ,

1051 2729 1156 2759 121οὒ
1186 2731 1237 2767 γὰρ
1267 2729 1415 2766 τολμῶμεν
1443 2732 1582 2768 συγκρῖναι
1608 2730 1722 2761 ἑαυτούς
1735 2740 1801 2757 τισι·
1818 2733 1879 2760 Non

1048 2776 1123 2804 enim
1160 2775 1293 2804 audemus
1327 2783 1493 2811 comparare
1523 2783 1574 2803 nos
1608 2775 1783 2812 quibusdam.
1822 2776 1877 2803 lbi-

1051 2821 1118 2848 dem
1133 2819 1389 2858 χειραγωγούμενος,
1406 2828 1439 2848 ex
1455 2828 1510 2848 ms.
1528 2821 1720 2853 correximus,
1737 2831 1751 2846 (ι
1767 2819 1875 2852 ducti,»
