2029 3143
90 142 166 173 1065

595 127 596 130 “
629 142 669 171 lN
691 139 828 171 LIBROS
850 138 1008 169 CONTRA
1031 140 1258 172 EUNOMIUM.

1714 142 1793 174 1066

88 217 152 237 cum
178 210 264 236 antea
289 208 429 236 mendose
451 207 598 243 legeretur
617 207 648 234 in
664 206 751 234 Basil.
768 203 911 242 χωρηγού-
926 205 953 238 Α
1003 205 1062 233 Col.
1079 207 1131 233 747
1146 210 1167 234 Α
1184 207 1211 234 7.
1242 208 1339 236 Verum
1352 207 1474 236 divinus.
1491 209 1705 244 Trapezuntius
1720 210 1793 238 scri-

90 263 174 290 μενοι.

120 307 180 336 Col.
196 307 250 335 746
266 309 295 335 Β.
317 307 387 335 Heus
404 315 458 335 vos.
478 308 536 334 Has
551 306 626 334 duas
642 306 786 334 dictiones
802 305 911 340 adjeci-

88 362 150 382 mus
168 351 414 388 interpretationi,
426 354 455 380 et
468 351 495 378 in
513 351 621 379 Graicis
636 350 814 378 correximus
826 349 848 376 ὦ
864 348 910 375 οὖ-

86 408 137 432 τοι,
154 406 222 425 cum
245 399 331 425 antea
357 397 502 432 legeretur
524 396 554 424 in
570 396 658 424 Basil.
676 395 712 426 ὡς
733 393 818 429 οὗτοι,
834 394 911 422 unde

86 442 242 470 Carnarius
258 443 469 477 expresserat,«
481 440 543 468 Non
556 441 693 476 Separant
703 439 798 468 solum
811 447 827 466 s
837 438 909 465 dua-

85 486 165 514 litate
178 486 257 514 velut
272 486 332 514 isti.
346 497 360 511 υ
371 486 481 514 Doceat
491 485 676 521 grammatici
693 492 851 520 pronomen
863 481 910 509 οὗ·

84 541 130 561 τος
145 539 213 559 cum
226 531 355 558 secunda
367 538 491 566 persona
499 530 711 564 copulatum,et
722 529 910 564 conjunctam

86 577 193 603 habens
210 574 382 611 particulam
397 573 601 610 insignificare
613 578 652 601 tu.
668 571 909 608 Lucianus,p.éx_ot

82 619 162 655 τίνος,
180 618 202 646 ὦ
226 617 315 652 οὗτος,
338 617 513 654 ὀδυρόμεοα;
531 629 544 642 α
570 619 736 652 Quousque,
763 616 837 644 heus
865 618 911 656 tu,

85 665 206 693 ﬂemus?
224 676 238 689 »
253 662 275 690 ὦ
299 663 387 697 αὗται,
404 675 417 688 ‹‹
437 663 509 691 heus
524 671 573 690 vos
598 662 728 690 feminae!
744 674 757 686 ι)
767 662 910 690 Eusebius

85 709 133 737 lib.
151 718 183 737 ιιι
210 710 391 737 Historiarum
415 709 562 736 eccleszast.
584 716 646 742 cap.
671 708 728 735 25:
755 706 823 733 Φασὶ
844 708 908 743 γοΰν

83 754 127 781 τὸν
145 753 279 790 μακάριον
304 753 405 790 Πέτρον
432 752 595 788 θεασάμενον
617 751 666 786 τήν
687 751 782 778 ἑαυτοῦ
797 753 910 788 γυναῖκα

85 797 260 836 ἀπαγομένην
295 796 337 824 ἰπὶ
368 798 474 833 Θανάτῳ
491 819 498 831 ,
528 799 694 833 επιφωνῆσαι
721 794 746 831 ἐξ
777 795 910 832 ὀνόματος

82 842 272 879 προσειπόντι,
294 841 436 878 Μέμνησο,
454 840 477 868 ὦ
492 840 572 875 αὕτη,
595 842 644 868 τοῦ
666 839 776 878 Κυρίου”
791 851 804 866 ι(
820 840 909 868 Aiunt

967 252 1088 285 psernt:
1109 261 1122 277 α
1137 251 1243 280 Verum
1267 252 1406 288 quoniam
1430 253 1558 289 Spiritus
1583 253 1662 282 Deus
1687 258 1793 283 cuneta

967 303 1030 330 quae
1045 303 1061 323 a
1086 296 1143 323 Dco
1160 303 1211 331 per
1234 297 1337 325 Filium
1358 299 1426 325 sunt
1449 297 1478 325 in
1500 305 1565 326 esse
1588 299 1791 333 corroborans,

966 339 1073 367 idcirco
1088 342 1115 368 et
1131 341 1247 369 essendi
1263 342 1444 369 duralionem
1459 343 1566 378 praebet
1581 343 1788 379 principatus.-

1002 393 1061 420 Col.
1077 394 1130 421 752
1142 396 1163 421 A
1182 395 1223 422 ll.
1241 395 1294 429 (tui
1317 395 1475 423 dissimiles.
1493 396 1676 424 Correximus
1692 397 1722 424 in
1738 399 1791 425 Ba-

966 437 1090 472 siliensi,
1102 439 1178 474 quod
1205 447 1357 476 perperam
1374 440 1515 476 scriptum
1533 443 1595 468 erat
1610 441 1791 476 ἁνομοουσια-

966 483 1047 517 στῶν,
1077 491 1110 510 ex
1135 483 1223 520 Regio
1252 485 1303 520 qui
1329 485 1500 520 prmferebat
1527 484 1789 521 ἀνομοιουσισιστῶν.

967 528 1120 556 [hereticos
1136 529 1213 556 enim
1227 529 1347 563 indicat,
1364 529 1414 565 qui
1429 529 1557 566 ἀνόμοιον
1580 530 1685 565 οὐσίαν,
1701 531 1788 560 dissi-

966 573 1065 600 milem
1083 574 1278 602 substantiam
1297 575 1388 602 Patris
1404 577 1432 602 et
1449 575 1510 602 Filii
1527 575 1791 612 dicebantzépoto-J-

966 627 1025 647 σιος
1041 625 1108 654 ergo
1121 621 1176 651 est,
1189 619 1236 654 qui
1249 619 1376 647 similem
1388 619 1475 647 habet
1489 620 1789 657 substantiam,6poo-

966 661 1052 694 ύσιος,
1063 662 1114 697 qui
1129 663 1264 690 eamdem
1279 663 1429 698 habet,sed
1447 663 1622 699 ἀνομοούσιοι
1635 673 1692 693 non
1709 673 1789 702 repe-

965 706 1093 738 riuntur.
1124 709 1174 735 aut
1201 707 1431 743 ἀνομοουσιισταιί
1455 709 1534 737 dicti.
1562 709 1788 746 Chrysostomus

965 753 1037 778 orat.
1053 751 1070 778 3
1098 753 1134 779 De
1155 752 1430 788 incomprehensibili
1452 754 1502 781 Dei
1524 756 1635 787 natura,
1659 752 1717 780 ἐπεὶ
1741 752 1787 781 οὗν

963 795 1045 830 ἡμεῖς
1069 794 1231 832 ἐκτὲμνομεν
1255 796 1349 834 ἄγριον
1375 797 1419 823 καὶ
1443 796 1580 834 ἀνήμερον
1605 796 1712 835 δένδρον
1733 800 1788 825 τῶν

964 839 1116 875 Ἀνομοίων
1142 840 1191 874 τῆν
1215 839 1327 877 α’ἷρεσιν·
1348 851 1358 865 α
1377 842 1449 870 Cum
1477 842 1573 877 itaque
1597 851 1650 870 nos
1670 851 1787 879 quoque

82 889 200 916 beatum
215 889 346 921 Petrum,
368 895 435 914 cum
450 894 568 914 uxorem
585 894 669 914 suam
683 886 718 914 ad
740 893 840 914 necem
855 885 905 912 ab-
921 893 945 926 Β
964 885 1098 912 arborem
1123 885 1317 920 praecidamus
1344 885 1508 913 silvestrem
1533 888 1621 922 atque
1641 889 1785 923 agrestem

81 933 198 960 ductam
215 933 444 968 conspicaretur,
461 931 504 958 sic
512 939 576 958 eam
590 931 709 958 nomine
724 929 903 966 compellan-

81 983 135 1008 tem
155 976 276 1010 dixisse,
293 976 371 1004 Heus
386 978 429 1009 tu,
443 984 556 1004 memor
569 978 631 1003 esto
647 975 791 1003 Domini.»
808 975 904 1002 Refert

80 1021 131 1050 hoc
138 1021 284 1049 Eusebius
294 1029 328 1048 ex
335 1020 482 1048 Clemente
489 1019 739 1052 Alexandrino,vu
747 1020 902 1052 Stromate.

78 1067 128 1094 sed
146 1067 229 1094 locus
245 1065 321 1101 apud
338 1065 428 1092 istum
440 1064 630 1101 corrigendus
641 1066 685 1092 est
695 1072 729 1092 ex
741 1064 804 1100 ipso
814 1064 903 1092 Euse—

80 1111 146 1144 bio;
164 1110 241 1138 male
255 1110 334 1137 enim
358 1110 387 1137 in
403 1109 530 1137 editione
545 1108 776 1136 Commeliuiana
791 1108 902 1136 editum

80 1158 122 1182 est
145 1163 211 1190 pag.
237 1155 312 1182 312:
332 1153 478 1189 μεμνήσθω
504 1152 572 1189 αὐτῇ
595 1154 642 1180 τοῦ
672 1151 788 1190 Κυρίου.
815 1152 903 1180 Paulo

81 1202 144 1236 post
168 1199 217 1227 hic
241 1198 463 1227 emendavimus
487 1206 521 1225 ex
536 1197 559 1225 H
575 1196 706 1234 ἁγιασμὸν
727 1196 902 1234 εἰσηγήσατο,

80 1253 131 1280 pro
156 1243 328 1280 ἐπηγήσατο,
355 1246 383 1270 et
398 1241 454 1279 οὐχ
477 1241 642 1279 ὑπεξῄρηκε,
667 1250 718 1278 pro
742 1241 798 1278 οὐχ
823 1241 903 1278 ὑπερ-

81 1288 178 1324 ήρηκε.
194 1287 308 1315 Rursus
323 1295 357 1314 ex
372 1287 473 1314 eodem
498 1294 554 1313 ms.
572 1285 667 1313 locum
684 1289 854 1321 sequentem
871 1293 904 1312 ex

82 1335 162 1368 parte
186 1332 385 1365 restituimus,
409 1332 458 1367 qui
483 1330 525 1358 sic
547 1330 674 1358 habebat
688 1329 717 1357 in
739 1330 808 1357 edit.
825 1329 903 1358 Basi-

83 1376 168 1404 liensi
188 1375 237 1404 :El
254 1374 282 1402 δὲ
297 1375 341 1402 καὶ
359 1375 396 1411 μή
415 1375 555 1411 ὀνομάζων
573 1373 676 1410 Πατέρα
692 1372 776 1408 ’δηλοῖ
789 1373 867 1400 αὐτὸν
879 1372 905 1400 ἐν

80 1423 117 1456 τῷ
132 1421 197 1447 Υἱοῦ
221 1417 346 1456 ὀνόματι,
364 1418 446 1454 δηλοῖ
469 1429 498 1446 τε
515 1419 582 1455 μετά
595 1420 644 1446 τοῦ
663 1418 791 1455 πατρῴου
806 1417 905 1454 ὀνόμαο

83 1475 128 1496 τος
143 1465 249 1492 καὶτὸν
272 1463 477 1501 γεγεννημένον.
502 1463 714 1499 Trapezuntius
737 1463 906 1499 interpreta-

85 1512 131 1538 tus
147 1512 193 1538 est
209 1519 242 1537 ;‹‹
261 1509 340 1542 Quod
359 1509 384 1537 si
401 1511 514 1536 Patrem
532 1517 588 1536 non
605 1508 840 1541 nominans,cum
856 1508 908 1535 Pa-

84 1555 134 1582 tris
149 1555 268 1582 nomine
284 1557 381 1582 tamen
405 1553 510 1581 Filium
535 1553 622 1581 etiam
645 1553 802 1588 signiﬁcat.
820 1562 834 1578 »
851 1553 904 1580 Sed

84 1599 159 1626 idem
177 1599 252 1626 liber
267 1598 374 1634 Regius
398 1597 563 1625 accuratius
588 1598 738 1633 inspectus
761 1596 906 1632 integrum

85 1643 181 1671 locum
198 1643 240 1670 sic
255 1644 464 1678 repraesentat:
482 1641 513 1669 Ei
529 1639 558 1668 δὲ
572 1641 616 1668 καὶ
634 1641 671 1677 μὴ
695 1640 834 1676 ὀνομάζων
852 1643 907 1667 Πα-

82 1688 157 1722 τέρα,
174 1685 258 1721 δηλοῖ
277 1686 343 1722 μετὰ
366 1689 415 1719 τῆς
437 1685 498 1712 ΐῖοῦ
513 1684 697 1722 προσηγορίας
716 1684 761 1712 καὶ
785 1685 830 1712 τὸν
846 1695 908 1722 γενα

83 1731 197 1768 νήτορα,
213 1729 257 1757 καὶ
276 1730 314 1766 μή
339 1729 481 1766 ὀνομάζων
502 1729 548 1756 τὸν
572 1729 632 1756 Υἱὸν
658 1728 742 1764 δηλοῖ
771 1729 837 1766 μετὰ
861 1731 909 1756 τοῦ

84 1775 213 1811 πατρῴου
234 1774 368 1811 ὀνόματος
389 1773 431 1801 καὶ
455 1774 501 1801 τὸν
528 1774 732 1811 γεγεννημένον.
753 1785 766 1799 ι(
787 1774 866 1806 Quod
884 1774 908 1801 si

86 1820 200 1848 Patrem
219 1828 276 1847 non
294 1820 531 1853 nominans,cum
549 1818 610 1846 Filii
627 1819 822 1855 appellatione
832 1818 910 1854 geni-

86 1867 177 1892 torem
195 1872 312 1899 quoque
331 1863 479 1900 signiticet
496 1866 543 1890 :et
560 1863 661 1890 Filium
676 1871 733 1890 non
743 1863 908 1898 nominans,

85 1916 153 1936 cum
168 1908 288 1936 nomine
305 1910 425 1944 paterno
441 1907 572 1943 genitum
587 1915 703 1942 quoque
720 1907 877 1942 signiﬁcat.
895 1919 909 1931 »

85 1956 123 1980 At
137 1952 168 1980 in
184 1953 380 1987 sequentibus
395 1951 570 1986 coniecturae
583 1953 663 1979 locus
675 1951 737 1979 dari
750 1953 853 1987 potest,
867 1954 909 1985 ut,

87 1996 155 2024 licet
173 1997 396 2032 manuscriptus
411 1998 579 2023 constanter
593 1996 716 2023 retineat
734 1995 778 2022 καιὲ
804 1994 911 2031 μεταδί-

87 2038 174 2075 δοται,
190 2040 234 2067 καὶ
249 2043 361 2074 νοεῖται,
379 2041 457 2068 unde
467 2040 760 2076 Cornariusseripsit,
774 2051 785 2066 ι
801 2039 830 2067 in
840 2048 910 2076 sup-

87 2086 235 2122 peditante
250 2095 257 2114 :
275 2086 373 2122 ipsum
391 2088 419 2114 et
434 2086 521 2113 datur
540 2088 568 2113 et
583 2085 772 2122 intelligitur:
787 2095 799 2111 ι
813 2087 909 2113 tamen

86 2131 273 2166 suspicemur
288 2130 444 2167 legendum
459 2129 503 2156 καὶ
522 2127 691 2165 μιταδιδόντι
706 2131 818 2163 νοεῖται,
835 2130 909 2165 quod

86 2173 298 2209 Trapezuntius
310 2174 426 2207 habeat,
445 2184 456 2199 ι
469 2174 498 2200 in
511 2174 657 2209 praebente
672 2174 770 2209 ipsum
787 2176 815 2201 et
826 2174 912 2202 dante

87 2218 270 2254 intelligitur.
287 2229 300 2244 ››

959 929 1045 956 istam
1060 932 1265 957 Anommorum
1277 929 1439 958 haeresim.»
1455 930 1687 965 Hieronymusin
1702 931 1787 959 Chro-

958 974 1020 1001 m‘co
1046 974 1081 1001 ad
1104 973 1305 1010 Olympiadem
1329 974 1391 1002 286:
1410 986 1424 999 ‹‹
1440 975 1574 1011 Synodus
1594 975 1752 1003 Antiochia:
1769 983 1786 1003 a

960 1017 1076 1046 Meletio
1092 1020 1119 1045 et
1131 1018 1195 1045 suis
1209 1019 1291 1053 facta,
1309 1019 1338 1046 in
1350 1027 1407 1055 qua
1423 1019 1578 1048 homousio
1594 1028 1784 1056 anommoque

959 1063 1210 1097 rejecto,medium
1224 1063 1299 1090 inter
1309 1063 1370 1090 haec
1386 1064 1589 1092 homcsousion
1602 1065 1784 1092 Macedonia-

959 1114 1027 1134 num
1043 1107 1149 1142 dogma
1172 1107 1403 1135 vindicaverunt.
1420 1120 1430 1131 ι»
1443 1108 1497 1136 Ubi
1517 1109 1634 1136 nomine
1650 1109 1782 1136 Anomasi

959 1151 1126 1186 opinionem
1139 1151 1236 1178 Acacii
1247 1154 1275 1179 et
1287 1151 1410 1179 aliorum
1422 1153 1457 1180 de
1467 1152 1603 1180 dissimili
1615 1154 1783 1181 substantia

958 1195 1065 1222 Christi
1082 1204 1098 1222 a
1114 1195 1196 1223 Patre
1210 1195 1358 1232 intelligit.
1375 1196 1612 1225 Hommousianos
1623 1200 1721 1225 autem
1738 1198 1783 1225 di-

959 1242 1020 1267 ctos
1036 1240 1260 1268 Macedonianos
1273 1243 1387 1268 eonstat
1401 1249 1434 1268 ex
1451 1242 1602 1277 Tripartt'ta
1618 1241 1782 1278 lib.1v,cap.

958 1285 1002 1311 22.
1024 1284 1157 1312 Meminit
1169 1284 1256 1312 etiam
1273 1284 1436 1320 impietatis
1452 1288 1636 1313 Anomceante
1661 1287 1786 1322 epistola

960 1329 990 1356 41
1010 1328 1147 1363 Basilius,
1166 1329 1214 1356 ubi
1231 1331 1308 1356 recte
1332 1330 1373 1356 ita
1388 1331 1576 1358 emendatum
1592 1333 1717 1363 est,eum
1733 1339 1784 1358 au-

959 1376 1002 1400 ten
1029 1374 1197 1400 Anomianaa
1214 1373 1373 1409 legeretur:
1386 1383 1452 1402 nam
1480 1375 1652 1402 Eunomiani
1674 1376 1710 1402 ab
1725 1375 1784 1402 Eu-

961 1418 1060 1445 nomio
1076 1420 1147 1445 sunt
1160 1417 1299 1451 haeretici,
1313 1419 1467 1446 Anomiani
1483 1420 1580 1446 autem
1597 1418 1681 1446 nulli.

998 1470 1071 1498 Ibid.
1088 1471 1108 1497 B
1124 1471 1150 1497 8.
1171 1470 1243 1497 Μετὰ
1259 1470 1394 1501 ἀπιστίας.
1412 1472 1569 1499 Cornarius
1589 1472 1664 1499 hanc
1684 1472 1785 1500 lectio-

962 1523 1028 1543 nem
1044 1515 1197 1550 expressit,
1219 1526 1232 1540 ‹‹
1254 1523 1317 1551 qua:
1340 1524 1406 1543 cum
1429 1515 1631 1544 incredulitate
1647 1517 1785 1545 omnibus

963 1562 1032 1587 sunt
1048 1559 1213 1594 manifesta,
1232 1571 1245 1583 η
1262 1568 1313 1587 nec
1327 1560 1410 1588 aliter
1424 1560 1512 1588 habet
1527 1563 1551 1588 H
1567 1569 1634 1595 ms.,
1650 1562 1698 1589 sed
1715 1562 1787 1590 Tra-

963 1603 1267 1640 pezuntiusseriptum
1281 1605 1437 1633 offendisse
1447 1605 1645 1641 ἤπιοι-,μετὰ
1657 1604 1784 1640 πίστεως,

961 1648 1005 1675 vel
1023 1647 1090 1684 μετὰ
1105 1647 1261 1684 εὒπίστεως,
1273 1661 1286 1674 α
1303 1658 1369 1677 cum
1385 1650 1556 1678 credulitate
1579 1653 1631 1678 aut
1649 1651 1788 1678 facilitate

963 1693 1136 1728 credendi,»
1155 1695 1232 1729 quod
1251 1695 1396 1722 convenit
1409 1703 1476 1723 cum
1502 1703 1534 1723 eo
1550 1696 1627 1731 quod
1653 1695 1788 1731 sequitur

963 1738 1083 1765 citatum
1101 1747 1134 1766 ex
1156 1739 1245 1774 Epist.
1268 1739 1302 1766 ad
1325 1739 1410 1767 Hebr.
1430 1748 1468 1772 x1,
1483 1740 1522 1767 6:
1545 1740 1662 1768 Credere
1684 1742 1789 1775 oportet

963 1782 1129 1810 accedentem
1145 1783 1180 1810 ad
1195 1784 1290 1818 Deum,
1307 1786 1335 1811 et
1351 1785 1427 1819 quod
1453 1786 1499 1811 est
1515 1784 1594 1812 Isaiae
1609 1785 1706 1817 vn,9:
1723 1783 1786 1812 Έὰν

965 1827 1004 1863 μὴ
1034 1826 1217 1861 πιστεύσητε,
1257 1825 1318 1854 οὑδὲ
1353 1827 1391 1863 μή
1421 1830 1536 1861 συνῆτε.
1567 1828 1644 1862 Quod
1679 1828 1706 1855 si
1732 1836 1787 1856 non

963 1872 1149 1903 credideritis,
1165 1879 1336 1907 nequaquam
1360 1872 1532 1906 intelligetis.
1549 1872 1638 1900 Paulo
1655 1874 1720 1908 post
1735 1881 1786 1908 pro

965 1916 1098 1943 ἀκούσωσι
1115 1918 1176 1944 erat
1190 1915 1219 1943 iu
1240 1924 1295 1943 ms.
1313 1915 1474 1952 ἀκούσωσι,
1490 1917 1695 1945 auscultabunt.
1711 1917 1746 1945 Et
1760 1916 1786 1943 ἐν

964 1959 1075 1994 ἀπιστίᾳ
1092 1957 1222 1997 ὑπάρχων
1239 1960 1424 1997 reposuimus
1440 1969 1475 1988 ex
1487 1962 1600 1996 eodem,
1613 1970 1669 1990 non
1686 1964 1718 1989 ut
1734 1962 1787 1990 Ba-

964 2004 1076 2033 silicns.
1090 2003 1217 2041 ὑπάρχει.

999 2049 1059 2077 C01.
1075 2049 1127 2076 754
1156 2051 1174 2075 Β
1202 2050 1230 2076 ὃ.
1256 2049 1300 2079 Ὠς
1329 2049 1484 2077 ὑπόστασιν.
1511 2050 1545 2078 H.
1571 2050 1609 2081 ὡς
1629 2049 1785 2086 ὑπόστασις,

966 2096 997 2121 ut
1013 2096 1224 2129 praecesserunt
1249 2093 1286 2125 ὡς
1309 2095 1413 2126 νοῦς,ει
1436 2094 1472 2124 ὡς
1496 2092 1622 2131 δύναμις,
1637 2097 1666 2123 et
1688 2095 1729 2123 ita
1744 2096 1788 2124 in-

964 2138 1133 2174 terpretatio
1149 2139 1333 2175 Trapezuntii
1349 2139 1483 2176 exigit,et
1493 2139 1650 2168 Cor-narius
1661 2141 1788 2176 agnovit.

967 2183 1208 2211 «utsubstantia
1231 2183 1381 2220 proprium
1406 2181 1613 2212 ehaﬂacterem.
1641 2196 1654 2209 n
1680 2185 1732 2218 Qui
1762 2187 1791 2213 et

968 2227 1054 2264 paulo
1071 2230 1136 2263 post
1151 2228 1259 2256 melius
1273 2228 1427 2264 expressit,
1443 2240 1457 2253 «
1474 2229 1602 2265 Spiritus
1618 2229 1714 2266 imago
1725 2230 1790 2257 Filii

124 2271 197 2298 lbid.
216 2273 247 2299 υ,
264 2271 313 2298 Καὶ
335 2270 362 2298 ἐν
387 2270 469 2306 αὐτῷ.
497 2271 527 2298 In
555 2279 611 2298 ms.
639 2271 670 2298 ll.
697 2270 848 2307 legebatur
867 2270 909 2297 xui

968 2262 1133 2306 dictuaest,
1151 2283 1164 2297 ρ)
1181 2281 1270 2308 quam
1285 2262 1510 2309 Trapezuntius',
1523 2285 1536 2298 ‹‹
1554 2274 1650 2310 imago
1666 2262 1729 2301 Fiilii
1745 2275 1791 2302 di-

88 2314 125 2346 ιῖς
141 2315 233 2350 αὐτόν,
249 2324 308 2351 quo
324 2318 408 2351 pacto
424 2315 512 2343 etiam
529 2315 671 2350 scriptum
688 2318 732 2342 est
744 2315 796 2351 Ep.
808 2315 843 2342 ad
861 2315 914 2342 Ro-

90 2369 194 2388 manos
209 2369 247 2393 χι,
259 2361 304 2393 36,
317 2360 394 2387 unde
405 2361 529 2387 fortasse
540 2359 671 2386 manavit
683 2359 733 2386 illa
747 2359 914 2387 lectioznam

91 2405 217 2432 Basilius
228 2403 314 2440 plane
329 2404 370 2431 ita
387 2404 459 2440 legit
474 2403 500 2430 ἐν
523 2402 607 2438 αὐτῷ,
624 2405 656 2431 ut
671 2411 734 2439 quae
751 2406 916 2439 sequuntur

91 2450 331 2483 ostendunt,cum
343 2449 379 2477 ad
391 2449 533 2484 Spiritum
543 2450 677 2476 sanctum
690 2449 741 2476 hoc
751 2449 838 2476 refert
846 2448 873 2475 ἓν
887 2447 916 2475 δὲ

93 2496 199 2530 Πνῑῦμα
216 2494 290 2530 ἅγιον
316 2493 342 2520 ἐν
358 2493 380 2529 ᾦ
403 2492 498 2521 πάντα.
525 2496 633 2521 Auctor
657 2502 772 2529 quoque
787 2493 916 2526 Vulgata;

92 2538 199 2565 Latinis
216 2538 257 2565 sic
281 2537 388 2573 legisse
401 2538 517 2565 videtur
532 2538 608 2573 apud
635 2537 803 2574 Apostolum
821 2547 827 2566 :
844 2542 918 2565 tam-

91 2583 145 2610 etsi
176 2591 250 2610 novo
277 2583 389 2610 censeri
417 2585 493 2610 Bezae
518 2583 546 2610 id
573 2591 630 2610 non
658 2583 807 2618 probatur,
837 2584 914 2618 quod

92 2627 180 2654 finem
197 2627 330 2655 omnium
347 2627 397 2655 Dei
414 2628 556 2655 factorum
570 2627 629 2654 illic
646 2629 728 2663 putet
743 2627 915 2661 signiﬁcari:

91 2672 140 2699 sed
160 2672 183 2699 si
211 2672 345 2707 quintum
369 2671 447 2699 hune
473 2671 567 2700 Basilii
594 2671 700 2698 librum
732 2672 916 2707 interpretari

93 2715 257 2748 maluisset.
272 2724 362 2751 quam
378 2715 506 2751 maligne
522 2716 715 2751 supprimere.
733 2724 788 2751 qua
807 2716 918 2744 ratione

91 2759 207 2788 delendi
225 2759 310 2788 lectio
331 2759 382 2787 illa
397 2761 501 2796 possit,
518 2768 551 2787 ex
573 2760 760 2788 sanctissimo
773 2760 858 2788 Patre
873 2760 916 2787 di-

90 2804 223 2832 dicisset.

257 2869 386 2899 PATttOL.
412 2870 467 2900 Gn.
491 2869 585 2899 ΧΧΧ.

969 2319 1015 2344 eta
1031 2319 1084 2344 est.
1103 2328 1116 2341 ››

1005 2361 1064 2388 Col.
1080 2361 1133 2388 760
1151 2362 1179 2388 ι).
1197 2361 1240 2393 Μή
1265 2361 1385 2399 μερίσῃς.
1411 2363 1454 2390 Ita
1472 2363 1659 2390 restituimus
1685 2371 1718 2390 ex
1735 2372 1791 2392 ms.

969 2405 1015 2439 H.,
1046 2413 1111 2432 cum
1137 2407 1223 2432 antea
1247 2405 1398 2433 Basiliens.
1425 2406 1463 2442 μὴ
1491 2406 1606 2444 μερίσασ
1627 2407 1672 2441 τά,
1698 2419 1712 2432 ‹‹
1736 2416 1794 2436 non

970 2449 1116 2484 scindens,
1136 2461 1149 2474 ››
1163 2451 1189 2477 et
1205 2452 1301 2477 tamen
1327 2451 1444 2483 agnovit
1463 2451 1502 2478 ita
1519 2452 1706 2480 scribendum
1723 2453 1792 2480 Cor-

970 2495 1082 2529 narius,
1099 2506 1111 2518 α
1128 2494 1168 2522 Ne
1185 2494 1322 2530 partiaris
1337 2504 1380 2523 ea:
1398 2504 1460 2532 qua:
1475 2495 1503 2523 in
1517 2499 1615 2532 partes
1631 2496 1719 2524 dividi
1736 2504 1792 2524 non

971 2541 1106 2575 possunt,
1124 2550 1137 2564 ι)
1157 2541 1185 2566 et
1195 2542 1368 2576 Trapezunt.
1386 2552 1397 2565 κ
1415 2540 1477 2568 Non
1494 2541 1642 2576 partiaris,
1660 2549 1722 2576 quae
1738 2540 1792 2568 im-

972 2583 1127 2619 partibilia.
1147 2595 1161 2609 »

1007 2628 1135 2655 001.762
1151 2629 1170 2655 Β
1194 2629 1236 2656 12.
1263 2630 1303 2657 lbi
1325 2631 1518 2657 convenerunt.
1549 2628 1659 2664 Duplici
1689 2629 1795 2656 mendo

973 2671 1125 2700 laborabat
1146 2673 1220 2700 male
1245 2674 1367 2701 alfectus
1383 2674 1429 2700 hic
1444 2674 1570 2705 locus,ct
1586 2674 1621 2700 al»
1638 2673 1796 2708 interprete

973 2719 999 2744 et
1015 2725 1031 2743 τι
1048 2718 1239 2754 typographo.
1253 2730 1263 2742 α
1278 2718 1318 2745 lbi
1333 2718 1446 2745 obviam
1462 2718 1578 2745 fuerunt
1594 2718 1751 2751 servi,etnr
1764 2727 1800 2747 us

973 2769 1073 2788 eorum
1100 2769 1156 2788 non
1183 2764 1227 2789 est
1252 2761 1381 2790 relictus.
1401 2773 1414 2786 ιι
1429 2763 1466 2789 At
1488 2762 1567 2790 lsaiaa
1584 2771 1680 2796 xxxw,
1698 2763 1741 2797 15,
1759 2764 1799 2792 ita

972 2806 1096 2833 vertitur
1110 2814 1143 2834 ex
1160 2807 1232 2835 LXX
1246 2815 1262 2834 a
1276 2809 1304 2833 S.
1321 2807 1495 2844 Hieronymo
1511 2806 1540 2834 in
1557 2807 1774 2836 Commentario
1792 2824 1798 2843 ε

1599 2871 1637 2900 34
