2029 3143
201 177 278 208 1067

796 177 913 208 NOTAE}
933 177 1155 207 FRONTONIS
1179 177 1321 207 DUCEL

1828 174 1906 204 1068

236 244 278 272 Ibi
290 244 468 272 obviaverunt
482 244 540 273 sibi
552 245 635 278 cervi,
651 248 677 272 et
689 244 818 272 viderunt
837 244 923 279 facie:
937 251 1000 271 suas
1015 252 1021 271 2
1039 245 1066 276 Α
1116 244 1174 270 Col.
1191 244 1244 270 770
1257 245 1279 271 C
1292 243 1319 270 8.
1349 243 1425 271 Sicut
1452 244 1536 271 enim.
1567 243 1599 270 In
1621 250 1677 270 ms.
1705 242 1725 269 Η
1750 240 1906 278 φωτίσασαι

200 296 272 316 unus
287 297 321 316 ea:
341 290 411 324 ipsis
432 297 488 316 non
501 290 595 324 periit.
613 287 755 315 Ἀπώλε-ιο
769 288 880 324 legunt,
898 296 955 314 non
973 287 1024 314 ὑπ-

202 331 323 371 ιλείφθη.
340 333 468 369 Vulgata
482 342 548 361 vero
564 333 644 360 aliud
660 341 719 368 prae
734 341 765 360 se
782 333 836 360 fert
852 341 858 360 :
874 333 943 359 Illuc
957 340 1023 359 con-

201 378 309 413 gregati
322 380 387 405 sunt
402 379 471 405 mihi
487 378 559 405 alter
573 377 607 404 ad
621 378 748 405 alterum.
767 377 816 404 llle
829 379 926 404 autem
951 377 1024 403 alter

201 430 236 450 ex
250 423 352 450 eodem
379 422 520 458 propheta
543 421 625 449 locus
641 424 686 449 est
706 422 751 448 [sa
767 429 833 455 Lvu,
852 421 894 447 16.
912 420 1024 448 Omnem

200 469 311 502 ﬂatum,
341 475 400 494 non
428 468 542 499 statum,
571 466 690 502 scripsi,
710 465 795 498 πνῠῆν
826 466 930 492 πᾶσαν.
958 467 1023 492 Ter-

200 511 261 538 tius
276 513 321 538 cst
335 510 399 538 Jobi
415 519 502 543 xxx“,
519 511 545 544 8,
563 510 612 537 ubi
637 510 764 545 legimus
788 509 895 545 πνεῦμά
910 508 980 535 ἐστιν
997 507 1022 535 ἐν

203 554 323 591 βροτοῖς,
340 563 397 582 non
412 553 439 580 ἐν
464 554 601 592 βρονταῖς,
619 555 647 581 in
673 554 840 586 hominibus,
859 562 914 581 non
936 555 965 581 in
981 557 1024 581 (o-

198 600 313 632 m'lruis,
331 601 363 626 ut
378 599 534 635 scripserat
553 599 776 634 Trapezuntius,
793 601 819 626 et
836 599 918 632 ﬂatu:
933 600 1025 626 autem

199 644 408 676 omnitenentis,
422 645 471 679 qui
479 652 522 672 me
532 643 616 672 docet.
633 643 830 679 Symmachus
841 643 929 670 etiam
940 643 1025 670 vertit

201 697 235 716 ex
260 688 397 716 Hebraeo:
415 688 520 718 Ὄντως
550 686 579 714 δὲ
605 689 711 723 πνεῦμα
735 689 804 714 eme
834 686 903 713 ἐστιν
930 686 955 713 ὲν
979 686 1024 713 ἀν-

202 732 332 768 θρώποις.
352 733 418 760 Vere
431 735 523 760 autem
543 733 656 767 spiritus
673 733 723 760 Dei
740 734 780 760 est
795 733 825 759 in
841 732 1000 759 hominibus
1017 740 1023 759 :

202 785 254 805 nec
270 777 353 804 aliter
368 777 490 813 Vulgata
506 785 539 804 ex
551 777 680 811 Hebraeo,
697 777 727 804 in
743 784 800 812 quo
825 784 878 803 vox
891 780 966 806 eun
980 784 1024 803 ac-

202 821 259 857 cipi
276 830 333 849 non
350 823 445 857 potest
461 829 512 857 pro
527 821 654 849 tonitruo
668 831 674 855 ;
692 823 734 848 est
749 829 817 856 ergo
833 820 972 848 mendum
989 819 1024 847 li-

202 866 304 899 brarii,
317 866 365 900 qui
381 874 433 901 pro
451 865 559 902 βροτοῖς
576 866 694 901 scripsit
709 865 846 901 βρονταῖς.

237 909 374 958 ϐοὶ-766.
391 913 408 935 Β
435 910 477 937 13.
495 912 557 938 Νοη
585 910 656 958 quod
684 910 809 937 disceret.
834 908 916 958 Ilitio
946 907 1024 944 przcli
1040 926 1064 958 Β

203 957 288 982 antea
303 953 464 989 legebatur,
477 966 491 979 (ί
509 957 537 982 et
553 954 622 990 quid
639 954 742 989 loquar
752 962 809 981 non
825 953 914 981 dices:
933 964 946 978 »
959 961 1025 981 cum

202 998 372 1034 scripsisset
401 999 535 1026 fortassis
560 999 716 1034 interpres,
742 1010 751 1022 -
770 1006 827 1025 non
851 997 976 1030 discens,
995 996 1025 1023 οὐ

204 1041 354 1078 μανθάνωψ
372 1045 401 1070 at
415 1043 445 1070 in
463 1043 554 1079 Regio
570 1043 592 1070 Η
609 1051 672 1078 qua:
690 1046 856 1078 sequuntur
870 1042 911 1070 ita
925 1042 1024 1069 ell'ere-

202 1088 310 1114 bantur
326 1095 332 1114 :
350 1087 438 1114 Τοῦτο
454 1086 506 1124 γὰρ
530 1087 562 1122 ἦν
586 1086 705 1122 ἀμαθοῦς
720 1087 764 1113 καὶ
776 1085 904 1117 ,ἀτελοῦς-
921 1098 936 1112 ‹‹
952 1087 1024 1114 Nam

201 1131 230 1158 id
247 1133 324 1159 esset
342 1132 433 1167 ignari
450 1134 478 1159 et
494 1131 666 1167 imperfecti.
682 1143 696 1156 »

237 1175 294 1203 Col.
310 1176 363 1203 768
377 1177 407 1203 C.
424 1174 610 1210 Εὐθυμιίσθω.
629 1178 696 1209 Quae
712 1178 876 1212 sequuntur
891 1176 926 1203 ad
937 1176 1024 1202 finem

202 1228 297 1255 usque
311 1219 377 1247 libri
394 1220 488 1256 quinti
504 1220 605 1248 Contra
614 1221 790 1254 Eunomium,
802 1222 830 1248 et
843 1219 1026 1247 constituunt

202 1267 290 1301 caput
305 1265 452 1292 decimum
466 1265 634 1301 septimum,
645 1265 674 1293 in
692 1265 842 1293 Basiliensi
854 1264 953 1292 Graeca
962 1264 1025 1292 edi-

201 1310 281 1337 tione
296 1309 450 1345 posteriori
466 1310 711 1337 dcsiderabantur
727 1318 733 1337 :
751 1310 800 1337 sed
820 1310 848 1337 ln
872 1309 962 1337 alium
983 1308 1024 1336 lo-

203 1362 271 1381 cum
287 1354 429 1381 translata
440 1356 605 1389 separatam
618 1354 769 1382 bomiliam
781 1352 1024 1388 efficiebantzﬂapi

203 1399 252 1424 τοῦ
270 1397 426 1433 ΙΙνεύματος
448 1397 534 1434 ἁγίου,
551 1409 565 1422 ‹‹
582 1400 622 1426 De
641 1398 751 1434 Spiritu
777 1401 889 1431 sancto,
905 1408 918 1422 ι)
943 1400 972 1425 et
995 1397 1024 1424 in

204 1443 332 1470 editione
349 1442 448 1470 Latina
470 1442 628 1470 Parisiensi
653 1451 700 1470 an.
723 1442 801 1477 1603,
817 1451 844 1478 ρ.
860 1442 924 1470 223.
941 1453 954 1466 ‹‹
971 1441 1023 1469 Co-

201 1487 273 1523 gitet
288 1487 384 1514 omnis
408 1487 524 1521 anima;
544 1498 554 1513 ι
574 1490 603 1515 at
619 1487 647 1514 in
667 1487 765 1515 codice
781 1486 871 1522 Regio
887 1486 1024 1514 ultimum

202 1533 292 1567 caput
324 1531 390 1558 libri
419 1540 447 1565 v,
479 1540 545 1559 cum
582 1531 636 1560 hoc
665 1531 775 1566 titulo,
805 1530 870 1568 Περὶ
899 1530 1024 1566 Πνεύμα-

201 1576 481 1611 10¢.Trapezuntius
510 1585 624 1612 quoque
649 1576 825 1611 subjiciebat
840 1576 919 1603 istud
944 1578 1026 1603 crete-

201 1620 253 1655 ris,
291 1623 320 1648 et
359 1620 472 1656 legebat
501 1611 531 1648 in
566 1621 734 1656 apographo
764 1629 817 1648 suo
845 1611 1060 1655 εὐθομείσθω,(]

205 1666 292 1700 prout
304 1667 366 1692 erat
393 1665 422 1691 in
447 1665 494 1698 H.,
519 1665 568 1692 sed
591 1665 665 1692 alter
688 1665 832 1700 interpres
858 1664 927 1700 legit
950 1664 1025 1690 ἐνθυ-

209 1708 321 1744 μείσθω·
339 1719 354 1733 ‹‹
378 1708 491 1744 Cogitet
516 1709 612 1736 omnis
630 1710 739 1741 anima,
760 1717 796 1736 an
825 1709 899 1736 tales
922 1708 1028 1737 habent

207 1752 331 1781 oculos:
348 1763 362 1778 »
379 1753 421 1780 sic
445 1753 585 1780 nimirum
607 1754 647 1780 ait
675 1756 786 1789 postea,
814 1752 946 1779 σκοπείτω
971 1751 1027 1779 διά-

202 1807 274 1832 νοια,
291 1807 307 1824 ‹(
323 1806 405 1826 mens
420 1797 594 1831 consideret,
611 1810 621 1824 Ι
641 1797 685 1824 καὶ
699 1796 796 1824 νοείτω
808 1797 840 1824 τὰ
855 1795 942 1823 πάντα
956 1795 1027 1831 πλη-

203 1841 331 1878 ρούμενα,
349 1853 363 1867 (ι
379 1842 488 1878 cogitet
502 1843 601 1870 omnia
616 1842 720 1878 spiritu
737 1843 787 1870 Dei
805 1842 910 1870 referta
924 1851 998 1870 esse.
1012 1852 1024 1867 »

238 1887 310 1914 Ibid.
327 1887 358 1914 Ο.
374 1887 400 1913 5.
417 1887 448 1914 Si
459 1888 573 1922 qum-is.
592 1887 686 1915 Locus
702 1889 747 1914 est
763 1887 842 1914 Isaia
858 1896 917 1922 xxx,
931 1887 965 1914 12
977 1895 983 1914 :
997 1887 1027 1914 Si

201 1938 318 1966 qua’ras,
331 1939 423 1966 quare
435 1931 499 1958 :ubi
516 1931 638 1967 Vulgata
657 1932 802 1966 Latinu,Si
813 1933 1026 1967 quaeritamus?—

201 1975 255 2002 rile
277 1984 287 2001 .’
308 1976 513 2008 convertimini,
544 1976 645 2003 venite.
676 1978 817 2004 Cmterum
842 1977 872 2003 in
896 1985 951 2004 ms.
974 1977 1026 2003 Ito-

201 2019 249 2055 gio
281 2022 353 2054 erat,
383 2019 474 2051 Οῐκεῖς
502 2018 531 2046 δὲ
558 2019 630 2054 τότε,
661 2019 705 2047 ὅτι
734 2020 801 2056 μετὰ
828 2021 943 2050 πίστεως
975 2023 1024 2056 ζη-

200 2066 266 2094 τεῖς·
287 2074 297 2088 ι
313 2065 394 2092 Tunc
409 2067 507 2093 autem
523 2065 775 2101 habitas,quando
792 2074 857 2093 cum
874 2066 928 2093 ﬁde
944 2075 1023 2102 quaa-

201 2117 251 2136 rls.
272 2120 285 2134 ›)

236 2153 295 2181 Col.
317 2154 370 2181 770
393 2157 417 2181 A
441 2155 484 2181 12.
506 2155 688 2190 “aliquisque.
720 2154 785 2182 Haec
814 2155 927 2182 inserta
955 2158 1024 2182 sunt

199 2199 296 2225 verbis
312 2198 510 2234 Trupezuntii,
528 2195 590 2234 quia
606 2201 634 2226 et
650 2199 758 2235 Regius
774 2199 863 2227 codex
880 2200 1023 2235 agnoscit,

200 2245 228 2270 et
249 2242 322 2270 alter
345 2243 497 2278 interpres,
515 2255 529 2268 «
547 2243 649 2271 hieresi
672 2246 699 2271 et
721 2243 843 2279 reliquis
870 2244 1022 2272 incantan-

200 2287 275 2315 tium
289 2295 321 2315 ac
336 2287 522 2315 illicientium
538 2288 780 2317 muliercularum
793 2288 1022 2325 voluptatibus.»
1039 2295 1062 2327 Β

1078 286 1158 324 νέφος
1172 287 1332 323 legebatur,
1350 288 1449 316 minus
1465 289 1551 315 recte:
1562 287 1612 314 sed
1630 289 1659 314 et
1674 286 1820 321 interpres
1833 293 1905 321 pan-

1078 331 1106 359 lo
1122 332 1277 359 obscurius
1293 332 1423 359 dixerat:
1443 343 1456 356 ‹‹
1470 332 1552 360 Sicut
1567 331 1638 359 solis
1654 331 1726 358 radii
1744 330 1854 358 nubem
1871 329 1906 357 il-

1077 376 1270 410 luminantes,
1287 379 1315 403 et
1331 377 1424 412 ipsam
1442 377 1594 412 splendere
1615 375 1764 410 facientes,
1780 375 1906 403 aurifer-

1080 429 1155 448 mem
1172 420 1227 455 ipsi
1244 421 1348 448 faciem
1365 421 1538 456 praebentes.
1556 431 1570 445 n

1115 465 1173 492 Col.
1187 465 1241 491 772
1264 467 1282 491 B
1306 466 1348 492 10.
1376 463 1415 492 Οὐ
1438 464 1595 501 χωρίζεται.
1620 463 1849 491 Emendavimus
1875 465 1902 491 in

1079 509 1233 537 Basiliens.
1257 509 1311 546 οὐχ
1335 508 1451 545 ὁρίζεται
1475 517 1628 544 perperam
1654 510 1739 536 antea
1759 508 1904 543 scriptum

1080 562 1132 589 pro
1147 552 1177 579 οὐ
1193 552 1350 590 χωρίζεται,
1368 565 1382 579 ‹‹
1399 554 1458 580 haec
1473 553 1509 580 ab
1525 552 1575 580 illo
1591 561 1648 580 non
1664 554 1830 588 separatur,
1849 563 1862 577 ι)
1875 556 1906 581 ut

1080 601 1157 625 recte
1172 598 1385 633 Trapezuntius
1402 607 1410 624 :
1427 597 1500 625 alter
1515 597 1660 632 interpres
1677 595 1804 624 humilius
1821 605 1905 632 sepa-

1079 645 1149 669 ratae
1167 643 1338 669 mendosam
1364 641 1518 670 lectionem
1534 644 1653 670 secutus
1670 652 1684 666 (ι
1707 641 1785 668 hanc
1810 641 1840 669 in
1857 641 1906 669 illo

1081 694 1137 713 non
1148 686 1392 714 circumscribitm
1407 688 1436 713 at
1446 685 1604 714 Cornarius
1618 685 1756 713 mendum
1770 685 1906 713 animad-

1079 731 1176 763 vertit.
1195 734 1224 758 et
1238 731 1320 764 dixit,
1338 742 1351 756 ‹‹
1368 739 1425 758 non
1440 733 1611 767 segregatur
1625 730 1662 758 ab
1677 730 1750 765 ipso.
1768 741 1783 755 »ι

1117 775 1188 803 lbid.
1200 776 1219 802 C
1235 775 1277 802 14.
1289 776 1365 803 Nihil
1382 777 1410 803 in
1424 783 1463 807 se,
1478 775 1591 802 Gitatur
1606 774 1653 802 hic
1670 773 1752 802 locus
1772 783 1789 802 ι
1805 777 1905 802 Bessa-

1079 820 1161 848 rione
1176 821 1291 848 Niceno
1307 821 1336 848 in
1352 821 1483 848 oratione
1497 819 1751 856 doginutica,edita
1762 819 1791 847 in
1809 820 1903 848 conci-

1080 865 1118 892 lio
1134 864 1444 899 Florentino,sessione
1459 865 1504 898 20,
1518 874 1544 898 p.
1556 865 1619 897 532,
1631 863 1777 901 πεφηνέναι
1795 867 1827 892 ut
1844 873 1906 900 pro-

1080 909 1164 936 betur
1179 921 1192 934 (ι
1217 909 1399 937 manifestari
1417 920 1430 934 ››
1445 909 1476 936 τὸ
1500 909 1565 935 εἶναι
1588 908 1633 935 καὶ
1659 908 1690 935 τὸ
1711 907 1843 945 ὑπάρχειν
1859 907 1906 943 δη-

1081 955 1143 979 κοῦν
1158 953 1325 989 signiﬁcare
1349 962 1415 982 esse
1430 956 1459 982 et
1472 956 1612 981 aeternam
1637 953 1864 981 subsistentiam
1879 956 1907 981 et

1080 998 1296 1034 generationem
1321 998 1396 1033 Filii,
1422 997 1662 1033 quandoquidem
1686 998 1721 1025 de
1741 998 1853 1032 Spiritu
1879 1000 1906 1026 et

1080 1045 1188 1070 aeterna
1199 1043 1261 1077 ejus
1275 1042 1460 1078 processione
1474 1042 1588 1076 dicitur,
1604 1042 1717 1070 dicente
1732 1043 1816 1069 beato
1828 1042 1905 1069 Busi-

1081 1086 1119 1114 lio
1136 1087 1171 1115 de
1186 1087 1295 1122 Spiritu
1308 1089 1409 1114 sancto
1426 1086 1469 1113 tiri
1484 1088 1532 1113 τοῦ
1549 1085 1707 1122 Πνεύματος
1726 1086 1770 1112 καὶ
1787 1089 1839 1120 τῆς
1856 1086 1903 1113 ὐπ-

1081 1134 1211 1168 αρχτιχῆς
1225 1130 1307 1158 αὐτοῦ
1321 1129 1455 1168 προόδου,
1471 1132 1547 1167 quod
1573 1130 1717 1166 reperitur
1740 1131 1771 1158 in
1797 1131 1851 1159 hoc
1867 1132 1904 1159 lo-

1081 1184 1125 1210 co,
1141 1176 1172 1202 τὸ
1189 1177 1299 1211 Πνεῦμα
1322 1173 1399 1202 οὐδὲν
1419 1172 1483 1212 ἕχον
1509 1175 1578 1202 ἐστὶν
1602 1175 1746 1209 ἐπίκτητον
1770 1174 1797 1202 ἐν
1818 1175 1904 1210 ἑαυτῷ

1082 1218 1146 1246 ἁλλ’
1161 1218 1254 1250 ἁϊόίως
1275 1219 1361 1247 πάντα
1374 1219 1442 1257 ἔχει·
1459 1232 1472 1245 (ί
1489 1219 1535 1248 Nil
1551 1219 1743 1248 adventitium
1759 1220 1789 1247 in
1807 1228 1838 1248 se
1853 1220 1903 1248 ha-

1080 1265 1140 1300 bet,
1156 1265 1205 1293 sed
1222 1265 1397 1293 mternsliter
1409 1265 1509 1293 omnia
1519 1264 1607 1292 habet
1623 1267 1764 1300 tanquam
1780 1265 1903 1300 Spiritus

1080 1309 1130 1337 Dei
1143 1312 1170 1336 et
1186 1318 1220 1337 ex
1236 1318 1268 1337 eo
1285 1310 1501 1337 manifestatus.
1513 1321 1527 1334 ››
1539 1309 1597 1337 Hoc
1609 1309 1713 1337 melius
1725 1310 1864 1344 exprimit
1874 1309 1902 1336 τὸ

1079 1353 1200 1392 πεφηνός
1228 1362 1316 1390 quam
1335 1356 1520 1389 Trepezunt.,
1539 1364 1553 1378 ι(
1568 1354 1707 1385 existens.
1725 1365 1736 1379 ι
1760 1353 1806 1381 vel
1833 1353 1904 1381 alter

1080 1398 1226 1434 interpres
1251 1397 1389 1433 homiliae,
1406 1410 1419 1423 ‹‹
1437 1401 1465 1426 et
1479 1407 1514 1425 ex
1529 1398 1587 1426 Deo
1612 1398 1749 1433 prodiens
1771 1407 1777 1425 :
1796 1410 1807 1424 ι
1828 1399 1903 1426 unde

1081 1443 1229 1471 concludit
1244 1443 1406 1475 Bessarion,
1423 1443 1501 1479 quod
1523 1442 1594 1470 dixit
1619 1442 1777 1478 Gregorius
1800 1443 1903 1479 Nysse-

1081 1496 1147 1521 nus,
1165 1486 1201 1517 ὡς
1219 1485 1253 1513 δι’
1268 1487 1331 1513 Υἱοῦ
1347 1486 1451 1525 πέφηνε
1463 1488 1520 1517 τοῖς
1535 1486 1701 1522 ἀνθρώποις⁷
1720 1497 1733 1512 ι
1750 1487 1828 1522 quod
1844 1487 1902 1523 Spl-

1080 1531 1155 1558 ritus
1172 1539 1222 1567 per
1238 1531 1342 1559 Filium
1360 1531 1397 1559 sit
1413 1531 1630 1564 manifestatus,
1649 1539 1716 1558 eum
1733 1530 1904 1559 hominibus

1079 1576 1263 1603 notiﬁcatum
1279 1584 1343 1603 esse
1360 1575 1568 1611 temporaliter,
1585 1587 1598 1600 »
1614 1574 1645 1601 τὸ
1661 1573 1695 1601 δι’
1718 1575 1782 1601 Υῖοῦ
1797 1575 1903 1612 ἀνθρώ-

1080 1629 1143 1650 ποις
1157 1620 1309 1656 γνωσθῆνοιι
1322 1619 1347 1646 ἐν
1364 1619 1457 1657 χρόνῳ
1471 1619 1515 1646 καὶ
1532 1617 1567 1646 δι’
1583 1619 1646 1646 rio?)
1660 1619 1709 1653 τὴν
1733 1617 1821 1646 ἀΐδιον
1839 1618 1902 1646 ὕπα-

1082 1665 1136 1702 ρξιν
1152 1661 1237 1702 ἔχειν’
1254 1676 1268 1690 α
1285 1666 1313 1692 et
1330 1665 1405 1701 quod
1421 1672 1473 1700 per
1487 1664 1592 1693 Filium
1608 1665 1786 1693 aeternaliter
1801 1665 1905 1700 produ-

1081 1712 1173 1738 catur.
1192 1720 1206 1734 »

1116 1754 1176 1782 Col.
1192 1754 1245 1780 774
1266 1756 1287 1780 Α
1306 1753 1348 1781 10.
1374 1752 1456 1781 Multi
1478 1755 1551 1781 sunt.
1578 1753 1773 1781 Restituimus
1798 1761 1903 1789 prece-

1081 1799 1197 1826 dentem
1212 1798 1310 1826 locum
1325 1806 1340 1825 e
1356 1797 1472 1833 Graeco;
1489 1797 1565 1825 male
1577 1798 1655 1826 enim
1671 1798 1903 1834 spudinterpre-

1081 1845 1139 1870 tem
1167 1842 1328 1879 legebatur,
1347 1854 1358 1867 ι
1372 1843 1409 1870 Ac
1428 1851 1530 1870 rursus
1555 1842 1661 1878 inquit,
1689 1842 1834 1870 Docibiles
1854 1843 1903 1870 Dei

1080 1890 1185 1915 erunt:
1199 1898 1213 1912 »
1227 1888 1302 1915 hunc
1312 1895 1379 1915 vero
1390 1887 1431 1914 ita
1443 1888 1539 1915 Greece
1549 1889 1723 1923 conceptum
1734 1887 1850 1914 videtur
1861 1895 1903 1915 re-

1080 1933 1191 1968 perisse
1216 1931 1439 1968 Trupezuntius,
1456 1934 1488 1959 ut
1511 1934 1555 1960 est
1572 1932 1600 1959 in
1629 1932 1729 1968 Regio,
1746 1930 1852 1959 πολλοῖ
1866 1931 1901 1958 ὧν

1079 1979 1158 2004 τοῦτο
1171 1976 1202 2003 τὸ
1218 1978 1289 2008 θεῖον
1301 1975 1328 2003 ἐν
1343 1977 1431 2013 ψυχῇ·
1450 1979 1480 2004 at
1494 1976 1640 2012 interpres
1653 1976 1727 2004 alter
1741 1977 1804 2004 vice
1820 1985 1902 2004 versa

1079 2022 1250 2050 Basiliensis
1273 2021 1410 2049 editionis
1437 2023 1548 2049 textum
1568 2021 1707 2057 exprimit
1723 2029 1730 2048 :
1749 2032 1762 2045 υ
1779 2021 1900 2048 Multum

1079 2067 1178 2102 itaque
1193 2067 1228 2094 de
1244 2066 1297 2094 hoc
1313 2065 1433 2093 numine
1457 2065 1534 2093 inest
1558 2065 1662 2093 animus
1685 2065 1833 2098 rationali,
1848 2064 1902 2093 nisi

1079 2111 1197 2147 propria
1216 2110 1330 2147 ignavia
1355 2110 1477 2138 deﬁcere
1499 2110 1535 2138 ab
1559 2109 1608 2138 illo
1634 2109 1722 2145 velit;
1741 2120 1755 2135 ››
1780 2110 1832 2138 sed
1860 2109 1902 2136 διὰ

1079 2154 1212 2193 ρᾳθυμίαν
1246 2154 1354 2191 Regius
1379 2154 1493 2188 habuit,
1521 2166 1534 2179 «
1556 2156 1674 2190 propter
1700 2154 1848 2190 ignaviam
1872 2153 1901 2180 il-

1077 2200 1139 2228 lum
1167 2199 1319 2236 (Spiritum
1345 2201 1480 2227 sanctum
1503 2199 1626 2234 scilicet)
1650 2199 1802 2227 discedam
1828 2207 1845 2226 a
1871 2206 1899 2226 se

1078 2244 1155 2272 velit.
1176 2255 1189 2269 ››

838 2461 1264 2509 APPENDIX.

959 2551 1043 2587 (Opp.
1059 2553 1081 2578 t.
1099 2551 1148 2587 ΙΙ.)

236 2703 295 2731 Col.
310 2704 347 2730 73
362 2705 381 2730 C
395 2704 421 2730 2.
437 2703 508 2740 Πρὸς
533 2700 667 2739 Ἀϐραάμ.
693 2704 832 2732 Additum
848 2706 892 2732 est
914 2713 948 2732 ex
962 2705 1020 2732 An-

200 2747 266 2782 glic.
281 2746 306 2773 tv
324 2747 441 2785 ὁράματι
468 2746 609 2785 λὲγοντος·
628 2749 820 2785 quamobrem
836 2751 864 2776 et
878 2749 1021 2784 adjicien-

200 2792 270 2818 dum
282 2792 565 2828 verbisinterprctis,
584 2805 594 2817 α
609 2793 722 2821 Domini
734 2794 932 2830 conscriptum
945 2793 1023 2821 iuve-

199 2836 298 2864 nimus
314 2836 343 2863 in
368 2837 479 2864 visione
505 2837 640 2866 dicentis.
659 2849 672 2862 n
690 2839 760 2867 Gen.
779 2847 823 2872 xv,
842 2840 874 2867 l:
892 2839 934 2866 ‘Ev
962 2838 1022 2875 δρά.

1079 2713 1141 2739 ματι
1175 2703 1270 2733 νυκτὸς
1315 2702 1400 2740 λέγων
1419 2725 1426 2737 ,
1457 2704 1486 2729 in
1524 2703 1629 2730 visione
1661 2703 1751 2730 nocti:
1787 2703 1898 2730 dicens.

1077 2748 1151 2780 Quid
1169 2748 1304 2775 habuerit
1319 2749 1408 2775 codex
1433 2747 1504 2775 Oliv.
1523 2755 1581 2774 non
1606 2747 1808 2782 exprimimus,
1825 2745 1898 2782 quod

1077 2793 1136 2820 haec
1152 2793 1243 2820 altera
1265 2793 1292 2820 in
1315 2793 1454 2828 psalmum
1477 2799 1565 2819 xxvm
1585 2791 1709 2819 homilis
1729 2791 1765 2819 ab
1789 2791 1838 2819 illo
1851 2790 1896 2818 ab-

1076 2839 1164 2865 esset.
