2029 3143
125 148 203 178 1069

706 150 761 180 AD
781 150 972 181 HOMlLlAS
994 152 1035 181 IN
1056 152 1249 185 PSALMOS.

1753 156 1831 189 1070

154 214 230 241 lbid.
247 215 273 242 8.
291 214 322 241 Et
336 215 386 242 ubi
400 221 486 242 voces.
504 214 669 242 Restitutus
694 217 739 242 est
754 215 801 243 hie
816 215 899 244 locus
914 225 948 244 ex
962 226 988 259 Α
1007 218 1141 252 Ligerim!
1155 220 1282 254 scienter,
1298 223 1424 250 carmine
1435 223 1528 250 autem
1537 223 1704 259 sanguinem
1717 224 1829 260 nigrum

117 258 276 294 Scriptura:
289 259 396 292 verbis,
414 266 480 286 cum
499 261 586 286 antea
607 259 764 287 mutilatas
780 262 858 300 esset
870 261 947 296 apud

118 303 322 338 interpretem.
349 303 396 331 Sic
417 303 495 331 enim
521 305 566 331 est
589 303 678 331 Exodi
699 313 758 338 XIX,
784 305 813 332 11
833 313 839 332 ;
864 304 912 332 Καὶ
929 305 947 340 ἡ

117 345 218 386 νεφιλη
243 346 348 384 ἀπέλθῃ
378 347 430 374 ἀπὸ
458 349 507 374 τοῦ
538 345 618 384 ὅρους
635 357 641 364 ·
671 350 703 376 Et
732 349 841 385 quando
868 358 945 378 vocet

117 397 143 420 et
172 393 245 420 tuba!
270 395 295 420 ct
316 393 402 421 uubcs
429 392 607 420 discesserint
631 401 647 421 α
662 396 762 429 monte,
790 394 837 422 illi
858 402 949 422 ascen-

119 437 192 465 dent.

153 481 214 509 (lol.
231 482 266 509 75
281 482 303 510 A
320 482 363 509 11.
381 483 435 510 V0.7:
449 491 511 510 vero
527 483 588 510 illa.
603 482 717 518 Legisse
731 483 847 510 videtur
858 483 947 510 inter-

118 535 195 562 pres,
212 526 304 564 ὅρασις
319 527 364 561 ἦν,
381 528 450 555 dum
466 528 563 559 vertit,
578 538 592 552 «
607 527 669 554 Vox
684 536 749 555 vero
765 527 894 563 illa,quaa
911 529 946 555 ad

117 572 255 606 populum
270 573 344 599 laeta
353 571 483 607 est,visio
497 574 587 603 ernt,»
602 580 659 599 non
671 571 755 608 ὁρατή
767 572 867 606 ἧν,000
883 580 947 608 per-

117 624 227 651 peram.
245 616 334 644 Paulo
351 620 415 652 post
431 617 517 643 etiam
534 616 754 644 immutavimus
775 616 859 651 illud,
878 615 945 651 αὕτη

119 658 167 686 οὖν
184 661 201 694 ἡ
221 661 308 699 φωνή,
325 661 401 696 quod
419 661 518 688 Latine
530 664 602 693 erat,
615 662 706 697 «Ipsa
719 662 818 697 itaque
832 670 885 689 vox
898 662 946 693 Dei

117 707 181 732 erat
196 713 286 740 super
301 714 410 741 aquas:
427 716 441 729 »
459 713 553 741 neque
567 705 644 733 enim
657 706 798 742 scriptum
811 705 946 740 051,αὐτὴ

119 746 163 774 οὗν
179 749 208 782 ἡ.
225 749 271 777 Sic
287 757 401 784 quoque
419 749 542 777 ﬁdeliter
551 750 695 785 expressit
707 752 832 778 mentem
847 753 946 778 aucto-

119 793 158 821 ris
174 797 257 822 vetus
268 794 413 830 interpres
422 794 621 830 Basilii,cujus
632 795 728 823 verbis
741 796 835 823 utitur
843 796 946 824 Roma-

119 847 188 866 num
204 839 382 866 Breviarium
392 840 479 867 tertia
489 839 536 867 die
552 840 629 867 infra
645 842 777 867 octavum
791 840 946 868 S.Joannis

118 883 257 918 Baptistae
273 891 373 911 mense
388 883 484 911 Junio.

151 913 212 955 ἀοι.
229 928 264 954 78
280 928 408 962 (39.0010
420 933 459 956 est
475 933 578 956 autem.
591 929 724 956 Fortasse
737 929 904 965 legendum,
916 928 942 954 τί
960 913 983 945 Β

121 971 166 1000 οὖν
193 972 265 999 ἑπιν
282 972 295 999 ὁ
314 971 436 1009 μόσχος;
453 971 480 999 τί
498 972 510 998 ὁ
528 969 643 1004 Λίϐανος
661 983 667 1008 ;
684 985 698 999 ‹‹
716 974 787 1006 Quid
814 982 880 1009 ergo
901 976 944 1001 est

120 1017 257 1045 vitulus?
272 1017 342 1053 quid
370 1018 521 1045 Libanus?
535 1028 548 1043 ι
576 1017 618 1045 νο1
649 1021 734 1051 certe,
756 1017 782 1044 τί
804 1016 849 1044 οὗν
872 1017 942 1044 ἐστιν

121 1062 135 1089 ὁ
163 1061 271 1098 μόσχος
298 1063 346 1088 τοῦ
374 1058 493 1088 Λιϐάνου
510 1071 517 1097 ;
534 1074 547 1087 ι(
565 1063 640 1095 Quid
670 1071 738 1098 ergo
764 1066 808 1090 est
832 1063 943 1090 vitulus

121 1106 251 1134 Libani?
268 1117 282 1130 ››
309 1106 390 1139 Quod
420 1107 563 1142 sequitur,
589 1105 632 1133 διὰ
659 1109 707 1133 τοῦ
731 1103 849 1133 Λιϐάνου
879 1116 944 1143 μορ-

120 1152 244 1187 φοῦντις,
267 1150 410 1186 interpres
437 1151 576 1186 ediderat,
598 1163 611 1176 ιι
636 1153 674 1178 De
701 1151 807 1179 Libano
832 1151 943 1185 dicunt,

120 1195 198 1231 quod
227 1195 451 1223 simulacrorum
476 1195 603 1223 cultores
626 1196 783 1223 vitulorum
807 1196 943 1232 imagun-

119 1241 213 1274 culae,
239 1248 313 1275 quas
337 1240 391 1267 sibi
417 1239 447 1267 in
459 1240 567 1267 Libano
590 1240 715 1276 ﬁngunt,
732 1240 832 1276 sicque
855 1249 915 1275 eas,
931 1251 944 1264 η

119 1287 175 1312 etc.
206 1286 319 1312 Rursus
347 1284 418 1312 illud
436 1305 444 1319 ,
475 1284 488 1310 ὁ
520 1284 624 1321 μόσχος
654 1284 668 1311 ὁ
699 1283 742 1311 διὰ
770 1286 818 1311 τοῦ
846 1282 944 1312 Λιῦἀ-

119 1339 179 1363 νου,
196 1329 354 1357 Cornarius
368 1329 465 1362 vertit,
483 1340 497 1354 «
513 1332 563 1356 aut
582 1329 692 1357 vitulus
717 1329 811 1357 thuris
827 1330 863 1357 ab
878 1330 944 1366 igne

121 1373 300 1410 liquosceus.
314 1384 327 1398 ››
339 1373 565 1408 Montacutius,«
579 1375 629 1401 aut
639 1373 748 1401 vitulus
760 1382 774 1401 e
786 1374 896 1402 Libano
908 1374 945 1401 ef-

122 1419 216 1446 fectus
232 1427 283 1454 per
297 1418 395 1454 ignem
410 1418 597 1453 liquefactus.
616 1429 630 1443 »
645 1419 737 1446 Antea
752 1419 861 1445 editnm
872 1421 944 1453 erat,

122 1476 134 1488 ι‹
152 1466 210 1491 Aut
225 1462 332 1490 vitulus
349 1465 404 1495 est,
421 1463 470 1498 qui
487 1463 514 1490 in
533 1465 632 1490 monte
654 1463 764 1491 Libano
781 1471 832 1499 per
846 1463 943 1498 ignem

122 1507 247 1543 liqueﬁt,
262 1507 424 1535 secundum
450 1507 526 1542 quod
551 1507 662 1534 dictum
687 1510 731 1534 est
750 1515 756 1534 :
776 1519 788 1531 ρι
804 1507 944 1534 nimirum

122 1552 197 1588 psal.
216 1560 300 1586 van,
317 1552 343 1585 3,
361 1560 413 1578 vox
426 1551 524 1579 Graeca
539 1547 656 1581 Λίϐανος
672 1553 700 1579 et
716 1554 844 1579 montem
862 1551 945 1579 illum

121 1597 208 1633 Syrias
225 1597 371 1632 signiﬁcat
382 1598 410 1623 et
424 1596 493 1623 thus
504 1605 510 1623 :
522 1596 571 1623 sed
584 1597 660 1632 apud
677 1596 810 1624 Hebrmos
821 1596 890 1624 thus
900 1597 944 1633 dir-

122 1642 199 1668 citur
211 1633 297 1671 amb
313 1640 447 1668 Lebonah
463 1649 480 1667 a
494 1640 629 1673 candore,
648 1649 734 1668 mons
753 1643 851 1669 autem
868 1632 945 1685 11:15

123 1685 271 1717 Lebanon,
281 1685 358 1721 quod
374 1684 403 1712 in
420 1693 452 1712 eo
464 1684 533 1712 thus
548 1687 659 1712 crescat
670 1694 676 1718 ;
687 1688 789 1712 auctor
800 1685 946 1720 Pagninus

122 1729 151 1756 in
182 1730 285 1757 Lexico
312 1729 463 1757 Hebraico.
490 1729 617 1756 Possuut
639 1729 731 1765 igitur
754 1729 876 1765 intelligi
901 1729 946 1756 his

123 1773 317 1809 imagunculae
338 1773 496 1800 vitulorum
512 1781 527 1800 e
544 1773 650 1800 Libano
674 1773 785 1807 efﬁctm,
802 1774 829 1801 id
852 1775 896 1801 est
911 1774 947 1800 de

125 1818 227 1845 Libani
245 1818 409 1850 arboribus,
426 1818 468 1845 vel
483 1825 518 1845 ex
533 1818 629 1851 thure,
641 1819 717 1854 quod
733 1818 762 1845 in
778 1818 830 1846 illo
847 1821 946 1846 monte

123 1861 237 1893 crescit,
254 1864 282 1888 et
297 1861 373 1896 quod
400 1861 468 1896 igne
490 1864 587 1896 potest
604 1861 758 1896 liqueﬁeri.
776 1862 865 1889 Paulo
882 1864 948 1897 post

124 1905 208 1932 initio
224 1905 375 1940 sequentis
391 1905 504 1940 pagina:
519 1904 564 1931 τὸν
578 1904 701 1942 ἀρχηγὸν
711 1908 761 1940 τῆς
774 1907 828 1932 τῶν
844 1905 947 1943 διέδρων

122 1949 263 1986 insignem:
279 1949 422 1977 vertimus
434 1950 609 1985 :Principem
623 1952 649 1977 et
663 1955 802 1978 auctorem
816 1951 947 1978 elationis

121 1994 276 2022 cedrorum.
307 1994 446 2027 Quoniam
469 1994 545 2021 cedri
571 1994 639 2029 ipsae
660 2003 723 2022 tum
749 1995 813 2022 altae
834 1997 899 2028 sint,
915 2003 947 2023 ea

123 2038 194 2074 quod
227 2046 312 2072 supra
344 2042 465 2065 montem
491 2041 564 2065 natae
589 2040 676 2073 sunt,
699 2039 841 2067 accedente
868 2048 946 2067 mon—

123 2084 156 2110 tis
198 2083 361 2110 celsitudine
401 2084 554 2118 conspicua
593 2084 682 2118 magis
722 2084 819 2119 ﬁunt,
847 2087 879 2112 ut
908 2085 948 2112 ait

124 2128 186 2163 ipse
216 2127 344 2155 Basilius
374 2127 481 2154 citatus
517 2127 545 2154 in
581 2129 690 2156 Catena
724 2128 889 2156 Graecorum
918 2130 948 2156 in

125 2172 258 2199 Psalmos.

159 2215 220 2244 Col.
237 2216 272 2243 83
287 2216 308 2244 C
321 2216 348 2243 6.
366 2216 473 2244 Cantici
487 2216 522 2243 ad
536 2217 648 2245 animm.
674 2218 830 2246 Cornarius
851 2218 948 2254 aptius

125 2260 221 2293 vertit,
239 2272 252 2285 «
265 2260 457 2296 Utereturque
473 2261 537 2296 ipso
547 2269 598 2296 pro
613 2261 780 2290 incentione
796 2263 830 2289 ad
843 2263 947 2290 anima:

125 2315 183 2333 sine
200 2305 356 2333 medelam.
375 2316 388 2330 ››
402 2303 510 2340 Ἐπῳδή
527 2308 555 2333 01
564 2303 677 2340 ἒπαοιδή
696 2315 712 2333 a
733 2306 870 2334 Cicerone
883 2315 950 2334 can-

123 2352 173 2383 tio,
191 2359 207 2378 a
223 2350 313 2378 Gellio
327 2351 447 2377 tncentio
459 2350 593 2384 vertitur,
609 2350 644 2377 ab
660 2350 726 2379 aliis
747 2351 906 2379 iucantatio
922 2354 951 2378 et

127 2396 389 2428 incantamentum,
412 2393 465 2421 hoc
481 2397 536 2428 est,
553 2402 670 2422 carmen
697 2398 731 2422 ad
749 2395 948 2424 amoliendum

125 2439 238 2474 aliquid
252 2438 371 2466 noxium
383 2437 426 2466 vel
437 2441 513 2466 certe
527 2438 747 2468 emolliendum.
762 2440 840 2469 Plato
853 2441 881 2468 in
895 2443 950 2469 Eu-

125 2482 320 2519 lliydcmo:'H
351 2481 399 2518 μὲν
428 2482 478 2519 γὰρ
507 2484 560 2509 τῶν
587 2481 712 2518 ἐπῳδῶν,
735 2482 821 2520 ἔχεών
850 2494 879 2511 τε
906 2485 950 2511 καὶ

125 2526 298 2565 φαλαγγίων,
314 2526 359 2553 καὶ
376 2526 524 2563 σκορπίων,
541 2526 585 2553 καὶ
610 2529 663 2554 τῶν
687 2526 779 2555 ἄλλων
806 2528 907 2565 θηρίων
922 2538 952 2555 τε

124 2571 169 2598 καὶ
185 2571 271 2598 νόσων
288 2569 405 2605 κήλησίς
420 2571 501 2597 ἑστιν·
520 2582 534 2596 u
550 2574 623 2599 Nam
639 2581 686 2599 ars
711 2573 829 2608 quidem
845 2582 951 2601 excan—

125 2619 263 2651 tatorum,
279 2616 404 2652 viperas,
422 2616 590 2652 phalangis,
607 2617 747 2652 scorpios,
763 2621 791 2645 et
813 2617 870 2645 alia
886 2627 950 2653 pes-

127 2661 211 2689 lifera
239 2660 380 2689 animalis.
409 2660 482 2688 lenit
514 2669 547 2688 ac
575 2661 748 2696 permulcet.
774 2674 788 2687 υ
809 2662 951 2690 Homerus

126 2704 234 2733 Ὀδυσσ.
251 2706 285 2733 T.
302 2706 337 2733 de
355 2705 476 2733 vulnere
491 2704 615 2741 Ulyssis,

164 2775 462 2814 Δῆσαννίπισταμὲνως,
480 2775 596 2814 ἐπαριθῇ
612 2774 635 2802 δ’
650 2777 719 2813 αἷμα
738 2775 861 2804 κελαινὸν

163 2813 306 2850 Ἐσχιϐον.

1004 267 1201 299 represserunt.
1219 265 1302 301 dign.

1040 308 1198 344 Sophocles
1213 309 1243 337 in
1259 310 1351 346 Ajace,

1341 367 1372 395 οὐ
1389 368 1456 408 πρὸς
1473 368 1566 408 ἰατροὒ
1582 372 1666 408 σοφοῦ

1040 403 1133 438 Θροεῖν
1151 401 1258 438 ἐπῳδὰς
1273 404 1341 441 πρὸς
1356 401 1477 441 τομῶντι
1493 401 1613 441 πῆματι.

1003 460 1062 487 Νοη
1069 464 1110 488 εει
1118 462 1248 496 sapientis
1258 462 1358 490 medici
1368 463 1582 491 inmutationem
1590 465 1709 492 recitare
1718 465 1747 493 in
1757 473 1830 493 mor-

1004 504 1046 538 bo,
1062 506 1236 539 quiscctione
1250 513 1316 541 opus
1330 506 1418 534 habet.
1439 507 1576 536 Horatius
1593 508 1682 543 Epist.
1699 510 1724 542 1,
1740 509 1792 537 lib.
1807 518 1827 538 i.

1039 549 1109 576 Sunt
1125 550 1205 577 verba
1224 551 1249 577 ct
1265 559 1350 584 vom,
1366 552 1466 587 quibus
1477 552 1551 580 hunc
1565 552 1656 581 lenire
1670 553 1792 582 dolorem

1039 595 1129 621 Possis
1143 596 1170 620 ct
1183 602 1312 629 magnam
1327 596 1418 623 morbi
1432 596 1570 631 deponere
1582 601 1700 632 partem.

1039 637 1098 665 Col.
1114 638 1167 665 103
1183 638 1204 665 Β
1219 639 1245 666 4.
1268 639 1398 667 Ρνεάιιπ.
1425 640 1639 669 Admonuimus
1660 641 1826 670 iterandam

1002 681 1050 709 hic
1067 683 1158 710 fuisse
1173 691 1272 710 vocem
1288 695 1302 708 ί(
1319 684 1403 717 fides,
1421 695 1435 708 n
1453 687 1484 712 ut
1498 685 1528 713 in
1543 685 1659 720 Graecis,
1671 686 1700 714 in
1715 686 1826 722 quibus

1002 729 1031 754 et
1046 735 1108 762 quae
1124 730 1290 762 sequuntur
1304 728 1433 764 exigunt,
1449 732 1482 756 ut
1496 729 1537 757 ita
1556 732 1694 764 vertatur,
1711 742 1725 756 ιι
1741 731 1826 760 Fides

1002 779 1060 798 non
1076 779 1138 806 quae
1154 772 1341 807 geometricis
1357 772 1461 801 nititur
1471 774 1704 809 probationibus.
1720 785 1734 800 ››

1036 815 1098 843 Col.
1128 816 1181 843 106
1211 818 1231 842 Α
1262 817 1305 843 15.
1334 817 1491 845 Auenmm.
1519 818 1627 846 Omisit
1653 827 1751 847 vocem
1779 819 1826 846 πί-

1002 869 1084 889 στεως
1099 860 1255 887 Cornarius
1279 860 1322 887 sic
1346 860 1469 889 efferens
1487 869 1493 889 :
1511 873 1525 887 ιι
1541 866 1703 890 Assensum
1720 873 1753 892 ex
1769 864 1826 892 (ide

1001 904 1073 931 citra
1089 904 1334 932 examinationem
1346 905 1495 940 requiritp»
1507 906 1705 936 Montacutius
1716 919 1730 934 ((
1740 917 1757 936 a
1768 909 1824 936 ﬁde

999 949 1122 976 minime
1136 949 1258 984 probata
1274 952 1303 976 et
1316 949 1466 985 explorata
1482 951 1644 979 rationibus
1667 961 1824 981 assensum

1000 993 1114 1029 quaerit.
1132 1004 1146 1018 »
1168 993 1279 1021 Similis
1301 994 1351 1022 illa
1366 995 1511 1023 sententia
1524 995 1551 1022 S.
1563 997 1684 1024 Joannis
1700 998 1824 1034 Chryso-

1000 1037 1088 1065 stomi
1100 1037 1150 1064 lib.
1171 1037 1271 1065 Contra
1285 1039 1401 1072 gentile:
1412 1048 1440 1074 p.
1456 1040 1510 1066 735
1521 1041 1592 1068 edit.
1609 1042 1768 1070 Pnrisiens.
1790 1042 1822 1068 Οἳ

1000 1079 1171 1108 διαπιστοῦσι
1199 1084 1259 1108 τοῖς
1283 1083 1474 1118 γεγενημένοις
1492 1105 1499 1118 ,
1523 1083 1568 1111 xxi
1602 1083 1705 1113 πολλοὶ
1734 1085 1821 1117 οὕτως

1000 1122 1184 1156 ignaviora):
1214 1125 1257 1153 καὶ
1287 1125 1463 1161 ἀνεξιτάσκτως
1481 1137 1487 1144 '
1520 1129 1573 1163 Qui
1606 1130 1713 1158 nullam
1742 1131 1823 1162 ﬁdem

1000 1171 1196 1207 habent,atque
1212 1172 1295 1199 multi
1309 1171 1342 1199 de
1356 1180 1385 1200 re
1399 1175 1455 1201 tota
1470 1174 1541 1201 nihil
1552 1175 1704 1211 quidquam
1715 1176 1824 1204 investi-

1000 1223 1082 1250 gare,
1097 1215 1170 1243 nihil
1186 1217 1348 1245 examinare
1361 1217 1498 1245 laborant.
1516 1218 1596 1246 Idem
1612 1219 1642 1247 in
1658 1219 1736 1248 hunc
1746 1220 1825 1256 psal-

1001 1267 1082 1287 mum
1099 1260 1230 1287 scribens
1247 1269 1275 1296 p.
1294 1260 1363 1288 40οε
1381 1260 1463 1297 Ορᾷς,
1480 1261 1541 1288 ὅσον
1557 1261 1639 1290 κακόν
1661 1263 1728 1297 ἔστι,
1744 1263 1825 1301 λογι-

1000 1306 1083 1339 σμοῖς
1106 1303 1257 1341 ἑπιτρὲπειν
1283 1304 1316 1332 τὰ
1339 1305 1489 1342 πράγματα
1511 1309 1561 1340 τῆς
1581 1306 1707 1341 πίστεως,
1723 1309 1768 1335 καὶ
1786 1309 1824 1344 μὴ

999 1350 1033 1384 τῇ
1051 1347 1137 1375 πίστει
1155 1357 1162 1382 ;
1179 1361 1193 1374 ‹‹
1207 1349 1293 1377 Vides
1305 1352 1450 1385 quantum
1460 1351 1498 1378 sit
1513 1351 1686 1387 periculum,
1700 1361 1746 1380 res
1757 1354 1824 1381 ﬁdei

1000 1393 1168 1429 permittere
1185 1394 1358 1429 rationibus,
1375 1397 1402 1421 et
1417 1403 1474 1422 non
1491 1395 1580 1423 ﬁdei?
1591 1408 1604 1422 ιι
1623 1397 1715 1425 Locus
1726 1398 1824 1433 proxi-

1001 1446 1048 1465 me
1062 1446 1190 1473 sequens
1218 1440 1263 1465 est
1290 1439 1435 1466 Hebraior.
1464 1448 1502 1473 xx,
1533 1440 1550 1466 6
1573 1448 1580 1468 :
1604 1441 1748 1468 Πιστεῦσαι
1770 1441 1821 1479 γὰρ

1002 1480 1042 1508 δεῖ
1068 1482 1112 1508 τὸν
1138 1481 1361 1519 προσερχόμενον
1381 1485 1420 1518 τῷ
1443 1485 1510 1519 Θεῷ,
1537 1483 1578 1511 δτι
1609 1483 1677 1514 ἴστι.
1709 1486 1824 1515 Credere

1002 1528 1078 1554 enim
1090 1529 1194 1562 oportet
1217 1527 1389 1556 accedentem
1404 1527 1438 1556 ad
1453 1529 1550 1563 Deum,
1566 1530 1632 1566 quia
1648 1535 1696 1559 est.
1713 1531 1771 1559 Sub
1785 1532 1821 1559 11-

1003 1580 1068 1598 nem
1085 1570 1197 1606 pagina:
1209 1571 1431 1600 iinmutavimus
1446 1572 1517 1601 illud
1535 1573 1703 1611 interpretis
1724 1586 1738 1602 «
1754 1584 1822 1605 oon-

1001 1616 1088 1644 tendo
1099 1616 1134 1643 ad
1141 1615 1347 1651 perfectionem
1359 1625 1411 1653 per
1421 1618 1623 1654 martyrium.»
1634 1619 1684 1648 [lic
1694 1620 1772 1649 enim
1782 1631 1824 1648 τε-

1001 1658 1112 1690 λείωσις
1134 1661 1417 1689 consummationem
1439 1665 1535 1696 sonat,
1552 1665 1585 1691 ut
1603 1666 1685 1692 Lucis
1704 1674 1766 1699 xui,
1777 1666 1823 1695 32.

1001 1702 1094 1734 Ἰἀσεις
1126 1702 1243 1731 ἐπ’τελῶ
1281 1705 1400 1742 σήμερον
1430 1705 1474 1732 καὶ
1512 1704 1618 1744 αὔριον,
1644 1708 1688 1735 καὶ
1716 1711 1751 1746 τῇ
1778 1709 1823 1747 τρί

1000 1758 1034 1785 τῃ
1050 1747 1220 1784 τελειοῦμαι·
1241 1749 1380 1778 Sanitatcs
1406 1751 1519 1786 perﬁcio
1543 1752 1625 1781 hodie
1649 1757 1678 1781 et
1704 1762 1774 1789 cras,
1799 1759 1825 1783 et

1001 1794 1083 1821 tertia
1111 1793 1155 1821 die
1181 1801 1364 1822 consummor.
1394 1797 1427 1822 Et
1452 1796 1580 1832 Supient.
1611 1806 1648 1830 iv,
1677 1798 1710 1826 13
1739 1807 1746 1827 :
1775 1801 1824 1827 Tc-

1003 1837 1126 1869 λιιωθείς
1169 1837 1194 1865 ἐν
1234 1836 1321 1876 ὀλίγῳ
1357 1837 1502 1876 ἐπλήρωσε
1543 1841 1661 1878 χρόνοος
1703 1842 1824 1880 μακροὺς

1001 1883 1213 1910 (ἶοηειιγητηαιιιε
1227 1883 1257 1910 in
1273 1883 1347 1910 brevi
1360 1884 1477 1919 explevit
1492 1886 1613 1920 tempora
1627 1887 1725 1914 multa.
1737 1888 1825 1916 Theo-

1003 1927 1123 1954 doretus
1147 1927 1249 1954 itidem
1275 1927 1336 1955 haec
1359 1928 1445 1956 verba
1467 1929 1574 1965 psalmi
1597 1939 1754 1967 exponens,
1772 1933 1823 1960 de—

1002 1979 1065 1998 cere
1082 1971 1122 1998 ait
1137 1971 1274 1999 audacter
1298 1979 1350 2008 pro
1376 1971 1500 2001 Domino
1523 1977 1647 2003 mortem
1671 1976 1780 2012 subire,
1796 1979 1824 2005 et

1001 2015 1077 2042 hanc
1102 2015 1368 2044 remunerationem
1386 2025 1437 2052 pro
1456 2018 1545 2045 variis
1562 2019 1710 2048 beneﬁciis
1729 2021 1798 2050 dare
1815 2030 1822 2050 :

1003 2059 1138 2096 Προστίκει
1163 2059 1253 2086 τοίνυν
1277 2059 1433 2098 θαρραλὲως
1457 2061 1502 2089 τὸν
1532 2062 1597 2100 ὑπὲρ
1619 2064 1701 2091 αὐτοῦ
1715 2065 1825 2093 κατιδέ-

1003 2103 1095 2138 ξασϐαι
1124 2103 1248 2138 Θάνατον,
1264 2105 1307 2132 καὶ
1336 2105 1438 2140 ταύτην
1459 2104 1549 2134 δοῦναι
1575 2111 1626 2142 τῆς
1649 2108 1826 2145 παντοδαπῆς

1003 2147 1155 2186 εὐεργεσίας
1168 2146 1314 2176 ἀντίδοσιν.
1327 2149 1372 2177 sic
1384 2151 1460 2186 apud
1477 2152 1661 2188 Apostolum,
1677 2155 1824 2183 Hebrazor.

1003 2201 1033 2228 ιι,
1062 2194 1094 2221 10
1115 2202 1120 2221 ;
1151 2193 1199 2219 Διὰ
1225 2193 1394 2230 παθημάτων
1420 2193 1575 2230 τελειῶσαι,
1606 2200 1660 2226 Per
1684 2200 1826 2235 passiones

1003 2246 1196 2266 consummare
1211 2249 1218 2273 ;
1235 2240 1263 2266 et
1279 2238 1365 2266 Hebr.
1384 2248 1428 2274 XL,
1446 2241 1480 2267 40
1496 2241 1568 2268 εἻνα
1584 2242 1622 2277 μὴ
1639 2243 1726 2280 χωρὶς
1746 2245 1825 2280 ἡμῶν

969 2284 989 2315 [)
1005 2280 1170 2309 τιλιιωθῶσι
1188 2292 1194 2299 ι
1210 2284 1242 2312 Ut
1258 2292 1315 2311 non
1329 2285 1391 2312 sine
1405 2286 1483 2313 nobis
1497 2293 1761 2317 consummarcnlur.
1785 2291 1828 2318 Ita

1005 2335 1081 2362 saepe
1097 2327 1234 2355 dicuntur
1248 2329 1278 2355 in
1304 2328 1518 2365 Martyrologiis
1533 2331 1586 2359 viri
1609 2333 1702 2361 sancti
1719 2337 1828 2370 marty-

1005 2372 1080 2399 rium
1097 2380 1314 2407 consummare,
1330 2375 1359 2401 et
1374 2375 1512 2410 martyrio
1529 2378 1742 2406 consummari.

1040 2415 1098 2443 Col.
1116 2417 1166 2443 107
1183 2419 1209 2444 Β.
1228 2417 1253 2444 4.
1279 2419 1311 2445 ιη
1336 2421 1509 2454 conspectum
1533 2421 1624 2450 Acliis.
1649 2422 1692 2451 Its.
1707 2423 1826 2458 quidem

1005 2460 1082 2496 apud
1099 2463 1247 2488 auctorem
1266 2461 1391 2495 Vulgata:
1407 2463 1514 2492 Latinas
1527 2469 1645 2494 vocatur
1658 2467 1706 2494 ille
1723 2476 1782 2502 rex,
1799 2470 1829 2495 at

1005 2505 1083 2540 apud
1104 2505 1207 2540 LXX,I
1224 2505 1292 2542 Reg.
1318 2515 1377 2542 xxi,
1404 2508 1446 2543 14,
1473 2508 1592 2547 Ἀγχούς
1614 2511 1732 2539 Auchus
1755 2511 1826 2539 dici-

1006 2552 1065 2584 tur,
1082 2550 1167 2585 cujus
1182 2550 1242 2578 hinc
1258 2551 1346 2579 verba
1360 2555 1430 2581 sunt
1446 2553 1481 2581 ad
1507 2555 1633 2584 famulos
1659 2564 1740 2589 suos,
1757 2554 1827 2583 Ἰδοὺ

1007 2592 1077 2620 ἴδετε
1105 2592 1187 2631 ἄνδρα
1211 2594 1375 2631 ἐπίληπτον,
1392 2598 1455 2626 Ecce
1482 2599 1592 2627 vidiuis
1620 2601 1709 2628 virum
1736 2601 1828 2636 furio-

1005 2647 1087 2666 sum:
1104 2639 1184 2674 item,
1212 2640 1254 2674 Μὴ
1281 2639 1445 2677 ἑλαττοῦμαι
1469 2641 1627 2678 ὲπιλτξπτων
1652 2643 1706 2681 ἐγώ
1728 2654 1736 2680 ς
1759 2645 1830 2672 Num

1006 2683 1119 2718 indigeo
1133 2685 1291 2720 [urentibus
1313 2686 1634 2724 egOPChrysostomus,
1660 2689 1711 2716 lib.
1734 2698 1766 2716 iii
1795 2690 1831 2718 De

1007 2728 1196 2762 Providentia,
1213 2737 1277 2765 pag.
1293 2730 1346 2756 237
1364 2739 1370 2757 :
1389 2730 1459 2767 Πρὸς
1483 2732 1528 2758 τὸν
1558 2732 1676 2770 Ἀγχοὺς
1692 2732 1829 2768 ἀπελθὼν,

1006 2771 1070 2802 τοὺς
1095 2773 1276 2809 μαινομένους
1303 2774 1473 2811 ὑπεκρίνατο.
1494 2787 1507 2803 α
1528 2778 1569 2805 Ad
1594 2777 1714 2806 Auchus
1738 2778 1832 2815 profe-

1008 2819 1083 2851 ctus,
1101 2818 1240 2847 insanum
1249 2825 1280 2846 se
1291 2819 1460 2848 simulabat.
1475 2832 1488 2846 υ
1499 2823 1592 2859 Atque
1603 2823 1680 2860 apud
1694 2824 1831 2860 profanos
