2029 3143
184 155 259 185 1071

776 149 893 180 ΝΟΤΛΕ
913 149 1135 180 FRON'I‘ONIS
1157 150 1289 181 [ΠΙοΑἰί

1810 151 1886 181 1072

182 220 302 256 quidem
319 219 450 246 auctores
473 215 626 251 ιπιληπτος
658 217 822 252 correptum
850 215 996 250 epilepsia1

1060 224 1115 250 γων
1129 214 1175 242 τὸν
1192 214 1297 242 Σαούλ·
1316 227 1330 241 ‹‹
1345 216 1382 244 So
1396 215 1538 252 epilepsia
1553 217 1719 252 correptum
1737 215 1890 243 simulavit

182 267 210 292 et
233 263 374 292 comitiali
399 262 500 290 morbo
524 261 705 289 laborantem
728 260 886 296 signiﬁcat,
903 262 931 287 et
946 257 1006 285 ἐπι-

182 307 323 343 ληπτίζειν
336 316 369 335 eo
383 307 484 334 morbo
500 305 643 339 laborare,
661 308 692 332 ut
708 305 843 332 observat
862 304 1004 331 Henricus

182 353 347 389 Stephanus
371 352 400 378 in
428 350 648 383 ‘Ihesauro;sed
675 350 785 382 fallitur
809 357 874 376 cum
899 348 1007 376 ibidem

184 398 266 426 addit.
281 395 488 430 ἐπιλήπτισθαι,
505 403 557 431 pro
572 395 674 422 eodem
694 394 791 421 alI'erri
806 402 851 420 xxx
863 392 935 420 lib.l
952 395 1007 420 Rc~

184 451 266 479 gum,
283 442 326 469 vel
341 441 382 468 illi
408 442 484 468 certe
508 439 659 471 talluntur,
686 439 737 474 qui
762 438 836 465 hanc
857 437 1006 465 notionem

185 487 228 515 illi
243 487 330 515 verbo
346 486 374 513 in
389 493 422 513 eo
438 485 500 512 loco
514 484 668 519 efﬁngunt.
688 483 763 510 Licet
782 483 861 510 enim
873 481 942 510 alibi
955 490 1008 509 vox

185 531 336 566 ἐπίληπτος
363 529 503 558 comitiali
529 529 631 556 morbo
654 527 834 555 laborantem
851 527 1006 562 signiﬁcet,

184 578 273 612 atque
287 575 374 602 etiam
390 583 406 601 a
421 574 551 600 daemone
567 577 743 607 correptum,
761 574 794 598 ut
806 571 882 606 apud
900 571 1006 606 Grego-

184 621 261 648 rium
277 618 503 649 Nazianzennm,
520 619 592 644 orat.
612 616 654 648 18.
671 616 706 642 de
730 618 832 643 sancto
853 615 1004 651 Cypriano,

183 674 212 700 p.
227 665 280 691 280
296 672 303 691 :
317 663 345 689 Ὀ
368 660 458 699 ἄφρων
484 659 610 697 ἐραστὴς,
630 659 674 686 καὶ
700 659 816 697 σώφρων
842 657 1005 693 ἐπίληπτοςΙ

183 719 197 735 α
212 709 336 737 Demens
359 710 481 740 amator,
507 708 535 732 et
559 705 688 740 prudens
708 703 877 739 arreptitius
895 712 901 730 :
917 715 928 729 ι
950 712 1005 731 non

180 757 279 782 tamen
293 751 520 780 existimandum
538 752 591 784 est,
608 749 777 784 ubicunque
788 747 824 775 ab
839 747 1004 783 interpreti-

181 798 236 825 bus
265 795 372 824 Grzecis
396 793 506 821 Veteris
534 793 712 820 Testamenti
744 792 919 824 adhibetur,
940 799 1004 819 eam

180 849 267 877 posse
289 839 340 867 illa
365 838 465 867 omnia
485 845 601 870 sonare,
623 837 646 864 si
672 845 756 864 voces
777 836 913 869 Hebraeae,
930 844 1003 871 quas

181 886 242 914 illic
262 884 409 921 exprimit,
433 883 462 911 id
490 891 547 910 non
574 882 677 935 (erant.
705 882 806 917 Itaque
831 880 890 932 illic
915 881 1042 935 'dnictioB

181 931 322 959 Hebraica
336 935 424 962 unum
449 928 603 961 furiosum,
619 926 660 954 vcl
682 927 818 954 insanum
845 926 1001 962 signiﬁcat,

183 979 215 1004 ut
244 976 279 1003 IV
310 975 380 1010 Reg.
407 982 444 1008 ix,
463 973 492 1000 11
511 971 567 1000 :Tl
594 970 634 998 ὅτι
664 970 788 1004 εῗσῆλῧεν
813 970 827 996 ὀ
852 969 1002 1005 ἐπίληπτος

182 1020 269 1050 οὗτος·
300 1018 370 1052 Quid
398 1018 471 1047 venit
500 1018 614 1044 insanus
643 1017 693 1043 iste
716 1015 750 1042 ad
773 1017 824 1042 le?
845 1019 872 1042 et
894 1014 1001 1042 Jerem.

180 1073 256 1096 xxxx,
271 1064 328 1091 36:
348 1061 398 1090 Καὶ
431 1060 511 1087 παντῖ
542 1060 676 1097 ἀνθρώπῳ
707 1059 876 1095 μαινομένῳ,
903 1060 934 1086 Et
955 1068 1001 1087 su-

176 1117 228 1145 per
242 1109 380 1136 hominem
393 1107 577 1134 insanientem
593 1114 599 1132 :
616 1107 642 1132 et
663 1103 890 1139 ἐπιληπτεύεσῡαι
907 1104 1002 1132 furere

178 1156 222 1182 cst
248 1156 276 1182 et
297 1153 444 1184 insanire;
462 1151 511 1178 sed
538 1150 678 1178 comitiali
701 1150 802 1177 morbo
820 1150 1001 1177 laborantem

177 1207 235 1227 non
251 1198 406 1234 signiﬁcat.
420 1195 613 1228 Quamobrem
630 1194 707 1230 apud
725 1194 835 1222 Theod.
853 1194 1000 1222 Balsamo-

178 1252 243 1271 nem
260 1241 468 1270 commentario
485 1240 513 1268 in
529 1239 614 1275 epist.
631 1239 707 1267 Petri
732 1238 885 1266 Alexandr.
898 1247 999 1275 perpe-

178 1296 240 1316 ram
256 1287 342 1315 vertit
356 1286 512 1321 interpres.
527 1283 577 1310 Τὸν
603 1282 754 1317 ἐπίληπτον
781 1281 910 1319 ὗπῑκρίθη
937 1281 999 1320 φεύ-

1064 259 1178 294 fugiens
1194 260 1273 287 Saul.
1291 271 1302 284 ι
1321 260 1372 288 Hic
1387 268 1456 296 ergo
1478 260 1678 293 scribendum,
1704 271 1718 285 «
1741 259 1888 288 simulans

1064 312 1110 331 me
1124 303 1240 332 insania
1255 307 1433 340 correptum,
1450 307 1500 332 aut
1515 305 1658 340 percitum
1675 304 1783 332 furore.
1804 316 1817 329 η

1098 348 1158 375 Col.
1177 349 1227 376 114
1240 350 1261 376 Α
1278 350 1320 376 13.
1346 350 1387 376 Ex
1406 349 1540 377 exsoluta.
1567 348 1782 384 Ἀνθρωπότητα
1806 353 1889 378 vocat

1062 401 1119 419 non
1137 401 1225 420 unam
1241 393 1370 429 aliquam
1387 393 1619 427 multitudinem,
1644 401 1696 421 nec
1716 393 1888 423 universum

1061 437 1387 472 genushumanum,sed
1397 447 1446 465 eos
1453 437 1729 473 homines,quorum
1739 446 1786 466 res
1797 442 1885 474 gesta

1063 491 1095 510 ac
1111 483 1193 518 probi
1211 491 1306 511 mores
1317 484 1345 510 id
1359 485 1629 520 promeruerant,ut
1640 483 1677 510 ab
1689 483 1807 511 cateruis
1819 492 1889 520 sup-

1063 527 1158 562 pliciis
1173 527 1321 555 immunes
1337 530 1435 556 essent
1452 536 1457 555 :
1475 528 1574 563 itaque
1587 528 1621 555 ad
1638 528 1760 556 verbum
1782 529 1889 556 Corna—

1062 572 1134 605 rius,
1152 574 1240 605 recte,
1258 583 1271 597 ‹‹
1289 572 1531 607 Quandoquidem
1548 580 1594 600 me
1611 572 1764 613 avinculis
1781 572 1890 608 peccati

1062 615 1204 650 liberasti,
1225 617 1295 644 dum
1320 616 1499 644 descendisti
1521 617 1555 644 ad
1573 617 1734 650 infernum,
1750 619 1779 644 et
1800 617 1892 644 exsol-

1061 659 1126 687 visti
1143 660 1359 688 humanitatem
1376 661 1503 688 vinctam
1522 661 1624 688 mortis
1645 661 1848 695 exsistentem,
1864 663 1892 689 et

1060 705 1088 731 in
1108 705 1275 733 carceribus
1291 705 1396 732 inferni
1412 706 1632 733 inevitabilihus
1648 705 1808 734 detentam.
1826 717 1841 731 n
1859 706 1889 734 In

1060 749 1169 777 Catena
1185 750 1284 777 Greca
1309 751 1339 777 in
1364 750 1486 778 Psalmos
1510 750 1574 786 lego
1597 748 1734 777 κατελθὼν
1753 749 1792 780 εἷς
1808 747 1888 785 ᾅδην,

1059 792 1103 820 καὶ
1121 792 1204 824 λύσας
1217 794 1267 827 τὴν
1285 793 1492 831 ἀνθρωπότητα.
1511 795 1596 822 Porro
1614 794 1732 822 hancde
1743 795 1886 822 descensu

1059 838 1165 865 animas
1181 838 1288 866 Christi
1314 839 1349 866 ad
1376 839 1485 866 inferos
1509 846 1693 866 communem
1716 841 1887 866 sanctorum

1059 884 1180 909 Patrum
1194 883 1360 910 doctrinam
1376 883 1485 910 frustra
1499 891 1516 910 a
1530 883 1613 910 novis
1624 882 1759 910 Ecclesiae
1779 882 1887 910 Christi

1060 927 1260 963 perduellibus
1276 931 1475 963 oppugnatam
1490 929 1590 955 tuetur
1599 927 1687 955 etiam
1701 927 1770 954 alibi
1785 930 1819 954 ut
1834 927 1889 954 hoc

1058 971 1120 999 loco
1139 971 1278 1006 Basilius,
1305 971 1444 999 nimirum
1470 973 1501 999 in
1529 972 1668 1007 psalmum
1690 979 1776 999 κυνί
1799 964 1887 998 Ἀλλὰ

1057 1015 1195 1042 κατελθεῖν
1220 1014 1257 1046 ετξ
1283 1014 1349 1050 ᾅδου
1373 1019 1422 1050 τῆς
1451 1015 1513 1053 περὶ
1539 1016 1588 1050 τήν
1618 1015 1758 1042 ἀνάστασιν
1781 1014 1885 1042 elatave-

1060 1060 1121 1096 μίας
1142 1058 1239 1086 ἕνεκεν·
1264 1063 1292 1088 et
1315 1061 1346 1088 in
1368 1061 1441 1096 psal.
1466 1069 1577 1088 XLVIII:
1595 1062 1693 1097 Σαφῶς
1717 1059 1883 1099 προφητεύει

1056 1105 1106 1138 τὴν
1122 1106 1169 1130 τοῦ
1184 1103 1282 1142 Κυρίου
1298 1103 1411 1131 κάθοδον
1427 1104 1465 1136 εὶς
1478 1102 1553 1139 ᾅδου.

1093 1149 1152 1177 Col.
1171 1149 1222 1176 115
1237 1151 1258 1176 Β
1275 1149 1317 1176 12.
1335 1149 1378 1175 Ἐν
1392 1147 1488 1178 αὐλαῖς
1511 1150 1569 1175 τοῦ.
1587 1149 1652 1176 Haec
1678 1148 1783 1176 ultima
1807 1148 1882 1184 psal-

1058 1193 1098 1221 mi
1112 1193 1199 1220 verba
1215 1201 1249 1221 ex
1264 1193 1353 1229 Oliva,
1378 1196 1406 1221 et
1427 1193 1555 1229 Anglicis
1574 1194 1687 1228 adjecta
1711 1195 1792 1225 sunt,
1814 1201 1881 1220 cum

1057 1246 1110 1266 sua
1134 1238 1374 1274 interpretatione
1391 1246 1479 1274 quam
1496 1247 1539 1273 ea,
1560 1246 1623 1274 qua:
1638 1240 1815 1274 sequuntur,
1833 1246 1881 1265 sx~

1056 1284 1179 1319 ponunt.

541 1436 622 1483 AD
659 1435 1148 1483 COMMENTARIOS
1184 1436 1249 1482 IN
1283 1435 1512 1482 ISAIAM.

209 1609 270 1638 Col.
297 1610 345 1638 131
372 1612 403 1637 Β,
429 1609 524 1636 Videris
551 1607 646 1635 simul.
672 1609 779 1634 Praeter
806 1614 855 1634 eos
883 1608 973 1634 testes
990 1626 997 1639 ,
1013 1605 1035 1640 C
1055 1605 1237 1633 characteres
1253 1605 1283 1632 F.
1301 1604 1334 1632 H.
1353 1605 1375 1632 Ι.
1388 1607 1416 1633 et
1425 1605 1458 1633 A.
1473 1605 1679 1641 designabunt.
1694 1605 1769 1634 Illud
1781 1607 1879 1634 autem

174 1662 248 1689 quos
264 1655 299 1682 ad
315 1653 505 1681 vindicandos
521 1652 628 1680 Basilio
644 1651 869 1679 commentarios
884 1651 956 1678 istos
968 1651 996 1678 in

174 1699 278 1726 Isaiam
291 1698 361 1725 citat
373 1699 416 1725 vir
425 1697 616 1725 doctissimus
627 1696 801 1723 Godefridus
810 1695 996 1729 Tilmannus,

175 1743 248 1770 alios
259 1743 333 1770 duos
343 1742 479 1770 laudabo.
491 1740 631 1768 Tarasins
640 1740 717 1768 enim
734 1739 998 1775 Constantinopoli-

174 1790 262 1815 tanus
277 1786 443 1822 patriarcha
459 1785 487 1812 in
504 1784 627 1821 epistola
643 1785 678 1812 ad
702 1784 862 1811 Adrianum
880 1791 996 1818 papam,

176 1840 239 1867 quae
256 1832 285 1859 in
301 1831 370 1859 .lure
386 1833 481 1858 Graeco
495 1832 624 1857 Romano
639 1831 733 1857 exstat
748 1838 776 1864 p.
795 1828 856 1861 193,
883 1827 933 1855 ubi
954 1835 996 1855 re-

175 1877 268 1904 fertur
297 1876 344 1903 hic
372 1876 452 1903 locus
469 1883 475 1902 :
493 1874 549 1901 Τοῦ
574 1872 719 1901 Βασιλείου
747 1871 777 1900 ἐκ
803 1873 853 1907 τῆς
882 1871 919 1902 ut;
951 1871 996 1899 τὸν

178 1919 288 1947 Ἡσαΐαν
317 1919 472 1956 ἑρμηνείας.
497 1918 587 1954 Νόμον
615 1916 713 1944 ἔδωκεν
737 1917 774 1948 εἰς
800 1917 939 1953 βοήθειαν,
954 1914 998 1943 ’ἵνα

177 1962 290 1991 εἷ’πωσιν
315 1963 367 2001 οὐχ
382 1963 419 1994 ὡς
441 1963 472 1989 τὸ
497 1962 572 2000 ῥῆμα
594 1964 684 1989 τοῦτο.
702 1973 715 1987 (ι
737 1962 838 1997 Legem
864 1962 944 1988 dedit
967 1961 998 1988 in

176 2009 330 2042 auxilium,
347 2010 379 2036 ut
394 2009 492 2036 dicant
506 2016 562 2036 non
577 2009 607 2035 ut
622 2007 675 2034 hoc
691 2007 809 2034 verbum
823 2015 830 2040 ;
845 2017 857 2031 ›ι
870 2008 898 2034 et
914 2014 996 2041 repe-

174 2053 232 2081 rics
252 2053 312 2080 haec
336 2053 400 2089 ipsa
420 2053 508 2080 verba
530 2052 560 2079 in
583 2054 671 2087 caput
695 2054 839 2078 octavum.
860 2050 939 2078 Alter
953 2053 998 2078 est

172 2100 274 2126 auctor
288 2097 465 2125 scholiornm
491 2096 657 2124 Graecorum
674 2096 703 2122 in
719 2095 864 2131 Epistolas
880 2100 995 2130 aposto-

170 2142 253 2175 licas,
270 2151 334 2178 qua:
350 2142 468 2170 nomine
478 2139 645 2170 OEcumenii
657 2140 994 2175 circumferuntur,apud

170 2195 257 2221 quem
275 2186 335 2214 haec
352 2194 387 2213 ex
403 2185 504 2213 Photio
521 2185 708 2221 proferuntur
732 2192 797 2220 pag.
814 2184 866 2211 399
890 2184 994 2212 editio-

168 2230 215 2258 nis
230 2230 348 2258 Veron.:
366 2230 409 2257 Ἐν
431 2231 466 2265 τῇ
491 2228 623 2266 ἑρμηνείᾳ
636 2229 685 2255 τοῦ
707 2226 818 2254 Ἡσαΐου
834 2228 848 2254 ὁ
865 2227 889 2254 ἐν
906 2227 994 2265 ἁγίοις

168 2273 309 2304 Βατίλειος
337 2272 459 2310 δεύτερον
487 2273 663 2309 ἐπιμνησθεὶς
691 2274 738 2299 τοῦ
767 2272 862 2309 ῥητοῦ,
889 2271 932 2299 ἐπὶ
948 2282 992 2299 κα-

167 2318 258 2355 θάρσει
274 2318 339 2345 αὐτὸ
355 2317 471 2353 ἐδέξατο·
493 2330 502 2342 ιι
521 2320 552 2346 In
569 2318 809 2353 interpretatione
825 2318 906 2345 Isaia:
922 2327 989 2345 san-

166 2367 231 2391 ctus
253 2363 378 2390 Basilius
402 2364 508 2390 iterum
534 2364 609 2389 facta
625 2362 714 2397 hujus
736 2362 814 2390 verbi
831 2363 988 2398 mentione,

165 2416 216 2443 pro
233 2407 434 2444 puriﬁcatione
450 2406 548 2442 ipsum
574 2407 694 2441 accepit.
711 2417 724 2430 ››
740 2407 836 2434 Habes
853 2407 929 2434 hunc
946 2407 987 2434 lo-

164 2460 230 2479 cum
244 2452 271 2479 in
285 2453 373 2487 caput
384 2452 677 2487 quartum.Caeterum
689 2451 725 2478 ad
737 2450 827 2486 hujus
838 2454 988 2479 Commen—

161 2497 226 2524 tarii
239 2496 396 2524 editionem
410 2495 609 2524 edomandam
622 2497 725 2530 praeter
735 2496 936 2531 apographum
953 2504 986 2524 ex

160 2541 265 2577 Anglia
277 2542 399 2569 missum
410 2542 498 2569 variis
508 2539 680 2567 lectionibus
694 2539 721 2566 in
735 2540 866 2576 margine
878 2541 986 2568 notatis

159 2585 354 2620 illustratum,
367 2594 420 2622 ope
436 2586 562 2612 duorum
574 2584 707 2611 codicum
723 2583 880 2619 Regiorum
894 2585 985 2620 adjuti

159 2637 274 2664 sumus,
287 2639 413 2666 quorum
429 2630 502 2658 alter
517 2629 699 2660 chartareus,
714 2628 790 2663 regis
802 2628 949 2656 Francisci
961 2631 982 2663 I,

159 2681 192 2700 ex
205 2681 263 2708 quo
275 2683 358 2702 suam
370 2673 639 2709 interpretationem
655 2671 915 2708 el'ﬁnxitinterpres
927 2674 983 2701 Til-

159 2726 297 2753 mannus,
315 2719 387 2747 alter
398 2716 770 2750 mcmbranaceus,Henrici
782 2717 803 2744 H
817 2717 984 2753 insignibus

158 2764 289 2796 ornatus,
316 2764 421 2791 tertius
444 2763 530 2791 etiam
557 2771 590 2790 ex
616 2761 809 2790 illustrissimi
826 2763 982 2792 cardinalis

157 2807 281 2834 Joeusazi
297 2807 474 2836 bibliotheca
499 2810 600 2835 erutus
624 2806 680 2834 fuit
697 2814 703 2834 :
721 2806 852 2843 singulos
873 2808 981 2844 proprii

1053 1650 1202 1686 prophetae
1227 1651 1316 1677 Amos
1337 1649 1428 1677 habes
1449 1658 1513 1685 cap.
1529 1658 1581 1683 vn,
1599 1650 1632 1677 12
1649 1658 1655 1677 :
1672 1649 1701 1676 '0
1728 1649 1811 1686 ὀρῶν,
1830 1649 1879 1686 pat-

1053 1692 1119 1728 διζε’
1138 1695 1173 1722 Tu
1198 1695 1247 1730 qni
1272 1693 1357 1727 vides,
1381 1694 1438 1721 abi.
1462 1695 1493 1722 In
1519 1701 1605 1729 quem
1627 1693 1724 1721 locum
1745 1694 1879 1722 scribens

1052 1738 1177 1774 Cyrillus
1191 1738 1405 1766 Alexandrinus
1428 1738 1506 1765 idem
1531 1738 1645 1766 videtur
1666 1738 1790 1766 innuero
1812 1746 1876 1766 esse

1053 1791 1157 1810 nomen
1173 1784 1223 1809 τοῦ
1249 1783 1377 1820 ὁρῶντος,
1405 1783 1522 1810 videnti:
1545 1785 1570 1810 et
1587 1783 1736 1819 prophetas.
1753 1783 1876 1820 'Opz‘uvra

1054 1827 1102 1863 μὶν
1130 1826 1179 1865 γὰρ
1207 1826 1252 1853 τὸν
1277 1827 1422 1865 προφήτην
1451 1825 1551 1863 ἐκάλει,
1581 1825 1655 1861 πλὴν
1674 1826 1723 1854 οὐκ
1750 1827 1876 1863 ἀξιώσας,

1053 1872 1115 1900 οὐδὲ
1139 1872 1177 1908 τῷ
1205 1875 1254 1905 τῆς
1279 1872 1445 1912 προφητείας
1471 1872 1582 1909 ὀνόματι
1605 1873 1807 1909 κατασεμνύνας
1831 1872 1876 1899 αὖ·

1052 1917 1108 1945 τόν.
1127 1929 1141 1943 ‹‹
1165 1918 1318 1946 videntem
1343 1918 1422 1946 enim
1447 1917 1574 1954 appellat
1599 1917 1797 1954 prophetam:
1825 1918 1875 1945 sed

1052 1963 1130 1991 enim
1147 1971 1204 1990 non
1220 1962 1339 1990 honoris
1355 1971 1454 1996 causa,
1470 1971 1565 1998 neque
1587 1964 1619 1990 ut
1634 1971 1701 1990 eum
1716 1962 1874 1998 prophetiae

1053 2008 1170 2035 nomine
1193 2009 1355 2035 veneretur.
1373 2018 1386 2031 ››
1403 2006 1638 2043 'I‘heophylactus
1662 2007 1690 2034 in
1712 2015 1776 2042 cap.
1794 2016 1802 2034 ι
1818 2007 1873 2034 Na-

1051 2054 1123 2082 hum
1139 2062 1145 2082 :
1164 2052 1252 2080 Ἀ).λὰ
1266 2052 1310 2080 καί
1336 2052 1428 2090 ὅρασις
1452 2052 1542 2090 ὥσπερ
1558 2053 1646 2080 κοινόν
1663 2063 1688 2079 τι
1705 2051 1780 2080 δοκεῖ
1797 2053 1872 2080 εἶναι.

1052 2097 1112 2126 Ἐπὶ
1127 2097 1233 2125 πάντων
1254 2097 1304 2136 γὰρ
1327 2099 1381 2125 τῶν
1405 2097 1514 2134 τρόπων
1534 2101 1584 2132 τῆς
1597 2099 1766 2136 προφητείας
1783 2098 1797 2125 ὁ
1812 2099 1872 2128 νοῦς

1050 2143 1082 2177 ἦν
1101 2142 1310 2179 ἐλλαμπόμενος
1325 2145 1364 2178 τῷ
1383 2142 1452 2181 φωτὶ
1471 2144 1520 2170 τοῦ
1536 2141 1702 2178 Πνεύματος·
1720 2155 1731 2168 ι
1750 2144 1872 2179 Insuper

1050 2189 1078 2215 et
1094 2187 1166 2215 visio
1181 2187 1259 2215 velut
1274 2196 1431 2216 commune
1447 2188 1593 2215 vaticiniis
1608 2187 1721 2215 videtur
1738 2195 1813 2215 esse.
1829 2187 1870 2215 Si-

1049 2232 1168 2268 quidem
1184 2232 1212 2258 in
1229 2232 1366 2260 omnibus
1381 2232 1539 2268 prophetiae
1557 2232 1658 2260 l‘ormis
1680 2240 1764 2260 mens
1779 2232 1868 2268 Spiri-

1049 2279 1097 2304 tus
1113 2276 1223 2304 lumine
1237 2276 1468 2304 illustrabatur.»
1480 2276 1534 2304 Sed
1552 2276 1768 2304 observandum
1781 2279 1825 2304 est
1841 2277 1868 2303 in

1045 2320 1119 2348 libro
1134 2321 1145 2348 Ι
1160 2323 1269 2356 Regum
1295 2329 1359 2357 cap.
1377 2329 1414 2354 IX,
1428 2321 1455 2356 9,
1481 2321 1522 2348 ita
1536 2321 1685 2356 conceptis
1698 2321 1794 2349 verbis
1810 2321 1869 2348 haec

1044 2366 1139 2393 ell‘erri
1165 2374 1181 2393 a
1206 2365 1296 2393 LXX:
1315 2366 1375 2393 Ὅτι
1404 2365 1448 2392 τὸν
1472 2366 1618 2402 προφήτην
1643 2363 1734 2392 ἐκάλει
1764 2365 1779 2391 ὸ
1805 2364 1867 2396 λαὸς

1043 2406 1208 2445 ἔμπροσθεν,
1224 2409 1237 2435 ὁ
1256 2408 1376 2446 βλέπων·
1396 2421 1408 2435 (ι
1425 2409 1567 2442 Quoniam
1588 2409 1761 2446 prophetam
1788 2418 1868 2438 voca-

1043 2454 1093 2482 bat
1108 2453 1234 2489 populns
1259 2457 1355 2488 antea,
1372 2454 1491 2482 Videas.
1510 2465 1523 2478 n
1539 2454 1614 2482 Illud
1640 2454 1740 2490 igitur,
1766 2451 1868 2491 ἔμπρο-

1042 2502 1113 2530 σθεν,
1132 2506 1187 2525 non
1204 2507 1271 2526 cum
1288 2498 1439 2534 participio
1457 2496 1738 2535 ﬁlttnwvjunxerunt
1752 2498 1866 2532 alii,sed

1041 2551 1108 2570 cum
1125 2543 1211 2570 verbo
1227 2542 1329 2576 ἐκάλει,
1345 2542 1428 2579 quasi
1453 2543 1541 2577 dicat,
1562 2543 1633 2570 olim
1656 2543 1700 2570 vel
1725 2545 1811 2571 antea
1826 2543 1866 2571 sic

1041 2589 1175 2614 vocatum
1190 2587 1280 2615 fuisse
1288 2587 1472 2624 prophetam,
1483 2599 1496 2612 α
1509 2587 1690 2620 videntem,»
1701 2596 1759 2615 non
1769 2591 1865 2616 autem

1041 2643 1054 2656 «
1071 2632 1164 2659 Antea
1175 2632 1332 2667 videntem,
1346 2642 1359 2657 ››
1372 2631 1413 2660 vel
1426 2643 1438 2657 ι(
1451 2631 1669 2660 Praavidentcm.
1687 2643 1700 2656 ››
1710 2633 1753 2660 Ita
1763 2632 1864 2660 S.l{ie-

1039 2684 1180 2712 ronymus
1195 2677 1256 2704 sive
1274 2680 1375 2704 auctor
1391 2676 1521 2711 Vulgata:
1539 2675 1659 2703 Latinae.
1683 2687 1696 2701 ι‹
1720 2677 1774 2708 Qui
1790 2677 1866 2704 cnim

1041 2720 1182 2756 propheta
1197 2721 1303 2748 dicitur
1319 2721 1404 2748 hodie
1419 2742 1425 2754 ,
1443 2721 1601 2748 vocabatur
1615 2720 1685 2748 olim
1701 2720 1812 2748 Videns
1830 2730 1835 2748 :
1854 2732 1864 2746 ι

1036 2764 1115 2792 idem
1131 2765 1277 2800 Pagninus
1293 2774 1327 2793 cx
1343 2765 1510 2798 Hebrwo,et
1520 2764 1714 2799 Symmachus
1729 2773 1735 2792 :
1752 2765 1802 2792 Τὸν
1813 2764 1862 2801 γὰρ

1036 2809 1180 2847 προφήτην
1206 2809 1267 2836 τότε
1291 2808 1405 2836 ἐκάλουν
1422 2808 1488 2836 κατὰ
1503 2807 1534 2835 τὸ
1555 2807 1670 2845 ἀρχαῖον
1687 2808 1732 2837 τὸν
1749 2809 1861 2846 ὀρῶν-ια.
