2029 3143
171 206 249 235 1073

765 207 816 236 AD
839 205 1041 237 COMMENT.
1065 206 1104 236 IN
1127 205 1275 237 ISAIAM.

1796 208 1873 237 1071

168 273 242 300 Nam
255 271 418 307 prophetam
438 276 497 300 tum
511 272 642 300 vocabant
658 280 733 300 more
747 272 871 308 antiquo,
891 272 990 300 Viden-
1009 273 1034 306 Α
1051 272 1156 300 Isaiam
1174 273 1364 310 prophetasse
1377 281 1383 300 :
1397 274 1599 301 verumtamen
1615 273 1684 300 huic
1699 273 1872 309 conjectum

169 320 234 343 tem.
251 315 312 343 Vox
328 315 448 344 Hebraea
465 325 523 344 non
540 316 624 344 aliter
639 317 782 353 accipitur
798 317 887 344 Ruth.
904 325 941 351 ιν,
957 317 991 344 7:

168 360 256 388 Τοῦτο
271 359 302 387 τὸ
318 358 457 396 δικαίωμα
482 359 632 398 ἔμπροσθεν
649 359 676 387 ἐν
690 363 729 388 τῶ
741 359 861 397 Ἰσραήλ.
877 362 924 388 Hic
938 369 992 388 au-

169 409 224 434 tem
240 410 300 433 erat
314 414 372 433 mos
384 406 537 441 antiquitus
552 406 580 433 in
595 407 689 434 Israel.

203 459 262 487 Col.
280 459 331 487 135
345 461 364 486 C
378 459 405 486 2.
424 460 453 486 In
468 460 562 492 priore
576 460 650 487 enim
667 460 792 495 Paralip.
812 459 854 487 lla
878 467 992 495 quoque

165 503 293 540 legimus
300 504 377 540 apud
384 504 623 540 Procopium,qui
632 503 989 532 BasiliiUommentarium

165 548 304 584 plurimis
320 549 349 576 in
366 548 438 576 locis
458 551 578 577 secutus
595 552 648 582 est,
666 558 694 585 p.
710 550 746 577 6:
766 549 808 576 'Ev
827 549 874 585 μὲν
890 548 942 585 γὰρ
954 549 988 584 τῇ

167 590 278 630 δευτᾶρᾳ
306 594 362 620 τῶν
388 591 637 629 Ηαραλειπομὲνων
663 592 752 627 Ὀζίας
778 591 892 630 sip-qur
910 592 936 619 ἐν
961 591 989 619 δὲ

163 638 198 674 τῇ
215 635 326 675 δευτέρᾳ
351 639 406 664 τῶν
434 637 581 664 Βασιλειῶν
607 637 741 674 Ἀζαρίας·
768 638 836 665 Nam
857 639 887 665 in
902 638 988 666 altero

163 683 399 719 Paralipomenon
414 682 494 710 Ozias
512 683 688 716 nominatur,
710 687 738 711 et
754 683 784 710 in
798 683 915 711 secundo
934 683 987 710 Be-

160 735 281 762 gnorum
294 728 426 755 Azarias.
442 729 479 754 At
493 727 632 755 memoria
648 727 750 763 lapsus
775 727 890 755 videtur
904 727 987 754 Basi-

161 770 239 798 lius:
257 772 300 799 sic
311 771 390 800 enim
403 771 546 807 scriptum
557 774 602 799 est
617 773 641 800 II
654 771 828 808 Paralipom.
839 780 985 807 cap.xxvx,

162 816 174 842 1
192 824 198 843 :
225 817 347 852 Populus
368 817 440 845 Juda
466 817 558 851 ﬁlium
576 818 634 853 ejus
658 817 756 844 Osiam
780 818 922 845 constituit
937 823 985 844 re-

158 867 225 895 gem
238 869 290 896 pro
306 862 417 889 Amasia
429 866 509 897 patre
522 869 592 893 suo;
607 864 636 889 et
656 861 729 889 alter
744 861 826 889 locus
836 862 872 889 de
882 861 984 889 Azaria

160 912 218 932 non
239 907 284 932 est
308 905 336 932 in
355 906 379 933 II
396 907 573 943 Regnorum,
596 907 647 934 sed
663 906 693 933 in
711 907 758 941 IV,
775 914 838 942 cap.
855 914 912 939 xw,
927 906 980 933 21:

159 959 173 973 (ι
200 948 282 976 Tulit
301 954 396 978 autem
418 951 570 978 universus
596 950 722 986 populus
746 951 828 978 Judas
850 950 982 978 Azariam
1000 959 1022 991 Β

157 1001 252 1021 annos
264 996 365 1021 natum
377 995 565 1027 sexdecim,et
580 995 872 1022 constituerunteum
884 1003 981 1030 regem

157 1045 212 1072 pro
222 1039 305 1074 patre
315 1038 379 1073 ejus
391 1040 516 1066 Amasia.
532 1050 546 1063 ι)
558 1039 639 1071 Quod
653 1041 750 1067 autem
762 1037 982 1075 sequiturmkﬁv

157 1080 202 1108 καὶ
215 1081 316 1119 πατρὸς
331 1081 412 1109 αὖτοῦ
427 1083 471 1110 καὶ
488 1083 603 1120 μητρός,
629 1084 712 1112 aliter
740 1092 857 1111 versum
887 1084 981 1111 fuerat

157 1125 193 1153 ab
210 1126 369 1162 interprete
388 1127 455 1156 licet
478 1128 508 1155 in
533 1127 678 1156 Francisci
704 1130 715 1154 Ι
732 1128 817 1160 libro,
833 1136 891 1164 quo
907 1137 979 1156 usus

155 1172 210 1204 est,
227 1170 342 1207 legatur
357 1172 606 1208 quemadmodum
622 1175 651 1200 et
671 1173 699 1200 in
717 1172 889 1200 Henriciano
905 1175 934 1200 et
948 1173 977 1200 in

153 1214 254 1242 Joeus.
271 1214 315 1242 καὶ
327 1215 427 1252 πατρὸς
441 1217 489 1243 τοῦ
509 1216 590 1243 αὑτοῦ
616 1215 661 1243 καὶ
692 1215 805 1253 μητρός.
832 1218 978 1252 Iuterpres

153 1259 296 1294 ediderat,
311 1261 400 1295 patris
420 1263 512 1288 tamen
531 1261 684 1296 matrisque
705 1262 819 1288 nomina
841 1266 978 1296 comperta

152 1306 228 1331 sunt.
245 1304 337 1332 Mater
351 1307 450 1333 autem
466 1305 529 1340 ejus
545 1306 574 1332 in
600 1305 702 1333 Franc.
727 1305 976 1341 quemadmodum

153 1350 182 1375 et
197 1348 227 1375 in
244 1349 356 1384 Anglic.
374 1348 462 1376 Χαλιά
477 1350 595 1383 dicitur,
623 1350 651 1377 in
679 1350 714 1378 H.
741 1352 768 1377 et
791 1350 813 1377 Ι.
839 1351 977 1379 mendose

154 1392 233 1420 sicut
249 1395 277 1421 et
291 1394 369 1429 apud
383 1394 556 1430 Procopium
573 1394 667 1421 Χαναά
695 1397 723 1422 et
738 1394 824 1428 Χανά,
856 1395 955 1423 Chana
966 1404 975 1422 .'

153 1437 204 1465 sed
222 1437 319 1466 verius
335 1439 412 1474 apud
429 1438 512 1474 LXX,
529 1439 564 1467 IV
580 1439 649 1475 Reg.
666 1448 723 1474 xxv,
753 1438 870 1476 Ἱεχελία
885 1438 909 1475 ἐξ
927 1440 975 1468 Ἱε-

153 1480 277 1517 ρουσαλή
283 1492 313 1518 μ,
329 1483 469 1511 Hiechelia
483 1483 516 1511 de
530 1483 697 1511 Jerusalem.

189 1535 264 1562 Ibid.
280 1535 305 1562 6.
321 1536 435 1571 Tempus
456 1538 551 1564 etiam.
570 1537 628 1564 Hoc
643 1545 760 1572 quoque
776 1537 871 1564 fuerat
885 1538 975 1566 omis-

152 1586 220 1606 sum
237 1579 274 1607 ab
303 1579 473 1616 interprete,
501 1581 549 1615 qui
565 1581 710 1617 jungebat
726 1581 765 1608 ita
780 1582 856 1617 quod
874 1582 976 1617 sequi-

1049 317 1166 345 obsistit
1181 318 1244 353 ipse
1270 318 1426 354 prophetia:
1452 320 1559 352 textus,
1584 317 1613 345 in
1630 326 1687 354 quo
1703 317 1829 354 legimus
1845 327 1870 346 c.

1047 369 1087 392 v1,
1102 362 1117 388 4
1132 370 1139 389 :
1156 362 1296 390 Elevatum
1311 363 1396 398 fuisse
1419 363 1634 398 superliminare
1656 371 1673 389 a
1697 370 1759 390 voce
1787 363 1870 390 Sera-

1046 406 1122 441 phim
1137 406 1321 434 clamantium
1337 407 1460 440 Sanctus,
1481 408 1601 440 sanctus,
1618 407 1868 442 quemadmodum

1046 453 1074 477 et
1097 452 1195 485 Amos,
1221 460 1260 485 ιιι,
1289 452 1314 484 1,
1338 460 1374 479 ex
1402 452 1578 487 apparitione
1602 452 1715 479 Domini
1736 452 1870 487 propheta

1044 496 1210 530 percutienle
1224 496 1453 531 superliminaria
1467 500 1681 524 commoventur.

1081 548 1140 576 Col.
1167 549 1217 576 138
1239 551 1258 576 C
1286 549 1328 576 13.
1356 549 1402 576 Vir
1420 551 1539 576 astutus.
1574 549 1655 584 Apud
1690 547 1868 576 scholiasten

1045 592 1176 620 Graacum
1187 593 1216 620 in
1229 593 1305 621 natis
1314 592 1406 620 Flam.
1418 593 1523 621 Nobilii
1537 592 1664 628 legimus
1675 593 1791 628 quidem
1800 595 1868 620 Pro-

1044 636 1168 664 verbior.
1184 646 1235 670 xu,
1253 637 1299 671 23,
1325 637 1406 673 ’Δνὴρ
1428 639 1590 674 πανοῦργος,
1620 638 1664 665 Vir
1686 637 1813 671 callidus,
1840 639 1869 665 at

1043 681 1072 708 in
1088 681 1152 717 ipso
1168 684 1245 709 textu
1262 681 1399 710 editionis
1414 682 1561 710 Vaticanus
1577 685 1605 710 et
1620 681 1755 714 aliarum,
1779 681 1864 718 ’Λνήρ

1042 724 1157 759 συνετός,
1177 727 1222 754 Vir
1234 727 1391 762 intelligens
1406 727 1519 754 thronus
1533 728 1571 754 est
1597 734 1701 754 sensus.
1727 726 1863 762 Symma-

1041 769 1114 797 chus
1138 771 1234 803 vertit,
1257 769 1372 807 καλύψει
1395 773 1506 807 γνῶσιν,
1532 771 1631 799 celabit
1663 771 1808 799 scientiam
1834 773 1863 798 et

1039 812 1081 840 ita
1097 814 1196 842 Latina
1214 814 1345 851 Vulgata.
1361 816 1536 851 Sequentem
1560 815 1710 851 periodum
1726 815 1861 843 emenda-

1039 857 1144 893 vimus,
1159 859 1189 887 in
1205 868 1263 895 qua
1279 860 1437 896 scripserat
1455 859 1600 896 interpres
1614 868 1620 887 :
1638 870 1652 884 ‹‹
1669 860 1862 892 Quemadmo-

1038 902 1109 930 dum
1125 904 1203 932 enim
1229 913 1260 932 se
1285 905 1372 932 habet
1395 905 1480 932 sedes
1505 913 1620 937 sensus.
1646 905 1695 940 qui
1722 906 1859 932 sensatus

1040 950 1094 981 est,
1112 960 1122 973 υ
1141 951 1169 976 et
1183 949 1263 976 illam
1280 949 1310 976 in
1327 950 1383 977 ﬁne
1399 949 1528 985 paginas:
1551 959 1565 974 α
1582 957 1649 976 cum
1674 949 1764 985 igitur
1785 949 1861 977 inter

1038 995 1196 1029 utrumque
1213 1002 1358 1030 congener
1373 994 1515 1029 quaedam.
1531 1003 1544 1019 ιι

1072 1037 1130 1065 Col.
1149 1039 1196 1066 141
1214 1040 1236 1066 Α
1256 1039 1295 1066 ΙΟ.
1321 1040 1390 1066 Eum
1413 1039 1462 1074 qui
1475 1041 1519 1066 sit.
1537 1038 1640 1066 Latine
1655 1038 1796 1066 convertit
1813 1038 1860 1066 in-

1035 1083 1158 1118 terpres,
1188 1082 1272 1118 quasi
1301 1082 1420 1118 legisset
1448 1083 1478 1110 in
1508 1091 1580 1110 mss.
1610 1081 1655 1109 τὸν
1683 1081 1787 1119 ἐνεργὸν
1807 1081 1856 1115 τήν

1034 1126 1140 1162 ψυχήν·
1161 1130 1190 1154 at
1214 1135 1266 1154 nos
1289 1127 1318 1154 in
1344 1135 1376 1154 eo
1395 1127 1539 1163 scriptum
1565 1127 1755 1162 attendimus,
1782 1127 1857 1154 utin

1034 1171 1145 1198 caeteris
1159 1172 1273 1207 etapud
1291 1172 1476 1207 Procopium,
1491 1171 1522 1198 τὸ
1547 1171 1654 1208 ἐνεργὸν
1676 1174 1726 1205 τῆς
1751 1172 1854 1207 ψυχῆς·

1033 1220 1061 1242 et
1075 1215 1139 1250 ejus
1157 1216 1300 1252 interpres
1315 1216 1417 1248 edidit,
1432 1226 1445 1242 ι
1460 1215 1489 1242 id
1505 1218 1627 1249 est,eam
1639 1215 1729 1243 animi
1742 1218 1854 1251 partem

1031 1269 1093 1296 quas
1119 1260 1217 1289 labore
1239 1264 1267 1289 et
1291 1262 1463 1289 strenuitate
1484 1262 1601 1297 gaudet,
1629 1269 1695 1289 cum
1719 1269 1763 1294 ea,
1789 1270 1854 1297 quae

1031 1305 1230 1340 voluptatibus
1243 1308 1272 1333 et
1293 1306 1455 1340 affectibus,
1479 1306 1625 1341 copulare.
1651 1305 1713 1333 Non
1729 1305 1817 1333 enim.
1837 1316 1851 1330 »

1029 1352 1072 1377 Ita
1090 1350 1175 1385 paulo
1205 1352 1271 1386 post
1294 1350 1467 1378 Tilmannus
1492 1347 1553 1385 ipse
1576 1349 1607 1376 τὸ
1630 1348 1780 1385 φιλόπονον
1802 1352 1852 1384 τῆς

1030 1394 1121 1430 ψυχῆς
1147 1393 1289 1431 ἐπεγείρων
1315 1395 1411 1428 vertit,
1445 1406 1459 1419 «
1484 1395 1642 1422 exsuscitat
1663 1393 1721 1421 vim
1746 1394 1850 1422 anima

1029 1447 1212 1474 generosam,
1228 1447 1261 1466 ac
1276 1439 1410 1466 laborum
1430 1438 1588 1474 patientem
1602 1447 1609 1472 ;
1628 1450 1638 1463 α
1657 1439 1707 1466 sed
1724 1438 1851 1466 alterum

1031 1483 1192 1511 membrum
1210 1492 1266 1511 non
1284 1483 1324 1511 ita
1341 1483 1461 1511 feliciter
1485 1483 1631 1518 exprimit,
1660 1482 1705 1509 καὶ
1726 1482 1757 1509 τὸ
1773 1480 1854 1520 φιλή-

1030 1525 1108 1554 δονον
1137 1527 1221 1562 αὐτῆς
1249 1527 1411 1564 θιραπεύων·
1440 1536 1507 1555 nam
1536 1527 1584 1555 hic
1612 1526 1766 1563 θεραπεύειν
1794 1537 1852 1556 non

1029 1574 1075 1600 est
1087 1584 1100 1597 (ι
1117 1572 1222 1605 colere,
1239 1584 1252 1597 ››
1269 1573 1319 1600 sed
1336 1584 1349 1597 «
1367 1572 1488 1604 mederi.
1504 1572 1607 1599 sedare
1624 1583 1637 1596 ››
1652 1572 1697 1599 vel
1722 1583 1737 1598 «
1761 1572 1851 1600 refre-

151 1625 221 1650 tur:
238 1611 416 1660 Prophetaoit
435 1633 498 1652 vero
513 1625 599 1653 Isaias
613 1611 689 1653 a‘nno
701 1611 876 1661 regni-Ozias
889 1611 973 1662 quin-
989 1640 1011 1674 ϐ
1032 1625 1110 1652 συθ,
1128 1617 1256 1674 “fil-Egilia
1280 1625 1347 1645 Cum
1364 1617 1501 1674 ιῧυςίῗξῖο
1522 1616 1774 1674 ίῖῑῗῗρῖθῗθδθῗίεν
1793 1628 1804 1640 '
1817 1611 1852 1644 ἐι

150 1670 310 1703 quapesimo
325 1669 535 1705 secundo.Legit
552 1669 702 1704 nimirum,
720 1672 750 1697 ut
766 1679 823 1706 prae
836 1679 866 1698 se
878 1661 973 1699 ferunt

1031 1669 1094 1689 eam
1111 1661 1236 1696 cohibet,
1249 1670 1313 1698 quas
1327 1661 1526 1697 voluptatibus
1543 1661 1714 1688 delectatur.

148 1713 173 1739 A
201 1712 241 1745 Ε,
266 1714 448 1749 Πιντηχοστῷ
476 1711 594 1750 δευτέρῳ
622 1711 674 1741 ἔτει
705 1713 748 1740 ἐπὶ
777 1713 868 1748 Ὀζίου
906 1725 973 1752 προ-

149 1756 306 1793 εφήτευσιν.
337 1760 373 1785 At
396 1758 426 1785 in
452 1759 484 1786 H.
512 1761 540 1786 et
563 1761 576 1786 Ι
604 1759 771 1793 πεντήκοντα
791 1757 838 1786 δύο
862 1759 913 1797 γὰρ
925 1759 971 1795 ἔτη

149 1798 192 1827 ἐπὶ
210 1800 303 1835 Ὀζίου
327 1803 541 1840 προεφήτευσαν
557 1806 586 1831 et
608 1803 669 1831 haec
683 1803 768 1832 lectio
780 1805 880 1832 sanior
896 1814 973 1833 nunc

146 1845 274 1879 videtur,
282 1848 371 1882 atque
383 1847 422 1875 ita
431 1848 652 1876 rescribendum
664 1851 692 1876 et
703 1849 916 1885 interpungend
922 1858 970 1877 um

148 1891 216 1917 est:
247 1889 297 1917 Καὶ
324 1890 423 1928 χρόνος
452 1891 592 1929 βασιλείας
621 1892 634 1918 ὁ
661 1892 764 1926 αὐτὸς,
805 1894 972 1928 πεντήκοντα

149 1931 198 1960 δύο
229 1931 287 1969 ἔτη.
324 1935 384 1963 Ἐπὶ
419 1936 512 1970 Ὀζίου
550 1934 579 1963 δὲ
612 1937 814 1973 προεφήτευσαν
848 1937 970 1969 Ἡσαΐας·

149 1979 264 2015 'Iempus
290 1981 376 2008 etiam
403 1982 483 2017 regni
505 1985 547 2009 est
574 1981 656 2016 idem,
681 1983 750 2009 onni
763 1983 972 2017 quinquaginta

146 2023 212 2052 duo.
242 2024 447 2060 Prophetarum
474 2027 570 2053 autem
597 2026 649 2053 sub
663 2027 731 2055 Otia
746 2026 844 2053 Isaias.
861 2027 969 2054 Suffra-

145 2070 254 2103 gantur
268 2068 337 2096 huic
351 2070 549 2098 emendatieni
564 2079 630 2097 cum
643 2070 706 2105 ipse
726 2070 858 2106 Procopii
884 2072 968 2099 Com-

145 2112 309 2141 mentarius
324 2122 358 2141 ex
374 2113 481 2142 Basilio
496 2117 660 2150 excerptas,
676 2117 737 2142 tum
752 2115 869 2142 Eusebii
885 2116 968 2143 Chro-

145 2157 241 2184 nicum
265 2159 341 2193 quod
365 2158 482 2186 initium
510 2159 668 2194 prophetiae
698 2158 794 2193 Isaize,
824 2159 911 2194 Osee,
940 2162 969 2187 et

144 2203 235 2228 Amos
250 2202 360 2230 confert
376 2211 433 2231 non
449 2203 479 2230 in
495 2211 605 2231 annum
622 2203 899 2239 quinquagesimum
921 2212 966 2232 se-

143 2245 274 2273 cundum
303 2247 376 2274 Oziaa
401 2248 487 2283 regis,
512 2247 563 2275 sed
586 2248 615 2275 in
641 2247 788 2275 decimum
804 2248 965 2283 septimum

143 2289 221 2318 circa
245 2299 356 2319 annum
380 2292 416 2320 ab
443 2292 590 2320 Abraham
616 2301 702 2320 mccx.
720 2292 783 2320 Hoc
798 2292 888 2328 igitur
904 2292 965 2320 vult

143 2334 271 2362 Basilius
299 2343 333 2363 ex
354 2344 388 2364 eo
415 2339 548 2365 constare
574 2337 710 2365 eumdem
736 2345 800 2365 esse
825 2336 922 2364 Oziam
937 2339 965 2365 et

140 2378 287 2412 Azariam,
303 2381 381 2416 quod
397 2381 470 2408 Ozias
483 2383 512 2408 et
526 2381 636 2409 Azariaa
652 2382 728 2410 idem
741 2384 857 2418 tempus
881 2382 963 2417 regni

140 2423 300 2459 tribuatur,
316 2425 457 2453 nimirum
470 2426 539 2453 anni
556 2426 772 2462 quinquaginta
788 2427 856 2454 duo.
880 2426 961 2458 Quod

139 2475 208 2495 vero
224 2469 369 2504 sequitur,
384 2469 437 2498 Sed
451 2471 518 2507 quia
531 2471 704 2506 principium
719 2470 760 2498 ita
774 2471 883 2499 clarius
898 2479 961 2499 ver-

138 2511 175 2539 tit
189 2512 382 2542 doctissimus
397 2514 528 2550 Procopii
541 2515 685 2551 interpres
703 2515 863 2549 Curterius,
880 2529 893 2541 u
906 2517 960 2543 An-

137 2564 197 2583 non
213 2564 280 2584 vero
296 2558 375 2594 quia,
392 2558 571 2595 Principium
596 2558 675 2587 verbi
694 2559 810 2587 Domini
825 2560 861 2587 ad
877 2560 959 2594 Osee,

136 2599 167 2627 in
183 2602 254 2628 Osee
269 2601 524 2639 legimus,primus
533 2605 561 2631 et
574 2603 638 2639 ipse
652 2602 802 2631 vaticinari
818 2603 928 2639 coepit?
944 2615 958 2628 ››

135 2643 212 2671 Illud
244 2647 353 2680 tamen,
383 2647 436 2684 πρὸ
458 2647 507 2683 τῆς
531 2647 649 2683 ὁράσεως
673 2649 721 2674 τοῦ
744 2646 865 2681 Ἡσαΐου,
891 2647 916 2674 ἐν
941 2647 958 2684 ᾖ

135 2697 228 2725 φησιν,
246 2698 303 2717 non
317 2693 362 2718 est
385 2691 649 2728 interpretandum,
678 2703 688 2717 ι
716 2695 782 2720 ante
804 2693 956 2726 visionem,

134 2741 192 2768 qua
207 2733 351 2763 elevatum
366 2736 592 2773 superliminare
607 2737 688 2772 dicit,
704 2747 716 2763 ιο
735 2738 797 2773 sed,
814 2749 828 2762 «
845 2737 874 2765 in
899 2746 957 2773 qua

135 2777 207 2805 dicit
221 2778 368 2808 elevatum
384 2789 460 2816 esse,
477 2793 491 2806 »
507 2790 564 2809 non
580 2790 597 2809 a
610 2781 731 2816 visione,
745 2783 796 2810 sed
813 2785 846 2810 ut
860 2782 956 2818 suspi-

134 2823 219 2850 cetur
230 2823 356 2853 Basilius
363 2833 381 2853 a
390 2827 473 2854 terrae
481 2827 609 2859 motu,ut
620 2826 686 2853 inde
694 2826 874 2862 colligaturA
881 2835 954 2861 mos,

135 2865 185 2902 qui
195 2866 383 2903 prophetavit
397 2871 465 2898 ante
480 2869 553 2898 duos
564 2877 656 2898 annos
670 2871 754 2898 terrae
766 2873 873 2906 motus,
889 2872 956 2898 ante

1062 1714 1120 1742 Col.
1136 1715 1188 1742 442
1202 1715 1225 1743 D
1243 1716 1266 1742 1.
1282 1715 1359 1742 Nunc
1373 1717 1473 1743 autem.
1490 1717 1552 1742 Non
1569 1715 1599 1742 in
1621 1714 1766 1751 prophetae
1789 1722 1849 1742 ser-

1028 1767 1124 1793 mone,
1141 1760 1191 1787 sed
1206 1759 1236 1787 in
1252 1759 1352 1795 populi
1370 1759 1482 1787 malitia
1495 1760 1620 1794 gradum
1645 1759 1804 1794 quemdam
1819 1761 1848 1786 et

1027 1811 1215 1839 progressum
1227 1805 1335 1832 factum
1345 1812 1409 1832 esse
1420 1806 1503 1832 notat
1514 1803 1640 1831 Basilius
1652 1811 1659 1830 :
1676 1803 1783 1831 idcirco
1800 1811 1847 1830 ex-

1027 1848 1186 1883 punximus
1206 1848 1257 1876 illa
1278 1849 1367 1876 verba
1390 1848 1578 1883 interpretis:
1603 1859 1616 1873 «
1640 1847 1723 1874 Nunc
1748 1850 1847 1875 autem

1026 1901 1147 1920 exorsus
1163 1896 1207 1921 est
1221 1894 1258 1921 ab
1273 1901 1318 1925 eo,
1341 1893 1420 1928 quod
1444 1901 1515 1928 gens
1540 1892 1606 1928 ipsa
1627 1892 1772 1928 peccatrix
1797 1892 1849 1926 sit,

1025 1937 1197 1972 gravitatem
1213 1945 1390 1973 exaggerans
1416 1937 1479 1973 ipso
1501 1945 1658 1973 progressu
1685 1937 1845 1965 sententias.

1025 1982 1132 2009 Plenus
1147 1982 1225 2009 enim
1243 1982 1368 2018 peccatis
1378 1982 1511 2009 redditur
1520 1981 1657 2017 populus.
1674 1984 1708 2009 Et
1723 1981 1798 2017 quod
1811 1982 1846 2009 ab

1024 2034 1057 2053 eo
1074 2026 1192 2061 profluit
1213 2034 1325 2058 semen,
1351 2025 1404 2052 lilii
1428 2025 1598 2053 efficiuntur
1613 2025 1719 2060 iniqui.
1733 2036 1747 2050 »
1763 2026 1846 2053 Idem

1024 2069 1114 2097 habes
1138 2071 1215 2106 apud
1241 2069 1412 2105 Procopium
1435 2078 1463 2105 p.
1487 2070 1531 2104 41,
1557 2069 1606 2097 ubi
1630 2070 1693 2097 sine
1707 2070 1796 2097 dubio
1812 2077 1847 2097 ex

1023 2114 1129 2142 Basilio
1145 2108 1372 2148 emendandum,
1389 2112 1432 2140 ἐπὶ
1447 2113 1479 2140 τό
1503 2113 1626 2150 γενέσθαι
1651 2113 1705 2140 υἱοὶ
1733 2112 1843 2149 ἄνομοι,

1022 2167 1073 2195 pro
1084 2159 1128 2185 καὶ
1143 2158 1174 2185 τὸ
1189 2158 1318 2196 γενέσθαι.

1057 2203 1115 2231 Col.
1144 2204 1195 2231 143
1222 2204 1244 2231 D
1267 2204 1291 2230 1.
1324 2203 1398 2231 Velut
1421 2204 1563 2238 interpret.
1594 2202 1757 2238 Ἐρμηνείαν
1786 2202 1841 2231 hoc

1020 2247 1083 2276 loco
1098 2248 1229 2284 intelligo
1240 2257 1298 2276 non
1314 2248 1533 2276 conversionem
1545 2256 1579 2275 ex
1592 2247 1796 2275 unoidiomate
1811 2247 1840 2275 in

1019 2292 1111 2327 aliud,
1127 2294 1176 2321 sed
1193 2305 1206 2319 «
1221 2293 1468 2330 explanationem,
1486 2304 1499 2318 ι)
1515 2293 1598 2329 quasi
1612 2293 1690 2320 dicat
1704 2293 1840 2321 additum

981 2323 1002 2356 Β
1018 2345 1082 2365 esse
1097 2339 1134 2365 ab
1148 2323 1272 2373 Origene
1286 2338 1329 2365 vel
1345 2347 1361 2366 a
1377 2338 1502 2366 Luciano
1525 2340 1667 2373 tanquam
1683 2337 1840 2373 expositio-

1018 2390 1084 2409 nem
1100 2382 1180 2410 verbi
1205 2380 1406 2419 ἐγκαταλιπεῖν,
1430 2391 1486 2417 quo
1511 2382 1557 2409 usi
1580 2384 1648 2410 sunt
1675 2381 1752 2416 LXX,
1782 2382 1838 2411 nisi

1017 2427 1090 2455 forte
1107 2426 1252 2462 intelligas
1267 2426 1495 2454 Theodotionem
1520 2426 1616 2454 Graiae
1632 2426 1672 2454 sic
1698 2426 1838 2453 extulisse

1015 2472 1136 2499 verbum
1149 2471 1309 2504 Hebraeum,
1327 2471 1404 2506 quod
1426 2471 1498 2498 LXX
1515 2473 1665 2499 verterunt
1692 2468 1836 2507 ἐγκαταλι-

1014 2518 1086 2542 πεῖν.
1103 2515 1174 2543 Nam
1191 2515 1300 2551 alioqui
1316 2516 1432 2543 fuerant
1440 2515 1476 2543 ab
1487 2515 1611 2551 Origene
1621 2515 1676 2543 sub
1687 2514 1836 2542 asteriscis

1014 2567 1048 2588 ex
1063 2559 1270 2588 Theodotionis
1284 2560 1521 2595 interpretatione
1539 2559 1636 2587 addita
1656 2559 1747 2586 textui
1764 2559 1834 2594 Sep-

1013 2604 1157 2640 tuaginta,
1183 2613 1246 2640 quin
1263 2605 1298 2632 ab
1324 2605 1381 2632 illis
1395 2613 1428 2631 ex
1444 2604 1561 2632 Hebraeo
1578 2612 1634 2630 non
1656 2604 1771 2631 inerant
1786 2612 1834 2631 ex-

1012 2651 1161 2685 pressa,ut
1176 2649 1277 2676 scribit
1291 2649 1482 2684 Hieronymus
1501 2648 1587 2684 epist.
1603 2648 1647 2682 89,
1666 2650 1695 2675 et
1709 2648 1834 2684 Epipha-

1012 2693 1079 2721 nius
1093 2693 1144 2720 lib.
1160 2694 1196 2721 De
1224 2694 1390 2729 ponderibus
1413 2695 1438 2720 et
1464 2693 1610 2720 mensuris.
1641 2692 1720 2720 Idem
1745 2701 1830 2728 porro

1012 2737 1205 2773 Hieronymus
1234 2737 1264 2764 in
1289 2737 1500 2765 commentario
1530 2737 1558 2763 in
1579 2737 1680 2764 [satam
1707 2739 1833 2765 testatur

1010 2781 1066 2810 hoc
1091 2782 1276 2815 membrum,
1300 2781 1454 2809 abalienati
1483 2784 1546 2808 sunt
1570 2785 1732 2815 retrorsum,
1759 2782 1832 2809 LXX

1010 2825 1156 2861 interpres
1180 2834 1237 2853 non
1266 2825 1383 2853 habere.
1408 2824 1536 2854 Basilius
1560 2833 1595 2853 ex
1618 2825 1829 2854 Theodotionis

1009 2869 1136 2898 editione
1164 2869 1296 2898 additum
1330 2876 1395 2898 esse
1425 2869 1498 2904 vult,
1533 2873 1561 2898 at
1584 2864 1685 2906 ’apud
1727 2873 1828 2900 Proco-
