2029 3143
192 207 270 239 1075

792 209 908 240 NOTAE
929 209 1111 240 FRONTON
1118 209 1150 240 lS
1172 209 1302 240 DUCJEI

1821 211 1899 241 £076

190 272 271 308 pium
287 272 316 300 in
330 272 462 308 margine
476 274 572 300 textus
589 272 665 300 LXX
681 272 757 300 idem
773 272 885 308 Aquilae
910 273 1014 301 tribui-

1077 273 1149 309 ἱχνος
1166 271 1220 300 εστὶ
1237 271 1347 308 πληγῆς
1362 271 1493 311 ὕφαιμον,
1518 272 1533 299 ὅ
1552 272 1599 303 τὰς
1620 272 1755 304 ὑπούλους
1781 271 1899 309 καρδίας

190 318 257 345 tur:
275 325 365 353 quam
381 317 417 345 ob
433 325 553 345 causam
566 317 729 346 Flaminius
742 317 876 346 Nobilius
893 318 920 345 in
934 320 1015 346 nota-

191 361 322 390 tionibus
337 363 367 389 in
383 362 484 389 Isaiam
500 361 670 398 Procopium
685 361 756 389 dicit
772 361 826 389 hoc
841 361 952 398 Aquila:
965 362 1015 389 tri-

191 406 292 441 buere,
322 406 457 442 quamvis
489 415 587 434 revera
627 407 755 442 Procopii
787 407 1016 434 commentarius

191 452 358 479 membrum
376 450 448 478 illud
467 459 522 478 non
540 453 697 487 uguowat:
715 451 764 479 sed
782 451 1015 479 animadverten~

189 496 260 523 dum
277 498 322 524 est
337 496 365 524 in
383 504 416 524 eo
431 496 642 523 commentario
660 498 769 523 textum
793 504 827 523 ex
843 495 899 523 alio
915 503 1015 532 perve-

189 542 270 568 tuato
281 540 380 568 codice
391 540 594 576 manuscripto
606 540 709 568 Renuti
722 540 927 577 Marchali,qui
940 549 1015 567 nunc

186 587 232 613 est
242 584 433 613 illustrissimi
448 585 607 613 cardinalis
618 584 827 621 Rupil'ucaldii,
837 585 1012 620 exscriptum

186 629 278 658 fuisse
295 631 323 657 et
349 629 480 666 Procopii
503 629 713 658 commentario
736 630 898 665 praefixum.
925 629 1015 658 Paulo

185 675 252 710 post
276 673 501 702 immutavimus
524 673 574 702 illa
595 674 780 710 interpretis:
799 686 812 699 (ι
828 674 922 702 Tanta
935 675 1014 710 passi

185 717 258 746 estis
274 718 395 754 frustra,
412 719 497 746 bonis
513 727 589 754 op.v.
603 719 649 746 ad.
669 719 807 755 n.r.quod
819 727 882 754 quae
894 719 1013 747 tandem

185 763 283 790 futura
293 766 376 791 erant
389 763 559 799 neglexistis
570 763 743 799 praevidere:
760 774 770 788 ο
792 763 938 799 siquidem
950 762 1013 799 nipt-

186 806 247 834 λεια
261 806 288 834 ἐν
302 810 360 838 τοῖς
376 807 486 845 ὕστερον
502 811 588 836 sonat
612 820 625 833 «
654 808 862 844 negligentiam
882 808 912 836 in
928 809 1014 836 annis

186 852 436 888 consequentibus
452 852 624 880 exhibitam.
643 863 655 878 ι

222 905 284 934 Col.
307 906 359 932 HG
377 906 396 933 D
413 907 439 933 4.
454 907 575 941 Accipite
598 906 683 934 enim.
708 908 867 934 Commune
883 906 937 934 hoc
951 914 1012 934 om-

1071 315 1164 352 δηλοῖ.
1196 318 1278 345 Liuor
1300 320 1393 346 autem
1408 322 1448 345 est
1461 317 1558 354 plagw
1570 320 1719 352 vestigium
1738 319 1895 347 subcruen-

1071 367 1141 395 tum,
1158 362 1232 389 unde
1247 362 1359 390 subdola
1375 365 1401 390 et
1416 363 1532 396 fallacia
1547 363 1631 390 corda
1646 364 1814 390 innuuntur.

1107 416 1221 443 (501.149
1235 418 1258 442 Α
1279 416 1500 451 Μονίπιιηᾳυσ
1515 416 1714 448 enim.Qusein
1729 416 1782 443 hac
1793 417 1896 452 pagina

1071 463 1200 487 correcta
1214 463 1294 493 sunt,
1311 469 1345 488 ea
1361 460 1461 496 paucis
1478 460 1686 492 indicabimus,
1708 469 1803 496 neque
1818 463 1895 488 enim

1071 504 1200 531 omnium
1207 505 1348 532 rationem
1358 505 1478 532 reddere
1485 512 1603 532 necesse
1610 505 1724 538 cst,uisi
1732 505 1828 532 sicubi
1835 514 1897 533 sese

1070 549 1172 576 atl‘erat
1178 549 1293 576 occasio
1299 548 1412 576 similes
1419 550 1537 576 Patrum
1546 548 1708 577 sententias
1718 549 1896 577 illustrandi.

1071 593 1208 621 Poteruut
1223 594 1273 629 qui
1290 594 1449 621 sditionem
1472 594 1558 621 istam
1575 602 1642 621 cum
1660 595 1896 630 precedentibus

1070 638 1257 672 contulerint,
1274 638 1391 674 singula
1405 647 1468 674 qua:
1484 641 1554 666 sunt
1569 639 1726 666 emendata
1742 647 1897 675 cognosce-

1070 691 1110 710 re.
1124 682 1176 710 Hic
1189 691 1255 718 ergo
1269 682 1341 710 illud
1359 681 1557 719 ἁμαρτάνουσιν
1572 684 1606 710 ad
1623 684 1740 711 Judeos
1757 683 1897 711 retulerat

1069 728 1224 763 interpres,
1241 739 1254 752 ‹‹
1273 727 1351 755 mala
1363 727 1407 754 illi
1423 728 1530 763 populo
1546 728 1678 764 peccanti
1690 728 1803 756 intenta
1813 731 1895 761 sunt,

1068 770 1183 798 licuerit
1197 773 1225 798 ct
1241 771 1270 798 in
1288 772 1372 798 nobis
1389 772 1460 806 ipsis
1474 772 1645 807 perspicere.
1667 783 1681 796 »
1693 772 1807 800 Rursus
1820 772 1896 800 infra

1069 816 1227 851 scripserat
1243 828 1255 840 ‹‹
1274 815 1425 843 aedificatio
1442 825 1544 850 nosqra
1557 816 1580 843 si
1598 825 1615 844 θ.
1638 817 1771 844 doctrina
1786 825 1894 852 pepen-

1067 860 1154 894 derit,
1170 859 1254 888 nobis
1270 860 1369 888 minus
1383 861 1589 888 convenienter
1618 861 1708 888 vitam
1733 861 1811 888 hanc
1835 861 1894 889 exi-

1067 904 1215 940 gentibus.
1234 916 1248 930 n

187 949 871 992 nibusBasiliimanuscriptiscumGallicistum
883 950 1012 986 Anglicis
1028 961 1051 992 B
1104 949 1163 977 Col.
1188 950 1234 977 rl5l
1260 949 1281 976 B
1307 949 1331 976 1.
1354 949 1407 984 Qui
1428 950 1458 977 in
1490 957 1604 978 arcano.
1637 947 1806 976 Ὑποχλαίειν
1839 950 1892 978 hoc

185 997 230 1022 est
249 995 402 1027 mendum,
421 991 523 1021 Λάϐετε
547 994 597 1031 γὰρ
614 993 753 1032 ἀπαρχήν,
770 995 847 1031 quod
867 996 1011 1030 interpres

185 1041 262 1066 recte
277 1039 555 1075 expressit,Accipitc
568 1040 710 1075 primitias
721 1050 730 1067 .-
747 1040 824 1076 apud
836 1040 932 1067 solum
946 1040 1012 1067 Pro-

185 1082 314 1119 copium,
332 1091 360 1119 p.
379 1084 421 1117 13,
434 1083 541 1120 legitur
555 1081 658 1111 Λάϐετι
670 1083 771 1121 ἀρχήν,
788 1093 840 1112 nec
856 1085 909 1112 l‘uit
924 1093 1012 1112 causa

185 1136 239 1156 cur
254 1127 333 1156 illius
350 1127 494 1164 interpres
510 1129 630 1156 adderet
652 1129 743 1157 textui
759 1128 822 1163 ἀπό,
844 1137 910 1156 cum
927 1129 1013 1164 plane

187 1172 265 1200 absit
288 1181 306 1199 ο.
324 1172 480 1208 Scripturae
501 1175 580 1200 textu
595 1173 714 1202 Numer.
734 1182 753 1206 1,
771 1175 797 1207 2,
823 1174 872 1201 ubi
888 1173 1014 1209 Vulgata

189 1216 302 1251 Latina,
329 1216 427 1244 Tollite
461 1225 597 1245 summam
630 1226 765 1245 universa
793 1219 1014 1253 congregationis

190 1261 315 1289 Sanctus
329 1261 502 1289 Ambrosius
516 1270 531 1289 e
547 1262 644 1290 Graeco
660 1265 775 1290 vertens
791 1262 875 1290 initio
891 1262 957 1289 libri
975 1265 1015 1289 De

191 1314 248 1333 XLII
264 1306 456 1334 mansionibus
471 1307 513 1333 sic
528 1307 752 1342 interpretatur:
769 1308 865 1342 Accipe
879 1315 1014 1334 summam

194 1351 334 1379 universe
347 1352 567 1386 congregationis
591 1351 719 1385 filiorum
743 1351 832 1378 Israel
853 1359 903 1386 per
925 1351 1016 1379 domos

194 1395 378 1429 familiarum.
397 1397 457 1423 Vox
472 1396 593 1422 Hebraea
608 1404 666 1423 non
693 1395 809 1423 initium
833 1398 960 1427 tantum.
986 1398 1018 1423 ut

195 1439 280 1467 vertit
303 1440 494 1468 doctissimus
518 1440 650 1476 ProcOpii
674 1439 829 1480 interpres,
855 1441 906 1468 sed
928 1441 1017 1468 etiam

196 1492 347 1512 summam
363 1487 392 1512 et
407 1487 496 1520 caput
509 1486 639 1518 sonat,ut
651 1484 722 1512 vidit
733 1485 906 1512 Ambrosius
920 1493 1018 1513 vocem

194 1527 284 1564 ἀρχήν
301 1528 348 1556 hic
364 1536 397 1556 ex
414 1528 586 1556 Hebraismo
601 1529 779 1564 signiﬁcare,
794 1529 842 1556 oui
858 1530 955 1565 potius
969 1538 1016 1557 as-

195 1572 395 1608 sentiendum,
412 1581 498 1608 quam
516 1573 688 1609 Augustino,
705 1574 754 1609 qui
772 1575 801 1601 in
821 1573 1019 1602 locutionibus

198 1616 349 1645 Hebraicis
373 1616 462 1654 ἀρχήν
488 1625 593 1645 sonare
614 1620 696 1654 putat
709 1618 799 1646 robur
813 1619 907 1646 mtutis
923 1618 952 1645 in
967 1627 1016 1653 po-

196 1660 277 1696 pulo.
294 1661 341 1688 Sic
356 1664 385 1689 et
400 1662 520 1690 Numer.
537 1670 557 1694 1,
574 1662 617 1695 49,
632 1663 755 1690 vertitur
769 1662 870 1690 eadem
887 1671 940 1690 vox
965 1662 1020 1698 ἀριι

198 1703 279 1739 Ομὸς,
310 1704 361 1733 Καὶ
385 1705 430 1732 τὸν
458 1705 573 1742 ἀριθμὸν
599 1705 686 1732 αὐτῶν
712 1705 743 1733 οὐ
769 1705 856 1743 λήψῃ,
881 1707 912 1734 El
926 1715 1023 1734 nume-

199 1757 263 1776 rum
291 1757 386 1777 eorum
408 1759 464 1777 non
487 1759 597 1778 sumes:
618 1753 645 1778 et
670 1751 756 1778 Exodi
781 1759 844 1786 xxx,
863 1751 905 1783 12,
923 1749 1023 1777 συλλο-

199 1793 322 1830 γισμός’
354 1794 414 1822 Ἐὰν
448 1792 536 1832 λάϐῃς
568 1795 614 1822 τὸν
652 1793 839 1832 συλλογισμὸν
870 1797 924 1822 τῶν
957 1796 1022 1822 υἱῶν

203 1837 324 1875 Ἰσραήλ,
351 1839 383 1868 Si
396 1841 535 1876 acceperis
549 1841 779 1876 computationem
793 1841 914 1876 ﬁliorum
927 1841 1023 1868 Israel.

202 1883 261 1910 Hoc
275 1883 366 1919 igitur
386 1886 494 1920 prol‘ert
511 1885 634 1913 Basilius
649 1888 680 1912 ut
697 1886 798 1921 probet
822 1885 889 1912 κατὰ
902 1884 1022 1923 κεφαλήν

200 1927 280 1955 idem
299 1927 394 1956 valere
418 1930 506 1965 quod,
534 1930 568 1957 ad
598 1938 688 1957 unum
715 1938 836 1963 omnes;
862 1930 1024 1958 delevimus

201 1971 280 1999 enim
298 1972 327 1999 in
345 1973 518 2008 precedenti
536 1973 664 2009 periodo,
681 1986 695 1998 α
717 1975 834 2002 nomine
848 1974 963 2010 capitis.
988 1976 1024 2003 Ac

200 2015 226 2043 si
242 2015 454 2053 diceretipsam
465 2017 609 2046 diutinam
622 2018 907 2046 immemorationem
917 2019 1025 2046 contir-

202 2060 273 2088 mati
290 2061 410 2090 doloris.
429 2073 443 2087 »
459 2062 576 2090 Putavit
589 2071 620 2091 se
635 2062 742 2098 legisse
759 2062 856 2098 μόνην,
874 2065 906 2090 ut
923 2063 1024 2091 eratin

201 2104 343 2141 Anglicis,
368 2115 436 2141 non,
460 2109 493 2135 ut
508 2107 565 2135 duo
579 2107 660 2143 Regii
676 2110 705 2135 et
719 2107 925 2135 Cardmalitius
952 2116 1025 2143 pra-

201 2149 343 2185 ferebant,
365 2150 427 2189 περί
452 2151 537 2185 αὐτὴν
562 2151 656 2188 μόνην,
683 2152 809 2188 «ipsum
827 2152 922 2180 solum
938 2155 1026 2188 caput

201 2194 331 2223 dolorem
346 2195 526 2224 incumbere.
545 2207 559 2221 η

242 2248 358 2277 (ὶοΜΙιἹ
373 2249 393 2277 C
408 2249 525 2277 3.Corda
539 2250 755 2278 sunt.Ediderat
770 2250 942 2285 interpres,«
952 2250 1026 2277 vibi-

203 2305 250 2324 ces
266 2297 364 2323 autem
390 2294 479 2322 corda
502 2297 582 2329 sunt,
599 2302 662 2329 quis
680 2293 746 2321 licet
761 2294 937 2322 obduxerint
950 2294 1025 2322 cica-

202 2339 423 2374 tricem,subter
430 2341 525 2366 tamen
533 2338 703 2374 purulentis
709 2341 737 2366 et
744 2338 825 2366 sanie
833 2338 1026 2366 redundant.»

205 2384 268 2412 Non
293 2383 406 2411 viderat
429 2382 581 2416 nimirum,
603 2383 656 2410 etsi
679 2381 785 2409 ὕπουλα
809 2380 877 2417 ἵλκη
892 2382 1028 2410 dicantur

203 2427 321 2464 proprie
341 2426 448 2461 ulcera,
475 2435 538 2462 quis
563 2427 727 2455 cicatriccm
751 2427 948 2462 obduxerunt,
976 2427 1026 2455 sed

203 2472 362 2510 purulenta
389 2473 459 2499 sunt
482 2471 598 2504 subtus,
624 2474 721 2499 tamen
748 2471 944 2507 metaphorice
971 2471 1027 2499 dici

204 2517 322 2554 quidvis
337 2514 458 2543 ὕπουλον
476 2515 530 2544 sub
548 2524 606 2552 quo
621 2516 722 2543 vitium
740 2515 859 2551 aliquod
875 2515 955 2550 latet,
968 2516 1028 2544 sive

204 2561 363 2590 subdolum
379 2563 408 2589 et
421 2560 546 2588 inﬁdum
558 2560 684 2596 quidvis,
697 2562 729 2588 ut
744 2561 821 2596 apud
836 2559 1028 2588 Plutarchum

205 2608 242 2635 De
263 2608 376 2642 fortuna
398 2605 538 2633 Atrxand.
570 2606 668 2642 Φυγῶν
688 2603 820 2638 ἐνέπλησε
844 2604 886 2631 καὶ
910 2604 1027 2630 στάσεων

207 2650 334 2678 ὑπούλων
343 2651 392 2685 τήν
413 2649 576 2687 ἡγεμοοίαψ
598 2649 710 2677 Exsitiis
724 2657 756 2676 ac
771 2649 916 2676 discordiis
931 2649 1029 2684 inﬁdis

204 2696 354 2730 imperium
369 2695 493 2731 replevit.
507 2694 742 2730 Chrysostomus,
757 2692 809 2721 lib.
826 2702 835 2720 Ι
852 2694 886 2721 De
900 2701 1028 2729 compun-

203 2741 293 2768 ctione
320 2739 418 2774 cordis,
450 2748 478 2775 p.
513 2739 581 2766 117:
617 2737 666 2765 Καὶ
702 2736 829 2768 ὑπούλως
863 2735 1027 2774 διακείμενοι

203 2786 262 2814 τοῖς
292 2783 494 2820 θυσιαστηρίοις
517 2783 668 2821 πρόσιμεν
694 2787 718 2811 ει
749 2782 825 2811 dolos
859 2787 968 2811 tantum
997 2783 1028 2811 in

203 2828 283 2857 corde
305 2830 446 2859 versantes
468 2829 623 2856 accedimus
646 2828 681 2856 ad
695 2828 793 2856 altare.
811 2828 889 2855 Vidit
905 2827 958 2855 hoc
980 2827 1028 2855 in-

203 2875 316 2909 terpres
333 2873 536 2901 commentarii
552 2872 695 2908 Procopii,
711 2881 740 2909 p.
756 2872 791 2901 l3
802 2881 812 2902 :
826 2872 857 2900 Ὁ
873 2869 902 2899 δὲ
920 2870 1028 2910 μώλωψ

1066 994 1128 1022 loco
1146 1002 1264 1022 necesse
1290 1003 1347 1022 non
1372 994 1428 1022 fuit
1454 994 1552 1022 addito
1575 993 1703 1030 epitheto
1716 995 1890 1029 exprimere,

1066 1039 1095 1066 iu
1110 1046 1210 1066 arcano
1224 1047 1329 1066 secessu
1352 1038 1452 1074 deﬂere
1469 1048 1476 1073 ;
1501 1039 1551 1066 sed
1569 1047 1620 1074 pro
1635 1038 1762 1074 simplici
1787 1037 1892 1065 κλαίειν

1067 1084 1164 1120 aptius
1181 1091 1294 1116 sumas,
1311 1084 1473 1119 praesertim
1494 1091 1562 1111 cum
1579 1086 1722 1119 sequatur
1737 1083 1896 1120 αἰσχύνεται

1066 1128 1128 1164 γάρ,
1145 1127 1222 1162 quod
1238 1127 1348 1155 indicat
1361 1135 1426 1155 eam
1443 1128 1542 1163 potius
1569 1128 1726 1155 stationem
1757 1128 1899 1163 poeniten-

1068 1172 1142 1200 tium
1157 1180 1223 1208 quae
1245 1171 1438 1209 πρόσκλαυσις,
1464 1173 1555 1207 ﬂetus,
1571 1172 1736 1206 dicebatur,
1754 1173 1842 1207 cujus
1868 1173 1900 1200 ﬁt

1069 1217 1179 1244 mentio
1194 1217 1223 1244 in
1248 1217 1410 1253 appendice
1439 1217 1571 1252 epistola:
1595 1217 1743 1245 canonica:
1769 1217 1898 1253 Gregorii

1067 1261 1475 1297 'l‘haumaturgi.8equebatur
1485 1261 1541 1294 hic,
1549 1269 1655 1296 «quare
1665 1270 1722 1288 non
1731 1261 1795 1296 jam
1811 1269 1898 1297 oppe-

1069 1307 1128 1333 rior
1138 1306 1240 1333 horam
1251 1306 1482 1340 communionis;
1497 1318 1506 1330 -
1520 1304 1718 1341 οῐᾳυίσύναξις
1732 1314 1790 1333 non
1804 1305 1899 1341 ipsam

1071 1349 1175 1385 μέθεξιν
1190 1351 1244 1376 τῶν
1271 1350 1453 1387 ἀγιασμάτων,
1477 1350 1717 1378 communionem
1740 1350 1899 1386 participa-

1070 1395 1240 1431 tionemque
1262 1398 1514 1422 sacramentorum
1538 1395 1697 1430 significat,
1726 1395 1778 1422 sed
1804 1397 1897 1422 totum

1070 1439 1155 1474 iilud,
1174 1451 1184 1463 ι
1202 1439 1333 1467 divinum
1345 1439 1485 1472 ofﬁcium,
1504 1450 1517 1463 ι»
1531 1439 1609 1475 quod
1628 1439 1721 1467 Latini
1745 1438 1899 1466 collectam

1073 1487 1102 1512 et
1127 1484 1260 1517 missam,
1287 1484 1376 1511 Grasci
1402 1484 1491 1512 etiam
1516 1482 1590 1520 ἁγίαν
1608 1482 1781 1520 λειτουργίαν
1797 1483 1900 1519 appel-

1073 1528 1183 1562 lant,ut
1196 1529 1336 1556 adversus
1351 1529 1507 1556 Erasmum
1524 1528 1658 1563 pluribus
1671 1528 1860 1556 ostendimus
1872 1529 1900 1555 in

1074 1573 1183 1601 nostris
1198 1574 1276 1601 uotis
1292 1573 1329 1600 ad
1347 1572 1497 1601 bomiliam
1519 1573 1720 1609 Chrysostomi
1736 1574 1753 1599 2
1767 1573 1902 1600 adversus

1075 1617 1194 1650 Juda'os,
1211 1617 1278 1645 licet
1296 1618 1374 1645 illius
1395 1617 1592 1653 patrocinium
1610 1618 1721 1645 frustra
1736 1617 1902 1653 suscipiant

1078 1662 1132 1689 viri
1157 1662 1235 1689 docti
1259 1661 1289 1689 in
1315 1661 1396 1689 novis
1421 1662 1484 1689 suis
1507 1661 1777 1689 exercitationibus.
1805 1664 1902 1695 Neque

1078 1707 1155 1734 enim
1169 1715 1223 1734 nos
1239 1707 1410 1741 negavimus
1433 1704 1538 1740 σύναξιν
1563 1705 1772 1733 eucharistiam
1789 1706 1902 1741 signiti—

1079 1759 1155 1784 care,
1174 1751 1216 1778 vel
1232 1752 1329 1786 potius
1353 1753 1528 1778 conventum
1555 1751 1589 1778 ad
1607 1749 1816 1778 eucharistiam
1833 1750 1903 1778 cele-

1079 1795 1222 1823 brandam
1245 1798 1398 1830 coactum,
1423 1795 1475 1822 scd
1502 1794 1607 1829 σύναξιν
1635 1795 1672 1822 ad
1697 1803 1761 1822 eam
1789 1798 1902 1830 partem

1079 1839 1257 1875 sumptionis
1273 1843 1525 1867 sacramentorum
1543 1839 1679 1875 restringi
1695 1838 1790 1867 solere
1805 1840 1843 1866 ab
1855 1847 1901 1866 ec-

1079 1883 1252 1912 clesiasticis
1267 1883 1461 1919 scriptoribus
1473 1887 1640 1912 constanter
1656 1891 1812 1920 negamus.
1830 1883 1902 1910 ll’lud

1079 1929 1199 1956 demum
1215 1928 1292 1964 quod
1308 1928 1453 1964 sequitur,
1468 1928 1483 1955 ὃ
1508 1938 1534 1955 τι
1559 1926 1589 1955 ἆ¹ν
1612 1927 1685 1965 τύχῃ
1716 1927 1902 1964 πλασάμενος,

1079 1975 1206 2001 verterat
1220 1973 1373 2009 interpres,
1393 1985 1404 1998 ι
1419 1975 1452 2000 ut
1467 1982 1504 2001 ne
1525 1973 1762 2009 deprehendatur
1783 1974 1848 2008 ejus
1864 1972 1903 2001 si~

1080 2017 1211 2046 mulatio.
1230 2029 1244 2042 ››

1116 2062 1175 2090 Col.
1192 2062 1242 2090 154
1259 2064 1278 2090 C
1293 2063 1318 2090 1.
1336 2063 1367 2090 Et
1381 2063 1406 2090 si
1427 2063 1507 2098 forte.
1529 2063 1692 2099 Scripserat
1715 2062 1902 2095 Tilmannus,

1079 2109 1109 2134 ut
1123 2106 1204 2135 hodie
1218 2108 1289 2134 ritus
1303 2106 1437 2143 quosdam
1460 2110 1644 2143 exsequantur
1659 2108 1729 2135 olim
1743 2108 1805 2142 lege
1821 2108 1902 2135 inter-

1080 2151 1173 2180 dictas.
1191 2153 1252 2180 Imo
1265 2151 1353 2179 etiam
1370 2151 1395 2179 si
1407 2151 1470 2187 lege
1484 2151 1668 2188 prwscriptos
1678 2151 1754 2180 ritus
1766 2151 1835 2188 quis
1846 2159 1903 2179 ser-

1081 2198 1137 2229 vet,
1151 2196 1179 2223 in
1193 2195 1351 2231 perniciem
1362 2195 1390 2223 id
1408 2196 1495 2229 cedit,
1514 2197 1592 2224 unde
1602 2196 1760 2232 Apostolus
1770 2196 1865 2224 Galat.
1879 2204 1904 2230 v,

1081 2249 1118 2268 u:
1137 2241 1271 2275 Quoniam
1283 2241 1308 2268 si
1321 2241 1574 2274 circumcidamini,
1597 2240 1721 2268 Christus
1742 2241 1820 2268 vobis
1836 2240 1906 2268 nihil

1079 2285 1214 2321 proderit.
1233 2285 1262 2312 ln
1273 2285 1393 2321 periodo
1404 2286 1538 2321 sequenti
1549 2285 1644 2322 ὀπώρα
1661 2293 1718 2313 non
1728 2287 1905 2313 autumnum

1044 2325 1065 2357 D
1081 2331 1132 2358 sed
1150 2330 1261 2358 fructus
1276 2329 1474 2364 autumnales,
1489 2329 1531 2357 vel
1547 2338 1633 2366 poma
1648 2329 1808 2366 signiﬁcat.
1821 2329 1905 2357 Deni-

1082 2382 1138 2410 que
1151 2374 1180 2401 in
1196 2376 1325 2402 extremo
1345 2374 1456 2410 paginae
1478 2376 1607 2402 verterat
1621 2374 1780 2410 interpres,
1796 2385 1811 2400 ‹‹
1827 2382 1906 2402 com-

1083 2419 1214 2455 plectens
1229 2418 1394 2447 studiosam
1411 2419 1577 2447 alacriatem
1593 2419 1803 2455 perl'ectcrum,
1815 2430 1828 2446 ι
1843 2418 1908 2446 licet

1083 2463 1111 2490 in
1130 2471 1184 2491 ms.
1202 2465 1280 2491 esset
1292 2462 1416 2498 τελειῶν,
1434 2471 1491 2491 non
1501 2461 1623 2490 τελείων.

1118 2516 1177 2544 Col.
1205 2517 1256 2544 156
1275 2519 1294 2545 c
1318 2517 1346 2544 9.
1371 2517 1615 2552 Quemadmodum.
1642 2517 1790 2553 interpres
1812 2516 1906 2545 edide-

1082 2563 1143 2590 rat:
1161 2573 1174 2586 «
1193 2562 1445 2594 Quemadmodum
1461 2561 1538 2590 enim
1554 2562 1622 2590 vitis
1638 2570 1689 2598 per
1703 2561 1907 2590 iudicationem

1083 2614 1139 2634 non
1155 2606 1306 2643 exspirans
1322 2606 1406 2635 facile
1421 2608 1576 2635 evanescit.
1603 2617 1617 2631 n
1639 2609 1674 2634 At
1688 2606 1766 2634 enim
1789 2604 1907 2632 διαπνεῖ-

1082 2651 1143 2677 σθαι
1160 2651 1267 2679 dicitur
1282 2659 1340 2679 non
1356 2652 1452 2679 solum
1468 2651 1545 2688 quod
1557 2651 1688 2679 dil'ﬂatur
1703 2653 1732 2679 et
1747 2650 1907 2683 evanescit,

1083 2696 1132 2724 sed
1149 2696 1236 2724 etiam
1254 2697 1330 2732 quod
1347 2696 1498 2732 perﬂatur,
1513 2698 1565 2724 aut
1578 2697 1664 2723 vento
1689 2698 1845 2731 purgatur,
1875 2696 1907 2722 ut

1084 2741 1160 2776 apud
1177 2740 1376 2768 Dioscoridem
1403 2741 1454 2769 lib.
1479 2749 1506 2775 v,
1533 2748 1597 2776 cap.
1621 2740 1649 2774 9,
1679 2737 1906 2768 δυσδιάπνςυστος

1083 2785 1201 2817 dicitur,
1217 2785 1266 2820 qui
1283 2793 1334 2821 per
1348 2785 1494 2822 spiritales
1510 2787 1625 2813 meatus
1640 2793 1715 2821 aegre
1731 2783 1905 2812 transmitti-

1083 2831 1142 2862 tur,
1161 2830 1201 2857 ita
1215 2827 1386 2865 εὖδιάπνοος,
1399 2830 1448 2866 qui
1469 2829 1608 2866 perﬂatus
1637 2829 1722 2857 “bile
1751 2828 1841 2865 capit.
1862 2827 1905 2855 Sic

1082 2874 1253 2910 Columella,
1268 2873 1316 2902 lib.
1336 2882 1374 2910 ιν,
1400 2883 1463 2911 cap.
1488 2874 1533 2910 44,
1547 2872 1685 2902 colendas
1700 2875 1729 2902 et
1751 2873 1904 2901 nudandas
