2029 3143
156 172 234 200 ΙυἿἾ

753 176 805 215 AD
828 175 1031 206 COMMENT.
1055 177 1094 206 IN
1117 177 1264 208 ISAIAM.

1786 179 1867 210 1078

158 244 224 265 esse
239 237 312 264 vites
329 240 438 271 monet,
454 240 487 266 ut
504 239 616 267 hiberni
632 239 739 268 imbres
756 241 791 268 ad
816 248 864 268 eas
891 243 985 270 trans-
1000 247 1027 280 Α
1043 242 1162 270 Hebraeo
1179 251 1186 270 :
1207 244 1303 271 Vocare
1316 244 1536 271 concertationem
1551 252 1605 272 non
1618 248 1723 280 potero.
1736 245 1783 273 Sic
1796 253 1864 281 ergo

159 281 328 309 mittantur.
347 282 459 310 Rursus
472 283 556 316 illud,
575 284 612 319 μὴ
629 283 881 321 ἀποσκευασαμένη,
893 290 984 313 verte-

153 328 210 357 rat,
219 326 314 353 anima
327 327 419 354 minus
434 332 507 354 recte
521 335 548 354 se
563 336 724 364 componens
740 330 814 357 circa
824 330 880 357 haec
890 338 982 366 τοι-ρο-

155 370 242 397 ralia.
255 373 292 398 At
303 371 380 398 enim
396 370 622 406 ἀποσκιυάζεσοαι
637 382 694 401 non
706 377 750 401 est
761 374 982 411 παρασκευάζειν,

156 422 332 450 praeparare,
345 423 528 452 componere,
539 418 588 444 sed
607 426 758 453 exornare,
774 419 817 446 vel
833 427 981 453 evacuare,

156 461 189 486 ut
232 459 351 487 Levitici
388 469 444 496 XIV,
474 462 509 489 36
537 470 544 489 :
575 462 720 498 Προστάξει
750 463 763 489 ὁ
793 462 880 500 ἱερεὺς
915 463 981 490 ἀπο-

153 503 280 530 σκευάσαι
315 506 361 531 τὸν
402 504 475 532 οἶκον
494 515 500 521 ·
531 507 679 543 Praecipiet
710 509 834 536 sacerdos
865 517 984 536 vacuare

154 549 275 576 domum.
292 548 429 585 Vulgata,
444 552 475 578 ut
489 551 605 587 efferant
623 553 754 580 universa
774 553 809 580 de
829 553 920 580 domo.
937 554 980 580 Si-

152 593 231 620 milis
249 601 332 621 error
348 593 481 622 sublatus
497 598 541 622 est
560 596 615 623 sub
631 596 717 624 tinem
732 597 856 633 paginas,
869 595 982 632 ἐξοιδαί-

148 647 204 665 νειν
231 637 479 674 παρασκευάζοντα,
498 650 511 665 (ι
528 641 563 667 ad
593 640 646 668 hoc
677 645 886 677 componentes
915 643 981 669 ani-

151 690 242 716 mam,
256 685 288 710 ut
302 682 382 710 inani
395 685 511 711 tumore
527 685 644 721 superb.
664 688 820 721 turgescat.
840 697 853 710 ››
869 686 980 714 Ibidem

151 727 359 762 corrigendum
377 735 411 755 ex
420 729 516 765 Regiis
533 731 564 756 ut
579 730 608 757 in
621 731 788 766 apographo
796 730 914 766 Anglico
926 731 980 759 fuit

154 771 369 809 ὑπερφυσᾶσοαι,
386 781 437 808 pro
456 773 666 810 ὑπερφύσασθαι.

186 825 246 853 Col.
260 825 396 853 158Α14.
412 826 444 854 In
459 834 552 855 eremo
568 829 705 856 nutritus.
722 829 835 856 Vitiosa
850 828 935 858 lectio
947 829 977 858 F'.

151 878 208 898 ms.
226 870 390 898 versionem
407 871 517 907 peperit
535 872 670 901 vitiosam
687 872 788 912 ἐτράφη
817 872 843 900 ἐν
870 872 976 911 ἐρήμῳ.

150 923 241 950 quam
253 917 420 965 sequuntur
434 918 462 943 et
476 917 589 953 Anglici
605 926 677 946 mss.
694 918 799 965 Yerum
827 919 855 946 in
872 919 974 946 Henri-
993 933 1016 965 Β

150 959 237 987 ciano
250 963 279 986 et
293 959 424 988 Joeusaao
439 961 582 997 scriptum
605 964 683 990 recte
697 960 793 1000 ἐτάφη,
809 974 823 988 ‹‹
840 962 975 998 sepultus

151 1005 207 1032 est.
225 1015 240 1028 ιο
257 1005 358 1040 Itaque
387 1005 585 1034 restituendus
610 1009 654 1034 est
677 1006 759 1034 locus
774 1016 809 1034 ex
837 1007 974 1042 Procopio

150 1057 220 1085 pag.
238 1050 271 1076 16
286 1058 292 1076 ε
310 1050 356 1076 Ὧν
374 1050 388 1076 ὁ
403 1049 573 1086 ἐπιθυμήσας
598 1050 769 1088 ἐπιθυμητὴς
793 1051 877 1080 πάλαι
907 1050 974 1083 λαὸς

150 1091 177 1119 ἐν
193 1095 228 1130 τῇ
245 1092 342 1130 ἐρήμῳ
366 1093 461 1133 ἐτάφη·
480 1107 494 1121 α
519 1096 648 1128 Quorum
670 1097 815 1125 desiderio
840 1105 906 1125 cum
934 1099 975 1124 te-

150 1140 271 1166 neretur
286 1139 466 1168 desiderator
481 1141 609 1176 populus
625 1141 693 1169 olim
710 1141 738 1168 in
755 1142 869 1170 deserto
880 1142 975 1177 sepul-

148 1185 198 1210 tus
215 1186 269 1211 est.
289 1194 303 1208 »
317 1184 364 1212 Sic
392 1185 469 1212 enim
498 1185 622 1220 legimus
650 1186 768 1214 Numer.
789 1195 827 1221 x1,
841 1187 874 1213 34
891 1194 897 1214 :
914 1186 973 1212 Ὅτι

147 1225 204 1254 ἐκιῖ
225 1225 326 1264 ἔθαψαν
354 1227 400 1255 τὸν
431 1227 496 1255 λαὸν
525 1229 570 1256 τὸν
600 1228 783 1265 ἐπιθυμητήν,
800 1231 877 1266 quod
906 1232 973 1258 Am-

147 1272 265 1300 brosius
282 1272 332 1300 lib.
342 1274 380 1301 De
393 1281 450 1301 xm
464 1275 652 1302 mansionibus
666 1275 883 1311 interpretatur,
894 1283 974 1302 man-

147 1316 231 1344 sione
246 1325 296 1351 χιι,
315 1318 381 1352 quia
405 1319 447 1346 ibi
463 1319 632 1354 sepelierunt
657 1320 789 1355 populum
803 1320 974 1347 desiderato-

146 1369 217 1388 rem.
235 1361 381 1397 Interpres
411 1371 527 1398 quoque
556 1363 686 1400 Procopii
714 1372 812 1392 vocem
841 1363 974 1400 ἐπιθυμη-

146 1405 197 1440 τής
214 1414 270 1433 non
289 1407 441 1442 expressit.

184 1449 244 1478 Col.
261 1450 312 1477 163
329 1454 350 1477 Α
368 1451 410 1478 11.
426 1451 503 1479 Sicut
513 1452 618 1480 caueri.
634 1453 690 1480 Hoc
706 1460 822 1488 quoque
840 1453 929 1480 miror
938 1451 975 1479 ab

148 1494 308 1530 interprete
321 1495 414 1523 fuisse
430 1496 574 1523 omissum
591 1497 667 1532 quod
684 1504 740 1524 ms.
757 1497 786 1524 F.
804 1497 828 1524 ei
853 1504 974 1532 sugges-

147 1541 236 1574 serat,
253 1541 281 1567 et
299 1539 334 1567 ab
358 1539 425 1568 aliis
452 1540 602 1569 codicibus
633 1542 811 1577 agnoscitur,
828 1543 915 1573 atque
939 1541 974 1568 ab

148 1583 224 1619 ipsis
254 1585 399 1620 excerptis
428 1585 559 1621 Procopii
588 1594 652 1620 pag.
679 1587 741 1613 20:
766 1586 809 1616 Ὡς
837 1584 974 1616 ἀσυνέτως

148 1627 180 1654 τὺ
210 1628 365 1666 προσέχειν,
382 1628 399 1663 ἢ
428 1629 459 1656 τὸ
488 1628 669 1663 ἔνωτίζεσθαι,
690 1629 727 1661 ὡς
760 1628 889 1664 ἐξέδωκαν
918 1628 975 1657 ’ἕτε-

146 1681 201 1710 ροι·
218 1674 337 1709 Populos
356 1675 505 1702 crassiores
524 1679 551 1702 et
575 1675 701 1702 rudiares
729 1675 899 1710 attendendi,
915 1679 973 1708 aut,

145 1719 176 1744 ut
191 1717 244 1745 alii
257 1718 416 1752 ediderunt,
427 1719 540 1746 auribus
552 1719 732 1754 percipiendi.
748 1722 817 1746 Tres
835 1719 973 1746 nimirum

144 1761 320 1798 interpretes
347 1763 461 1791 Grmcos
489 1763 636 1798 intelligit,
667 1763 813 1798 Aquilam,
842 1765 974 1799 Symma-

143 1805 281 1838 cbum,et
292 1807 669 1843 Theodotionem,quorum
681 1808 773 1835 versio
796 1808 825 1835 in
841 1809 976 1844 Telraplt's

144 1859 212 1878 cum
229 1851 422 1887 Septuaginta
437 1852 595 1886 conjuncta
610 1854 680 1879 erat.
694 1852 794 1888 Itaque
819 1853 873 1880 hoc
896 1853 973 1888 frag<

145 1898 279 1923 mentum
312 1895 429 1923 illorum
468 1895 605 1923 Flaminii
643 1896 749 1923 Nobilii
788 1897 974 1925 collectanois

145 1940 371 1976 adjungendum
413 1942 469 1968 est.
501 1940 590 1968 Paulo
633 1943 709 1976 post,
737 1939 768 1967 οὗ
807 1939 972 1977 φυλακτικάς

145 1983 277 2018 ἑστιν,εἰο
292 1984 435 2013 extulerat
451 1985 629 2021 interpres,«
643 1985 678 2012 ad
695 1986 781 2021 cujus
795 1985 972 2020 custodiam,

143 2028 194 2064 qui.
205 2031 336 2057 attentus
350 2031 404 2064 est,
421 2029 535 2057 celeber
550 2029 656 2057 evadit.
675 2040 688 2053 ›ι

180 2082 240 2110 Col.
258 2083 309 2109 179
323 2083 346 2110 Α
359 2083 401 2110 13.
419 2083 471 2110 Sed
486 2091 594 2110 omnem
609 2083 733 2110 omnino.
749 2083 836 2119 Atqui
862 2082 971 2111 falsum

143 2129 189 2155 est
205 2135 324 2155 omnem
340 2127 461 2155 omnino
477 2127 555 2155 diem
572 2127 614 2155 sic
630 2130 764 2156 vocatum
780 2135 856 2160 esse,
868 2135 973 2164 nempe

142 2170 328 2206 κλητήν·ἰωο
340 2171 393 2200 hoc
405 2171 468 2200 vult
483 2171 610 2200 Basilius
625 2180 682 2199 non
695 2180 786 2199 unum
803 2172 972 2208 quempiam

142 2216 366 2244 celeberrimum
382 2217 459 2245 diem
477 2215 567 2252 rejici,
583 2224 685 2244 verum
705 2224 807 2244 omnes
831 2216 970 2245 celebres.

142 2261 242 2296 Neque
258 2261 337 2289 enim
366 2269 470 2289 omnes
500 2260 620 2289 omnino
648 2261 712 2288 dies
740 2258 840 2294 κληταὶ
869 2259 970 2298 ἡμιραι

145 2308 218 2334 sunt
235 2305 390 2340 dictte,sed
405 2305 578 2333 celebriorcs
595 2307 710 2333 tantum
726 2307 755 2333 et
769 2305 973 2335 eolemniores.

145 2350 190 2378 Ita
217 2350 338 2378 Levitici
354 2358 437 2385 xxm,
453 2350 488 2378 35
505 2359 511 2378 :
528 2349 577 2376 Καὶ
592 2350 610 2384 ἡ
624 2349 715 2387 ἡμέρα
729 2350 747 2384 ἡ
763 2349 859 2387 πρώτη
884 2348 976 2384 κλητή

145 2394 210 2432 ἁγία
236 2391 320 2422 ἔσται.
338 2395 370 2423 Et
398 2395 456 2422 dies
484 2395 578 2430 prima
599 2399 698 2422 vocata
711 2397 808 2422 sancta
823 2396 875 2423 erit
890 2396 974 2423 vobis-

143 2441 219 2467 Item
246 2439 302 2472 23,
331 2438 364 2465 Αἱ
392 2438 483 2476 ἑορταὶ
520 2437 644 2476 Κυρίου,
674 2437 704 2469 ἃς
733 2438 859 2466 καλᾶσετε
891 2438 972 2470 αὐτὰς

143 2483 248 2518 χλητὰς
278 2482 373 2520 auter
389 2484 529 2512 Sotemnia
556 2484 668 2512 Domini
693 2491 754 2520 quae
784 2485 910 2512 vocabitis
936 2493 972 2513 ea

142 2533 245 2557 vocata
260 2533 367 2556 sancta.
383 2529 489 2556 Eadem
514 2537 569 2556 vox
596 2528 714 2556 Hebrzea
743 2534 828 2572 mpm
857 2527 972 2563 ἐπίκλη-

143 2583 190 2603 τος
218 2573 344 2601 vertitur
360 2581 377 2601 ει
391 2573 469 2607 LXX,
494 2575 526 2600 ut
545 2573 665 2601 Numer.
689 2581 788 2606 xxvm,
810 2574 853 2606 18,
869 2573 972 2610 Ἡμέρα

144 2618 162 2651 ἡ
178 2617 275 2653 πρώτη
287 2617 304 2651 ἡ
322 2616 469 2652 ἐπίκλητος
493 2615 555 2654 ἁγία
582 2614 665 2651 ἔσται,
681 2616 739 2644 dies
766 2617 857 2652 prima
877 2619 972 2645 sancta

143 2663 196 2690 erit
207 2663 292 2691 vobis.
300 2662 427 2699 Vulgata
438 2661 538 2690 Latina
548 2669 623 2698 saepe
633 2659 739 2695 κλητήν
749 2660 972 2689 celeberrimum

145 2707 224 2735 diem
243 2706 386 2744 appellat;
403 2706 547 2743 Isycbius,
563 2705 693 2734 vocalem
718 2706 796 2734 diem
825 2708 971 2733 sanctum.

146 2752 269 2780 Videtur
284 2751 433 2787 designari
449 2751 504 2779 hac
520 2758 589 2779 voce
616 2750 678 2778 dies
703 2750 918 2778 convocationis
945 2751 973 2778 et

145 2796 315 2825 festivitatis
332 2804 339 2824 :
356 2804 424 2824 nam
441 2798 469 2823 ct
483 2796 525 2823 ita
540 2794 635 2822 reddit
649 2794 852 2830 Hieronymus,
865 2795 972 2830 festivi-

147 2843 216 2870 tates
230 2841 307 2870 alias
316 2848 372 2868 non
384 2842 494 2876 feram;
502 2839 580 2875 quod
589 2838 625 2866 ad
638 2839 759 2866 verbum
772 2838 928 2867 Montanus
939 2847 973 2867 ex

1039 287 1227 314 scribendum
1243 288 1299 315 hoc
1315 288 1392 315 loco:
1402 288 1614 316 «reddiderunt
1627 291 1759 322 vocatam,
1773 290 1863 318 Theo-

1039 331 1136 359 (ἰοίὶοη
1153 335 1250 360 autem
1267 331 1372 366 κλητήν
1393 335 1576 366 convocatam,
1593 333 1784 369 Symmachus
1796 342 1861 361 vero

1036 375 1143 410 κλητήν
1159 378 1377 405 convocationem
1392 385 1445 405 non
1460 378 1568 411 rerum:
1584 385 1673 412 quare
1689 386 1746 405 non
1761 378 1861 406 existi-

1038 422 1293 455 mamus,etc.,setl
1305 427 1420 450 onmem
1433 422 1510 449 diem
1521 421 1571 457 qui
1583 424 1703 450 vocatus
1718 422 1777 450 sive
1789 423 1860 451 cele-

1037 464 1097 492 bris
1112 465 1306 501 appellatur.»
1321 466 1366 493 Sic
1383 466 1459 501 apud
1473 465 1643 502 Procopium
1662 465 1787 502 legimus
1801 467 1860 495 haec

1036 509 1065 536 in
1083 510 1287 546 compendium
1305 511 1433 544 redacta,
1446 509 1519 537 ’Λντέ
1543 509 1571 537 δὲ
1585 513 1634 543 τῆς
1652 510 1773 547 μεγάλης
1789 510 1860 547 ἡμὲ-

1036 563 1083 591 ρας
1099 553 1204 588 κλητήν
1215 553 1344 588 ἐξέδωκαν
1361 555 1387 581 οἱ
1403 553 1509 588 λοιποὶ,
1525 554 1562 585 ὡς
1580 554 1617 590 μή
1636 554 1697 590 μίαν
1728 555 1861 591 σημαίνε-

1037 602 1106 632 σθαι,
1124 600 1210 624 πᾶσαν
1226 597 1255 624 δὲ
1268 599 1317 633 τήν
1334 597 1360 625 ἐν
1376 601 1416 634 τῷ
1431 598 1508 635 νόμῳ
1524 597 1698 634 καλουμένην
1712 598 1829 634 κλητήν.

1071 651 1130 678 Col.
1150 651 1201 678 182
1229 651 1251 679 D
1280 652 1307 678 6.
1325 652 1451 679 Animam
1471 653 1587 687 justam.
1605 652 1729 686 Vulgata
1758 653 1860 681 Latina

1034 703 1067 722 ea
1094 696 1235 724 Hebraeo:
1257 696 1314 724 Non
1340 697 1445 731 a/lliget
1469 697 1600 724 Dominus
1626 697 1705 732 fame
1731 698 1859 726 animam

1034 740 1101 771 iusti
1116 748 1122 768 :
1140 741 1190 768 sed
1206 740 1253 768 hic
1269 741 1304 767 ad
1321 741 1438 769 verbum
1455 741 1626 769 vertendum
1643 745 1713 776 erat,
1729 743 1857 770 animam

1032 784 1177 818 iustorum.
1195 785 1275 817 Quod
1292 793 1358 813 vero
1374 785 1518 821 sequitur,
1533 785 1568 813 ab
1591 786 1749 822 interprete
1764 786 1855 814 omis-

1032 837 1109 864 sum,
1121 837 1174 857 nos
1186 829 1368 865 interpretati
1379 838 1493 865 sumus,
1506 831 1557 858 sed
1570 839 1629 858 una
1638 839 1706 859 voce
1717 831 1854 858 mutilum

1032 873 1073 900 sic
1085 874 1250 901 sanandum
1267 876 1311 901 est
1326 882 1361 902 ex
1377 882 1448 901 mss.
1458 874 1487 901 F.
1496 874 1529 902 Η.
1539 873 1642 901 Ιιοῦτω
1653 872 1675 901 δ’
1687 873 1716 901 ἂν
1727 874 1772 902 καὶ
1783 874 1855 902 ἐναν-

1031 916 1121 953 τίωμα
1136 917 1169 951 ἦν
1185 917 1253 955 πρὸς
1271 918 1312 945 τὸν
1326 920 1379 945 τῶν
1400 928 1498 955 μακαρ.
1516 919 1579 947 Non
1598 919 1772 955 deprecatur
1786 929 1854 956 ergo

1030 963 1160 998 corporis
1179 963 1294 996 famem,
1312 972 1400 999 quam
1425 963 1502 991 inter
1523 963 1696 992 afﬂictionos
1717 964 1855 993 laudibus

1030 1008 1251 1042 prosequendos
1267 1010 1403 1036 numerat
1418 1007 1537 1035 Paulus.

1061 1059 1188 1088 601.191
1213 1061 1233 1088 C
1258 1061 1282 1088 1.
1301 1062 1349 1089 Res
1374 1063 1411 1088 est
1439 1062 1528 1097 cujus.
1546 1061 1712 1090 Delevimus
1738 1061 1790 1090 illa
1809 1063 1856 1090 in-

1028 1105 1176 1139 terpretis,
1194 1116 1207 1130 ‹‹
1223 1105 1370 1133 submotio
1387 1114 1403 1133 τι
1419 1106 1503 1133 nobis
1526 1105 1598 1141 ipsis
1621 1106 1744 1142 requirit
1769 1114 1857 1134 accu-

1026 1150 1119 1175 ratam
1136 1157 1256 1183 opcrum
1272 1149 1518 1178 exercitationem.
1537 1161 1550 1174 ι)
1576 1150 1720 1178 Aberrunt
1743 1151 1820 1178 enim
1840 1159 1856 1178 a

1027 1201 1116 1220 sensu
1131 1194 1270 1228 auctoris,
1283 1202 1369 1229 quem
1386 1194 1533 1230 eleganter
1547 1195 1738 1223 doctissimus
1749 1196 1855 1223 Curta-

1028 1237 1089 1264 rius
1100 1239 1175 1273 apud
1190 1238 1361 1274 Procopium
1372 1240 1414 1266 sic
1426 1247 1490 1275 pag.
1501 1239 1536 1266 25
1547 1239 1708 1275 expressit:
1724 1239 1756 1266 Ἡ
1769 1237 1797 1266 δὲ
1806 1240 1856 1271 τῆς

1026 1283 1080 1308 τῶν
1109 1283 1198 1308 κακῶν
1227 1280 1306 1316 ἕξεως
1336 1282 1474 1317 ἀπόθεσις,
1501 1280 1579 1320 ἔργον
1609 1283 1754 1321 ἡμέτερον,
1790 1283 1856 1320 βοη-

1029 1326 1139 1356 θοῦντος
1154 1326 1288 1354 κάνταῦθα
1303 1329 1369 1354 Θεοῦ
1385 1327 1430 1354 καὶ
1458 1327 1522 1358 τοὺς
1547 1326 1690 1358 ἐθέλοντας
1720 1326 1855 1364 ὁδηγοῦν-

1027 1379 1073 1400 τος
1102 1371 1169 1407 πρὸς
1195 1370 1332 1407 ἀρετήνά
1350 1373 1397 1400 sic
1426 1372 1568 1400 scelerum
1599 1381 1703 1408 pravos
1734 1373 1853 1400 habitus

1029 1418 1129 1442 nostra
1143 1424 1230 1451 opera
1245 1424 1358 1450 exuere,
1371 1417 1397 1445 si
1413 1417 1511 1444 divino
1527 1417 1635 1444 auxilio
1650 1417 1788 1445 voluntas
1802 1425 1853 1444 no-

1028 1459 1073 1487 bis
1089 1460 1124 1487 ad
1136 1459 1273 1488 virtutem
1282 1461 1436 1497 dirigatur,
1449 1469 1618 1496 possumus.
1630 1472 1643 1486 ››
1654 1461 1750 1489 Alium
1762 1461 1855 1489 locum

1028 1504 1249 1532 omendavimus
1265 1505 1350 1540 paulo
1366 1506 1452 1538 intra,
1465 1503 1512 1532 ’ίνα
1529 1505 1566 1541 μὴ
1595 1505 1677 1541 μόνον
1702 1505 1755 1532 ἀπὸ
1788 1507 1853 1534 τῶν,

1029 1547 1120 1579 Quem
1136 1548 1177 1576 ita
1191 1552 1374 1585 expresserat
1388 1549 1573 1582 Tilmannus,
1591 1561 1605 1574 ί(
1622 1552 1653 1578 ut
1669 1558 1705 1578 ne
1731 1549 1774 1578 illi
1790 1550 1853 1578 adi-

1035 1600 1149 1620 mamus
1168 1593 1264 1620 solum
1280 1594 1316 1621 ab
1336 1594 1502 1622 actionibus
1527 1602 1610 1622 suam
1631 1594 1855 1630 providentiam,

1030 1637 1081 1664 sed
1094 1645 1129 1664 ne
1140 1637 1257 1672 quidem
1268 1646 1284 1665 a
1294 1638 1406 1666 mutuis
1416 1639 1713 1666 confabulationibus.
1727 1638 1853 1667 »Vocem

1030 1679 1112 1715 αὑτήν
1126 1682 1271 1709 retulitad
1283 1682 1332 1710 Dei
1346 1683 1570 1719 providentiam,
1582 1691 1639 1710 non
1655 1684 1690 1710 ad
1707 1683 1852 1720 πονηρίαν,

1030 1728 1058 1753 et
1080 1724 1287 1764 διαλογισμούς,
1299 1728 1335 1755 ad
1359 1727 1512 1762 colloquia,
1529 1736 1586 1755 non
1601 1728 1636 1756 ad
1652 1728 1852 1763 cogitationes,

1029 1770 1065 1798 ad
1078 1779 1151 1807 quas
1163 1772 1284 1807 pertinel
1294 1772 1370 1808 quod
1383 1772 1517 1807 sequitur
1526 1780 1561 1800 ex
1571 1772 1721 1808 Apostolo,
1732 1773 1749 1806 ἡ
1762 1771 1851 1810 ἀγάπη

1030 1813 1059 1841 οὐ
1077 1813 1214 1851 λογίζεται
1229 1815 1260 1842 τὸ
1275 1815 1367 1844 κακόν.
1383 1817 1564 1852 Suti‘ragatur
1580 1817 1649 1844 huic
1676 1817 1853 1852 interpreta-

1029 1860 1101 1887 tioni
1116 1860 1246 1895 Procopii
1258 1861 1514 1896 paraphrasiszttsi
1529 1859 1575 1886 οὖν
1591 1859 1742 1896 λογισμοὺς
1757 1860 1852 1887 καθαί-

1028 1913 1094 1939 ρειν,
1109 1903 1139 1930 οὐ
1157 1904 1238 1940 μόνον
1268 1904 1362 1935 κακίας
1389 1904 1551 1931 ἀποκόπτειν
1574 1903 1717 1942 ἐνέργειαν·
1735 1916 1749 1930 (ι
1766 1905 1854 1933 Decet

1027 1947 1118 1983 igitur
1128 1949 1218 1976 animi
1231 1952 1328 1977 motus
1341 1949 1471 1976 internos
1483 1949 1755 1985 purgare,nonipsa
1766 1950 1853 1977 modo

1028 1993 1165 2028 nequitia:
1177 2001 1275 2029 opera.
1289 2004 1304 2019 »

1063 2037 1124 2064 Col.
1134 2038 1184 2064 195
1194 2037 1216 2064 D
1226 2039 1252 2065 3.
1264 2039 1368 2066 Omnia
1380 2039 1464 2066 enim.
1473 2040 1515 2066 lta
1526 2038 1645 2074 quidem
1659 2038 1769 2074 Anglici
1780 2046 1852 2067 mss.

1028 2085 1055 2109 et
1067 2082 1172 2118 Regius
1184 2083 1214 2110 F.
1227 2081 1315 2109 πάντα
1328 2084 1414 2117 ποιεῖ,
1437 2083 1629 2118 quamobrem
1646 2091 1716 2110 sane
1733 2083 1851 2116 mirum,

1028 2127 1105 2161 quod
1116 2126 1260 2163 interpres
1271 2127 1441 2163 scripserat,
1455 2138 1466 2151 ι
1477 2126 1627 2154 innovabit
1637 2127 1714 2154 enim
1727 2128 1853 2160 omnia,»

1029 2171 1112 2207 quasi
1120 2171 1238 2208 legisset
1246 2168 1393 2207 μιταϐαλεῖ
1403 2170 1452 2208 γὰρ
1461 2171 1611 2199 πάνταἝΘά
1619 2171 1749 2206 inspecto
1755 2174 1854 2207 postea

1027 2216 1115 2252 Regio
1144 2216 1235 2244 altero
1263 2224 1320 2244 ms.
1341 2216 1374 2243 H.
1391 2219 1420 2243 et
1446 2216 1465 2244 Ι.
1483 2216 1625 2251 scriptum
1641 2215 1749 2244 oll‘endi
1764 2215 1852 2242 πάντα

1026 2260 1109 2287 ποίει.
1122 2261 1350 2288 Rescribendum
1365 2260 1466 2297 igitur,
1480 2260 1578 2288 Omnia
1592 2262 1636 2296 [ac
1650 2268 1712 2288 cum
1725 2261 1853 2288 consilio.

989 2297 1012 2329 D
1027 2304 1093 2332 .lam
1109 2313 1175 2332 vero
1191 2305 1215 2332 si
1231 2313 1357 2341 quaeras,
1370 2305 1420 2332 ubi
1430 2305 1484 2332 hoc
1495 2305 1642 2340 Scriptura
1653 2305 1768 2339 dixerit,
1780 2305 1853 2332 nihil

1031 2349 1110 2376 aliud
1137 2350 1315 2385 respondere
1344 2357 1477 2385 possum,
1492 2349 1521 2376 in
1549 2349 1706 2377 consilium
1722 2349 1853 2377 adhibito

1029 2396 1126 2421 Graeco
1138 2393 1233 2422 indice
1246 2394 1306 2422 sive
1317 2393 1537 2421 Concordantiis
1557 2393 1696 2429 Kircheri,
1706 2402 1792 2429 quam
1809 2394 1852 2422 al-

1029 2438 1128 2466 ludere
1144 2438 1283 2465 Basilium
1298 2439 1333 2465 ad
1349 2437 1433 2465 illum
1446 2437 1640 2465 Ecclesiastici
1654 2438 1748 2465 locum
1764 2446 1852 2472 xxxu,

1028 2484 1072 2517 20,
1088 2482 1170 2509 Ἀνευ
1185 2481 1289 2518 βουλῆς
1317 2481 1400 2516 μηθὲν
1426 2482 1559 2516 ποιήσῃς,
1575 2482 1624 2510 ubi
1649 2482 1774 2518 Vulgata
1798 2483 1852 2510 La-

1028 2528 1101 2560 tina,
1117 2528 1185 2555 Sine
1199 2527 1314 2554 consilio
1329 2527 1402 2554 nihil
1416 2526 1514 2562 facias.
1531 2526 1580 2554 Est
1603 2526 1720 2562 quidem
1745 2526 1852 2554 similis

1029 2573 1105 2600 alius
1122 2574 1204 2599 Prov.
1222 2580 1284 2606 xui,
1304 2572 1345 2605 16,
1362 2573 1471 2598 Astutus
1486 2572 1576 2599 omnia
1593 2575 1649 2606 agit
1672 2579 1734 2597 cum
1761 2572 1853 2599 comi-

1031 2616 1088 2650 tio;
1118 2616 1167 2644 sed
1199 2616 1254 2644 hoc
1278 2624 1295 2644 a
1321 2615 1390 2643 LXX
1414 2615 1455 2643 sic
1483 2615 1610 2649 effertur,
1627 2617 1681 2644 Πᾶς
1697 2616 1852 2652 πανοῦργος

1027 2661 1140 2698 πράσσιι
1173 2659 1239 2696 μιτᾶ
1267 2660 1402 2697 γνώσεως,
1433 2659 1526 2687 Omnis
1553 2661 1659 2686 astutus
1696 2661 1755 2694 agit
1790 2668 1853 2687 cum

1027 2706 1143 2733 scientia
1163 2713 1168 2732 ε
1186 2707 1214 2733 et
1231 2705 1258 2732 in
1284 2705 1384 2732 eodem
1410 2703 1505 2739 capite
1529 2711 1602 2730 vers.
1621 2704 1654 2731 10
1670 2711 1676 2731 :
1694 2704 1748 2738 Qui
1760 2707 1853 2732 autem

1028 2750 1123 2779 omnia
1138 2753 1223 2784 agunt
1235 2757 1297 2776 cum
1311 2748 1437 2780 consilio,
1449 2752 1584 2782 reguntur
1594 2749 1743 2783 sapientia,
1755 2748 1853 2777 Graece

1028 2797 1082 2828 est,
1103 2794 1134 2820 Οἱ
1162 2793 1191 2820 δὲ
1219 2793 1307 2820 αὐτῶν
1336 2791 1520 2829 ἐπιγνώμονες
1549 2791 1638 2830 σοφοί,
1668 2795 1724 2829 Qui
1759 2796 1852 2822 autem

1027 2839 1071 2867 sui
1087 2840 1209 2875 ipsorum
1233 2838 1397 2874 cognitores,
1413 2837 1561 2872 sapientes.
1577 2836 1739 2867 Theodotio
1768 2838 1851 2867 dixit.
