2029 3143
142 187 218 217 1081

736 188 785 217 AD
809 187 1011 218 COMMENT.
1035 187 1075 217 IN
1097 187 1244 217 ISAlAM.

1769 185 1846 216 1082

141 261 193 288 per
208 253 369 281 antistitem
386 252 556 288 praescripta
571 255 651 287 sunt,
669 253 776 280 Verum
792 252 881 288 is,qui
895 252 968 280 nolit
982 253 1008 286 Α
1022 253 1114 281 Vetus
1124 253 1343 281 Testamentum
1355 252 1385 279 in
1397 252 1522 279 Graecam
1535 251 1668 287 linguam
1679 259 1713 278 ex
1723 251 1842 278 Hebraeo

141 297 308 329 admittere,
321 305 385 332 quae
400 297 523 324 antistes
534 297 856 332 perﬁciundajusserit.
868 297 966 324 n‘Con-

141 342 187 369 cil.
207 342 399 377 Ephesiuum,
414 350 478 369 can.
494 342 525 368 1:
544 341 644 378 Ἐχρῆν
658 342 696 377 μὴ
710 341 841 378 ἀγνοῆσαι
856 341 889 367 τὰ
905 341 966 376 περὶ

141 385 228 411 αὐτῶν
253 385 440 422 τετυπιυμένα·
465 397 479 412 ‹‹
496 386 653 422 Oportebat
672 395 727 413 non
742 386 887 421 ignorare,
903 394 966 421 quae

139 430 175 458 de
191 430 265 466 ipsis
281 433 350 458 sunt
369 431 538 459 constituta.
556 442 570 455 n
588 433 628 458 ita
641 430 749 466 passim
761 431 790 458 in
804 431 965 458 canonibus

139 475 340 510 apostolorum
366 477 394 502 et
415 475 605 503 conciliorum
630 476 785 512 Ancyrani,
812 474 966 502 Laudiceni

139 520 319 553 Gangrensis
337 519 476 547 dicuntur
494 519 629 554 adulteri,
653 519 797 554 sacrilegi,
813 522 841 547 et
857 519 904 547 alii
921 519 966 546 di-

139 563 233 591 versis
257 564 432 592 criminibus
453 564 584 599 obnoxii,
601 563 784 602 ἁφορίζεσῧαι,
799 561 963 596 κωλύεσθαι,

139 606 259 643 ἀνάθεμα
282 607 410 645 γίνεσθαι,
436 608 480 636 vel
499 609 533 636 ad
550 609 681 636 diversos
697 608 899 644 pcenitentium
916 616 964 635 or-

139 652 225 680 dines
241 653 405 680 amandsri.

175 705 235 734 Col.
251 706 305 734 219
330 707 350 734 C
374 707 416 735 10.
442 707 494 735 Sed
517 707 713 743 unusquisque.
731 707 814 742 Apud
833 706 900 733 LXX
925 706 964 733 le-

139 750 240 785 gimus
255 751 391 778 Judicum
408 760 478 786 xvu,
495 752 521 786 6,
538 754 567 779 et
580 760 637 785 xxx,
661 751 714 778 24:
741 749 798 778 Οὔκ
823 749 856 783 ἦν
885 749 962 786 βασι-

140 793 204 824 λεὺς
232 793 258 821 ἐν
282 795 404 833 Ἰσραὴλ,
431 796 498 833 ἀνὴρ
523 796 554 823 τὸ
576 796 651 826 acea
668 795 693 822 ἐν
710 793 864 833 ὅφοαλμοῖς
879 793 963 820 αὐτοῦ

139 838 237 866 hrcle:-
263 840 321 868 Non
345 843 405 868 erat
420 849 471 869 rem
494 842 524 868 in
538 841 642 869 Israel:
657 842 700 868 vir
713 844 817 868 rectum
833 840 863 866 in
878 840 963 867 oculis

139 885 197 911 suis
212 885 340 918 faciebat.
357 885 516 921 Utrubique
531 889 576 914 est
592 886 621 913 in
647 885 782 921 Vulgata,
805 884 854 912 Sed
875 892 963 912 unus-

141 931 268 964 quisque,
292 930 363 965 quod
391 931 446 958 sibi
468 933 572 958 rectum
592 930 750 964 videbatur,
767 929 816 957 hac
829 929 960 964 faciebat.

1022 297 1163 326 convertit
1177 300 1264 331 κῆπον
1286 297 1387 325 Latine
1416 296 1544 324 reddidit
1567 295 1688 324 Genesis
1703 304 1734 328 ιι,
1747 296 1775 327 8,
1793 295 1842 322 ubi

1024 343 1107 373 LXX,
1125 340 1297 378 παράδεισον,
1313 341 1486 377 paradisum.
1505 341 1562 368 [mo
1579 340 1634 375 ipsi
1650 340 1737 367 etiam
1756 339 1840 372 LXX,

1022 387 1236 414 Dsutcronomii
1254 395 1292 419 x1,
1310 387 1353 420 t0,
1368 386 1500 413 eamdem
1516 393 1613 413 vocem
1634 387 1722 418 κῆπον
1747 386 1842 411 verte-

1022 434 1106 458 runt:
1137 430 1184 457 Καὶ
1209 429 1340 464 ποτίζωσι
1363 432 1420 460 τοῖς
1446 428 1524 456 ποσὶν
1550 428 1612 455 ὡσεὶ
1638 431 1725 462 κῆπον
1748 426 1842 464 λαχα-

1020 475 1101 505 νείας·
1125 477 1157 502 Et
1186 476 1332 510 irrigariut
1354 474 1469 510 pedibus
1495 474 1567 501 sicut
1587 473 1695 500 hortum
1723 472 1841 499 olerum.

1021 519 1082 547 Illic
1097 520 1174 547 enim
1189 520 1296 547 dicitur
1310 522 1417 547 terram
1435 517 1639 554 promissionis
1655 517 1740 552 longe
1767 516 1842 544 ube-

1021 564 1125 592 riorem
1141 572 1204 592 esse
1222 565 1417 600 Egypto,qua
1434 559 1652 597 διαϐαλλομὲνη,
1664 573 1678 586 ‹‹
1691 562 1760 589 dum
1771 561 1843 588 vitu-

1021 611 1166 644 peratur,»
1173 610 1188 636 d
1195 609 1349 636 icituresse
1356 608 1438 644 quasi
1446 608 1549 635 hortus
1556 606 1758 641 olerum,quod
1771 605 1842 640 pede

1019 653 1138 689 rigetur,
1152 654 1211 681 sive
1229 654 1326 681 labore
1339 653 1491 680 hominum
1509 654 1537 678 et
1553 651 1690 683 fossione,
1707 648 1842 677 videlicet

1019 706 1052 725 ex
1063 697 1126 725 Nilo
1139 706 1230 734 aquas
1245 697 1415 725 deducendo
1428 705 1478 732 per
1489 695 1586 724 sulcos
1596 697 1624 722 st
1636 695 1747 722 fossas:
1764 696 1795 721 at
1811 693 1839 720 in

1019 745 1096 770 terra
1110 742 1246 770 Chanaan
1269 742 1331 778 agri
1348 742 1411 770 sine
1426 741 1524 769 labore
1540 749 1573 767 ex
1593 739 1663 767 coelo
1686 739 1784 775 pluvia.
1800 738 1840 765 ri-

1017 790 1133 823 gentur,
1151 796 1239 821 quam
1256 795 1311 814 non
1324 787 1412 814 habet
1427 779 1576 821 .Egyptus.
1599 784 1688 810 Paulo
1709 785 1774 818 post
1802 781 1840 812 ὡς

1017 831 1085 868 πρὸς
1101 831 1131 858 τὸ
1147 831 1228 869 ῥητόν
1257 839 1372 859 versum
1403 831 1504 858 fuerat.
1534 840 1545 854 α
1576 829 1655 861 Quod
1673 827 1776 855 attinet
1802 827 1837 854 ad

1017 876 1093 904 hanc
1109 877 1293 908 sententiam,
1312 887 1324 901 ν
1343 884 1405 908 nos,
1423 883 1541 903 sensum
1556 872 1786 905 1itteralem,sive
1799 871 1841 899 bi-

1018 921 1158 948 storicum
1176 921 1296 949 indicari
1313 918 1543 952 c'ensuimus,cui
1559 918 1718 953 opponitur
1733 916 1840 944 deinde

141 951 268 964 Ὶ’”““¹Ὶ’”ν’
292 951 363 965 Ὶ“ν“’
391 951 443 958 ν“ν”
469 951 572 958 ’νν¹¹““¹’
593 951 750 964 ν⁹υ¹ννν”“’)
767 951 814 957 """
829 951 947 964 I“""‘"’"'

139 973 302 1009 Scripserat
316 974 442 1002 Tilman.
463 975 533 1010 quod
555 975 681 1011 placebat
704 974 789 1002 oculis
804 973 872 1005 suis,
898 981 953 1007 qua

1017 967 1079 996 νοῦς
1095 965 1202 1000 ἠθικός,
1219 966 1278 994 sive
1294 973 1398 993 sensus
1412 962 1618 999 tropologicus.

135 1017 245 1045 locutio
263 1018 416 1046 familiaris
429 1020 516 1046 etiam
533 1019 700 1054 Scripturze,
717 1020 749 1045 ut
768 1018 872 1046 Esther
886 1025 918 1050 ll,
933 1017 960 1052 4,

135 1070 196 1097 qna'
210 1063 297 1090 oculis
325 1065 400 1097 regis
419 1064 567 1098 placuerit.
591 1064 625 1091 Et
642 1064 653 1091 Ι
670 1064 739 1100 Reg.
756 1071 803 1097 xx,
821 1063 847 1096 3,
865 1061 963 1090 Inueni

133 1108 259 1142 gratiam
272 1107 302 1134 in
319 1108 404 1135 oculis
417 1109 561 1136 tuzs.Nam
579 1108 718 1144 quoniam
736 1108 852 1135 habitus
868 1107 958 1135 animi

131 1151 226 1179 oculis
242 1152 368 1179 maxime
384 1160 414 1180 se
431 1154 537 1189 prodit,
554 1153 661 1180 idcirco
677 1161 729 1188 pro
750 1152 864 1184 atl'ectu,
890 1160 958 1179 sen-

131 1196 235 1229 tentia,
252 1195 296 1223 vel
306 1196 419 1231 judicio
436 1197 542 1225 mentis
557 1198 694 1230 sumitur,
707 1199 740 1224 ut
755 1199 956 1231 Deutsron.xv,

134 1239 169 1266 9:
187 1242 227 1268 Nc
242 1241 413 1276 matignclur
427 1242 520 1269 ocnlus
534 1243 597 1269 tuus
611 1244 707 1269 contra
726 1243 841 1278 fratrem
866 1243 955 1276 tuum,

131 1285 187 1312 hoc
202 1287 257 1320 est,
271 1293 307 1312 ne
322 1285 440 1313 invidus
458 1286 499 1314 sis
516 1289 566 1314 aut
586 1286 815 1320 immisericors;
838 1286 863 1313 ΙΙ
884 1286 954 1320 Reg.

131 1337 160 1361 κ,
186 1329 222 1356 3:
252 1330 310 1358 Non
334 1331 450 1358 honorat
471 1331 561 1358 David
585 1335 691 1366 patrem
715 1333 793 1359 tuum
818 1332 849 1358 in
870 1331 956 1358 oculis

132 1375 198 1409 tuis,
221 1374 274 1402 hoc
290 1377 343 1409 est,
359 1377 411 1403 tua
421 1376 566 1403 sententia
577 1375 618 1404 vel
636 1375 796 1411 opinions?
813 1377 858 1402 Ar.
876 1375 955 1403 Mon-

131 1420 221 1446 tanus
236 1419 265 1446 in
280 1419 438 1448 ldiotismis.

167 1462 228 1490 Col.
244 1464 299 1490 223
315 1464 335 1491 Β
349 1465 434 1498 7.Qui
448 1473 481 1492 ne
496 1465 529 1492 ab
541 1465 753 1499 ἱηίίίο.’¹Ανομοι
770 1464 955 1500 appellantur

132 1507 188 1535 hoc
203 1507 266 1536 loco
282 1508 324 1536 illi
340 1509 389 1544 qui
406 1509 460 1545 legi
484 1510 609 1545 subjecti
632 1518 689 1537 non
707 1510 835 1543 fuerunt,
853 1513 885 1536 ut
899 1511 954 1536 Ro-

132 1560 212 1579 man.
230 1561 270 1585 Ix,
285 1553 303 1580 2
320 1561 326 1581 :
355 1555 418 1584 Τοῖς
443 1553 555 1590 ἀνόμοις
579 1554 617 1585 ὡς
636 1554 748 1590 ἄνομος,
763 1552 826 1580 six
840 1552 953 1589 ἔννομος

130 1598 252 1632 Χριστῷ·
279 1599 318 1625 lis
340 1599 388 1634 qui
409 1599 472 1626 sine
496 1600 552 1634 lege
573 1603 661 1631 erant,
676 1601 808 1634 tanquam
821 1600 880 1626 sine
894 1599 954 1633 legs

129 1650 227 1678 essem,
256 1651 319 1670 cum
340 1644 369 1671 in
393 1645 451 1679 lege
467 1653 551 1673 essem
577 1645 692 1674 Christi:
715 1644 766 1672 sed
790 1644 876 1676 illud.
899 1644 950 1678 τὴν
969 1634 990 1668 C

129 1686 232 1723 ἀρχήν.
249 1688 326 1723 quod
342 1689 471 1716 adverbii
488 1689 579 1717 vicem
605 1689 731 1726 supplet,
755 1697 811 1716 non
831 1689 954 1716 advertit

129 1731 275 1767 interpres
292 1732 368 1760 idem
385 1733 479 1761 valere
495 1734 571 1769 quod
589 1733 634 1760 ἀπ’
650 1733 751 1770 ἀρχῆς,
777 1735 809 1760 ut
829 1732 952 1761 Joannis

128 1784 191 1807 Vili,
208 1777 244 1803 25
259 1784 265 1804 :
291 1777 344 1810 Τὴν
367 1777 456 1815 ἀρχὴν
480 1777 520 1804 ὅτι
540 1777 585 1804 καὶ
601 1776 680 1805 λαλῶ
705 1777 778 1813 ὑμῖν·
792 1790 806 1804 ‹‹
818 1778 898 1810 Quod
916 1778 951 1805 ab

128 1820 213 1848 initio
230 1821 293 1848 dico
309 1822 401 1850 vobis.
420 1833 433 1848 n
448 1823 612 1859 Scripserat
626 1831 694 1858 ergo
710 1823 848 1855 Tilman.,
863 1833 877 1848 ‹‹
901 1824 952 1850 aut

127 1867 215 1897 certe,
232 1865 280 1900 qui
300 1874 336 1893 ne
351 1866 528 1902 principium
545 1867 663 1903 quidem
680 1868 810 1903 aggressi
825 1870 904 1902 sunt,
919 1870 952 1895 ut

127 1917 214 1943 opere
229 1909 374 1944 expleant.
392 1921 406 1935 »
423 1911 536 1939 Rursus
553 1912 628 1939 intra
652 1919 704 1948 pro
728 1910 948 1948 ἐνεργηθήσεται,

126 1952 336 1989 interpretatus
364 1958 408 1983 est
437 1955 520 1991 quasi
551 1955 668 1992 legisset
696 1956 948 1993 εὐεργετηθήσεται-

127 2008 141 2023 ‹‹
154 1998 241 2029 Quasi
255 2007 320 2026 vero
329 1999 531 2036 derelinquere
545 2000 698 2027 Dominum
711 2008 766 2027 non
780 2001 900 2036 posthac
912 2000 950 2028 sit

127 2045 291 2077 peccatum,
308 2046 341 2071 ut
354 2044 443 2072 etiam
459 2045 600 2072 beneﬁcio
622 2045 777 2072 afﬁciatur.
801 2055 815 2069 ››
841 2044 948 2072 Omnes

125 2088 224 2114 tamen
237 2088 352 2115 codices
362 2096 494 2124 mss.praa
501 2097 531 2117 se
538 2090 774 2117 i'cruntexcusam
782 2089 947 2124 lectionem,

125 2134 153 2158 et
164 2129 214 2157 οὐκ
227 2130 390 2167 ἐνεργεῖσθαι
401 2135 502 2168 postea
518 2133 636 2168 exponit
661 2133 784 2161 Basilius
794 2132 858 2163 τοὺς
874 2132 946 2170 ἐνερ-

124 2176 240 2212 γοῦντας
269 2174 431 2204 κωλύεσθαι.
460 2179 498 2205 At
527 2177 764 2213 Cbrysostomus,
793 2186 858 2213 pag.
883 2178 946 2211 661,

125 2220 211 2247 aliter
239 2220 383 2255 explicat,
413 2220 682 2256 συν-τελεσθήσονται.
713 2221 746 2249 Οἱ
775 2219 804 2248 δὲ
832 2218 945 2255 ἀσεϐεῖς,

125 2263 216 2301 φησὶν,
234 2263 411 2292 ἀπολοῦνται.
432 2266 545 2302 ιῙῑηρὶἱ
576 2273 652 2301 vero,
682 2266 789 2301 inquit,
822 2265 945 2301 disperi-

1052 1021 1111 1049 Col.
1122 1021 1175 1048 230
1190 1021 1210 1048 C
1225 1022 1251 1047 2.
1268 1020 1407 1048 Scintilla.
1433 1019 1594 1046 Annotarat
1610 1016 1766 1052 interpres,
1783 1023 1836 1051 pro

1016 1065 1131 1102 σπινθὴρ
1147 1063 1270 1099 δικαίων,
1287 1064 1364 1099 quod
1381 1063 1523 1098 scriptum
1540 1063 1585 1089 est
1599 1060 1738 1088 exhibent
1754 1060 1784 1087 Ρ.
1800 1059 1833 1087 Η.

1014 1110 1049 1143 1.,
1065 1109 1219 1145 legendum
1232 1109 1347 1144 σπινθὴρ
1363 1106 1458 1142 πυρός,
1475 1106 1589 1142 «ignis.
1607 1115 1621 1130 »
1636 1106 1671 1132 At
1687 1104 1781 1131 verior
1790 1105 1835 1131 est

1011 1155 1044 1181 Α.
1062 1154 1159 1188 lectio,
1173 1152 1295 1187 δικαίως,
1315 1164 1328 1178 (ι
1345 1152 1460 1186 merito,
1478 1162 1491 1176 υ
1514 1150 1703 1186 quamobrem
1720 1157 1831 1184 expun-

1011 1199 1109 1226 ximus
1119 1207 1217 1226 vocem
1234 1209 1247 1222 ιι
1273 1199 1432 1233 1ηςῑοτυιη,
1448 1207 1462 1222 ι
1488 1198 1516 1223 et
1539 1193 1669 1231 ἐλέγχους
1691 1192 1832 1221 vertimus

1012 1254 1025 1268 ε(
1042 1243 1252 1278 accusationes,
1272 1254 1282 1267 ι
1301 1242 1396 1277 potius
1422 1248 1510 1277 quam
1527 1251 1540 1264 α
1558 1241 1742 1274 argumenta.
1761 1248 1774 1262 ››
1800 1237 1832 1264 In

1011 1288 1127 1315 duobus
1143 1296 1214 1315 mss.
1230 1286 1262 1314 H.
1280 1289 1308 1314 et
1323 1288 1344 1314 Ι.
1361 1283 1555 1321 ἐμπυρσεύεται
1580 1283 1754 1318 reperimus,
1780 1289 1832 1317 pro

1010 1331 1200 1369 ἐμπορεύεται.

1047 1378 1119 1404 Ibid.
1136 1378 1157 1404 D
1173 1379 1199 1405 2.
1211 1377 1268 1405 U-na
1276 1376 1395 1412 quidem.
1409 1373 1601 1402 Restituimus
1613 1370 1829 1406 interpretatio-

1009 1429 1075 1449 nem
1093 1421 1182 1457 hujus
1198 1421 1390 1457 periodi,cum
1402 1427 1504 1446 omnes
1515 1416 1667 1444 codicesin
1685 1417 1830 1451 receptam

1009 1465 1163 1494 lectionem
1179 1465 1390 1499 consentirent,
1405 1462 1506 1491 deletis
1522 1461 1612 1494 illis,«
1634 1459 1707 1492 Quia
1716 1460 1759 1487 vis
1771 1459 1831 1487 haec

1009 1511 1111 1538 st‘ticax
1126 1519 1143 1537 ιι
1160 1511 1215 1538 Deo
1230 1510 1378 1537 confertur
1392 1506 1511 1536 sanctis.
1530 1518 1543 1531 η
1558 1505 1717 1533 Conﬁrmat
1731 1512 1831 1531 emen-

1009 1557 1154 1584 dationem
1167 1555 1298 1590 Procopii
1309 1552 1571 1589 interpres,pag.40
1583 1560 1589 1579 :
1603 1563 1616 1575 ι(
1634 1550 1696 1578 Una
1710 1549 1830 1585 quidem

1010 1604 1054 1628 est
1068 1601 1194 1637 Spiritus
1209 1599 1313 1636 gratis,
1327 1599 1463 1626 virtutem
1479 1605 1496 1624 a
1510 1596 1567 1624 Deo
1584 1595 1693 1623 sanctis
1708 1594 1777 1621 viris
1793 1594 1829 1621 ad

1008 1654 1110 1674 eorum
1126 1653 1189 1681 quas
1204 1645 1376 1680 ignorantur
1390 1641 1585 1678 cognitionem
1601 1648 1664 1675 quas
1679 1638 1829 1666 revelatio-

1007 1699 1072 1718 nem
1090 1690 1244 1726 cordisque
1261 1688 1485 1716 illustrationem
1503 1688 1654 1722 praestans.
1672 1695 1686 1709 »

1042 1744 1155 1771 Col.23l
1175 1745 1194 1770 C
1208 1739 1554 1778 2.Quapropter.Mutilam
1565 1737 1765 1766 exhibetbanc
1777 1744 1829 1772 pe-

1006 1789 1121 1816 riodum
1138 1789 1246 1824 Regius
1261 1788 1351 1814 codex
1367 1786 1394 1813 F.
1416 1787 1572 1820 Propterea
1597 1783 1752 1817 interpres,
1776 1781 1826 1816 qui

1005 1841 1038 1860 eo
1055 1834 1202 1866 utebatur,
1218 1833 1362 1867 integram
1377 1829 1457 1858 illam
1474 1829 1681 1864 repraesentare
1697 1834 1754 1853 non
1771 1833 1824 1860 po-

1004 1878 1071 1904 tuit.
1088 1877 1136 1903 Διά
1161 1876 1191 1903 ἐκ
1214 1875 1363 1913 προσώπου
1378 1875 1426 1901 τοῦ
1442 1872 1540 1910 Κυρίου
1557 1869 1763 1907 διαλεγομένοις
1778 1868 1826 1896 αὖα

1003 1924 1072 1954 τοῖς,
1087 1921 1123 1952 ὼς
1140 1920 1232 1956 δηλοῖ·
1243 1923 1273 1948 at
1288 1920 1395 1955 Regius
1411 1918 1483 1946 alter
1498 1918 1531 1946 Η.
1548 1919 1576 1945 et
1589 1919 1610 1944 Ι.
1627 1916 1826 1951 suffragantur

1003 1965 1140 2002 Anglicis,
1156 1965 1186 1993 in
1202 1965 1308 2000 quibus
1321 1966 1418 1991 tamen
1431 1961 1635 1998 corrigendum
1652 1959 1725 1987 illud
1757 1957 1824 1994 μὲλ-

1004 2009 1070 2044 λειν,
1087 2014 1114 2039 et
1134 2010 1321 2038 scribendum
1344 2007 1445 2044 μέλειν,
1472 2009 1504 2034 ut
1529 2005 1704 2041 scripsimus
1733 2003 1821 2031 alibi:

1002 2054 1046 2088 Μή
1065 2054 1156 2090 μέλειν
1170 2053 1244 2089 αὐτῴ
1266 2055 1319 2080 τῶν
1332 2053 1495 2090 γινομένων.
1511 2062 1525 2075 «ι
1542 2052 1600 2078 Aut
1616 2057 1672 2076 non
1688 2057 1754 2076 eum
1772 2056 1823 2075 cu-

1003 2108 1076 2133 rare,
1095 2108 1158 2135 quas
1173 2100 1334 2134 geruntur:
1354 2109 1366 2121 n
1383 2097 1429 2124 hic
1444 2103 1560 2131 quoque
1574 2093 1745 2121 vertendum
1762 2095 1820 2119 est:

1005 2155 1014 2168 α
1026 2144 1097 2171 Nam
1109 2144 1247 2180 quoniam
1261 2143 1352 2170 Deum
1364 2150 1420 2168 non
1433 2148 1534 2167 curare
1545 2138 1763 2167 arbitrabantur
1776 2144 1822 2164 res

1002 2189 1157 2222 humanas,
1173 2197 1222 2216 eos
1238 2186 1471 2217 subsannabant,
1496 2184 1546 2220 qui
1571 2191 1605 2210 ex
1626 2189 1751 2218 persona
1774 2181 1823 2208 Dei

1001 2234 1076 2269 apud
1095 2242 1143 2261 eos
1155 2232 1415 2266 concionabantur,
1427 2230 1502 2258 sicut
1511 2227 1653 2256 Jeremias
1665 2225 1771 2254 indicat
1781 2225 1824 2253 di-

1001 2285 1089 2305 cens:
1110 2280 1175 2305 Tota
1197 2278 1242 2304 die
1258 2275 1430 2313 peruuerari
1441 2273 1636 2302 subsannatus.
1655 2283 1669 2297 »
1696 2270 1823 2306 Vulgata

123 2308 208 2355 pum}
224 2320 237 2333 ”
253 2309 314 2337 διώ
329 2309 417 2337 ﬁnem
434 2310 555 2355 pagina?
572 2309 594 2336 εἶ
609 2310 660 2347 γὰρ
676 2309 693 2344 ἡ
719 2308 830 2355 an?“
847 2318 946 2337 cmen'
962 2315 986 2346 D
1002 2323 1103 2350 Latina
1117 2322 1224 2350 Jerem.
1240 2308 1287 2355 xx,
1303 2321 1337 2349 7:
1353 2321 1451 2348 Factus
1474 2327 1534 2346 sum
1557 2319 1588 2345 in
1607 2317 1731 2346 derisum
1761 2317 1823 2344 tota

124 2353 256 2381 dandum
271 2362 305 2381 ex
319 2356 353 2381 Η.
369 2359 397 2382 et
413 2356 434 2382 Ι.
452 2354 469 2388 ἡ
485 2353 632 2387 ἀνάλωσις,
654 2356 761 2390 rejects.
775 2354 896 2383 lectione
911 2356 944 2382 A.

122 2399 151 2425 et
175 2397 218 2431 F.,
247 2406 335 2433 quam
364 2401 485 2427 secutus
517 2399 692 2428 Tilmannus
719 2399 888 2436 scripserat,
917 2398 948 2426 Si

122 2443 196 2470 enim
211 2443 367 2478 captivitas.

157 2496 219 2524 Col.
242 2497 294 2523 227
319 2498 342 2524 A
367 2497 392 2524 1.
418 2498 493 2526 Hanc
516 2498 598 2526 horti.
620 2497 813 2536 Ἐπαμφότερα
839 2499 945 2526 alicubi

123 2540 244 2576 reperiri
269 2549 319 2576 pro
344 2540 385 2568 ἐπ’
401 2541 542 2580 ἀμφότερα
557 2543 641 2570 docet
656 2545 757 2570 auctor
771 2542 861 2571 erci
880 2543 947 2571 The-

121 2586 213 2617 sauri,
229 2585 276 2613 cui
293 2585 354 2614 loco
371 2587 476 2622 poterit
491 2587 544 2614 hoc
555 2587 720 2623 exemplum
737 2587 946 2622 adjici,sutt‘ra-

121 2629 263 2665 gentibus
282 2630 312 2658 F‘.
330 2632 358 2657 et
371 2632 403 2658 A.
420 2639 504 2665 mss.,
522 2631 579 2659 nisi
595 2631 711 2659 obstent
725 2631 773 2658 alii
789 2631 847 2659 duo
864 2632 895 2658 Η.
917 2634 946 2659 et

121 2675 143 2700 Ι.
161 2674 212 2710 qui
228 2672 269 2700 ἐπ’
285 2674 424 2713 ἀμφότερα
440 2675 584 2712 scriptum
610 2676 757 2704 exhibent.
787 2676 846 2704 Hoc
875 2684 943 2712 ergo

119 2718 183 2745 vult
198 2719 336 2754 Basilius,
347 2719 377 2747 in
393 2720 500 2748 bonam
517 2729 730 2757 nonnunquam
743 2722 942 2757 partem,non-

119 2771 273 2798 nunquam
291 2764 318 2792 in
335 2764 443 2792 malam
460 2766 551 2801 accipi
571 2765 601 2794 in
623 2766 775 2802 Scriptura
786 2773 886 2793 vocem
915 2770 942 2810 μ

119 2816 210 2844 quam
226 2809 330 2843 Aquila
343 2809 545 2846 Ponticus,qui
561 2811 616 2838 sub
627 2811 756 2838 Adriano
767 2810 942 2846 imperatore

117 2852 197 2881 circa
207 2861 319 2882 annum
335 2853 441 2882 Christi
464 2853 516 2882 125
531 2857 598 2891 post
612 2855 805 2892 Septuaginta
827 2853 942 2891 primus

1000 2367 1057 2400 die,
1073 2375 1164 2394 omnes
1174 2366 1345 2394 subsannant
1360 2371 1413 2392 me.

1037 2411 1095 2439 Col.
1111 2411 1164 2438 234
1180 2411 1200 2438 Β
1217 2411 1260 2437 10.
1276 2412 1367 2445 Supra
1391 2408 1615 2443 fundamentum.
1643 2405 1756 2434 Vitiosa
1784 2403 1822 2432 le-

1000 2457 1041 2484 tio
1058 2465 1112 2484 ms.
1131 2456 1160 2483 F.
1184 2454 1327 2490 imposuit
1342 2453 1506 2489 interpreti,
1523 2460 1612 2488 quam
1628 2453 1656 2479 at
1670 2458 1763 2486 operm
1777 2451 1821 2484 ty-

1000 2500 1183 2537 pographica
1199 2499 1338 2536 amplexae
1348 2498 1500 2532 sunt,dum
1515 2497 1664 2532 eleganter
1679 2494 1820 2530 scriptum

1000 2547 1130 2574 codicem
1146 2545 1267 2581 Regium
1282 2552 1370 2579 quam
1388 2542 1588 2579 apographum
1606 2539 1759 2576 Anglicum
1775 2546 1823 2565 va-

1000 2591 1052 2618 riis
1077 2590 1250 2618 lectionibus
1275 2590 1428 2616 oneratum
1450 2586 1534 2622 sequi
1549 2584 1681 2612 malunt:
1698 2585 1728 2610 at
1743 2583 1771 2609 in
1787 2590 1820 2609 eo

999 2635 1077 2662 sicut
1092 2636 1120 2662 et
1132 2634 1159 2661 in
1178 2634 1210 2660 tl.
1229 2633 1251 2661 Ι.
1269 2633 1411 2668 scriptum
1429 2630 1556 2658 offendes
1586 2627 1629 2655 ἐπὶ
1645 2629 1685 2662 τῷ
1702 2624 1820 2662 θεμελίῳ

997 2679 1050 2704 τῶν
1067 2676 1239 2712 ἀποστόλων,
1254 2679 1284 2704 et
1297 2674 1323 2702 ἓν
1351 2677 1404 2702 τῶν
1434 2673 1517 2710 ὀρέων
1547 2673 1579 2706 ἦν
1608 2672 1718 2708 Πέτρος.
1746 2670 1818 2706 Eph.

997 2724 1068 2756 11,2.
1099 2724 1201 2757 Itaque
1227 2720 1422 2757 expunximus
1451 2718 1531 2746 illam
1549 2716 1817 2752 interpretationem

998 2767 1176 2800 Titinanni,«
1193 2769 1242 2794 Est
1256 2765 1333 2792 enim
1349 2764 1493 2792 aedificata
1507 2763 1536 2790 in
1553 2761 1692 2797 apostolis
1708 2762 1737 2788 et
1751 2768 1818 2795 pro-

996 2811 1158 2847 phetis,qui
1165 2811 1230 2846 ejus
1237 2809 1394 2837 fundamen
1401 2808 1601 2842 tumjecerunt
1607 2812 1730 2842 quorum
1739 2812 1817 2832 unus

995 2858 1058 2884 erat
1068 2857 1182 2884 Petrus.
1194 2863 1207 2881 ι
1230 2852 1411 2890 Astipulatur
1421 2854 1527 2881 ηοεὶιιω
1537 2849 1734 2880 emendationi
1747 2851 1816 2877 Pro-
