2029 3143
227 181 240 211 1
246 180 305 211 083

822 181 940 211 ΝΟΤΕ
962 181 1185 212 FRONTONIS
1207 181 1338 213 DUCAEI

1854 180 1933 210 1081

225 245 300 281 copii
316 245 463 282 interpres
480 254 546 282 pag.
563 247 594 274 41
609 256 616 274 :
636 257 649 271 ι‹
667 247 720 279 Qui
737 246 985 283 superediﬁcatos
1002 255 1049 274 su-
1066 248 1092 281 Α
1109 245 1211 282 μάτων·
1229 259 1243 272 ‹‹
1257 247 1294 275 Ut
1308 246 1425 283 gladius
1445 245 1564 282 ille,qni
1574 246 1609 273 ad
1621 245 1855 274 interimendum
1868 245 1931 281 plu-

225 299 277 327 per
284 291 475 318 fundamentu
482 300 508 318 m
518 291 717 327 apostolorum
725 294 753 319 et
760 291 970 328 prophetarum
978 291 1049 319 scri-

224 335 295 362 bit.»
309 335 419 363 Similis
430 335 797 364 sententialib.nAdrersus
809 337 973 363 Eunamium
986 344 991 363 :
1003 335 1048 362 τὸν

224 378 268 406 διὰ
285 379 400 410 πίστεως
429 379 567 418 ὑπεροχήν
593 379 634 418 ἐφ’
649 381 740 407 ἑαυτὸν
758 379 907 416 ο’“κοδομήν
922 384 971 414 τῆς
989 380 1049 408 Ἐκ-

223 423 340 458 κλησίας
357 423 510 460 δεξάμενον.
537 426 582 452 Sic
606 428 634 452 et
649 425 833 461 Augustinus
858 426 886 453 in
912 426 1049 461 psalmum

225 478 337 503 Lxxxv1,
356 469 548 497 fundamenta
564 470 628 506 ejus
645 470 673 498 in
691 470 891 505 montibus,de
909 469 1050 506 apostolis

224 516 252 541 et
268 514 419 550 prophetis
435 514 562 550 exponit.

260 567 319 595 Col.
336 568 388 594 237
402 568 424 595 D
442 568 466 595 1.
482 570 535 601 Τῆς
560 565 725 602 aratum.
744 568 808 595 Haec
826 570 870 595 est
886 567 967 604 Regii
983 568 1047 596 cod.

223 612 253 640 F.
271 612 427 648 scriptura,
440 621 528 647 quam
545 615 662 641 secutus
678 612 1048 646 Tilmann.ediderat,sem-

219 657 341 692 pilenta:
365 657 413 684 Dei
438 661 570 685 natura:
597 659 626 685 at
646 657 849 693 apographum
877 657 992 693 Anglic.
1019 657 1048 684 in

225 701 356 737 margine
373 702 477 729 habuit
491 705 542 736 τῆς
559 701 702 738 ἁγιότητος
727 703 775 727 τοῦ
796 703 874 736 Θεοῦ,
896 702 1050 729 sanctitatis

222 747 281 779 Dei,
299 746 327 773 in
344 745 408 782 ipso
422 754 488 774 vero
504 749 582 775 textu
599 749 648 780 τῆς
669 744 804 780 ἷδιότητς,
822 746 868 773 cui
884 747 1048 782 suifragan-

223 793 271 818 tur
299 790 332 817 Η.
362 792 390 817 et
415 791 435 819 l.
461 791 620 827 Procopius
643 799 671 827 p.
697 791 750 818 43:
777 789 842 818 Εἶτα
856 789 1049 827 προχοπτούσῃ

221 836 255 871 τῇ
282 834 380 871 γνώσει
406 835 456 869 τὴν
481 834 531 862 τοῦ
557 837 623 862 Θεοῦ
647 835 838 872 προσθήσομεν
862 833 987 870 ἰδιότητα
1000 837 1049 862 τοῦ

222 880 289 906 Θεοῦ
306 875 432 905 ¹1αχώϐ’‹‹
444 880 552 908 Deinde
563 883 751 916 promovente
762 879 954 915 intelligentia
966 888 1049 914 pecu-

222 924 294 951 liare
310 923 360 951 Dei
376 924 466 952 Jacob
490 925 662 959 adjiciamus
686 924 856 952 discrimen.
880 937 892 950 ι
923 924 1050 960 Opponit

222 977 407 996 communem
423 969 557 997 notitiam
573 969 634 1003 Dei,
651 969 793 1005 peculiari
806 972 833 996 et
843 969 979 1005 proprias,
991 977 1048 1004 qua

223 1014 336 1042 scilicet
352 1016 426 1042 Deus
441 1015 531 1042 Jacob
547 1014 727 1050 agnoscitur,
746 1017 774 1042 et
790 1017 823 1042 ut
837 1014 877 1041 ait
891 1013 1048 1049 Apostolus

226 1059 310 1086 Hebr.
339 1068 380 1094 x1,
405 1060 447 1092 16,
471 1067 524 1088 non
550 1059 730 1094 confunditur
754 1060 846 1087 vocari
860 1059 929 1086 Deus
942 1066 1046 1092 eorum,

224 1103 279 1130 hoc
294 1104 350 1138 est,
365 1103 460 1131 vocari
479 1104 556 1131 Deus
572 1104 728 1136 Abraham,
747 1103 827 1131 Isaac
839 1106 866 1131 et
877 1103 1048 1136 Jacob,tan-

224 1157 313 1185 quam
336 1149 492 1185 peculiaris
508 1158 608 1177 eorum
625 1150 715 1182 Deus,
731 1150 820 1177 Exodi
836 1158 877 1181 ιιι,
894 1149 922 1176 5.
947 1150 1049 1184 Itaque

225 1194 324 1229 aptius
339 1194 386 1221 hic
397 1194 543 1222 scribetur
559 1206 572 1219 α
591 1194 746 1230 peculiaris
761 1195 825 1229 ejus
843 1194 1016 1222 divinitatis.
1035 1205 1048 1218 ››

228 1238 260 1265 In
277 1239 409 1266 eamdem
426 1239 600 1266 sententiam
618 1239 690 1266 dixit
705 1239 757 1265 lib.
776 1238 930 1266 IAduersus
958 1239 1048 1266 Euno-

227 1283 315 1310 mium
326 1291 335 1309 :
351 1284 413 1313 Τοῖς
440 1282 487 1318 μὶν
503 1282 589 1320 ἁγίοις
614 1281 695 1309 αὐτοῦ
711 1283 724 1309 ὁ
740 1282 802 1313 Θεὸς
818 1285 858 1318 τῷ
873 1280 990 1319 Αϐραὰμ
1003 1282 1048 1309 καὶ

224 1327 265 1362 τῷ
293 1326 385 1354 Ἰσαὰκ
406 1327 451 1354 καὶ
475 1329 515 1363 τῷ
541 1325 648 1363 Ἰακὼϐ,
674 1326 710 1353 ὦν
733 1325 777 1354 διὰ
789 1327 819 1354 τὸ
835 1326 872 1358 εἷς
888 1330 973 1354 πᾶσαν
988 1327 1048 1364 ἀρε-

224 1371 274 1405 τὴν
290 1370 394 1399 τέλειον
419 1371 464 1398 καὶ
486 1371 517 1398 τὸ
547 1372 611 1403 Θεὸς
627 1370 816 1408 ὅνομάζισθαν
834 1375 862 1400 et
876 1372 1049 1408 Chrysosto-

227 1424 293 1443 mus
317 1417 348 1443 in
370 1417 472 1452 psalm.
496 1424 598 1452 cxxxv,
621 1425 686 1452 pag.
711 1417 782 1444 507:
799 1416 829 1444 Ὁ
846 1415 910 1447 Θεὸς
939 1413 1046 1450 Ἰακὼϐ,

221 1458 267 1486 ἳνα
292 1459 339 1493 τήν
367 1459 502 1487 οἷκείωσιν
527 1461 686 1497 παραστήσῃ
709 1460 753 1487 καὶ
779 1461 829 1495 τήν
853 1459 965 1495 ποΛλῆν
981 1461 1049 1498 πρὸς

225 1503 322 1534 αὐτοὺς
337 1504 452 1542 ἂγὰπην·
474 1517 487 1531 ‹‹
503 1507 580 1534 Deus
594 1508 672 1534 Isaac
684 1509 711 1534 et
722 1506 798 1534 Deus
808 1506 1049 1540 Jacob,utosten-

226 1550 276 1577 dat
300 1550 526 1579 familiaritatem
553 1553 581 1579 et
606 1551 843 1586 conjunctionem
865 1553 893 1578 et
907 1559 1047 1586 magnum

226 1603 313 1622 suum
325 1595 354 1621 in
365 1603 414 1623 eos
428 1604 568 1623 arnorem.
583 1607 597 1620 υ
606 1595 720 1623 Rursus
730 1596 910 1623 correximus
921 1595 975 1623 hoc
984 1595 1046 1623 loco

223 1639 387 1666 versionem
401 1639 529 1673 illorum,
553 1641 612 1669 τοῖς
625 1637 653 1666 δὲ
670 1641 870 1676 στοιχειωθιῖσι
886 1638 983 1666 λοιπὸν
1001 1638 1045 1665 καὶ
1062 1621 1083 1655 C

223 1681 296 1713 τίνος
312 1684 389 1718 Θεοῢ,
404 1695 417 1708 u
432 1684 474 1711 eis
485 1692 562 1718 vero,
579 1684 627 1719 qui
642 1684 780 1718 deinceps
797 1684 860 1718 jam
886 1687 955 1711 sunt
979 1692 1048 1711 eru-

224 1726 276 1754 diti
295 1727 330 1754 de
345 1727 423 1761 Deo;
442 1739 455 1752 ν
471 1737 528 1755 non
546 1728 623 1755 enim
635 1727 769 1756 absolute
781 1728 816 1755 de
827 1729 947 1762 Deo,sed
964 1729 1049 1762 cujus

225 1771 276 1798 Dei
292 1772 480 1807 peculiariter
494 1772 690 1808 cognitionem
708 1772 794 1800 nacti.

261 1824 320 1852 Col.
343 1825 397 1852 540
419 1825 441 1852 Ι)
465 1826 494 1852 5.
519 1826 571 1851 Τοῦ
593 1824 664 1852 τότε.
690 1825 736 1852 Sic
762 1825 793 1852 F.
811 1828 846 1852 At
861 1826 894 1852 Β.
911 1825 933 1852 Ι.
949 1829 976 1852 et
990 1827 1047 1852 An-

227 1869 294 1904 glic.
318 1871 367 1895 τοῦ
391 1879 456 1896 ποτε
476 1868 612 1904 δοθίντος,
628 1870 645 1904 ἢ
662 1879 714 1895 που
729 1868 930 1906 γεγραμμένου·
953 1880 967 1894 ‹‹
983 1870 1050 1902 Qum

228 1914 298 1941 olim
315 1914 448 1947 data,aut
464 1915 571 1942 alicubi
587 1914 740 1950 scripta,et
754 1914 876 1941 verbum
889 1914 1002 1942 Domini
1014 1914 1050 1941 de

224 1957 396 1993 Jerusalem,
414 1958 616 1994 propheticum
628 1959 749 1986 verbum
765 1958 835 1986 dicit
847 1967 853 1986 :
866 1960 974 1987 Verum
984 1959 1048 1986 ubi-

226 2010 283 2037 que
300 2003 329 2029 in
345 2003 448 2030 Judzea
461 2003 521 2030 haec
538 2004 680 2037 evenisse,
696 2011 753 2030 non
770 2003 857 2031 modo
869 2003 898 2030 in
912 2003 1049 2031 Hierusa-

225 2046 314 2074 lem.»
326 2049 422 2082 Atque
433 2048 487 2075 hoc
499 2047 598 2075 Italico
610 2047 778 2075 charactere
789 2047 979 2074 scribendum
992 2055 1050 2074 non

227 2091 291 2126 l'uit,
309 2100 404 2128 neque
419 2092 496 2120 enim
512 2100 596 2120 voces
613 2091 655 2119 hee
673 2093 742 2119 sunt
757 2091 913 2127 prophetae,
930 2092 980 2119 sed
997 2094 1050 2118 Ba-

227 2136 298 2171 silii,
328 2138 360 2164 ut
385 2139 500 2165 constat
520 2145 554 2164 ex
579 2136 716 2172 Procopio
739 2144 805 2171 pag.
821 2136 874 2163 44:
899 2134 946 2166 Τίς
964 2133 992 2162 δὲ
1006 2135 1050 2162 καὶ

227 2179 241 2205 ὁ
273 2178 377 2218 λόγος;
400 2181 432 2208 Ei.
456 2180 508 2218 γὰρ
534 2181 548 2208 ὁ
573 2180 761 2218 προφητικὸς,
787 2182 846 2210 πῶς
867 2178 893 2216 ἐξ
917 2181 1050 2217 Ἰερουσα-

228 2224 308 2260 λήμ;
326 2237 339 2250 α
356 2226 508 2259 Quodnam
520 2228 616 2253 autem
630 2225 751 2253 verbum
763 2225 777 2252 ‘l
791 2225 821 2253 Si
837 2225 914 2252 enim
930 2224 1052 2261 prophe-

227 2270 318 2297 ticum
342 2271 551 2306 respondeant,
576 2270 721 2306 quomodo
735 2270 771 2297 de
784 2269 969 2298 Hierusalem
983 2278 1051 2305 pro-

227 2314 318 2341 diisse
334 2314 502 2342 docebunt?
518 2326 531 2339 »
549 2315 608 2342 Hoc
624 2314 686 2342 vult
701 2314 853 2350 propheta,
863 2314 893 2342 in
904 2313 1049 2342 Judeale-
1066 2307 1090 2340 Ι)

228 2367 294 2395 gem
307 2358 372 2387 illos
384 2359 565 2393 habuisse,et
572 2359 781 2395 prophetarum
788 2359 885 2387 verbis
891 2359 1052 2387 instructos

228 2403 319 2431 fuisse
335 2403 444 2439 ubique
458 2402 599 2431 locorum.
615 2405 758 2430 Praeterea
772 2401 994 2431 immutavimus
1009 2411 1053 2431 sc-

229 2450 367 2484 quentem
384 2447 557 2484 periodum:
575 2458 589 2472 ‹‹
600 2447 716 2475 Etenim
728 2447 838 2475 sanctis
849 2447 984 2484 congruit
995 2448 1052 2475 dis-

227 2495 308 2520 creta
324 2492 373 2520 illa
387 2492 573 2527 dijudicutio,
590 2495 620 2519 ut
635 2492 744 2528 quique
761 2492 977 2528 noverint,quid
994 2492 1054 2520 sint

227 2537 398 2573 promeriti:
412 2537 558 2573 judicium
575 2538 673 2564 autem
684 2537 730 2564 bis
741 2537 885 2565 convenit.
903 2548 916 2562 ››
934 2538 994 2564 Imo
1007 2537 1054 2571 ju-

227 2582 318 2610 dicari
335 2583 454 2616 debent,
471 2591 527 2610 non
540 2582 685 2618 judicare.

263 2627 322 2655 Col.
340 2628 392 2655 243
409 2627 429 2654 Β
447 2628 471 2655 1.
492 2627 523 2655 Ut
539 2626 651 2662 gladius
666 2626 723 2653 ille.
738 2626 837 2661 junxit
848 2633 946 2653 vocem
969 2630 1053 2663 φθαρ-

226 2671 307 2705 τικήν
323 2680 389 2700 cum
405 2671 465 2700 illis
482 2671 599 2699 duabus
613 2671 755 2704 ζωοποιῶν
773 2669 948 2706 σπερμάτων,
964 2671 1054 2698 intor-

229 2724 306 2752 pres,
331 2725 398 2744 cum
413 2716 510 2750 vertit,
526 2727 539 2741 ‹‹
557 2715 674 2752 gladius
691 2714 740 2742 ille
755 2714 965 2742 internectivus
981 2715 1053 2743 vita-

230 2759 302 2787 lium
319 2761 476 2796 seminum,
489 2772 503 2786 ››
519 2760 592 2795 vel,«
609 2759 660 2796 qui
674 2759 774 2787 vitalia
789 2759 885 2795 perdit
895 2759 1026 2795 semina;
1040 2770 1054 2785 ››

231 2803 282 2831 sed
295 2805 390 2840 aptius
400 2814 466 2834 cum
478 2805 568 2833 altero
578 2803 689 2832 verbali
698 2804 859 2840 jungentur
870 2803 978 2832 eisdem
992 2804 1055 2832 duis

231 2856 328 2884 voces,
357 2851 389 2877 ut
413 2849 536 2884 dicatur,
564 2848 689 2886 μάχαιρα
713 2849 948 2885 παρασκευαστική
974 2858 1055 2886 σπιρ-

1106 292 1214 320 rimum
1238 292 1322 327 valet,
1339 292 1375 319 ad
1399 291 1590 327 praeparanda
1602 290 1716 319 vivifica
1731 291 1849 318 semina
1866 291 1929 318 usui

1105 340 1258 372 essetque:
1271 336 1427 365 animabus
1436 336 1546 364 ratione
1556 335 1685 372 pra-ditis
1693 335 1929 371 persapientiam

1105 382 1288 417 inseruntur,
1311 384 1339 409 et
1367 381 1591 409 convertendus.
1615 392 1628 405 »
1652 380 1842 416 Astipulatur
1867 380 1932 406 huic

1105 427 1303 454 emendationi
1319 427 1435 454 Graecus
1460 428 1556 453 textus
1571 427 1600 453 et
1630 425 1753 453 Latinus
1782 425 1932 460 interpres

1105 471 1248 507 Procopii,
1260 480 1287 507 p.
1304 472 1349 505 46,
1366 483 1379 496 (ι
1397 471 1426 498 in
1443 473 1572 498 aratrum
1585 471 1649 505 jam
1664 477 1827 497 conversus
1844 469 1932 497 semi-

1105 524 1143 543 na
1158 516 1208 543 illa
1232 516 1357 550 vivifica,
1380 524 1443 551 quae
1466 515 1618 551 sapientiae
1635 513 1777 542 beneﬁcio
1804 513 1933 541 rationis

1105 560 1298 596 participibus
1306 560 1413 589 animis
1424 560 1845 595 innascuntur,pra:pararet.u
1853 558 1932 590 Quod

1105 605 1249 640 sequitur,
1267 603 1381 642 χάριτος
1404 602 1589 643 φυλακτήρων
1617 601 1762 637 ποιητικόν
1783 602 1876 630 lectio
1892 604 1934 630 est

1106 649 1186 686 Regii
1204 658 1258 677 ms.
1276 650 1309 677 H.
1322 652 1350 677 et
1365 649 1386 677 l.
1403 649 1521 676 Rectius
1537 649 1566 675 in
1583 648 1613 676 F.
1630 650 1659 675 et
1673 647 1786 683 Anglic.
1805 647 1936 675 habetur

1104 692 1294 732 φυλακτηρίων
1309 693 1465 728 ποιητικόν.
1481 694 1633 721 Postremo
1647 691 1844 728 πεπωρωμὲνα
1859 700 1935 719 com-

1105 739 1221 767 modius
1246 739 1293 767 hic
1316 739 1426 774 legetur
1446 746 1480 766 ex
1505 738 1562 765 fide
1586 738 1712 765 duorum
1728 737 1894 772 Regiorum
1909 739 1937 763 et

1104 785 1184 812 textu
1213 783 1356 819 Procopii,
1384 791 1473 819 quam
1498 791 1565 810 cum
1593 782 1704 818 Anglic.
1731 781 1933 817 πεπυρωμένα,

1104 825 1202 863 Ζιϐύνη
1219 830 1317 856 autem
1333 827 1498 864 simplicius
1514 827 1653 855 reddetur
1668 838 1682 852 ‹‹
1699 826 1836 861 lancea,»
1846 833 1934 860 quam

1104 872 1257 908 «jaculum
1274 873 1348 900 ferro
1365 871 1638 908 praaacuminatum,
1658 883 1668 895 ι
1689 879 1724 898 ne
1737 870 1815 898 forte
1832 870 1935 898 adver-

1105 919 1186 944 sctur
1201 917 1268 945 huic
1284 917 1482 944 additamento
1498 915 1679 951 interpretis,
1695 915 1775 951 quod
1791 916 1842 942 est
1857 915 1934 950 apud

1103 961 1279 997 Hesychium
1297 964 1325 989 et
1341 961 1475 996 Suidam,
1494 957 1588 995 ζιϐύνη
1614 957 1777 996 ὁλοσίδηρον
1807 958 1933 985 ἀκόντιον

1102 1006 1119 1041 ἢ
1137 1005 1240 1042 λόγχη,
1256 1017 1268 1031 ι(
1285 1005 1422 1033 Jaculum
1440 1013 1560 1042 prorsus
1577 1005 1702 1032 ferreum
1727 1003 1772 1031 vel
1798 1003 1900 1032 hasta.
1918 1014 1932 1028 »ι

1102 1050 1309 1084 Tertullianus,
1321 1059 1353 1078 ιιι
1364 1051 1394 1078 in
1414 1050 1579 1078 Marcionem
1593 1058 1656 1085 cap.
1672 1049 1717 1084 21,
1734 1049 1872 1076 Graecam
1887 1048 1931 1075 di-

1103 1095 1229 1123 ctionem
1254 1095 1385 1129 retinuit,
1402 1095 1552 1123 Considant
1567 1094 1719 1122 machara;
1734 1094 1766 1121 in
1780 1095 1899 1127 amtra,
1910 1094 1934 1119 et

1103 1139 1214 1175 sibynas
1236 1141 1267 1167 in
1291 1140 1372 1174 falce.
1396 1139 1547 1167 Hebraeum
1573 1147 1682 1172 vocem,
1699 1146 1758 1174 qua
1787 1146 1867 1165 usus
1892 1138 1935 1164 est

1104 1185 1290 1219 Isaiasmun,
1301 1192 1379 1212 nunc
1399 1182 1475 1221 δόρυ,
1494 1186 1526 1211 ut
1541 1183 1665 1211 Michaeze
1681 1191 1718 1217 ιν,
1735 1183 1762 1215 3,
1780 1191 1865 1209 nunc
1882 1191 1933 1207 σει-

1105 1228 1255 1266 ρομάστην,
1277 1232 1309 1256 ut
1329 1229 1364 1256 ιν
1388 1229 1457 1265 Reg.
1483 1237 1523 1261 ιιι,
1541 1228 1583 1263 10,
1595 1229 1743 1255 verterunt
1759 1226 1854 1254 LXX:
1871 1234 1934 1262 qua:

1105 1273 1193 1301 dictio
1203 1281 1260 1301 non
1272 1285 1285 1298 «
1307 1273 1486 1309 pharetram,
1500 1284 1513 1298 ››
1526 1275 1557 1300 ut
1567 1272 1678 1308 putavit
1693 1271 1869 1304 Kircherus,
1885 1270 1934 1297 sed

1107 1327 1120 1343 α
1134 1317 1265 1346 lanceam
1283 1329 1296 1342 n
1314 1318 1411 1353 potius
1425 1317 1590 1353 signiﬁcat:
1607 1325 1706 1345 verum
1724 1315 1828 1344 omisit
1845 1315 1934 1343 inter-

1104 1371 1181 1398 pres,
1195 1361 1239 1389 καὶ
1255 1361 1462 1398 ἀπωθούμενον,
1476 1373 1490 1387 (ι
1505 1362 1628 1398 cuspide
1642 1361 1814 1398 perfodiens
1828 1369 1861 1388 ac
1870 1368 1935 1395 pro-

1105 1406 1225 1443 pellens.
1243 1418 1257 1432 ι)

1140 1451 1199 1478 Col.
1224 1451 1278 1478 246
1304 1451 1325 1479 Β
1352 1451 1394 1478 15.
1417 1451 1494 1478 Falso
1520 1450 1656 1478 arbitrata
1677 1452 1725 1478 est.
1754 1447 1934 1486 Ὑπολαμϐά-

1103 1505 1156 1522 νειν
1169 1495 1223 1523 hoc
1238 1495 1300 1523 loco
1317 1504 1374 1524 non
1390 1498 1437 1523 est
1451 1507 1465 1520 ι(
1483 1496 1625 1531 excipere,
1640 1505 1653 1520 ιο
1672 1497 1705 1523 ut
1716 1495 1835 1531 putavit
1851 1495 1936 1522 inter-

1104 1550 1180 1577 pres,
1199 1541 1249 1569 sed
1265 1552 1279 1565 u
1296 1540 1444 1575 arbitrari,
1460 1540 1639 1574 existimare,
1663 1538 1794 1575 νομίζειν·
1814 1552 1829 1564 υ
1858 1539 1935 1576 quod

1103 1586 1223 1613 verbum
1239 1585 1483 1612 substituendum
1499 1587 1545 1613 est
1561 1585 1596 1613 ad
1613 1584 1748 1612 lacunam
1775 1583 1863 1612 illam
1889 1592 1937 1612 ex-

1102 1629 1238 1666 plendam
1251 1630 1329 1665 apud
1344 1629 1529 1665 Procopium,
1541 1628 1589 1664 qui
1602 1629 1631 1656 in
1643 1637 1730 1656 suum
1744 1628 1935 1656 Commenta-

1104 1675 1180 1703 rium
1197 1674 1257 1702 haec
1275 1674 1428 1702 transtulit
1439 1683 1467 1710 p.
1481 1674 1514 1701 47
1529 1683 1535 1701 :
1552 1673 1587 1700 Τὸ
1596 1672 1766 1711 προφητικὸν
1778 1671 1856 1709 ἔχιιν
1873 1671 1933 1700 h6-

1105 1721 1194 1755 μιζον,
1220 1718 1252 1745 τὸ
1283 1718 1382 1754 Κυρίου
1406 1717 1583 1754 προσέθηκεν·
1613 1730 1626 1743 (ι
1657 1717 1800 1749 Quoniam
1835 1720 1934 1745 autem

1104 1763 1297 1791 sufficientem
1310 1763 1367 1790 sibi
1377 1762 1473 1790 lucem
1483 1762 1592 1791 habere
1604 1770 1635 1790 se
1644 1761 1935 1796 arbitrabantur,qui

1103 1807 1188 1844 legali
1201 1810 1227 1835 et
1242 1807 1410 1843 prophetica
1420 1806 1770 1841 illustrarentur,Domini
1779 1806 1877 1834 lucem
1889 1805 1936 1833 ad-

1101 1852 1179 1888 jecit.
1198 1863 1211 1876 »ι
1229 1851 1383 1887 Reliquam
1399 1851 1489 1887 hujus
1505 1851 1616 1888 periodi
1632 1850 1809 1879 sententiam
1827 1859 1863 1879 ex
1877 1850 1935 1878 col-

1105 1896 1213 1924 latione
1228 1904 1294 1924 cum
1312 1896 1410 1924 Graeco
1427 1896 1622 1930 restituimus,
1634 1895 1738 1923 deletis
1754 1895 1826 1929 illis,
1846 1907 1859 1920 «
1877 1903 1935 1930 qua

1104 1941 1173 1969 item
1197 1941 1262 1968 luce
1286 1940 1390 1976 pravis
1416 1940 1614 1976 ignorantiam
1637 1948 1738 1968 eorum
1762 1940 1934 1976 corrigeret,

1105 1986 1155 2021 qui
1171 1985 1201 2013 in
1219 1985 1348 2012 tenebris
1364 1985 1477 2012 sedent.
1494 1996 1508 2010 ››

1140 2029 1188 2057 Col
1195 2051 1201 2056 .
1214 2029 1267 2056 247
1274 2029 1686 2064 A13.Stemutavit.lnterpres
1695 2028 1934 2063 ediderat,«-Quid

1105 2074 1159 2102 hoc
1184 2073 1282 2101 innuit
1309 2075 1467 2101 sermone?
1493 2073 1556 2102 Non
1579 2073 1831 2101 animadverterat
1861 2073 1935 2100 inter

1105 2118 1232 2154 ineptias
1252 2117 1447 2146 ominantium
1460 2117 1505 2144 καὶ
1521 2118 1575 2144 τῶν
1591 2115 1846 2153 χληδονιζομὲνων,
1861 2117 1934 2144 hanc

1106 2162 1266 2196 numerari,
1284 2165 1317 2190 ut
1332 2161 1447 2190 scilicet
1469 2171 1504 2190 ex
1519 2162 1733 2190 sternutatione
1748 2164 1869 2198 captent
1884 2170 1933 2189 au-

1106 2208 1200 2244 guria.
1216 2207 1386 2235 Theocritus
1402 2207 1519 2243 eidyllio
1534 2208 1551 2233 7
1565 2215 1571 2234 :

1251 2263 1386 2300 Σιμιχίδᾳ
1403 2264 1451 2300 μὲν
1468 2262 1567 2300 ἔρωτες
1585 2263 1744 2299 ἐπέπταροψ

1248 2301 1408 2329 Simichz‘dae
1423 2308 1530 2329 amores
1543 2301 1789 2331 sier-nutaverant;

1107 2360 1137 2388 in
1154 2367 1240 2394 quem
1267 2359 1330 2386 loco
1355 2358 1534 2386 Scholiastes
1558 2359 1678 2386 annotat
1699 2358 1935 2385 sternutamenta

1107 2404 1240 2440 quaedam
1256 2402 1341 2430 utilia
1355 2410 1431 2436 esse,
1444 2402 1578 2439 quaedam
1594 2401 1724 2437 noxia,et
1738 2402 1818 2437 apud
1829 2401 1934 2429 Home-

1107 2457 1173 2476 rum
1183 2448 1213 2475 in
1223 2447 1332 2475 bonam
1347 2449 1460 2483 partem
1471 2446 1572 2483 accipi.
1585 2446 1746 2474 Athenaeus
1755 2446 1808 2479 lib,
1819 2454 1840 2474 ιι
1855 2455 1862 2474 :
1875 2445 1934 2473 Ὃτι

1108 2491 1131 2519 δ’
1147 2491 1218 2529 ἱερὸν
1235 2490 1361 2528 ἐνόμιζον
1375 2491 1424 2525 τὴν
1456 2489 1588 2529 κεφαλήν,
1606 2489 1690 2524 δῆλον
1707 2489 1737 2517 ἐκ
1750 2492 1801 2517 τοῦ
1816 2489 1862 2517 καὶ
1878 2489 1935 2516 κατ’

1108 2536 1192 2570 αὐτῆς
1207 2536 1331 2572 ὀμνύιιν,
1346 2535 1391 2563 καὶ
1407 2534 1469 2566 τοὺς
1484 2534 1643 2572 γινομάνους
1670 2534 1715 2561 ὑπ’
1735 2533 1820 2569 αὐτῆς
1850 2544 1935 2572 map-

1111 2580 1177 2618 μοὺς
1201 2583 1362 2618 προσκυνεῖν
1387 2580 1424 2611 ὡς
1447 2580 1547 2618 ἱερούς·
1565 2591 1580 2605 ‹‹
1606 2579 1687 2613 Quod
1703 2583 1801 2607 autem
1817 2588 1934 2607 sacrum

1109 2626 1179 2654 olim
1195 2628 1283 2661 caput
1299 2625 1542 2660 existimaverint,
1563 2624 1671 2652 indicio
1690 2627 1736 2652 est
1747 2625 1869 2660 jurandi
1887 2632 1936 2660 per

1109 2670 1208 2706 ipsum
1225 2671 1419 2704 consuetudo,
1435 2672 1464 2698 et
1479 2671 1726 2703 sternutamenta,
1742 2677 1807 2704 qua
1822 2677 1858 2697 ex
1874 2669 1934 2705 ipso

1111 2716 1267 2752 prodeunt,
1285 2715 1437 2743 adorandi.
1455 2726 1469 2740 ››
1485 2714 1654 2750 Xenophon.
1670 2713 1758 2742 lib.m
1773 2714 1812 2742 De
1825 2712 1935 2750 expedi-

1109 2761 1185 2789 tione
1200 2759 1346 2796 Gyr£,pag.
1363 2760 1435 2788 300:
1452 2761 1536 2786 Τοῦτο
1552 2758 1580 2786 δὲ
1596 2756 1725 2795 λέγοντος
1738 2757 1833 2792 αὐτοῦ,
1853 2755 1936 2794 πτάρι

1110 2803 1185 2832 ννταί
1212 2813 1273 2834 τις.
1307 2803 1482 2834 Ἀκούσαντες
1509 2802 1538 2830 δὶ
1568 2803 1595 2829 οἱ
1623 2804 1787 2839 στρατιῶται
1815 2801 1911 2830 πάντες
1927 2822 1934 2835 ,

1113 2850 1162 2886 μιᾷ
1177 2848 1253 2887 ὁρμῇ
1280 2847 1483 2886 προσικύνησαν
1506 2846 1552 2876 τὸν
1568 2846 1638 2879 Θιόν.
1654 2846 1703 2874 Καὶ
1720 2847 1851 2886 Ξενοφῶν
1867 2845 1933 2873 sim.
