2029 3143
130 197 143 226 1
148 195 207 226 085

121 315 176 331 των
193 304 289 335 υἱωνὸς
304 307 352 332 τοῦ
367 306 428 337 Ain;
442 307 489 332 τηῦ
509 309 636 341 σωτῆρος
663 306 756 344 ἐφάνη,
773 305 895 341 εὔξασθαι
910 308 950 342 τῷ

121 349 174 384 0εῴ
188 349 288 385 τούτῳ·
308 362 321 375 ‹‹
335 351 401 378 Haec
416 359 449 378 eo
465 351 602 386 loquente
629 353 748 386 quidam
766 352 900 379 sternuit.
918 352 949 379 Id

121 402 188 421 cum
206 395 359 422 audissent
376 395 502 423 universi
517 396 637 430 milites,
657 405 713 424 uno
730 396 839 432 impetu
858 399 949 424 Deum

121 439 259 466 adorant.
281 439 315 466 Et
332 439 490 474 Xenophon
508 440 549 468 uit
565 448 571 467 ε
589 441 720 473 Quando,
735 440 852 474 milites,
867 440 949 468 nobis

119 483 154 510 de
182 483 277 511 salute
306 483 495 520 loquentibus
524 484 683 512 servatoris
697 484 776 512 Jovis
791 485 948 520 augurium

117 527 251 555 oblatum
269 529 324 560 est,
342 528 480 564 equidem
496 528 566 556 huic
581 529 639 556 Deo
659 531 759 556 votum
776 537 949 565 nuncupan-

116 571 188 599 dum
211 572 347 600 arbitror.
367 584 380 597 »
397 573 566 609 Propertius
584 573 633 601 lib.
649 582 681 609 ii,
698 574 784 609 epist.
801 574 817 601 3
836 582 841 600 :

189 626 297 654 Aridus
312 631 440 662 argutum
452 628 572 654 sternuit
592 635 670 655 omen
685 635 772 655 amor.

116 679 187 707 Vide
201 679 401 713 Aristotelem,
416 680 619 715 problem.20;
637 680 833 713 Plinium,lib.
845 683 946 707 xxvm’

110 732 176 759 cap.
188 724 216 751 2.
226 724 314 752 Paulo
327 726 393 759 post
409 723 537 761 ἐνισχέθη
556 724 662 759 legitur
673 725 701 751 in
715 724 854 752 omnibus
863 723 948 752 mss.’

113 777 172 796 non
189 766 345 805 ἐνεσχίσθη,
359 771 393 796 ut
408 770 489 796 visus
505 772 552 796 est
567 768 624 796 sibi
639 768 747 804 legisse
762 769 946 797 Tilmannus’

109 824 122 838 ι(
142 813 220 840 Vesti
228 815 359 840 mentum
375 813 533 841 discissum
551 816 605 841 est.
617 813 784 841 »0miserat
799 814 885 842 etiam
898 813 948 842 illa

114 856 160 884 καὶ
175 858 231 884 τῶν
247 856 318 884 πάνυ
333 857 493 894 γνωρίμων.

150 902 214 929 Col.
244 902 298 928 247
324 901 346 929 D
376 902 402 929 4.
437 902 628 938 Vociferanlcs.
657 902 841 937 Sequebatur
868 903 946 938 apud

729 197 780 227 AD
803 196 1005 228 COMMENT.
1028 197 1066 227 ΙΝ
1090 196 1237 226 ISAIAM.

122 262 205 287 Δοκεῖ
221 271 280 296 μοι,
300 261 322 287 ὦ
338 259 443 298 ἄνδρες,
459 261 515 288 ἐπεὶ
531 261 593 299 περῖ
610 261 746 299 σωτηρίας
760 262 841 298 ἡμῶν
858 261 952 299 λεγόνι
969 262 995 296 Α
1011 261 1150 298 γαστέρος,
1167 272 1181 286 (ι
1197 260 1351 288 ventriculi
1370 269 1375 288 :

1756 197 1769 226 1
1777 195 1835 226 086

1395 271 1407 284 ιι
1419 261 1590 288 existimans
1605 260 1726 288 fortasse
1742 261 1833 288 alludi

1005 307 1039 333 ad
1068 306 1140 333 illud
1171 305 1276 341 psalmi
1302 313 1395 338 cxxvx,
1411 306 1428 332 3
1444 314 1451 333 :
1467 305 1499 332 Ἡ
1526 305 1702 342 κληρονυμῐα
1727 305 1830 342 Κυρίου

1005 350 1071 383 υἱοι,
1089 350 1102 376 ὁ
1121 350 1215 385 μισθὸς
1245 351 1292 376 τοῦ
1321 351 1426 385 καρποῦ
1454 350 1503 383 τῆς
1534 350 1660 386 γαστρός·
1679 351 1830 378 HJJredi/us

1005 396 1115 423 Domini
1129 396 1192 430 filii,
1204 403 1304 422 mersos
1318 395 1424 430 fructus
1441 395 1611 422 vcnlris.Scd
1630 394 1709 430 Regii
1721 395 1829 423 codicis

1005 442 1033 466 1“.
1046 440 1201 467 lectionem
1212 441 1331 466 tuentur
1342 439 1375 466 H.
1387 441 1406 465 Ι.
1418 442 1445 466 ct
1454 438 1580 474 Anglic.,
1591 441 1678 474 atque
1689 439 1752 474 ipse
1763 441 1827 466 Pro-

1004 482 1293 518 copius,quanquam
1307 481 1451 509 sententia
1469 482 1602 509 nonnihil
1615 482 1829 510 variantez’Eni

1005 527 1096 564 ψυχῆς
1127 524 1155 552 δὲ
1183 525 1262 553 τέκνα
1286 524 1432 564 ἀλλόφυλα
1462 526 1488 552 ol
1517 525 1570 553 ἀπὸ
1597 528 1650 552 τῶν
1668 523 1764 561 ἔξωθεν
1779 530 1829 561 τῆς

1005 567 1158 600 θεοσεϐείας
1173 569 1262 607 λόγων
1284 570 1394 607 καρποί·
1413 582 1428 596 (‹
1448 571 1488 598 Ad
1517 570 1648 598 animum
1677 573 1774 599 autem
1805 573 1830 599 si

1005 617 1113 644 referas
1122 615 1198 643 ﬁlios
1210 615 1403 651 alienigenas,
1414 616 1525 643 fructus
1539 615 1581 643 illi
1594 616 1702 644 fuerint
1721 617 1830 644 intelli-

1003 661 1101 696 gendi,
1118 660 1166 695 qui
1186 661 1221 688 de
1236 659 1354 695 scriptis
1370 660 1498 688 externis
1515 665 1543 687 ot
1558 669 1575 687 a
1599 660 1706 696 pietate
1726 660 1829 688 alienis

1004 703 1195 740 colliguntur.
1212 715 1225 729 υ

1039 758 1100 785 Col.
1112 757 1161 784 251
1179 757 1199 784 C
1211 757 1238 784 5.
1254 757 1284 785 Id
1298 757 1369 792 ﬁeri.
1387 757 1500 785 Rursus
1516 758 1714 793 conjecturam
1743 768 1827 787 suam

1003 802 1031 830 in
1050 803 1182 838 margine
1198 803 1373 837 adiunxerat
1401 805 1558 838 interpres,
1576 803 1764 832 inserendum
1789 805 1830 831 vi-

1003 847 1076 881 deri,
1096 859 1108 872 ι
1126 847 1194 874 dum
1212 847 1282 874 dicit
1298 847 1352 881 lex,
1369 848 1541 882 Nequando,
1559 859 1570 873 ι
1589 850 1656 881 etc.,
1673 851 1701 876 et
1724 848 1828 876 sull‘ra~

1002 892 1126 927 gabatur
1138 892 1201 926 ejus
1217 891 1390 926 conjecturae
1404 892 1571 928 Procopius,
1588 893 1664 928 apud
1685 901 1772 928 quem
1788 893 1828 921 le-

114 946 323 981 interpretem,
340 957 354 972 ί(
371 946 407 974 de
422 933 548 981 quorum
564 946 691 974 clamore
703 933 813 974 dicitur
829 955 835 974 :
853 933 944 974 Et-de-

1002 936 1100 971 gimus
1115 944 1142 971 p.
1155 936 1204 969 43;
1220 933 1344 965 εἰπόντος
1360 937 1406 962 τοῦ
1422 935 1570 971 νόμου,Μή
1587 935 1735 969 πληθυνεῖ(
1750 947 1827 964 σεαυ-

115 993 250 1018 errantes
264 999 298 1018 ac
314 990 409 1018 mcesti
421 999 480 1026 prie
492 991 591 1026 inopia
599 991 762 1018 venationis
774 991 947 1027 intemperie

115 1035 214 1062 cordis
229 1035 454 1062 contrahuntur.
467 1046 481 1060 »
498 1035 528 1062 ιδ.
542 1033 717 1072 κόρακες,ἐπὶ
734 1033 762 1062 δὶ
776 1037 824 1062 τοῦ
839 1035 945 1072 κράζειν

115 1077 227 1115 λέγεται
243 1078 289 1105 καὶ
301 1077 443 1108 ἀλύοντες.
459 1081 498 1107 Ac
514 1080 628 1107 videtur
640 1079 688 1107 illc
709 1080 828 1116 quidem
845 1080 946 1108 existi-

114 1132 214 1151 masse
229 1123 290 1151 haec
307 1126 449 1160 tanquam
457 1123 616 1160 Scriptura!
632 1125 718 1151 verba
734 1124 946 1160 proferriznec-

119 1168 192 1195 dum
208 1171 306 1196 tamen
323 1168 353 1195 in
369 1177 402 1196 ea
419 1168 503 1196 nobis
519 1177 670 1196 occurrere
686 1172 753 1203 post
776 1169 944 1204 diligentem

118 1211 375 1247 investigationem
392 1215 561 1248 potuerunt,
571 1222 624 1241 nec
635 1213 750 1248 uspiam
767 1221 800 1241 ea
816 1213 858 1241 vel
870 1214 946 1241 corvi

111 1256 157 1284 vel
175 1256 283 1291 aquilis
292 1260 443 1292 gementes
455 1257 491 1285 ob
505 1258 633 1293 inopiam
650 1258 751 1294 prada:
763 1257 858 1293 pullos
870 1267 946 1286 com-

113 1306 278 1334 memorat;
295 1304 408 1329 tantum
424 1302 512 1329 Amos
533 1311 575 1336 in,
593 1302 609 1329 4
624 1301 751 1338 legimus
768 1311 774 1329 :
792 1301 826 1330 Ei’
841 1301 945 1340 ἐρεῦξε-

116 1355 160 1371 ται
191 1343 262 1372 λέων
293 1344 322 1371 ἐκ
349 1347 398 1372 τοῦ
429 1344 534 1383 δρυμοῦ
563 1345 644 1373 αὐτοῦ
672 1348 757 1384 θήραν
785 1346 837 1374 οὐκ
851 1346 944 1384 ἔχων;

117 1391 151 1416 Si
173 1390 264 1425 rugiet
286 1390 327 1418 leo
345 1390 381 1418 de
404 1391 478 1418 saltu
500 1399 555 1418 non
579 1391 681 1419 habens
694 1391 838 1427 pra‘dam?
853 1392 883 1419 In
900 1400 945 1419 se-

119 1434 221 1470 qucnti
239 1437 337 1463 autem
353 1435 472 1470 periodo
488 1435 581 1463 multa
595 1435 899 1471 immutavimus,qua:
909 1436 944 1464 ab

114 1479 246 1507 auctoris
258 1481 355 1508 mente
365 1480 550 1516 oberrabant,
564 1481 599 1508 de
613 1481 796 1516 apparitione
812 1480 945 1508 mustelae

113 1523 156 1551 vel
174 1524 255 1551 canis
277 1532 308 1551 se
323 1523 527 1560 discerpentis,
539 1525 582 1552 vel
599 1525 695 1561 potius
707 1528 795 1561 caput
810 1533 944 1553 exseren-

112 1568 161 1602 tis,
180 1577 245 1604 que:
257 1568 404 1602 omittam,
420 1570 494 1605 quod
511 1569 622 1604 omnia,
638 1578 701 1605 quae
718 1572 847 1598 correcta
862 1572 942 1604 sunt,

113 1621 234 1640 necesse
250 1621 307 1640 non
325 1613 364 1641 sit
379 1613 520 1642 indicare.
538 1614 626 1642 Porro
644 1613 770 1642 similem
792 1614 819 1642 in
837 1623 942 1651 super-
960 1627 980 1659 ρ

113 1657 247 1685 stitiosos
263 1657 354 1686 habes
370 1658 529 1686 orationem
546 1661 574 1686 et
594 1659 735 1687 adversus
751 1659 850 1687 omnia
866 1660 942 1695 apud

113 1702 296 1737 Ciceronem,
307 1701 356 1729 lib.
374 1711 383 1730 1
398 1703 435 1730 De
448 1703 628 1738 divinatione,
639 1703 693 1731 sub
709 1703 808 1739 finem,
824 1706 851 1731 et
862 1704 948 1740 paulo

113 1748 182 1782 post
199 1746 320 1774 initium
336 1746 404 1774 libri
421 1756 440 1774 ιι
458 1756 464 1775 :
482 1758 495 1772 ‹‹
510 1749 646 1775 Crassum
660 1756 717 1775 non
735 1748 825 1776 fuisse
840 1748 947 1784 peritu-

113 1799 192 1824 rum,
207 1789 232 1817 si
248 1790 338 1817 omini
355 1790 516 1826 paruisset;
531 1799 594 1826 qua;
609 1791 634 1818 si
650 1791 948 1827 suscipiamus,pedis

115 1835 239 1862 offensio
269 1835 365 1870 nobis,
382 1838 410 1862 et
441 1835 577 1871 abruptio
599 1836 741 1871 corrigiae,
756 1837 785 1864 et
800 1838 949 1864 sternuta-

113 1881 215 1906 menta
235 1881 323 1907 erunt
336 1879 527 1907 observanda.
544 1891 553 1904 ι
566 1882 602 1907 Et
615 1880 694 1916 quod
708 1880 747 1907 ait
762 1880 898 1915 Basilius,
911 1881 947 1908 ob

113 1924 245 1959 inopiam
263 1923 318 1950 sibi
332 1924 505 1960 plerumque
520 1924 621 1960 lugere
637 1932 778 1959 aves,non
793 1926 825 1952 ut
836 1925 946 1960 aliquid

113 1968 182 1996 mali
195 1969 385 2004 protendunt,
398 1969 493 1996 simile
504 1971 548 1996 est
559 1968 601 1996 illi
615 1962 945 2005 apophthegmati,quod

112 2013 204 2040 refert
218 2014 295 2040 idem
307 2013 416 2045 Cicero,
428 2013 480 2041 lib.
494 2022 502 2040 ι
515 2014 550 2041 De
564 2014 755 2041 divinatione:
768 2025 781 2038 «
794 2014 864 2042 Cum
885 2014 947 2053 Fla_

112 2057 227 2085 minias
244 2057 347 2085 consul
363 2060 464 2086 contra
480 2058 654 2086 Annibalem
670 2058 799 2094 legiones
815 2060 945 2100 duceret,

112 2109 146 2129 ex
162 2101 290 2138 pullario
307 2102 453 2137 quasivit,
466 2102 489 2130 si
506 2102 580 2139 pulli
597 2111 654 2130 non
671 2105 868 2139 pascerentur,
877 2104 944 2139 quid

113 2146 281 2174 faciendum
299 2149 448 2182 censeret;
461 2155 526 2175 cum
540 2147 588 2175 ille
600 2147 811 2183 quiescendum
823 2155 946 2184 respon-

112 2191 215 2224 disset,
234 2191 409 2225 Flaminius,
426 2191 566 2219 Praeclara
589 2200 656 2219 vero
680 2191 821 2227 auspicia,
834 2192 859 2219 si
875 2201 944 2220 esu-

111 2235 258 2264 rientibus
274 2235 363 2271 pullis
380 2244 426 2263 res
441 2236 503 2272 geri
519 2236 638 2273 poterit,
658 2236 766 2264 saturis
794 2236 866 2263 nihil
890 2245 943 2273 ge-

111 2282 204 2308 retur.
224 2291 237 2305 ››
252 2280 325 2308 Vide
348 2280 435 2308 etiam
458 2280 648 2309 Plutarchum
678 2279 743 2318 Περὶ
773 2278 941 2316 δεισιδαιμο-

111 2324 183 2354 νίας.

147 2369 209 2397 Col.
225 2369 278 2397 250
293 2370 313 2397 ι)
331 2370 359 2397 2.
377 2369 445 2398 Cum
461 2370 614 2398 sceleratos.
633 2371 664 2398 In
690 2370 823 2406 margine
847 2379 940 2398 anno-

111 2415 189 2441 tarat
205 2413 381 2442 Tilmannus
398 2422 439 2448 se,
457 2423 508 2451 pro
538 2413 623 2441 πολιὰ
647 2413 708 2449 ἔθη,
723 2415 819 2451 legere
847 2413 942 2442 πολλὰ

112 2455 189 2493 ἔθνη,
208 2469 222 2482 ιι
237 2467 304 2486 cum
322 2459 433 2487 multas
445 2461 558 2495 gentes,
575 2462 604 2486 et
619 2459 793 2495 improbatis
810 2459 940 2487 moribus

112 2505 248 2531 assuetas
255 2503 448 2539 excepissent,
456 2503 608 2540 elegerunt
619 2504 782 2531 secundum
794 2512 853 2537 eas,
863 2514 876 2528 n
884 2506 938 2531 etc.

111 2549 147 2575 At
162 2548 192 2575 in
210 2547 243 2575 Η.
260 2549 289 2575 et
305 2547 325 2575 Ι.
343 2548 485 2583 scriptum
503 2548 691 2581 otI'endimus,
708 2549 740 2574 nt
764 2547 851 2575 habet
867 2557 938 2584 apo-

111 2592 258 2629 graphum
285 2592 396 2628 Anglic.
413 2594 442 2620 et
471 2593 602 2629 Procopii
630 2594 725 2620 textus
745 2600 773 2627 p.
791 2592 836 2627 48,
852 2594 939 2628 atque

110 2637 207 2673 ipsius
226 2637 466 2672 interpres,apud
485 2645 572 2673 quem
589 2637 688 2673 aptius
701 2636 938 2665 fortasseillasic

109 2685 218 2714 vertes,
233 2680 278 2708 καὶ
293 2679 369 2711 uitii):
393 2679 422 2707 ἐκ
445 2681 573 2719 γενέσεως
603 2680 737 2719 ἀλλότρια
765 2679 866 2719 γίνεται
890 2682 938 2708 τοῦ

111 2728 189 2760 Θεοῦ,
207 2737 221 2751 ‹‹
239 2725 395 2762 statimque
419 2726 456 2754 ab
482 2726 547 2763 ipsa
567 2726 719 2754 nativitate
740 2725 826 2754 alieni
849 2734 865 2754 a
883 2726 938 2753 Deo

111 2771 293 2806 efficiuntur,
310 2772 338 2797 et
364 2769 532 2806 alienigenae
562 2771 756 2807 appellantur.
782 2781 797 2795 »
828 2771 938 2798 Rursus

110 2816 190 2844 idem
201 2815 345 2850 interpres
356 2814 457 2842 Basilii
467 2814 496 2842 in
508 2815 838 2851 margineadmonuerat
845 2823 875 2842 se
886 2823 938 2851 pro

111 2863 161 2896 τῆς
178 2859 271 2898 ψυχῆς
287 2859 431 2895 conjicere
446 2858 604 2896 legendum
631 2860 730 2888 forsan
754 2857 870 2894 κοιλίας,
887 2862 938 2888 aut

1001 981 1048 1014 τῷ.
1068 980 1274 1008 Verumtamen
1290 988 1357 1007 cum
1375 980 1609 1008 additamentum
1639 981 1712 1009 illud
1733 990 1828 1017 neque

1001 1024 1081 1060 Regii
1100 1032 1194 1059 neque
1210 1024 1259 1051 ulli
1273 1024 1322 1051 alii
1339 1024 1454 1052 codices
1465 1027 1827 1062 agnoscant,superﬂuum

1001 1068 1116 1095 videtur
1132 1076 1138 1095 :
1156 1070 1271 1096 tantum
1287 1069 1363 1104 apud
1381 1068 1569 1105 interpretem
1599 1070 1658 1097 haec
1683 1071 1828 1099 sententia

1002 1112 1048 1140 his
1062 1112 1156 1140 verbis
1172 1112 1420 1148 concipiendaest
1436 1122 1442 1141 :
1459 1124 1473 1138 «
1491 1113 1653 1149 Nequando
1680 1115 1826 1151 multipli-

1003 1157 1115 1184 caveris
1139 1157 1192 1184 tibi
1218 1151 1346 1192 equum:
1364 1158 1413 1193 qui
1434 1161 1495 1185 tum
1525 1159 1825 1196 rcprehendebantur,

1000 1205 1110 1229 tantam
1133 1201 1188 1229 sibi
1215 1210 1358 1237 equorum
1389 1203 1610 1231 multitudinem
1640 1212 1823 1240 comparave-

1001 1249 1078 1279 rant,
1093 1249 1124 1273 ut
1140 1254 1296 1274 numerum
1309 1248 1605 1282 supergrederetur.»
1622 1249 1732 1276 Pendet
1745 1250 1822 1277 enim

1001 1291 1146 1319 sententia
1160 1291 1196 1318 ab
1212 1291 1297 1318 initio
1314 1291 1422 1327 periodi
1437 1293 1486 1318 τοῦ
1508 1291 1559 1330 γὰρ
1581 1295 1650 1319 Θεοῦ
1685 1292 1824 1330 βουλομέ-

1000 1346 1058 1369 νου,
1077 1348 1089 1361 ‹‹
1106 1336 1178 1364 Nam
1208 1345 1274 1364 cum
1305 1337 1389 1364 vellet
1417 1337 1506 1371 Deus,
1524 1342 1608 1366 nete.
1641 1339 1725 1367 Porro
1750 1340 1824 1367 Deu-

999 1381 1152 1409 tcronomii
1177 1382 1307 1416 xvn,16,
1324 1381 1410 1417 paulo
1437 1382 1522 1410 aliter
1549 1383 1692 1418 scriptum
1718 1388 1760 1412 est
1790 1385 1825 1412 de

1002 1433 1068 1461 rege
1094 1425 1154 1453 sivo
1183 1426 1314 1461 principe
1343 1426 1470 1461 populi:
1497 1426 1536 1454 Οὐ
1572 1425 1709 1460 πληθυνιῖ
1739 1427 1824 1463 ἑαυτῷ

997 1468 1095 1496 ἵππον.
1111 1471 1170 1497 Non
1184 1470 1379 1505 multiplicabit
1394 1470 1448 1498 sibi
1461 1478 1572 1506 equum,
1589 1472 1642 1499 hoc
1657 1474 1701 1500 est
1715 1473 1826 1508 equita-

999 1518 1073 1549 tum,
1105 1517 1137 1541 nt
1178 1517 1296 1549 exponit
1321 1515 1351 1542 S.
1381 1515 1564 1550 Augustinus
1596 1517 1626 1543 in
1668 1518 1823 1545 Locutioni-

1001 1559 1059 1586 bus.
1090 1558 1180 1586 Aliter
1208 1559 1295 1586 etiam
1324 1559 1428 1586 extulit
1455 1560 1624 1595 Procopius,
1651 1561 1690 1596 μή
1717 1560 1823 1596 πληθυ-

999 1605 1064 1638 νιῖς,
1089 1615 1102 1628 α
1133 1612 1189 1631 non
1222 1604 1442 1639 multiplicabis.
1469 1615 1484 1629 ››
1513 1605 1601 1633 Paulo
1627 1605 1702 1634 infra
1729 1605 1825 1642 ἐπίμι-

1003 1658 1100 1681 x10v,«
1117 1647 1337 1675 miscellaneum
1350 1651 1378 1675 et
1393 1649 1551 1684 promiscui
1565 1651 1687 1678 seminis
1699 1662 1712 1675 ι)
1723 1652 1825 1686 vertit;

1003 1702 1056 1721 vox
1075 1693 1196 1720 Hebraea
1224 1693 1378 1721 subtemen
1405 1697 1433 1720 et
1461 1696 1586 1722 tramam
1608 1695 1763 1731 signiﬁcat,
1781 1699 1825 1724 at—

1003 1745 1060 1772 que
1088 1737 1177 1764 etiam
1207 1737 1312 1772 vulgus
1341 1738 1551 1773 promiscuum,
1579 1740 1772 1775 quamobrem
1799 1744 1827 1768 et

1003 1782 1091 1809 Exodi
1116 1789 1167 1815 xu,
1189 1781 1233 1812 38,
1261 1780 1305 1807 καὶ
1333 1780 1476 1817 ἐπίμικτος
1504 1781 1591 1813 πολὺς
1618 1781 1748 1818 συνανέϐη
1779 1783 1825 1811 αὖ·

1001 1827 1069 1859 τοῖς,
1086 1831 1113 1853 et
1127 1827 1282 1853 commislus
1296 1827 1402 1854 multus
1413 1827 1535 1855 ascendit
1549 1836 1610 1855 cum
1626 1829 1732 1860 eis,ubi
1744 1829 1827 1856 Chal-

1002 1871 1082 1898 daaus
1091 1870 1306 1907 paraphrastee,
1322 1882 1331 1894 α
1345 1872 1473 1898 extranei
1493 1871 1587 1904 multi,
1600 1874 1648 1908 qui
1668 1882 1724 1901 non
1741 1877 1825 1902 erant

1002 1915 1165 1944 Israelitici.
1182 1927 1197 1940 »
1214 1915 1288 1943 Sunt
1300 1915 1350 1951 qui
1361 1916 1681 1954 intelligant/Egyptios
1693 1919 1727 1946 ad
1741 1919 1825 1947 ﬁdem

1002 1969 1157 1989 conversos
1172 1961 1261 1988 unius
1277 1961 1337 1989 Dei.

1036 2005 1097 2034 Col.
1111 2005 1163 2033 234
1179 2007 1201 2033 A
1226 2005 1253 2032 8.
1277 2005 1374 2033 Odiosa
1401 2008 1516 2041 spectac.
1543 2007 1705 2044 Legebatur
1729 2011 1822 2044 antea,

1003 2061 1013 2074 ι
1030 2050 1147 2078 fastidio
1174 2052 1254 2082 sunt,
1270 2057 1303 2077 ac
1326 2051 1466 2085 vitantur,
1481 2059 1532 2079 ceu
1558 2052 1722 2087 spectaculo
1747 2053 1822 2080 indi-

1000 2095 1061 2130 gni,
1078 2094 1162 2130 quasi
1179 2094 1403 2122 excrementitiaa
1423 2099 1517 2131 erupt.
1536 2106 1550 2121 ››
1565 2097 1601 2123 At
1621 2096 1668 2124 hic
1697 2096 1822 2134 ἐντρέπε-

999 2144 1058 2170 σθαι
1074 2139 1195 2166 verbum
1211 2141 1256 2166 est
1272 2139 1412 2172 medium,
1430 2148 1485 2166 non
1503 2140 1663 2175 passivum.
1677 2141 1820 2170 Caeterum

999 2184 1076 2219 quod
1094 2183 1141 2210 hic
1155 2184 1240 2211 docet
1254 2185 1365 2215 auctor,
1379 2181 1521 2220 βδέλυγμα
1537 2185 1629 2213 solere
1641 2185 1821 2222 Scripturam

999 2228 1077 2255 idola
1091 2235 1205 2261 vocare,
1220 2226 1398 2255 conﬁrmant
1414 2228 1494 2263 LXX,
1510 2237 1577 2257 cum
1602 2229 1750 2258 Hebraeum
1779 2230 1820 2258 di-

997 2271 1121 2299 ctionem
1137 2263 1205 2302 51L»:
1221 2279 1280 2307 qua
1295 2271 1342 2299 hic
1359 2280 1429 2299 usus
1453 2275 1498 2300 est
1520 2273 1662 2309 propheta
1684 2283 1749 2302 cum
1775 2275 1821 2302 di-

956 2312 1077 2348 Dxit.«
1106 2318 1214 2343 terram
1243 2316 1513 2345 abominationibus
1541 2318 1688 2353 refertam,
1719 2330 1734 2344 »
1759 2327 1821 2347 ver-

997 2363 1065 2389 tunt
1094 2360 1208 2388 Levitic.
1239 2369 1298 2393 xx,
1326 2361 1342 2387 4
1374 2368 1380 2389 :
1413 2359 1526 2395 ιῗδιυλα,
1554 2362 1628 2390 idola
1658 2372 1665 2391 :
1693 2362 1748 2390 Οὐκ
1774 2363 1820 2391 ἐπ-

996 2405 1195 2440 ακολουθήσετε
1234 2403 1371 2435 εἰδώλοις.
1401 2407 1459 2434 Non
1496 2409 1649 2443 sequemini
1670 2409 1762 2443 idola;
1791 2413 1820 2438 et

995 2452 1102 2488 psalm.
1141 2459 1221 2484 xcvx,
1250 2451 1267 2476 7
1298 2459 1305 2477 :
1336 2450 1369 2478 Οἱ
1394 2450 1599 2489 ἐγκαυχώμενοι
1640 2456 1699 2485 τοῖς
1739 2453 1818 2481 εἰδώ-

995 2495 1066 2526 λοις·
1084 2496 1137 2530 Qui
1163 2495 1319 2530 gloriantur
1345 2496 1376 2523 in.
1399 2497 1565 2525 simulacris.
1582 2498 1817 2534 Chrysostomus,

995 2541 1025 2568 in
1041 2549 1060 2568 ιι
1079 2541 1145 2575 Isa.,
1161 2549 1190 2576 p.
1206 2540 1258 2567 677
1276 2549 1282 2568 :
1301 2538 1448 2578 Βδέλυγμα
1464 2539 1492 2568 δὲ
1507 2540 1599 2569 εἴωθεν
1614 2543 1630 2576 ὴ
1648 2544 1739 2581 Γραςεὴ
1769 2553 1816 2570 κα.

995 2583 1051 2612 λεῖν
1080 2583 1113 2611 τὰ
1138 2582 1239 2610 εἴδωλα
1254 2593 1259 2600 ·
1275 2582 1393 2610 ἑντιῦθεν
1419 2583 1463 2611 καὶ
1486 2584 1626 2622 βδέλυγμα
1650 2586 1816 2623 ἐρημώσεως

995 2627 1100 2666 λέγεται
1117 2629 1130 2655 ὁ
1145 2626 1254 2666 ἀνδριὰς
1275 2628 1288 2655 ὁ
1315 2628 1359 2655 ἐπὶ
1375 2630 1422 2656 τοῦ
1438 2632 1504 2656 ναοῦ
1532 2630 1624 2660 ἑστώς.
1639 2631 1715 2659 Sane
1739 2632 1816 2659 Scri-

994 2676 1080 2709 ptura
1095 2682 1147 2709 pro
1169 2681 1249 2701 more
1272 2681 1325 2700 suo
1341 2673 1417 2701 idola
1432 2676 1515 2702 vocat
1544 2675 1790 2704 abominationcm
1807 2687 1813 2705 :

993 2717 1062 2746 hinc
1091 2718 1270 2746 abominatio
1296 2717 1484 2746 desolationis
1499 2719 1608 2747 dicitur
1624 2722 1732 2756 statua,
1749 2729 1813 2757 qua:

992 2764 1051 2790 stat
1065 2763 1094 2790 in
1111 2763 1231 2798 templo,
1250 2773 1263 2785 n
1280 2761 1381 2789 Matth.
1397 2770 1474 2797 xxiv,
1491 2764 1533 2792 15.

1027 2815 1087 2844 Col.
1115 2815 1167 2843 257
1197 2817 1218 2842 Β
1246 2815 1273 2842 3.
1303 2813 1352 2840 Καὶ
1381 2813 1497 2851 δήξεται.
1528 2817 1753 2848 Emendavimus
1779 2829 1813 2848 ex

991 2862 1072 2888 textu
1087 2860 1235 2896 prophetis
1250 2856 1368 2896 ὃήξιται,
1384 2863 1472 2896 prout
1487 2864 1549 2890 erat
1576 2863 1664 2892 etiam
1688 2864 1718 2893 in
1733 2867 1767 2893 Η.
1785 2867 1814 2895 et
