2029 3143
243 166 320 197 1087

838 168 954 199 NOTAE
976 165 1197 198 FRONTONIS
1219 166 1351 196 DUCEI

1870 169 1882 199 Ι
1888 169 1947 199 088

245 234 266 261 Ι.
284 233 421 262 Mendose
447 234 559 270 Anglic.
578 233 690 271 δέξεται,
706 248 720 261 ‹‹
742 236 891 272 suscipiet,
909 247 923 261 »
939 235 1069 270 itemque
1085 233 1108 266 Α
1125 233 1310 268 prudentem,
1328 243 1342 256 »
1358 232 1434 267 quod
1451 231 1574 260 fortasse
1588 232 1616 259 in
1633 232 1801 269 apogrepho
1825 233 1948 270 legisset

246 277 274 306 1³.
284 276 407 313 δείξεται,
419 290 428 303 ι
442 280 587 307 ostendet.
597 291 608 306 ν
618 282 686 308 item
700 281 785 316 paulo
800 283 865 316 post
879 280 1065 316 scripsimus,

246 333 256 346 α
276 322 330 349 hoc
345 325 399 356 est,
412 324 439 350 in
457 324 584 351 solidum
602 326 831 357 firmamentum.
845 337 858 348 »ι
876 334 926 361 pro
940 325 999 352 illis
1008 333 1067 351 ver-

244 366 290 394 bis
306 367 487 403 interpretis.
499 380 512 393 ‹‹
525 368 580 396 hoc
591 372 647 400 est,
661 378 691 397 se
707 370 896 397 substernant
912 369 1005 397 solido
1018 369 1065 396 ﬁr-

245 414 393 439 mamento
403 412 479 439 ﬁdei.
495 424 508 436 ››
520 413 672 440 Mutuatus
683 417 727 441 est
739 415 791 441 hoc
807 415 843 441 ab
856 413 992 450 Apostolo
1013 414 1066 441 Co-

244 455 367 484 lossens.
385 457 460 489 11,5:
473 456 520 483 Καὶ
548 457 577 484 τὸ
600 458 739 494 στερέωμα
762 461 812 492 τῆς
837 458 875 488 ei:
891 458 1004 495 Χριστὸν
1018 457 1064 485 πί·-

245 509 327 530 στιως
344 500 431 536 ὑμῶν’
450 511 460 525 α
473 502 733 531 Etfirmamentum
745 504 820 539 ejus,
833 512 896 540 qua:
908 505 935 531 in
948 503 1064 531 Christo

243 547 298 579 est,
315 545 382 573 ﬁdei
397 549 508 574 vestrae.
525 558 538 571 ))

280 598 353 626 Ibid.
366 599 386 627 C
397 600 422 626 3.
439 601 594 636 Leporibus.
614 602 809 638 Expunximus
822 610 920 630 vocem
935 614 945 626 α
968 603 1063 630 erina-

242 643 301 670 ceis
318 654 331 668 ››
344 643 411 671 huic
427 645 574 680 praefixum
592 656 599 674 ι
615 646 684 674 licet
698 646 726 674 in
757 648 847 675 veteri
872 647 1012 675 Psalterio
1037 651 1064 676 et

241 688 318 723 apud
336 688 365 715 S.
384 689 581 725 Augustinum
596 691 708 726 psalmo
733 700 806 720 CLXII
821 714 826 726 ,
844 693 887 726 18,
905 695 1063 729 utrumque

241 732 394 767 habeatur,
415 744 427 759 ι
442 737 525 770 petra
541 735 686 770 refugium
703 736 821 764 hericiis
836 739 863 764 et
880 737 1061 773 leporibus.»

236 777 273 803 At
301 777 369 804 LXX
399 777 582 814 scaipserunt
611 782 726 808 tantum
754 779 886 818 λαγωοῖς,
915 782 1061 817 leporibus,

242 828 299 848 non
329 821 566 858 χοιρογρυλλίοις,
592 825 744 856 erinaceis;
774 828 805 852 ut
839 827 963 854 testatur
995 826 1062 854 Hie~

241 866 421 901 ronymnsin
438 867 566 902 Epistola
583 869 617 895 ari
635 869 756 897 Suniam
768 872 796 897 et
812 869 913 898 Fretel.
933 870 1014 898 Certe
1032 871 1060 898 in

240 910 378 938 omnibus
387 910 486 938 Basilii
498 920 568 940 mss.
579 913 729 941 codicibus
737 913 858 951 λαγωοῖς
867 917 1059 943 tantumerat:
1077 917 1100 949 B

239 954 290 981 sed
312 955 341 982 in
358 955 387 982 Ρ.
405 956 491 991 paulo
508 960 572 993 post
585 957 745 994 legebatur,
763 961 795 987 ut
808 968 946 988 axcusum
963 963 1008 988 est
1020 962 1060 995 τῷ

239 1001 349 1036 καθαρῷ
366 999 542 1039 πρόσκαιρον,
551 1014 564 1027 α
574 1002 598 1030 ei
608 1003 656 1038 qui
670 1012 761 1040 purus
770 1006 815 1032 est
825 1007 1034 1041 opportunum,
1046 1017 1059 1029 »

240 1043 301 1072 sive
318 1046 528 1081 conveniens,»
544 1055 600 1074 non
620 1059 631 1072 α
659 1049 832 1085 suffugium,
845 1060 859 1074 »
871 1051 903 1077 ut
918 1050 1001 1078 addit
1015 1049 1058 1076 in-

238 1089 370 1123 terpres;
388 1098 481 1126 neque
497 1091 574 1119 enim
591 1093 732 1131 κατοφυγή
759 1097 825 1130 apte
850 1095 937 1131 jungi
966 1097 1061 1131 potest

238 1141 304 1160 cum
322 1134 449 1169 epitheto
464 1134 640 1173 πρόσκαιρον,
657 1139 707 1165 sed
724 1139 758 1166 ad
773 1138 804 1165 τὸ
821 1137 883 1174 μέλι
900 1140 998 1175 potius
1014 1149 1059 1167 re-

237 1176 305 1204 ferri
322 1179 439 1213 poterit,
453 1179 496 1207 vel
512 1183 588 1208 certe
601 1184 634 1209 ut
649 1182 791 1218 scriptum
803 1186 847 1211 est
864 1184 893 1211 in
909 1184 1006 1220 Angl.,
1020 1185 1060 1219 τῷ

237 1223 348 1267 κειθαρῷ
360 1221 578 1261 πρόσχορον,ν81
594 1226 669 1253 utin
686 1227 719 1254 Η.
738 1230 765 1254 et
780 1230 800 1254 Ι.
815 1228 845 1254 τὸ
860 1229 977 1266 καθαρὸν
993 1231 1060 1267 πρὸς

237 1264 331 1300 κόρον,
346 1278 359 1291 ‹‹
377 1276 483 1303 purum
500 1270 534 1296 ad
548 1270 724 1305 satietatem,
738 1283 751 1296 ››
763 1273 804 1300 sic
821 1275 852 1301 ut
875 1264 1001 1303 insertus
1013 1264 1058 1303 ivi-

239 1311 345 1338 deatur
361 1311 441 1340 locus
458 1315 564 1349 psalmi
589 1323 648 1349 cm,
664 1328 677 1340 ι(
696 1317 776 1344 Petra
794 1317 938 1354 refugium
961 1320 1057 1347 erina-

240 1355 315 1390 ceis;
329 1367 343 1381 ι)
356 1365 423 1385 cum
437 1358 470 1385 ad
482 1359 571 1387 alium
586 1360 682 1396 potius
692 1361 809 1390 Davidis
821 1362 916 1390 locum
928 1363 982 1392 hoc
993 1373 1056 1400 spe-

238 1400 395 1436 ctaret,ubi
411 1401 518 1430 dicitur
529 1411 600 1439 puro
615 1404 700 1432 melle
712 1405 746 1432 ad
759 1406 920 1434 satietatem
933 1407 1058 1443 populus

239 1446 344 1489 pastus
372 1453 447 1479 esse,
473 1447 546 1481 psal.
564 1457 644 1483 Lxxx,
662 1449 695 1476 l7
712 1458 718 1476 :
736 1449 784 1476 Καὶ
812 1449 840 1477 ἐκ
865 1450 962 1489 πὲτρας
993 1451 1057 1488 μέλι

237 1485 383 1524 ἐχόρτασεν
405 1489 514 1526 αὐτούς,
533 1493 565 1520 Et
592 1493 624 1520 (te
648 1496 727 1528 petra
752 1495 832 1523 melle
854 1485 1056 1525 satu'ravileos.

237 1532 295 1559 Nec
311 1533 366 1561 fuit
380 1543 539 1569 causa,cur
553 1537 670 1565 adderet
686 1542 786 1574 postea
801 1549 899 1569 vocem
917 1554 930 1567 ε(
941 1550 1056 1578 reges,»

1121 277 1266 313 interpres
1283 276 1400 313 ἀνοήτῳ,
1417 285 1468 313 pro
1490 277 1622 313 ἀνονήτῳ,
1643 279 1719 314 quod
1738 279 1767 306 F.
1794 279 1828 306 Η.
1845 282 1874 307 et
1897 279 1946 308 alii

1122 329 1192 348 mss.
1205 323 1373 349 constanter
1383 322 1540 357 przel‘erunt
1552 330 1558 348 :
1570 322 1639 349 stin
1657 331 1743 350 versu
1758 323 1866 359 psalmi
1885 333 1945 359 cm,

1122 366 1166 399 16,
1183 364 1249 399 ξύλα
1278 364 1376 402 Κυρίου
1405 366 1477 402 legit
1500 366 1542 398 F.,
1562 369 1741 403 quapropter
1769 368 1947 398 Tilmannus

1121 410 1249 438 ediderat
1259 411 1337 445 ligna
1345 411 1462 443 Domini,
1472 419 1529 446 quo
1540 413 1624 446 pacto
1636 412 1723 439 etiam
1735 412 1946 449 Symmachus,

1121 454 1225 490 quinta
1241 457 1269 482 et
1285 457 1364 482 sexta
1377 455 1466 483 editio
1481 457 1650 483 verterunt:
1666 456 1736 492 quia
1750 459 1848 485 tamen
1873 458 1908 485 H.
1924 460 1944 487 Ι.

1120 501 1148 526 et
1174 499 1331 535 Procopius
1369 499 1478 528 habent
1510 497 1614 532 πεδίου,
1642 502 1745 536 campi,
1773 510 1839 530 cum
1876 503 1946 530 Vul-

1119 545 1187 579 gata
1206 544 1308 571 Latina
1322 544 1364 572 sic
1380 544 1612 572 immutavimus.
1630 545 1734 580 Aquila
1759 549 1787 574 et
1809 547 1944 576 Theodo-

1118 588 1159 615 tio
1175 590 1334 624 utrumque
1353 588 1479 626 amplexi
1495 591 1576 622 sunt,
1593 588 1660 623 ξύλα
1686 591 1735 616 toﬁ
1764 588 1860 618 πεδίου
1890 592 1944 619 Κυ-

1119 631 1189 668 ρίου,
1204 634 1281 668 ligna
1295 636 1385 669 campi
1400 634 1522 662 Domini.

1155 676 1214 704 Col.
1227 678 1281 704 267
1298 677 1318 704 B
1345 678 1387 705 11.
1410 677 1589 706 Consuetudo.
1607 679 1690 713 Κοινή
1707 679 1790 714 dixit,
1807 688 1868 708 non
1883 690 1946 707 και-

1118 721 1164 754 νή,
1178 725 1211 748 ut
1226 722 1381 757 interpres,
1397 733 1410 749 ιι
1427 723 1668 751 consuetudinem
1691 724 1813 760 insuper
1827 725 1944 753 vivendi

1118 766 1246 794 novitate
1262 767 1456 802 excogitatam
1468 767 1579 795 confert
1590 768 1722 802 quorcui.
1740 780 1753 793 n
1771 769 1834 796 lmo
1850 772 1884 796 ut
1905 770 1943 797 ait

1117 811 1287 846 Procopius,
1319 809 1438 848 σκληρὸν
1475 811 1543 845 ἦθος
1578 809 1662 846 δηλοῖ
1698 811 1742 838 καὶ
1781 812 1944 849 ἀντίτυπον,

1117 855 1180 884 τοὺς
1208 853 1236 882 δὲ
1261 855 1401 886 τοιούτους
1426 855 1469 882 καὶ
1485 856 1502 889 ἡ
1528 855 1606 890 χοινή
1634 856 1762 891 συνήθεια
1784 857 1943 894 παρεικάζει

1118 896 1188 934 δρυΐ.
1205 909 1218 925 α
1234 899 1331 935 Ipsam
1348 908 1464 928 morum
1477 900 1616 928 duritiem
1633 901 1886 938 pervicaciamque
1902 903 1942 930 si-

1115 944 1235 979 gniﬁcat
1249 952 1323 980 :qua
1334 944 1384 980 qui
1401 945 1513 980 praediti
1529 947 1601 972 sunt
1615 946 1764 973 communi
1781 950 1940 974 consuetu-

1115 988 1183 1016 dine
1198 997 1263 1016 cum
1281 997 1389 1024 quercu
1406 992 1625 1025 comparantur.
1643 1000 1658 1014 n
1674 990 1781 1018 Notum
1798 994 1844 1019 est
1865 991 1940 1019 illud

1115 1033 1302 1061 Homericum
1318 1032 1425 1062 Ὀδυσσ.
1442 1034 1476 1068 Τ,

1115 1089 1152 1116 Οὐ
1183 1090 1234 1127 γὰρ
1271 1090 1325 1118 ἀπὸ
1369 1089 1449 1128 δρυός
1488 1090 1543 1118 ἐσσι
1581 1090 1769 1131 πκλαιφάτου,
1795 1092 1853 1131 οὐδ’
1882 1093 1936 1121 ἀπὸ

1760 1129 1884 1167 [πὲτρης.

1113 1185 1182 1212 Nam
1196 1193 1283 1221 neque
1301 1185 1415 1215 falicida
1440 1194 1540 1222 quercu
1555 1189 1630 1214 satus
1645 1195 1682 1222 es,
1697 1196 1784 1223 neque
1807 1197 1886 1217 saxo.

1113 1230 1153 1257 Ad
1169 1231 1244 1266 quod
1260 1230 1359 1258 allusit
1373 1230 1452 1258 Plato
1468 1231 1518 1258 lib.
1533 1239 1581 1259 VIII
1599 1234 1637 1259 De
1652 1232 1793 1267 republica
1810 1241 1817 1260 :
1835 1233 1871 1260 Ἢ
1887 1232 1940 1260 οἷέι

1114 1272 1143 1300 ix
1160 1272 1238 1310 δρυός
1253 1275 1345 1308 ποθεν,
1361 1275 1378 1309 ἢ
1395 1274 1425 1302 ἐκ
1445 1274 1544 1312 πέτρας
1567 1275 1615 1306 τὰς
1634 1274 1779 1307 πολιτείας
1809 1276 1941 1314 γίνεσθαι,

1114 1316 1177 1345 ἀλλ’
1193 1318 1256 1356 οὐχὶ
1274 1318 1303 1346 ἐκ
1314 1321 1367 1346 τῶν
1381 1320 1455 1354 ἠθῶν
1470 1322 1523 1347 τῶν
1540 1319 1565 1347 ἒν
1581 1323 1640 1351 ταῖς
1656 1318 1752 1348 πόλεσι
1766 1331 1772 1356 ;
1788 1334 1801 1347 ι‹
1818 1325 1865 1350 An
1881 1323 1941 1350 exi-

1113 1363 1217 1391 stimas
1233 1372 1247 1391 e
1259 1373 1366 1400 quercu
1384 1364 1481 1401 aliqua
1497 1365 1678 1401 respublicas
1695 1367 1787 1402 nasci,
1803 1369 1857 1395 aut
1882 1377 1941 1396 non

1113 1408 1210 1444 potius
1226 1417 1260 1437 ex
1274 1409 1404 1437 moribus
1416 1418 1528 1445 eorum,
1541 1409 1591 1446 qui
1602 1409 1631 1438 in
1642 1411 1808 1439 civitatibus
1820 1420 1940 1440 versan-

1112 1453 1185 1480 tur?
1202 1464 1214 1477 n
1241 1454 1350 1481 Profert
1374 1454 1441 1482 Des.
1465 1454 1606 1482 Erasmus
1635 1455 1753 1483 chillad.
1773 1456 1798 1490 1,
1816 1459 1895 1484 cent.
1911 1458 1940 1490 8,

1112 1498 1244 1533 proverb.
1261 1498 1318 1526 87:
1339 1510 1349 1523 α
1367 1499 1407 1526 Ex
1433 1499 1601 1535 quercubus
1631 1500 1701 1532 nati,
1732 1511 1746 1524 ››
1776 1503 1806 1528 et
1836 1502 1942 1537 repetit

1112 1541 1231 1571 chiliad.
1248 1543 1274 1578 4,
1290 1545 1369 1572 cent.
1388 1544 1416 1577 7,
1433 1544 1566 1579 proverb.
1582 1544 1633 1571 96:
1649 1556 1663 1568 ‹‹
1679 1544 1741 1572 Non
1758 1553 1773 1572 e
1788 1553 1899 1581 quercu
1912 1549 1942 1574 et

237 1577 433 1628 Icum‘Moyses
449 1579 553 1608 dixerit
576 1584 702 1617 tantum,
721 1586 872 1613 Deuteron.
889 1577 984 1620 xxxii,
999 1587 1032 1614 13
1049 1595 1055 1614 :
1073 1594 1094 1628 ρ
1113 1594 1195 1622 saxo,
1211 1598 1224 1612 ι)
1242 1587 1319 1615 idem
1336 1588 1485 1623 Erasmus,
1496 1587 1652 1616 immemor
1667 1597 1780 1622 eorum,
1796 1598 1862 1624 qua;
1872 1590 1943 1618 scri-

236 1619 387 1669 ΙΕὲθήλοισοιν
415 1622 479 1659 μὲλι
508 1624 538 1651 ἐκ
565 1626 674 1663 πέτρας,
705 1627 748 1654 καὶ
778 1627 867 1656 ἔλαιον
893 1630 923 1657 ἐκ
951 1632 1055 1668 στερεᾶς

1114 1619 1221 1667 pserat,
1238 1632 1298 1660 sive
1314 1632 1380 1668 quis
1396 1619 1574 1668 alius;cujus
1589 1632 1637 1661 ille
1652 1641 1740 1669 opera
1756 1619 1897 1662 utebatur
1906 1636 1942 1663 ad

235 1664 343 1696 πέτρας·
361 1667 500 1696 Suxcrunt
516 1671 571 1698 mel
595 1672 629 1699 dc
649 1675 740 1708 petra,
757 1676 782 1701 et
806 1674 900 1702 oleum
928 1676 964 1703 de
990 1664 1057 1704 saxo

234 1709 314 1737 duro.

271 1754 329 1783 Col.
346 1757 399 1783 260
419 1758 436 1784 Λ
452 1758 479 1785 7.
496 1761 528 1786 Ἡ
544 1759 558 1786 ὁ
578 1757 622 1787 διὰ
647 1761 863 1799 μετριοπάθειαν.
880 1766 939 1792 Hoc
964 1773 1055 1793 mem-

235 1799 319 1846 brum
336 1801 437 1830 aberat
453 1811 469 1830 a
485 1803 527 1837 F.,
544 1813 631 1840 quam
654 1806 691 1834 ob
711 1815 830 1836 causam
848 1809 883 1836 ab
900 1809 1056 1846 interprete

234 1845 378 1890 omissum
395 1847 461 1881 l'uit,
476 1849 526 1876 sed
543 1849 571 1877 in
593 1850 744 1886 Anglican.
761 1853 793 1880 Η.
811 1855 839 1881 et
863 1853 883 1881 l.
902 1845 1053 1890 reperitur.

269 1889 328 1917 Col.
345 1891 398 1918 262
410 1891 430 1919 C
446 1893 471 1920 1.
488 1894 528 1920 Ex
543 1893 586 1922 his
605 1896 693 1923 verbis
716 1889 1055 1927 contumeliosissMutila

233 1936 295 1961 erat
311 1934 371 1963 haec
387 1937 524 1971 periodus
540 1938 569 1966 in
584 1939 673 1976 Regio
690 1941 732 1974 F.,
749 1950 806 1978 quo
821 1943 930 1971 factum
952 1947 1005 1978 est,
1023 1947 1055 1972 ut

233 1985 367 2007 mancam
377 1981 464 2008 etiam
472 1981 740 2018 interpretationem
751 1987 906 2022 pepererit,
915 1996 1004 2023 quam
1012 1997 1054 2016 re-

234 2022 396 2057 stituimus,
410 2025 439 2052 ni
456 2026 549 2061 fallor,
565 2029 599 2055 ad
623 2032 749 2057 mentem
777 2032 913 2060 auctoris.
924 2022 1052 2061 iTantum

233 2066 312 2112 enim
328 2071 389 2096 erat
403 2068 491 2107 ἀρχὴν
505 2071 572 2108 πρὸς
586 2072 617 2099 τὸ
633 2072 879 2112 ὑπερηφανεύεσθαι
905 2078 958 2103 τῶν
987 2076 1054 2104 πολ-

235 2108 301 2157 λῶν.
319 2112 375 2157 Sed
396 2116 425 2142 et
441 2115 470 2142 in
487 2116 573 2152 Regio
588 2117 622 2144 Η.
640 2108 691 2153 pro
716 2108 877 2157 ιέποφὲριται
903 2120 1054 2157 legebatur

234 2155 421 2202 ὑπιρφὲρεται.
439 2160 582 2196 lnterpres
598 2155 788 2198 inscripserat
804 2155 810 2191 ξ
831 2175 841 2189 α
864 2155 955 2193 Suum
973 2167 1053 2202 prin-

232 2201 361 2236 cipatum
378 2205 508 2240 opponit,
525 2208 558 2233 ut
581 2215 671 2242 supra
696 2210 816 2236 caeteros
831 2201 1028 2246 conspiciatur
1045 2221 1051 2239 :

231 2246 314 2273 anxie
330 2249 489 2284 contendit,
500 2253 532 2278 ut
543 2253 761 2286 superemineat
772 2254 883 2282 multis.
898 2267 908 2281 ι
924 2256 984 2283 Imo
998 2256 1051 2284 hoc

229 2291 291 2319 vult
300 2292 436 2327 Basilius,
446 2295 563 2324 initium
575 2305 690 2326 sumere
698 2299 867 2334 superbiam
878 2301 914 2328 ab
926 2301 1050 2329 aliorum

229 2339 397 2374 contemptu
415 2348 421 2367 :
439 2341 516 2369 unde
531 2344 690 2379 Procopius
715 2345 915 2381 paraphrasim
945 2347 1050 2375 horum

230 2383 464 2427 compendiOsam
487 2387 591 2427 texens
614 2396 644 2424 p.
673 2388 731 2417 55:
749 2391 912 2427 Προηγεῖται
943 2389 972 2418 δὲ
999 2394 1048 2426 τῆς

231 2425 414 2470 υπερηφανίας
430 2429 446 2462 ἡ
463 2425 551 2466 ὕϐρις’
569 2431 583 2457 ὁ
606 2431 657 2470 γὰρ
681 2433 745 2464 τοὺς
768 2425 872 2466 ἅλλους
900 2425 1047 2470 διαπτύων,

227 2468 384 2504 ἀλαζονιίαν
410 2468 667 2510 προοιμιάζεταιήι
685 2477 766 2506 Viam
795 2487 860 2508 vero
888 2480 984 2508 munit
1012 2468 1048 2508 ad

226 2517 393 2550 superbiam
410 2519 600 2548 contumelia:
611 2521 661 2557 qui
676 2522 754 2550 enim
771 2523 844 2552 alios
858 2524 991 2560 despicit,
1003 2525 1047 2552 in—

225 2561 323 2588 stituit
333 2563 483 2592 exordium
499 2566 679 2601 arrogantiae.
699 2578 712 2591 »
728 2567 774 2595 Sic
797 2570 969 2596 vertendum
999 2577 1046 2596 ar—

225 2605 317 2633 bitror
330 2606 426 2635 locum
456 2608 540 2636 illum
562 2609 691 2646 Procopi.
707 2612 796 2640 Paulo
819 2613 894 2641 infra
916 2613 1046 2650 integras

1113 1677 1332 1711 proverbiorum
1355 1676 1495 1705 chiliadas
1520 1677 1707 1713 colligendas.
1725 1678 1808 1710 Quod
1839 1682 1942 1707 autem

1113 1720 1194 1748 nullo
1211 1721 1338 1749 indicato
1354 1726 1470 1750 auclore
1485 1722 1567 1753 citat,
1586 1732 1598 1748 ι
1616 1725 1644 1749 et
1668 1722 1740 1750 duro
1765 1723 1872 1752 robore
1889 1733 1940 1751 na-

1113 1767 1166 1799 tos,
1185 1777 1198 1789 υ
1214 1768 1259 1793 est
1274 1774 1307 1793 ex
1321 1766 1455 1802 Virgilio,
1471 1775 1521 1794 νιιι
1536 1766 1644 1794 Αἰπείά.
1662 1767 1724 1802 314,
1740 1767 1794 1794 315
1812 1776 1818 1795 :

1147 1813 1268 1850 Gensque
1278 1816 1371 1842 virum
1386 1815 1490 1842 truncis
1505 1817 1534 1842 et
1546 1815 1615 1843 duro
1630 1815 1727 1843 robore
1742 1818 1822 1850 nata,

1147 1850 1229 1883 Queis
1243 1859 1332 1887 neque
1341 1859 1400 1879 mos
1412 1859 1499 1887 neque
1514 1851 1605 1879 cultus
1619 1853 1736 1879 erat.....

1109 1897 1144 1925 Et
1159 1906 1192 1926 ex
1204 1899 1349 1933 Juvenali,
1366 1902 1464 1936 satyra
1477 1901 1494 1927 6
1512 1908 1518 1928 :

1144 1947 1280 1976 Vivebant
1294 1949 1418 1977 homines
1429 1950 1479 1985 qui
1493 1951 1574 1984 rupto
1589 1948 1689 1977 robore
1702 1950 1772 1977 nati.

1145 1995 1204 2023 Col.
1220 1996 1308 2024 2MB
1325 1997 1367 2024 13.
1394 1998 1432 2024 Et
1459 2005 1579 2025 omnem.
1609 1997 1667 2025 Has
1692 1998 1825 2032 quinque
1851 2006 1936 2026 voces

1109 2039 1249 2068 omiserat
1258 2041 1413 2077 interpres,
1428 2041 1475 2068 sed
1488 2043 1603 2076 recepta
1612 2041 1843 2077 lectione,quam
1855 2047 1935 2070 tuen-

1108 2086 1158 2111 tur
1175 2085 1203 2112 A.
1221 2085 1254 2113 Η.
1272 2085 1306 2119 1.,
1322 2086 1418 2113 verior
1431 2086 1546 2113 videtur
1561 2085 1611 2113 illa
1624 2085 1733 2113 codicis
1748 2086 1779 2114 F.
1795 2086 1847 2116 "0c
1864 2085 1933 2113 ἐστιν

1109 2127 1176 2166 ὑπὲρ
1199 2129 1286 2156 πάντα
1310 2131 1383 2157 νοῦν.
1401 2130 1475 2158 lbid.
1493 2130 1513 2158 E
1528 2131 1554 2165 4,
1572 2129 1813 2168 ἐπιπεπλεγμένως
1838 2131 1933 2165 vertit,

1109 2174 1194 2209 quasi
1209 2176 1288 2203 esset
1302 2173 1482 2209 ἐπιπολαίως,
1501 2186 1514 2199 ‹‹
1529 2175 1683 2211 superﬁcie
1706 2177 1794 2203 tenus
1817 2176 1932 2203 denun-

1107 2218 1178 2246 tiat:
1195 2227 1261 2247 cum
1287 2218 1477 2246 ἐπιπλέκεσοαι
1493 2220 1531 2247 sit
1545 2219 1702 2255 implicari,
1718 2220 1900 2256 permisceri.
1918 2230 1931 2245 1

1066 2279 1090 2312 D
1108 2263 1189 2312 ond
1209 2263 1249 2291 ita
1268 2264 1345 2312 cepit
1362 2263 1649 2312 interpres‘Procopii
1665 2271 1731 2312 pag.
1747 2264 1783 2291 85
1798 2272 1805 2292 :
1824 2264 1933 2312 Ἐπιπε-

1106 2306 1268 2344 πλεγμὲνως
1284 2306 1313 2335 δὲ
1336 2308 1397 2346 περὶ
1421 2310 1475 2335 τῶν
1501 2306 1548 2335 δύο
1571 2310 1619 2334 τοῦ
1644 2307 1743 2345 Κυρίου
1772 2310 1930 2345 παρουσιῶν

1105 2351 1122 2386 ἡ
1152 2353 1244 2390 Γραφὴ
1272 2351 1434 2390 διαλέγεται(
1454 2364 1468 2378 ‹‹
1494 2353 1614 2381 Mistum
1643 2355 1742 2381 autem
1769 2356 1932 2390 utrumque

1104 2397 1212 2425 Christi
1229 2398 1387 2426 adventum
1402 2398 1549 2434 propheta:
1566 2398 1716 2434 complexa
1732 2400 1777 2426 est
1793 2399 1897 2427 oratio.
1917 2409 1927 2423 ι

1140 2441 1199 2469 Col.
1219 2443 1272 2470 278
1301 2443 1321 2470 B
1351 2443 1394 2470 11.
1425 2443 1564 2477 Figurale.
1582 2442 1744 2478 Scripserat
1771 2443 1928 2479 interpres,

1103 2497 1119 2511 «
1136 2486 1287 2522 allegorice
1300 2487 1357 2515 dici
1373 2490 1498 2523 possunt
1512 2487 1732 2523 vespertiliones
1749 2495 1756 2516 :
1775 2498 1789 2512 η
1807 2489 1837 2515 at
1850 2483 1929 2516 enim

1103 2529 1157 2558 hoc
1172 2539 1230 2559 non
1250 2531 1320 2559 dicit
1335 2531 1472 2566 Basilius,
1488 2532 1539 2560 sed
1553 2532 1634 2567 ipsos
1648 2532 1797 2560 daemones
1812 2540 1929 2568 vesper-

1102 2575 1218 2603 tilioncs
1230 2576 1326 2612 potius
1338 2576 1592 2613 appellari.Neque
1602 2576 1679 2603 enim
1692 2576 1928 2610 idololatras,sed

1102 2621 1248 2649 daemones
1265 2621 1338 2649 dixit
1354 2622 1507 2649 nocturnis
1531 2621 1660 2649 tenebris
1677 2620 1828 2649 delectari.
1846 2621 1928 2657 Apud

225 2650 299 2702 gulis
315 2651 655 2702 Ρθτίοάοεὶξθεὶίιυίωυδ
680 2663 713 2702 θῖί
742 2656 854 2692 ΑΠΒῙίο·
872 2657 903 2685 Ηι
923 2659 951 2685 εἴ
968 2658 998 2691 In
1017 2661 1046 2686 θε
1099 2665 1286 2702 Procopium,
1302 2674 1330 2702 p.
1346 2666 1391 2702 58,
1404 2666 1478 2694 idem
1496 2674 1602 2694 sensus
1618 2665 1730 2700 elucet;
1746 2674 1848 2693 verum
1860 2650 1929 2702 pau-

223 2694 323 2740 Latine
351 2697 559 2726 convertimus.
584 2707 649 2735 qua:
676 2700 797 2729 aberant
817 2710 834 2729 a
850 2702 892 2736 F.,
908 2705 1045 2740 συγγενεῖς

222 2737 271 2786 γιξρ
302 2740 441 2786 ἁμξιρτίαι,
467 2744 522 2771 etc.
549 2743 709 2781 Procopius
746 2746 829 2781 dixit,
858 2746 892 2774 τὰ
929 2737 1042 2786 συίγγενῆ

223 2781 281 2816 πλη
287 2784 378 2819 μμιλή
385 2795 464 2821 ματα.

259 2836 318 2864 Col.
335 2839 386 2865 267
402 2840 426 2867 A
439 2840 466 2868 2.
483 2843 516 2869 Ει
539 2842 678 2872 inutilem.
704 2844 879 2880 Delevimus,
896 2856 910 2872 ‹‹
931 2848 960 2874 et
987 2846 1042 2874 im-

1100 2709 1128 2738 lo
1139 2712 1206 2746 post
1219 2711 1322 2745 «juxta
1333 2711 1498 2747 analogiam
1511 2710 1578 2738 ﬁdei
1589 2720 1602 2735 ιι
1615 2709 1733 2746 scripsi,
1744 2718 1803 2738 non
1815 2712 1849 2737 ut
1867 2711 1928 2738 erat

1100 2757 1214 2790 antea,«
1222 2755 1307 2790 juxta
1317 2755 1483 2792 analogiam
1495 2754 1620 2791 singulis
1631 2754 1799 2791 quibusque
1811 2755 1842 2782 in
1848 2754 1927 2782 Chri-

1099 2801 1179 2828 stum
1192 2800 1378 2829 credentibus
1389 2802 1459 2828 sunt
1469 2798 1681 2834 condistinctae,
1693 2810 1707 2824 ›ι
1724 2801 1757 2827 ut
1771 2801 1926 2836 appareret

1099 2845 1247 2873 auctorem
1272 2844 1402 2881 Apontoli
1430 2843 1526 2874 verbis
1551 2843 1595 2872 uti
1611 2844 1734 2872 Roman.
1750 2850 1804 2879 xu,
1819 2844 1837 2870 6
1852 2851 1859 2871 :
1876 2840 1923 2871 Εἴ-
