2029 3143
58 165 73 194 1
80 163 141 194 089

660 161 713 191 AD
735 160 938 193 COMMENT.
963 162 1004 192 IN
1027 164 1175 196 ISAIAM.

1693 169 1704 197 1
1711 169 1772 199 090

59 239 88 256 τε
145 226 314 266 προφητείαν
366 225 435 254 κατὰ
484 226 534 260 τήν
571 225 720 263 ἀναλογίαν
757 228 808 259 τῆς
845 228 891 254 πί-

950 229 1039 258 litatis
1053 231 1149 260 studio
1163 240 1270 268 aquam
1286 231 1441 260 hauriens:
1452 243 1462 257 ι
1479 233 1625 268 siquidem
1637 233 1772 263 italocus

59 281 157 303 πεως·
196 272 259 300 Sive
281 272 458 307 prophetiam
482 271 631 299 secundum
654 272 790 299 rationem
812 273 892 308 ﬁdei.

58 319 149 345 Porro
167 316 307 345 ultimum
324 316 394 343 illud
413 316 590 350 membrum,
609 326 623 340 «
638 315 783 348 Quiescite
795 316 892 344 abho-

60 363 152 396 mine,
171 372 186 387 ››
196 362 335 389 admonet
349 360 476 388 Basilius
489 361 517 388 in
529 360 746 396 exemplaribus
757 369 891 388 commu-

59 407 106 434 nis
123 406 263 434 editionis
275 414 332 433 non
346 405 458 439 haberi,
472 405 520 433 sed
533 405 561 432 in
578 405 717 432 Hebraico
728 405 858 440 positum
876 414 892 433 a

59 451 184 486 reliquis
198 450 418 485 interpretibus,
435 449 559 477 diversis
575 449 715 477 nimirum
733 458 749 477 a
765 450 891 485 Septua-

59 496 143 532 ginta
159 497 188 522 et
211 494 422 528 Theodotione,
444 493 621 521 translatum
639 502 702 521 esse
717 501 723 521 :
748 502 835 529 quam
853 495 889 522 ob

59 548 182 568 causam
194 539 223 566 in
235 539 366 574 margine
378 540 532 566 annotarat
542 538 689 574 quispiam
701 546 889 566 communem

59 585 222 612 editionem
238 591 302 611 esse
326 583 445 616 Graecis,
466 591 530 617 qua:
546 585 574 610 et
588 582 782 618 Septuaginta
799 583 888 610 inter-

61 631 196 665 pretum:
214 627 292 664 quod
322 631 419 656 tamen
436 635 537 655 verum
553 635 612 654 non
628 629 682 662 est,
700 628 724 654 si
740 628 769 655 S.
785 627 886 655 Hiero-

61 682 150 709 nymo
175 673 335 706 credimus,
361 672 411 708 qui
435 672 464 699 in
490 672 576 708 epist.
595 672 665 699 135:
693 683 706 697 α
723 672 758 700 Ut
787 672 889 700 sciatis

61 719 149 747 aliam
175 727 240 746 esse
264 717 433 751 editionem,
460 725 549 752 quam
573 717 723 752 Origenes,
748 719 777 744 et
796 719 888 744 Caesa-

62 764 170 791 riensis
186 762 342 795 Eusebius,
353 761 634 797 omnesqueGrisciee
646 763 818 789 tractatores
828 771 886 787 κοι-

59 808 120 841 νήν,
150 808 181 834 id
211 810 266 840 est,
296 814 481 834 communem
508 805 674 841 appellant,
701 811 789 841 atque
820 806 888 833 vul-

60 855 174 887 gatam,
209 853 238 878 et
266 859 283 878 a
309 850 457 886 plerisque
487 859 564 878 nuuc
594 849 743 880 Λουκιανός
760 849 886 878 dicitur:

61 896 151 923 aliam
182 895 376 931 Septuaginta
405 894 610 930 interpretum,
640 903 704 930 quis
733 896 762 922 et
791 894 820 921 in
847 894 887 928 ἑξ-

65 938 167 968 απλοῖς
187 937 339 966 codicibus
368 937 530 973 reperitur;
546 948 559 963 η
585 940 614 965 et
630 938 660 964 in
675 938 847 965 Praefatione
862 939 892 965 in

73 984 125 1011 lib.
142 982 292 1018 Paralip.:
312 994 322 1007 ι
349 982 486 1018 Origenes
511 983 539 1010 in
566 982 694 1010 editione
707 982 898 1018 Septuaginta

72 1027 284 1056 Theodotionis
310 1027 467 1055 editionem
492 1026 619 1062 miscuit,
646 1026 795 1054 asteriscis
819 1027 897 1054 vide-

72 1072 140 1100 licet
155 1072 327 1107 designans,
352 1079 415 1106 qum
439 1070 538 1098 minus
558 1071 687 1105 inerant,
720 1073 748 1098 et
761 1071 896 1107 virgulis,

72 1125 136 1152 quae
167 1124 202 1144 ex
240 1114 388 1151 superﬂuo
418 1115 593 1150 videbantur
620 1115 766 1150 apposita.
796 1126 810 1140 ››
840 1115 896 1143 Sed

70 1161 148 1189 idem
160 1160 355 1196 Hieronymus
366 1159 395 1187 in
409 1158 535 1195 epistola
545 1159 634 1187 citata
645 1163 744 1187 monet
757 1160 831 1187 inter
841 1169 897 1186 κοι-

71 1206 120 1240 νήν
137 1208 167 1233 et
189 1204 349 1232 editionem
376 1203 450 1231 LXX
475 1203 528 1231 hoc
543 1212 606 1231 esse
622 1204 792 1237 discrimen,
816 1205 895 1240 quod

71 1249 239 1278 communis
256 1257 307 1285 pro
321 1249 394 1276 locis
404 1251 433 1276 et
450 1248 629 1283 temporibus
641 1251 669 1276 et
684 1257 735 1283 pro
745 1248 896 1277 voluntate

72 1295 252 1330 scriptorum
270 1295 398 1321 veterum
415 1304 428 1318 «
445 1295 582 1328 corrupta
597 1292 636 1320 sit
651 1293 787 1326 editio,ea
797 1296 894 1321 autem

72 1347 135 1375 quae
151 1338 278 1366 habetur
289 1337 320 1365 in
338 1336 492 1372 Ἑξαπλοῖς,
509 1337 678 1373 incorrupta
689 1337 728 1364 sit
743 1348 757 1362 »
773 1338 895 1374 Septua-

72 1384 156 1419 ginta
171 1382 365 1418 interpretum
377 1381 477 1409 editio.
492 1381 564 1408 Cum
580 1382 670 1417 igitur
677 1389 711 1409 ex
722 1384 801 1409 textu
814 1382 894 1410 Isaia:

73 1428 123 1464 qui
139 1429 186 1455 est
200 1426 279 1462 apud
303 1426 488 1462 Procopium,
513 1434 548 1453 ex
569 1426 658 1454 veteri
677 1426 776 1454 codice
792 1426 894 1455 Renati

74 1471 217 1500 Marchali
231 1471 399 1507 desumpto,
411 1470 461 1507 qui
477 1478 555 1498 nunc
571 1473 613 1498 est
625 1470 818 1498 illustrissimi
834 1479 895 1499 car-

74 1515 182 1544 dinalis
206 1515 415 1551 Rupifucaldii,
440 1517 562 1548 constet,
587 1514 640 1543 hoc
669 1515 836 1543 membrum
861 1524 895 1544 ex

73 1560 182 1596 Aquilae
193 1559 306 1588 Pontici
316 1560 449 1588 versione
459 1567 524 1587 esse
540 1559 720 1595 decerptum,
730 1559 800 1587 hinc
810 1560 894 1588 colli-

72 1605 170 1641 gimus
186 1612 399 1640 nonnunquam
414 1604 510 1632 vocari
522 1612 707 1632 communem
723 1604 893 1638 editionem,
909 1601 931 1635 C

73 1656 161 1684 quam
177 1648 317 1684 Origenes
331 1656 367 1676 ex
387 1648 455 1676 LXX
476 1649 505 1675 et
526 1647 721 1676 Theodotione
747 1649 893 1683 conﬂavit,

74 1695 103 1720 ut
114 1692 170 1720 hoc
181 1692 244 1720 loco
256 1701 272 1720 a
283 1692 406 1720 Basilio:
420 1701 631 1728 nonnunquam
642 1692 729 1720 etiam
742 1701 818 1727 eam,
830 1701 893 1728 quae

72 1745 105 1764 ex
117 1737 252 1764 omnium
266 1737 458 1772 interpretum
470 1737 652 1765 versionibus
663 1737 786 1765 diversis
796 1737 894 1772 mista,

73 1783 104 1809 ut
113 1781 192 1809 idem
204 1780 399 1817 Hieronymus
409 1781 556 1809 indicavit.
574 1782 651 1809 ldem
668 1782 756 1809 etiam
769 1782 797 1809 in
811 1782 893 1810 Com-

73 1824 218 1853 mentario
237 1824 265 1852 in
283 1825 362 1852 hunc
378 1825 458 1853 Isaiae
482 1825 578 1853 locum
596 1828 719 1853 testatur
731 1826 784 1854 hoc
800 1835 893 1854 mem-

72 1871 158 1898 brum
171 1878 188 1898 a
201 1870 554 1906 LXXprtstermissum,in
563 1871 670 1898 Graecis
680 1871 894 1907 exemplaribus

72 1915 106 1942 ab
117 1915 243 1950 Origene
249 1915 304 1942 sub
311 1914 458 1942 asteriscis
465 1915 500 1942 de
507 1915 539 1942 ed
546 1915 633 1943 itione
639 1915 749 1951 Aquilae
758 1916 891 1944 additum

71 1967 145 1987 esse.
158 1959 306 1987 Postremo
317 1960 480 1987 notandum
498 1959 526 1987 in
543 1959 658 1988 duobus
675 1960 771 1995 Regiis
787 1968 851 1988 esse
866 1960 892 1988 ιν

68 2003 120 2030 τίνι
137 2002 288 2040 ἑλογίσθη;
321 2013 378 2032 non
403 2002 430 2030 iv
457 2014 522 2039 τινι,
551 2006 580 2032 in
608 2013 659 2040 quo
679 2007 820 2040 reputatus
833 2008 895 2033 est?

70 2058 136 2077 cum
163 2049 405 2086 interrogatione,
428 2051 505 2086 quod
526 2050 614 2078 etiam
631 2051 706 2087 apud
722 2051 892 2086 Cbrysosto-

70 2102 151 2121 mum
167 2094 373 2130 corrigendum
390 2094 420 2122 in
436 2095 653 2124 Commentario
670 2095 699 2123 in
716 2096 834 2124 lsaiam.

104 2155 324 2184 601.279A14.
351 2158 457 2185 Fuisset
485 2158 635 2192 cruciﬁxus
663 2160 729 2186 Haec
758 2159 894 2187 immuta-

69 2201 177 2234 vimus,
194 2204 225 2229 ut
240 2204 439 2237 agnoscantur
453 2203 542 2230 verba
565 2203 704 2238 Apostoli,
723 2204 747 2231 il
762 2204 891 2231 Corinth.

69 2253 130 2277 xm.
148 2246 164 2272 4
177 2254 183 2272 ;
198 2257 212 2270 ‹‹
229 2245 302 2273 Nam
318 2249 347 2274 et
362 2247 520 2274 cruciﬁxus
536 2249 581 2275 est
596 2255 630 2275 ex
645 2248 826 2282 inﬁrmitate,
841 2249 897 2276 sed‘

947 278 991 302 est
1006 276 1135 304 Rebecca
1151 276 1337 312 peregrinum
1351 277 1510 304 Abrahami
1525 279 1671 306 famulum
1691 280 1771 307 exci-

947 319 1040 354 piens,
1067 320 1171 348 Genes.
1201 329 1276 354 xxiv,
1305 321 1340 348 20
1365 329 1371 348 :
1401 321 1450 347 Καὶ
1474 321 1521 352 τὰς
1548 321 1692 357 καμήλους
1722 333 1770 350 σου

946 365 1033 390 ποτιῶ
1051 385 1058 398 ,
1085 364 1130 391 καὶ
1169 363 1344 402 ὑδρεύσομαι.
1375 365 1423 391 Καὶ
1452 363 1567 402 ἔδραμεν
1601 365 1640 394 ἔτι
1667 366 1710 394 imi
1739 368 1771 395 τὸ

946 407 1041 446 φρέαρ,
1067 408 1197 441 ἀντλῆσαι
1220 407 1303 446 ὕδωρ·
1320 411 1352 438 Et
1367 410 1482 438 camelis
1506 412 1559 439 tuis
1574 414 1669 447 potum
1688 412 1774 447 dabo,

945 458 970 480 et
985 454 1116 481 hauriam
1144 463 1254 490 aquam.
1270 455 1303 482 Et
1325 456 1450 482 cucurrit
1474 456 1575 483 iterum
1597 456 1632 484 ad
1646 462 1772 492 puteum,

945 500 975 525 ut
990 506 1092 533 aquam
1107 499 1244 527 hauriret.

980 547 1040 574 Col.
1065 547 1118 574 283
1144 548 1163 575 C
1184 548 1210 575 6.
1235 547 1289 576 Sed
1313 550 1339 576 et
1362 548 1390 576 in
1415 549 1549 576 Ecclesia.
1576 550 1720 578 lnoiderat
1742 551 1772 578 in

945 591 1073 619 codicem
1091 592 1229 619 mutilum
1256 593 1285 620 F.
1302 592 1459 628 interpres,
1485 593 1594 622 idcirco
1609 596 1638 621 et
1651 597 1772 622 trunca-

943 637 1004 662 tam
1022 636 1095 664 hanc
1113 637 1266 671 periodum
1281 637 1435 672 expressit,
1450 647 1464 662 «
1480 637 1588 665 Verum
1602 638 1632 666 in
1642 639 1773 667 Ecclesia

944 680 1105 715 primatum
1131 681 1265 708 obtinent
1288 681 1425 716 apostoli,
1452 683 1616 710 secundum
1637 683 1771 711 ordinem

944 724 1104 760 prophetas.
1123 736 1136 749 n
1153 725 1252 753 lnnuit
1271 725 1367 753 locum
1383 726 1525 762 Apostoli,
1545 727 1554 753 Ι
1571 727 1702 756 Corinth.
1719 736 1772 761 xu,

942 768 968 795 8.
992 768 1090 796 Grece
1113 769 1191 797 enim
1216 772 1279 797 erat
1304 770 1333 797 in
1358 778 1414 798 ms.
1446 771 1477 798 F.
1503 769 1591 798 Ἀλλὰ
1617 770 1663 798 καὶ
1689 771 1715 799 ἕν
1736 773 1770 808 τῇ

944 811 1094 850 Ἐκκλησία
1118 815 1227 850 πρῶτον
1252 813 1436 847 ἀποστόλους,
1468 813 1591 852 δεύτερον
1619 816 1771 854 προφήτας.

951 857 1004 884 sev
1021 855 1066 884 οὗν
1080 867 1156 885 non.
1181 859 1250 891 Quae
1273 867 1339 886 vero
1364 859 1463 887 addita
1488 863 1557 887 sunt
1572 869 1607 888 ex
1628 861 1772 898 Anglicis,

951 901 1058 938 Regius
1075 902 1097 930 H
1113 905 1142 930 et
1156 903 1176 930 Ι.
1194 903 1379 931 confirmant.

987 950 1048 978 Col.
1065 951 1118 978 289
1133 953 1154 978 Β
1168 952 1194 978 9.
1213 952 1429 988 Quinquaginta.
1446 953 1475 980 in
1493 954 1608 981 duobus
1633 955 1729 991 Regiis
1745 957 1774 983 et

954 995 975 1026 l,
1004 998 1120 1023 tantum
1149 999 1211 1024 erat
1239 995 1397 1031 ἐννακόσια,
1428 998 1478 1024 sed
1509 998 1660 1034 Anglican.
1692 1000 1774 1027 addit

951 1039 1040 1074 πέντε,
1057 1039 1160 1068 vitiose
1175 1041 1279 1076 opinor
1295 1049 1346 1077 pro
1372 1042 1551 1075 πεντήκοντα·
1579 1043 1621 1070 sic
1636 1043 1713 1070 enim
1731 1046 1775 1071 est

952 1084 1054 1111 Genes.
1078 1093 1116 1117 1x,
1138 1085 1173 1111 29
1190 1093 1196 1111 ε
1214 1084 1263 1111 Καὶ
1285 1084 1407 1122 ἐγένοντο
1429 1088 1510 1112 πᾶσαι
1535 1086 1562 1112 αἱ
1582 1085 1683 1124 ἡμέραι
1709 1089 1773 1114 Νῶε

951 1126 1092 1154 ἆννακόσια
1116 1129 1284 1163 πεντήκοντα
1306 1128 1365 1164 ἔτη,
1392 1130 1435 1156 καὶ
1460 1130 1598 1157 ἀπέθανεν·
1618 1143 1631 1156 (‹
1653 1132 1687 1160 Et
1703 1132 1771 1159 facti

951 1175 1022 1199 sunt
1035 1181 1136 1200 omnes
1148 1173 1211 1201 dies
1227 1174 1296 1209 Noe,
1311 1175 1447 1209 nongenti
1460 1175 1675 1211 quinquaginta
1691 1177 1771 1211 anni,

951 1219 980 1244 et
995 1220 1129 1245 mortuus
1142 1220 1196 1245 est.
1217 1229 1226 1243 ι
1247 1221 1303 1246 Νθο
1319 1219 1482 1254 refragatur
1505 1220 1605 1247 Latina
1619 1219 1748 1256 Vulgata
1765 1230 1773 1255 ;

951 1261 1001 1288 sed
1018 1264 1045 1289 et
1060 1263 1136 1297 quod
1150 1262 1221 1290 dixit
1235 1263 1271 1290 de
1286 1263 1464 1297 Mathusala,
1481 1264 1614 1291 tribuens
1632 1264 1672 1292 illi
1699 1273 1775 1292 non-

950 1308 1053 1340 gentos
1069 1307 1255 1342 septuaginta
1267 1307 1508 1342 annos,nonnihil
1522 1308 1670 1335 diversum
1683 1311 1726 1336 est
1737 1310 1773 1336 ab

950 1357 983 1377 eo
999 1351 1076 1385 quod
1099 1351 1209 1378 habent
1229 1351 1306 1384 LXX,
1325 1351 1428 1379 Genes.
1449 1360 1477 1384 ν,
1493 1353 1527 1379 27
1550 1360 1556 1379 :
1579 1351 1630 1379 Καὶ
1647 1352 1772 1389 ἐγένοντο

949 1396 1033 1420 πᾶσαι
1070 1395 1098 1420 αἱ
1135 1394 1235 1432 ἡμέραι
1270 1394 1444 1429 Μαθουσάλα,
1483 1394 1514 1426 ἃς
1553 1398 1668 1430 εζησεν,
1698 1395 1772 1424 ίννὲα

949 1437 994 1463 καὶ
1023 1436 1152 1472 ἆξήκοντα
1189 1438 1234 1465 καὶ
1274 1437 1428 1465 ὶννεακόσια
1463 1438 1520 1474 ἔτη,
1549 1438 1593 1466 καὶ
1621 1439 1770 1467 ἀπέθανεν·

949 1483 982 1510 Et
994 1483 1062 1518 facti
1071 1485 1134 1510 sunt
1149 1491 1242 1510 omnes
1265 1484 1326 1511 dies
1340 1484 1503 1518 Mathusala,
1518 1493 1584 1520 quos
1604 1486 1685 1520 vixit,
1701 1493 1770 1514 non-

949 1528 1024 1562 genti
1037 1529 1184 1562 sexaginta
1199 1536 1294 1555 novem
1311 1529 1546 1556 aani.Postremo
1557 1538 1623 1556 cum
1636 1530 1772 1565 ambigua

950 1574 1028 1599 esset
1043 1573 1236 1608 manuscripti
1253 1573 1408 1608 scriptura,
1425 1572 1527 1599 ἐκείνου
1543 1573 1613 1609 legit
1628 1574 1772 1610 interpres

951 1625 1003 1652 pro
1018 1615 1136 1652 ἐκείνων,
1153 1619 1306 1653 propterea
1329 1618 1423 1652 vertit,
1441 1629 1454 1643 ‹‹
1472 1626 1529 1653 quo
1553 1627 1609 1646 uno
1634 1619 1771 1655 deinceps

949 1669 1035 1689 nemo
1050 1662 1149 1689 senior
1163 1662 1242 1689 vixit.
1261 1673 1273 1688 ‹ι

984 1709 1044 1737 Col.
1059 1711 1113 1737 290
1139 1711 1203 1738 B1.
1230 1712 1280 1745 Qui
1309 1711 1376 1739 loco.
1405 1711 1513 1739 Eadem
1542 1711 1714 1748 legebantur
1739 1714 1768 1740 in

951 1754 990 1782 ΡΑ
1018 1755 1149 1782 ediderat
1177 1758 1274 1784 tamen
1305 1756 1459 1792 interpres,
1484 1767 1497 1781 ‹‹
1524 1757 1575 1792 qui
1606 1765 1657 1793 pro
1685 1760 1769 1785 eruto

949 1799 1032 1826 oculo
1047 1799 1222 1834 consulit,ut
1232 1800 1356 1828 alterum
1369 1801 1471 1828 oil‘erat
1486 1803 1544 1828 mat
1557 1801 1611 1828 hoc
1623 1810 1769 1836 nusquam

948 1842 1074 1878 legimus
1095 1844 1123 1871 in
1150 1845 1387 1880 Evangeliozsed
1413 1848 1526 1872 tantum
1553 1845 1655 1873 Matth.
1680 1854 1708 1878 ν,
1724 1846 1769 1879 39,

948 1888 1070 1923 opponit
1084 1888 1227 1920 Christus,
1245 1889 1304 1916 Non
1329 1889 1457 1916 resistere
1480 1890 1562 1919 malo.
1586 1890 1637 1917 sed
1660 1890 1685 1916 si
1708 1890 1770 1925 quis

947 1932 1112 1968 percusserit
1127 1934 1156 1960 in
1171 1933 1311 1960 demtcram
1326 1934 1477 1960 maxillam
1490 1935 1671 1969 tuam,prwbe
1687 1934 1731 1962 illi
1745 1937 1771 1962 et

948 1978 1066 2005 alteram
1083 1985 1089 2004 :
1107 1976 1150 2004 illi
1164 1977 1237 2012 legis
1260 1977 1364 2005 veteris
1391 1980 1533 2013 praecepto
1550 1978 1667 2006 Levitici
1691 1987 1767 2013 xxiv,

947 2023 982 2049 20
1022 2031 1029 2050 :
1069 2020 1226 2059 Ὀφθαλμὸν
1255 2021 1312 2048 ἀντὶ
1352 2020 1496 2060 ὀφθαλμοῦ
1527 2043 1533 2055 ,
1572 2021 1668 2049 ὀδόντα
1712 2023 1767 2050 ἀντὶ

949 2065 1072 2097 ὀδόντος·
1114 2067 1207 2093 καθότι
1241 2066 1270 2093 ἃν
1311 2065 1349 2102 δῷ
1378 2069 1475 2103 μῶμον
1509 2067 1668 2104 ἀνθρώπῳ,
1697 2067 1769 2094 οὕτω

949 2109 1092 2146 δοθήσεται
1126 2110 1208 2147 αὐτῷ·
1240 2112 1356 2140 Oculum
1380 2120 1430 2148 pro
1463 2113 1552 2144 oculo,
1582 2112 1690 2139 dentem
1716 2121 1771 2148 pro

948 2156 1028 2184 dente
1041 2165 1047 2189 ;
1059 2157 1129 2184 sicut
1143 2157 1250 2184 dederit
1266 2157 1403 2184 maculam
1419 2157 1534 2188 homini,
1549 2157 1588 2184 sic
1599 2157 1712 2184 dabitur
1726 2158 1768 2191 ei;

949 2203 977 2228 et
992 2201 1208 2228 Deuteronomii
1224 2209 1281 2230 XIX.
1297 2202 1341 2229 21.
1360 2202 1440 2236 Apud
1462 2201 1648 2237 Procopium,
1666 2211 1693 2237 p.
1711 2203 1744 2229 64
1761 2211 1768 2231 :

950 2256 963 2270 ε(
980 2245 1034 2277 Qui
1050 2254 1108 2273 non
1120 2246 1183 2280 jam
1196 2246 1314 2273 oculum
1325 2255 1375 2281 pro
1385 2246 1468 2273 oculo
1479 2246 1667 2281 eiicdere,sed
1681 2254 1769 2274 unam

69 2290 139 2318 vivit
167 2298 202 2318 ex
229 2290 334 2318 virtuts
363 2291 424 2318 Dei.
454 2303 468 2316 n
484 2293 556 2320 item
573 2292 658 2326 illud,
673 2291 891 2320 ἐναποθανεῖσθαι
908 2287 931 2319 Ι)
947 2289 1094 2317 maxillam
1111 2290 1224 2317 ferienti
1249 2290 1370 2317 alteram
1387 2291 1475 2318 etiam
1498 2291 1645 2326 porrigere
1661 2299 1769 2318 consu-

67 2332 127 2370 γάρ,
146 2335 223 2369 quod
239 2337 365 2362 verterat
379 2334 528 2362 Tilman.«
544 2336 672 2364 Peccatis
687 2337 765 2363 enim
782 2336 892 2365 nostris

69 2381 205 2406 mortuus
220 2381 274 2413 est,
292 2381 364 2406 teste
375 2379 534 2414 Scriptura,
550 2391 565 2404 ››
582 2388 639 2407 non
655 2381 892 2409 animadvertens

66 2431 132 2450 esse
148 2423 236 2450 verba
262 2422 367 2450 Christi
395 2423 518 2451 Joannis
543 2433 582 2456 χι,
598 2425 642 2452 25.
672 2425 803 2461 Denique
832 2429 891 2453 tam

68 2467 160 2495 multa
174 2470 258 2496 erant
282 2469 475 2503 emendanda,
499 2472 531 2496 ut
557 2469 627 2496 dum
653 2475 787 2498 currente
805 2471 892 2506 praalo

67 2512 338 2548 interpretationem
364 2513 440 2541 hanc
459 2522 647 2542 recensemus
674 2515 893 2550 quamplurima

68 2565 120 2584 nos
145 2556 311 2592 eﬂugerint,
330 2558 497 2592 cujusmodi
520 2561 565 2585 est
580 2558 652 2585 illud
668 2559 745 2594 quod
764 2560 892 2594 proxime

67 2601 215 2636 sequitur,
229 2599 274 2627 διὰ
289 2599 442 2639 φιλοξενίαν
454 2601 654 2638 ἀντλοῦσαφιεο
668 2611 725 2638 quo
738 2606 893 2631 annotarat

68 2649 212 2681 interpres
227 2645 395 2680 legendum,
411 2646 527 2677 ἇνθοῦσα
547 2648 772 2683 scripseratque,
790 2660 803 2672 ιι
827 2652 892 2676 stu-

66 2690 114 2717 dio
133 2690 341 2726 hospitalitatis
367 2691 440 2718 mire
466 2691 603 2720 effloruit.
635 2704 648 2717 ν
677 2694 771 2728 Atque
787 2692 891 2720 ἀντλεῖν

67 2735 186 2770 quidem
202 2735 318 2770 vulgata
333 2735 436 2763 Lexica
451 2740 601 2772 exponunt
621 2737 777 2772 aliquando
803 2749 816 2763 ι(
843 2746 892 2766 ex-

67 2779 185 2807 haurire
193 2779 351 2812 laborem,»
361 2779 404 2808 vel
421 2792 434 2806 «
451 2781 619 2815 exantlare;
636 2792 650 2806 ››
667 2782 717 2809 sed
735 2782 798 2810 loco
811 2790 893 2811 accu-

67 2824 158 2852 ratius
173 2832 301 2859 oxpenso
317 2825 531 2854 emendandum
549 2834 715 2862 censemus,
730 2837 744 2852 «
761 2826 890 2863 hospita-

947 2334 1010 2362 lat‘l
1028 2344 1040 2360 ι)
1057 2334 1146 2362 Paulo
1163 2339 1227 2370 post
1244 2334 1453 2371 μετεωρίζεσθαι
1476 2335 1524 2368 τὴν
1550 2333 1668 2362 διάνοιαν
1686 2335 1770 2368 dixit,

947 2382 980 2406 ut
991 2382 1091 2406 auctor
1104 2379 1170 2406 libri
1187 2387 1207 2405 ιι
1224 2379 1452 2406 Machabieorum
1469 2387 1496 2412 v,
1515 2380 1557 2413 17,
1574 2380 1609 2407 de
1630 2380 1769 2408 Antiocho

947 2431 1024 2458 rege-
1047 2421 1094 2448 Καὶ
1121 2420 1315 2458 ἐμετεωρίζετο
1329 2422 1378 2455 τήν
1396 2420 1514 2449 διάνοιαν
1532 2423 1545 2450 ὸ
1564 2422 1717 2460 Ἀντίοχος
1733 2425 1772 2451 Et

947 2468 1068 2494 elevatus
1082 2472 1120 2494 est
1135 2467 1224 2494 mente
1237 2466 1396 2494 Antiochus.

985 2518 1059 2545 ibid.
1083 2518 1126 2544 13.
1157 2519 1261 2544 Verum
1289 2518 1320 2544 in
1349 2518 1442 2545 animi
1468 2526 1578 2554 propos.
1609 2521 1772 2546 Annotarat

947 2562 1092 2597 interpres
1109 2561 1242 2588 mulilam
1254 2569 1317 2589 esse
1332 2561 1408 2589 hanc
1425 2562 1610 2597 particulam,
1627 2571 1715 2598 quam
1730 2563 1772 2590 ita

947 2606 1077 2633 vertebat
1093 2614 1099 2633 :
1118 2616 1132 2630 ί(
1148 2605 1178 2632 ln
1195 2605 1347 2632 sumendis
1358 2606 1465 2633 eduliis
1475 2615 1510 2633 ne
1525 2608 1564 2634 sit
1580 2609 1771 2641 spurcus,aut

949 2651 1108 2684 foedus,sed
1125 2650 1203 2678 cordi
1217 2658 1318 2682 suo,ac
1335 2651 1440 2677 mentis
1458 2651 1649 2678 destinatioui
1666 2651 1770 2686 impri—

949 2697 1019 2726 mat,
1045 2695 1114 2730 quia
1138 2695 1316 2727 Dominus,»
1333 2697 1386 2722 etc.
1412 2695 1472 2722 [mo
1500 2695 1688 2730 pollutionem
1713 2704 1770 2723 non

948 2747 1012 2766 esse
1028 2739 1089 2766 vult
1104 2739 1133 2766 in
1150 2739 1234 2774 cibis,
1251 2741 1284 2766 ut
1302 2739 1539 2768 Constitutionum
1552 2740 1770 2767 monasticarum

948 2792 1011 2818 cap.
1045 2783 1063 2810 6
1077 2783 1118 2809 ait
1134 2791 1187 2810 nos
1203 2791 1218 2810 a
1233 2783 1305 2810 cibis
1317 2783 1473 2815 abstinere,
1488 2792 1544 2812 non
1558 2788 1590 2812 ut
1604 2784 1771 2811 Judzeorum

949 2828 1035 2864 ritus,
1052 2835 1219 2862 sequamur,
1250 2825 1280 2853 οὐ
1309 2827 1360 2865 γὰρ
1384 2829 1437 2856 τῶν
1464 2828 1594 2856 τοιούτων
1612 2827 1771 2865 ἀπιχόμεθα
