  <div class='ocr_page' id='page_1' title='image "/cluster/home/n/w/nwhite01/storage/ocr_20150623/30/njp.32101013202591/559.png"; bbox 0 0 2029 3143; ppageno 0'>
   <div class='ocr_carea' id='block_1_1' title="bbox 220 143 295 173">
    <p class='ocr_par' dir='ltr' id='par_1_1' title="bbox 220 143 295 173">
     <span class='ocr_line' id='line_1_1' title="bbox 220 143 295 173; baseline 0 -1"><span class='ocrx_word' id='word_1_1' title='bbox 220 143 295 173; x_wconf 73' lang='grc'>1091</span> 
     </span>
    </p>
   </div>
   <div class='ocr_carea' id='block_1_2' title="bbox 811 140 1324 171">
    <p class='ocr_par' dir='ltr' id='par_1_2' title="bbox 811 140 1324 171">
     <span class='ocr_line' id='line_1_2' title="bbox 811 140 1324 171; baseline 0 -1"><span class='ocrx_word' id='word_1_2' title='bbox 811 141 928 171; x_wconf 68' lang='lat' dir='ltr'>NOTIE</span> <span class='ocrx_word' id='word_1_3' title='bbox 949 140 1172 171; x_wconf 76' lang='lat' dir='ltr'>FRONTONIS</span> <span class='ocrx_word' id='word_1_4' title='bbox 1193 140 1324 171; x_wconf 67' lang='lat' dir='ltr'><strong>DUCEI</strong></span> 
     </span>
    </p>
   </div>
   <div class='ocr_carea' id='block_1_3' title="bbox 1842 139 1924 170">
    <p class='ocr_par' dir='ltr' id='par_1_3' title="bbox 1842 139 1924 170">
     <span class='ocr_line' id='line_1_3' title="bbox 1842 139 1924 170; baseline 0.012 -1"><span class='ocrx_word' id='word_1_5' title='bbox 1842 139 1924 170; x_wconf 68' lang='grc'><strong>1092</strong></span> 
     </span>
    </p>
   </div>
   <div class='ocr_carea' id='block_1_4' title="bbox 218 205 1037 245">
    <p class='ocr_par' dir='ltr' id='par_1_4' title="bbox 218 205 1037 245">
     <span class='ocr_line' id='line_1_4' title="bbox 218 205 1037 245; baseline -0.004 -11"><span class='ocrx_word' id='word_1_6' title='bbox 218 206 422 241; x_wconf 77' lang='grc' dir='ltr'>Ἰουδαΐζοντες,</span> <span class='ocrx_word' id='word_1_7' title='bbox 444 205 518 234; x_wconf 80' lang='grc' dir='ltr'>ἀλλὰ</span> <span class='ocrx_word' id='word_1_8' title='bbox 541 209 591 241; x_wconf 79' lang='grc' dir='ltr'>τῆς</span> <span class='ocrx_word' id='word_1_9' title='bbox 613 209 717 245; x_wconf 75' lang='grc' dir='ltr'>τρυφῆς</span> <span class='ocrx_word' id='word_1_10' title='bbox 733 211 782 240; x_wconf 81' lang='grc' dir='ltr'>τήν</span> <span class='ocrx_word' id='word_1_11' title='bbox 803 205 967 242; x_wconf 73' lang='grc' dir='ltr'>πλησμονῆν</span> <span class='ocrx_word' id='word_1_12' title='bbox 979 205 1037 244; x_wconf 69' lang='grc' dir='ltr'>φεύ-</span> 
     </span>
    </p>
   </div>
   <div class='ocr_carea' id='block_1_5' title="bbox 1096 205 1920 245">
    <p class='ocr_par' dir='ltr' id='par_1_5' title="bbox 1099 205 1920 242">
     <span class='ocr_line' id='line_1_5' title="bbox 1099 205 1920 242; baseline -0.002 -8"><span class='ocrx_word' id='word_1_13' title='bbox 1099 206 1242 242; x_wconf 85' lang='lat' dir='ltr'>designet.</span> <span class='ocrx_word' id='word_1_14' title='bbox 1259 208 1347 234; x_wconf 79' lang='lat' dir='ltr'>Porro</span> <span class='ocrx_word' id='word_1_15' title='bbox 1363 205 1440 242; x_wconf 86' lang='lat' dir='ltr'>apud</span> <span class='ocrx_word' id='word_1_16' title='bbox 1457 205 1628 242; x_wconf 83' lang='lat' dir='ltr'>Procopium</span> <span class='ocrx_word' id='word_1_17' title='bbox 1651 205 1756 233; x_wconf 83' lang='lat' dir='ltr'>lacuna</span> <span class='ocrx_word' id='word_1_18' title='bbox 1770 207 1826 238; x_wconf 85' lang='lat' dir='ltr'>est,</span> <span class='ocrx_word' id='word_1_19' title='bbox 1856 213 1920 241; x_wconf 71' lang='lat' dir='ltr'>qua:</span> 
     </span>
    </p>
   </div>
   <div class='ocr_carea' id='block_1_6' title="bbox 217 251 1038 290">
    <p class='ocr_par' dir='ltr' id='par_1_6' title="bbox 217 251 1038 290">
     <span class='ocr_line' id='line_1_6' title="bbox 217 251 1038 290; baseline 0 -12"><span class='ocrx_word' id='word_1_20' title='bbox 217 262 321 290; x_wconf 83' lang='grc' dir='ltr'>γοντες,</span> <span class='ocrx_word' id='word_1_21' title='bbox 339 263 352 277; x_wconf 86' lang='grc'><strong>‹‹</strong></span> <span class='ocrx_word' id='word_1_22' title='bbox 370 252 419 279; x_wconf 83' lang='lat' dir='ltr'>sed</span> <span class='ocrx_word' id='word_1_23' title='bbox 437 254 469 279; x_wconf 88' lang='lat' dir='ltr'>ut</span> <span class='ocrx_word' id='word_1_24' title='bbox 482 252 654 280; x_wconf 88' lang='lat' dir='ltr'>deliciarum</span> <span class='ocrx_word' id='word_1_25' title='bbox 664 251 849 279; x_wconf 82' lang='lat' dir='ltr'>saturitatem</span> <span class='ocrx_word' id='word_1_26' title='bbox 862 251 1038 287; x_wconf 79' lang='lat' dir='ltr'>fugiamus;-</span> 
     </span>
    </p>
   </div>
   <div class='ocr_carea' id='block_1_7' title="bbox 218 296 1039 332">
    <p class='ocr_par' dir='ltr' id='par_1_7' title="bbox 218 296 1039 332">
     <span class='ocr_line' id='line_1_7' title="bbox 218 296 1039 332; baseline -0.002 -7"><span class='ocrx_word' id='word_1_27' title='bbox 218 301 246 325; x_wconf 84' lang='lat' dir='ltr'>ct</span> <span class='ocrx_word' id='word_1_28' title='bbox 271 297 452 331; x_wconf 71' lang='lat' dir='ltr'>Augustinus</span> <span class='ocrx_word' id='word_1_29' title='bbox 481 297 532 325; x_wconf 88' lang='lat' dir='ltr'>lib.</span> <span class='ocrx_word' id='word_1_30' title='bbox 561 297 596 324; x_wconf 88' lang='lat' dir='ltr'>3O</span> <span class='ocrx_word' id='word_1_31' title='bbox 623 299 724 325; x_wconf 84' lang='lat' dir='ltr'>Contra</span> <span class='ocrx_word' id='word_1_32' title='bbox 746 298 878 324; x_wconf 75' lang='lat' dir='ltr'>Faustum</span> <span class='ocrx_word' id='word_1_33' title='bbox 906 304 970 332; x_wconf 90' lang='lat' dir='ltr'>cap.</span> <span class='ocrx_word' id='word_1_34' title='bbox 999 296 1039 323; x_wconf 88' lang='lat'>5:</span> 
     </span>
    </p>
   </div>
   <div class='ocr_carea' id='block_1_8' title="bbox 218 341 1042 377">
    <p class='ocr_par' dir='ltr' id='par_1_8' title="bbox 218 341 1042 377">
     <span class='ocr_line' id='line_1_8' title="bbox 218 341 1042 377; baseline -0.001 -9"><span class='ocrx_word' id='word_1_35' title='bbox 218 355 231 368; x_wconf 78' lang='grc' dir='ltr'>α</span> <span class='ocrx_word' id='word_1_36' title='bbox 261 342 419 370; x_wconf 76' lang='lat' dir='ltr'>Christiani</span> <span class='ocrx_word' id='word_1_37' title='bbox 447 341 610 369; x_wconf 82' lang='lat' dir='ltr'>sdornandi</span> <span class='ocrx_word' id='word_1_38' title='bbox 638 341 768 377; x_wconf 87' lang='lat' dir='ltr'>corporis</span> <span class='ocrx_word' id='word_1_39' title='bbox 797 349 896 375; x_wconf 84' lang='lat' dir='ltr'>causa,</span> <span class='ocrx_word' id='word_1_40' title='bbox 923 342 1042 376; x_wconf 75' lang='lat' dir='ltr'>propter</span> 
     </span>
    </p>
   </div>
   <div class='ocr_carea' id='block_1_9' title="bbox 217 385 1039 419">
    <p class='ocr_par' dir='ltr' id='par_1_9' title="bbox 217 385 1039 419">
     <span class='ocr_line' id='line_1_9' title="bbox 217 385 1039 419; baseline -0.002 -5"><span class='ocrx_word' id='word_1_41' title='bbox 217 387 347 414; x_wconf 81' lang='lat' dir='ltr'>animam</span> <span class='ocrx_word' id='word_1_42' title='bbox 363 387 399 414; x_wconf 85' lang='lat' dir='ltr'>ab</span> <span class='ocrx_word' id='word_1_43' title='bbox 422 386 640 414; x_wconf 78' lang='lat' dir='ltr'>irrationalibus</span> <span class='ocrx_word' id='word_1_44' title='bbox 667 386 795 414; x_wconf 83' lang='lat' dir='ltr'>motibus</span> <span class='ocrx_word' id='word_1_45' title='bbox 814 385 1039 419; x_wconf 85' lang='lat' dir='ltr'>humiliandam,</span> 
     </span>
    </p>
   </div>
   <div class='ocr_carea' id='block_1_10' title="bbox 217 429 1040 467">
    <p class='ocr_par' dir='ltr' id='par_1_10' title="bbox 217 429 1040 467">
     <span class='ocr_line' id='line_1_10' title="bbox 217 429 1040 467; baseline -0.004 -8"><span class='ocrx_word' id='word_1_46' title='bbox 217 441 274 459; x_wconf 75' lang='lat' dir='ltr'>non</span> <span class='ocrx_word' id='word_1_47' title='bbox 291 432 367 467; x_wconf 91' lang='lat' dir='ltr'>quod</span> <span class='ocrx_word' id='word_1_48' title='bbox 385 430 436 458; x_wconf 90' lang='lat' dir='ltr'>illa</span> <span class='ocrx_word' id='word_1_49' title='bbox 451 439 515 458; x_wconf 88' lang='lat' dir='ltr'>esse</span> <span class='ocrx_word' id='word_1_50' title='bbox 530 431 684 458; x_wconf 86' lang='lat' dir='ltr'>immunda</span> <span class='ocrx_word' id='word_1_51' title='bbox 696 431 825 465; x_wconf 84' lang='lat' dir='ltr'>credant,</span> <span class='ocrx_word' id='word_1_52' title='bbox 842 438 898 458; x_wconf 91' lang='lat' dir='ltr'>non</span> <span class='ocrx_word' id='word_1_53' title='bbox 913 429 1007 457; x_wconf 91' lang='lat' dir='ltr'>solum</span> <span class='ocrx_word' id='word_1_54' title='bbox 1024 437 1040 456; x_wconf 87' lang='lat' dir='ltr'>a</span> 
     </span>
    </p>
   </div>
   <div class='ocr_carea' id='block_1_11' title="bbox 217 474 1040 510">
    <p class='ocr_par' dir='ltr' id='par_1_11' title="bbox 217 474 1040 510">
     <span class='ocr_line' id='line_1_11' title="bbox 217 474 1040 510; baseline -0.002 -8"><span class='ocrx_word' id='word_1_55' title='bbox 217 476 365 506; x_wconf 73' lang='lat' dir='ltr'>carnibus,</span> <span class='ocrx_word' id='word_1_56' title='bbox 381 483 480 503; x_wconf 85' lang='lat' dir='ltr'>verum</span> <span class='ocrx_word' id='word_1_57' title='bbox 496 483 511 502; x_wconf 83' lang='lat' dir='ltr'>a</span> <span class='ocrx_word' id='word_1_58' title='bbox 528 475 705 510; x_wconf 79' lang='lat' dir='ltr'>quibusdam</span> <span class='ocrx_word' id='word_1_59' title='bbox 723 475 810 502; x_wconf 84' lang='lat' dir='ltr'>etiam</span> <span class='ocrx_word' id='word_1_60' title='bbox 838 477 920 501; x_wconf 73' lang='lat' dir='ltr'>terrm</span> <span class='ocrx_word' id='word_1_61' title='bbox 937 474 1040 501; x_wconf 89' lang='lat' dir='ltr'>fructi-</span> 
     </span>
    </p>
   </div>
   <div class='ocr_carea' id='block_1_12' title="bbox 218 518 1039 548">
    <p class='ocr_par' dir='ltr' id='par_1_12' title="bbox 218 518 1039 548">
     <span class='ocr_line' id='line_1_12' title="bbox 218 518 1039 548; baseline -0.005 0"><span class='ocrx_word' id='word_1_62' title='bbox 218 521 273 548; x_wconf 86' lang='lat' dir='ltr'>bus</span> <span class='ocrx_word' id='word_1_63' title='bbox 288 519 463 547; x_wconf 82' lang='lat' dir='ltr'>abstinent.-</span> <span class='ocrx_word' id='word_1_64' title='bbox 477 519 565 547; x_wconf 87' lang='lat' dir='ltr'>Paulo</span> <span class='ocrx_word' id='word_1_65' title='bbox 575 520 651 547; x_wconf 83' lang='lat' dir='ltr'>infra</span> <span class='ocrx_word' id='word_1_66' title='bbox 660 520 769 547; x_wconf 85' lang='lat' dir='ltr'>citntur</span> <span class='ocrx_word' id='word_1_67' title='bbox 779 519 860 546; x_wconf 90' lang='lat' dir='ltr'>locus</span> <span class='ocrx_word' id='word_1_68' title='bbox 871 518 1039 546; x_wconf 87' lang='lat' dir='ltr'>Proverbio-</span> 
     </span>
    </p>
   </div>
   <div class='ocr_carea' id='block_1_13' title="bbox 218 563 1040 596">
    <p class='ocr_par' dir='ltr' id='par_1_13' title="bbox 218 563 1040 596">
     <span class='ocr_line' id='line_1_13' title="bbox 218 563 1040 596; baseline -0.004 -4"><span class='ocrx_word' id='word_1_69' title='bbox 218 573 282 592; x_wconf 89' lang='lat' dir='ltr'>rum</span> <span class='ocrx_word' id='word_1_70' title='bbox 296 565 417 596; x_wconf 75' lang='lat' dir='ltr'>xxv.12,</span> <span class='ocrx_word' id='word_1_71' title='bbox 428 565 526 592; x_wconf 83' lang='lat' dir='ltr'>verbis</span> <span class='ocrx_word' id='word_1_72' title='bbox 537 563 670 591; x_wconf 84' lang='lat' dir='ltr'>nonnihil</span> <span class='ocrx_word' id='word_1_73' title='bbox 687 564 827 596; x_wconf 76' lang='lat' dir='ltr'>diversis;</span> <span class='ocrx_word' id='word_1_74' title='bbox 845 563 885 590; x_wconf 85' lang='lat' dir='ltr'>ita</span> <span class='ocrx_word' id='word_1_75' title='bbox 899 563 976 590; x_wconf 82' lang='lat' dir='ltr'>enim</span> <span class='ocrx_word' id='word_1_76' title='bbox 995 565 1040 590; x_wconf 87' lang='lat' dir='ltr'>est</span> 
     </span>
    </p>
   </div>
   <div class='ocr_carea' id='block_1_14' title="bbox 218 604 1038 644">
    <p class='ocr_par' dir='ltr' id='par_1_14' title="bbox 218 604 1038 644">
     <span class='ocr_line' id='line_1_14' title="bbox 218 604 1038 644; baseline -0.004 -9"><span class='ocrx_word' id='word_1_77' title='bbox 218 609 294 644; x_wconf 84' lang='lat' dir='ltr'>apud</span> <span class='ocrx_word' id='word_1_78' title='bbox 323 609 387 636; x_wconf 76' lang='lat' dir='ltr'>LXX</span> <span class='ocrx_word' id='word_1_79' title='bbox 412 616 418 635; x_wconf 92' lang='lat'>:</span> <span class='ocrx_word' id='word_1_80' title='bbox 445 607 490 638; x_wconf 73' lang='grc' dir='ltr'>Εἰς</span> <span class='ocrx_word' id='word_1_81' title='bbox 520 608 629 635; x_wconf 77' lang='grc' dir='ltr'>ἑνώτιον</span> <span class='ocrx_word' id='word_1_82' title='bbox 658 609 777 644; x_wconf 70' lang='grc' dir='ltr'>γρυτοῦν</span> <span class='ocrx_word' id='word_1_83' title='bbox 814 606 922 643; x_wconf 67' lang='grc' dir='ltr'>σάρδων</span> <span class='ocrx_word' id='word_1_84' title='bbox 951 604 1038 633; x_wconf 80' lang='grc' dir='ltr'>πολυ-</span> 
     </span>
    </p>
   </div>
   <div class='ocr_carea' id='block_1_15' title="bbox 216 651 1038 691">
    <p class='ocr_par' dir='ltr' id='par_1_15' title="bbox 216 651 1038 691">
     <span class='ocr_line' id='line_1_15' title="bbox 216 651 1038 691; baseline -0.001 -12"><span class='ocrx_word' id='word_1_85' title='bbox 216 652 292 683; x_wconf 72' lang='grc' dir='ltr'>τελὲς</span> <span class='ocrx_word' id='word_1_86' title='bbox 306 651 419 680; x_wconf 58' lang='lat' dir='ltr'>Bibe-tow</span> <span class='ocrx_word' id='word_1_87' title='bbox 443 651 525 690; x_wconf 81' lang='grc' dir='ltr'>Λόγος</span> <span class='ocrx_word' id='word_1_88' title='bbox 550 652 630 691; x_wconf 68' lang='grc' dir='ltr'>σοφὸς</span> <span class='ocrx_word' id='word_1_89' title='bbox 653 652 690 682; x_wconf 81' lang='grc' dir='ltr'>εἷς</span> <span class='ocrx_word' id='word_1_90' title='bbox 714 651 827 686; x_wconf 74' lang='grc' dir='ltr'>εὐήκοον</span> <span class='ocrx_word' id='word_1_91' title='bbox 848 652 903 682; x_wconf 73' lang='grc' dir='ltr'>οὒς·</span> <span class='ocrx_word' id='word_1_92' title='bbox 929 653 958 680; x_wconf 83' lang='lat' dir='ltr'>In</span> <span class='ocrx_word' id='word_1_93' title='bbox 984 660 1038 679; x_wconf 85' lang='lat' dir='ltr'>au-</span> 
     </span>
    </p>
   </div>
   <div class='ocr_carea' id='block_1_16' title="bbox 215 698 1039 733">
    <p class='ocr_par' dir='ltr' id='par_1_16' title="bbox 215 698 1039 733">
     <span class='ocr_line' id='line_1_16' title="bbox 215 698 1039 733; baseline -0.002 -8"><span class='ocrx_word' id='word_1_94' title='bbox 215 707 290 726; x_wconf 75' lang='lat' dir='ltr'>ream</span> <span class='ocrx_word' id='word_1_95' title='bbox 304 699 431 725; x_wconf 78' lang='lat' dir='ltr'>inaurem</span> <span class='ocrx_word' id='word_1_96' title='bbox 446 698 569 725; x_wconf 73' lang='lat' dir='ltr'>sardium</span> <span class='ocrx_word' id='word_1_97' title='bbox 584 698 733 733; x_wconf 74' lang='lat' dir='ltr'>pretiosum</span> <span class='ocrx_word' id='word_1_98' title='bbox 749 698 867 730; x_wconf 80' lang='lat' dir='ltr'>ligatum</span> <span class='ocrx_word' id='word_1_99' title='bbox 882 701 938 724; x_wconf 71' lang='lat' dir='ltr'>est:</span> <span class='ocrx_word' id='word_1_100' title='bbox 953 703 1039 723; x_wconf 74' lang='lat' dir='ltr'>sermo</span> 
     </span>
    </p>
   </div>
   <div class='ocr_carea' id='block_1_17' title="bbox 214 741 1039 776">
    <p class='ocr_par' dir='ltr' id='par_1_17' title="bbox 214 741 1039 776">
     <span class='ocr_line' id='line_1_17' title="bbox 214 741 1039 776; baseline -0.002 -7"><span class='ocrx_word' id='word_1_101' title='bbox 214 743 324 775; x_wconf 68' lang='lat' dir='ltr'>sapiens</span> <span class='ocrx_word' id='word_1_102' title='bbox 338 743 366 769; x_wconf 78' lang='lat' dir='ltr'>in</span> <span class='ocrx_word' id='word_1_103' title='bbox 383 750 478 769; x_wconf 79' lang='lat' dir='ltr'>aurem</span> <span class='ocrx_word' id='word_1_104' title='bbox 494 742 673 769; x_wconf 71' lang='lat' dir='ltr'>obedientem.</span> <span class='ocrx_word' id='word_1_105' title='bbox 690 742 771 776; x_wconf 78' lang='lat' dir='ltr'>Apud</span> <span class='ocrx_word' id='word_1_106' title='bbox 790 741 960 776; x_wconf 83' lang='lat' dir='ltr'>Procopium</span> <span class='ocrx_word' id='word_1_107' title='bbox 987 748 1039 776; x_wconf 90' lang='lat' dir='ltr'>pro</span> 
     </span>
    </p>
   </div>
   <div class='ocr_carea' id='block_1_18' title="bbox 215 785 1039 821">
    <p class='ocr_par' dir='ltr' id='par_1_18' title="bbox 215 785 1039 821">
     <span class='ocr_line' id='line_1_18' title="bbox 215 785 1039 821; baseline 0 -10"><span class='ocrx_word' id='word_1_108' title='bbox 215 798 227 811; x_wconf 74' lang='grc' dir='ltr'>ιι</span> <span class='ocrx_word' id='word_1_109' title='bbox 246 787 366 813; x_wconf 82' lang='lat' dir='ltr'>verbum</span> <span class='ocrx_word' id='word_1_110' title='bbox 392 786 562 821; x_wconf 87' lang='lat' dir='ltr'>pretiosum,</span> <span class='ocrx_word' id='word_1_111' title='bbox 580 797 593 811; x_wconf 70' lang='grc' dir='ltr'>ν</span> <span class='ocrx_word' id='word_1_112' title='bbox 611 786 746 821; x_wconf 79' lang='lat' dir='ltr'>legimus,</span> <span class='ocrx_word' id='word_1_113' title='bbox 765 796 777 811; x_wconf 76' lang='grc' dir='ltr'>α</span> <span class='ocrx_word' id='word_1_114' title='bbox 794 785 915 813; x_wconf 85' lang='lat' dir='ltr'>verbum</span> <span class='ocrx_word' id='word_1_115' title='bbox 940 793 1039 820; x_wconf 89' lang='lat' dir='ltr'>opero-</span> 
     </span>
    </p>
   </div>
   <div class='ocr_carea' id='block_1_19' title="bbox 215 829 742 865">
    <p class='ocr_par' dir='ltr' id='par_1_19' title="bbox 215 829 742 865">
     <span class='ocr_line' id='line_1_19' title="bbox 215 829 742 865; baseline -0.002 -8"><span class='ocrx_word' id='word_1_116' title='bbox 215 838 291 865; x_wconf 89' lang='lat' dir='ltr'>sum,</span> <span class='ocrx_word' id='word_1_117' title='bbox 310 841 322 854; x_wconf 78' lang='lat' dir='ltr'>n</span> <span class='ocrx_word' id='word_1_118' title='bbox 334 829 403 856; x_wconf 89' lang='lat' dir='ltr'>vitio</span> <span class='ocrx_word' id='word_1_119' title='bbox 419 830 543 857; x_wconf 81' lang='lat' dir='ltr'>fortasse</span> <span class='ocrx_word' id='word_1_120' title='bbox 557 829 742 865; x_wconf 86' lang='lat' dir='ltr'>typograpbi.</span> 
     </span>
    </p>
   </div>
   <div class='ocr_carea' id='block_1_20' title="bbox 250 882 1038 911">
    <p class='ocr_par' dir='ltr' id='par_1_20' title="bbox 250 882 1038 911">
     <span class='ocr_line' id='line_1_20' title="bbox 250 882 1038 911; baseline -0.003 -1"><span class='ocrx_word' id='word_1_121' title='bbox 250 883 309 911; x_wconf 90' lang='lat' dir='ltr'>Col.</span> <span class='ocrx_word' id='word_1_122' title='bbox 324 884 376 910; x_wconf 77' lang='grc'>294</span> <span class='ocrx_word' id='word_1_123' title='bbox 392 883 412 910; x_wconf 88' lang='grc' dir='ltr'><strong>Β</strong></span> <span class='ocrx_word' id='word_1_124' title='bbox 427 883 452 910; x_wconf 87' lang='lat'>8.</span> <span class='ocrx_word' id='word_1_125' title='bbox 474 882 533 910; x_wconf 73' lang='lat' dir='ltr'>Vidi</span> <span class='ocrx_word' id='word_1_126' title='bbox 557 884 631 910; x_wconf 77' lang='lat' dir='ltr'>enim</span> <span class='ocrx_word' id='word_1_127' title='bbox 646 887 680 910; x_wconf 78' lang='lat' dir='ltr'>te.</span> <span class='ocrx_word' id='word_1_128' title='bbox 705 883 927 910; x_wconf 83' lang='lat' dir='ltr'>Emendandum</span> <span class='ocrx_word' id='word_1_129' title='bbox 944 884 1038 908; x_wconf 80' lang='lat' dir='ltr'>estex</span> 
     </span>
    </p>
   </div>
   <div class='ocr_carea' id='block_1_21' title="bbox 214 926 1036 962">
    <p class='ocr_par' dir='ltr' id='par_1_21' title="bbox 214 926 1036 962">
     <span class='ocr_line' id='line_1_21' title="bbox 214 926 1036 962; baseline -0.002 -7"><span class='ocrx_word' id='word_1_130' title='bbox 214 928 305 955; x_wconf 88' lang='lat' dir='ltr'>altero</span> <span class='ocrx_word' id='word_1_131' title='bbox 321 928 408 961; x_wconf 75' lang='lat' dir='ltr'>Regio</span> <span class='ocrx_word' id='word_1_132' title='bbox 424 927 445 954; x_wconf 82' lang='grc' dir='ltr'>Η</span> <span class='ocrx_word' id='word_1_133' title='bbox 462 930 490 954; x_wconf 85' lang='lat' dir='ltr'>et</span> <span class='ocrx_word' id='word_1_134' title='bbox 517 927 536 954; x_wconf 91' lang='lat' dir='ltr'>l.</span> <span class='ocrx_word' id='word_1_135' title='bbox 558 928 635 962; x_wconf 86' lang='lat' dir='ltr'>quod</span> <span class='ocrx_word' id='word_1_136' title='bbox 653 935 804 962; x_wconf 77' lang='lat' dir='ltr'>perperam</span> <span class='ocrx_word' id='word_1_137' title='bbox 822 935 855 954; x_wconf 80' lang='lat' dir='ltr'>ex</span> <span class='ocrx_word' id='word_1_138' title='bbox 879 927 907 954; x_wconf 84' lang='lat' dir='ltr'>F.</span> <span class='ocrx_word' id='word_1_139' title='bbox 925 926 1036 954; x_wconf 89' lang='lat' dir='ltr'>editum</span> 
     </span>
    </p>
   </div>
   <div class='ocr_carea' id='block_1_22' title="bbox 214 970 1038 1005">
    <p class='ocr_par' dir='ltr' id='par_1_22' title="bbox 214 970 1038 1005">
     <span class='ocr_line' id='line_1_22' title="bbox 214 970 1038 1005; baseline -0.001 -6"><span class='ocrx_word' id='word_1_140' title='bbox 214 975 267 1005; x_wconf 84' lang='lat' dir='ltr'>ost,</span> <span class='ocrx_word' id='word_1_141' title='bbox 286 973 363 999; x_wconf 88' lang='lat' dir='ltr'>unde</span> <span class='ocrx_word' id='word_1_142' title='bbox 380 972 479 1000; x_wconf 80' lang='lat' dir='ltr'>Latine</span> <span class='ocrx_word' id='word_1_143' title='bbox 490 971 550 998; x_wconf 71' lang='lat' dir='ltr'>haec</span> <span class='ocrx_word' id='word_1_144' title='bbox 561 971 893 1005; x_wconf 77' lang='lat' dir='ltr'>eduxeratTilmannus,</span> <span class='ocrx_word' id='word_1_145' title='bbox 905 981 918 995; x_wconf 92' lang='grc'>‹‹</span> <span class='ocrx_word' id='word_1_146' title='bbox 929 970 1038 998; x_wconf 86' lang='lat' dir='ltr'>Videns</span> 
     </span>
    </p>
   </div>
   <div class='ocr_carea' id='block_1_23' title="bbox 214 1015 1038 1050">
    <p class='ocr_par' dir='ltr' id='par_1_23' title="bbox 214 1015 1038 1050">
     <span class='ocr_line' id='line_1_23' title="bbox 214 1015 1038 1050; baseline -0.004 -6"><span class='ocrx_word' id='word_1_147' title='bbox 214 1017 292 1044; x_wconf 87' lang='lat' dir='ltr'>enim</span> <span class='ocrx_word' id='word_1_148' title='bbox 317 1016 375 1044; x_wconf 86' lang='lat' dir='ltr'>vidi</span> <span class='ocrx_word' id='word_1_149' title='bbox 401 1024 516 1043; x_wconf 88' lang='lat' dir='ltr'>morum</span> <span class='ocrx_word' id='word_1_150' title='bbox 542 1016 710 1050; x_wconf 72' lang='lat' dir='ltr'>gravitatem</span> <span class='ocrx_word' id='word_1_151' title='bbox 735 1015 763 1042; x_wconf 92' lang='lat' dir='ltr'>in</span> <span class='ocrx_word' id='word_1_152' title='bbox 789 1024 895 1043; x_wconf 84' lang='lat' dir='ltr'>arcana</span> <span class='ocrx_word' id='word_1_153' title='bbox 919 1015 1038 1048; x_wconf 75' lang='lat' dir='ltr'>canitie,</span> 
     </span>
    </p>
   </div>
   <div class='ocr_carea' id='block_1_24' title="bbox 215 1059 1037 1097">
    <p class='ocr_par' dir='ltr' id='par_1_24' title="bbox 215 1059 1037 1097">
     <span class='ocr_line' id='line_1_24' title="bbox 215 1059 1037 1097; baseline 0 -10"><span class='ocrx_word' id='word_1_154' title='bbox 215 1070 278 1097; x_wconf 72' lang='lat' dir='ltr'>quas</span> <span class='ocrx_word' id='word_1_155' title='bbox 294 1063 323 1089; x_wconf 87' lang='lat' dir='ltr'>et</span> <span class='ocrx_word' id='word_1_156' title='bbox 335 1061 421 1088; x_wconf 83' lang='lat' dir='ltr'>senili</span> <span class='ocrx_word' id='word_1_157' title='bbox 437 1068 525 1088; x_wconf 91' lang='lat' dir='ltr'>sensu</span> <span class='ocrx_word' id='word_1_158' title='bbox 549 1061 671 1096; x_wconf 68' lang='lat' dir='ltr'>praedita</span> <span class='ocrx_word' id='word_1_159' title='bbox 695 1062 741 1088; x_wconf 88' lang='lat' dir='ltr'>est</span> <span class='ocrx_word' id='word_1_160' title='bbox 756 1068 762 1088; x_wconf 86' lang='lat'>:</span> <span class='ocrx_word' id='word_1_161' title='bbox 780 1071 794 1084; x_wconf 85' lang='lat'>»</span> <span class='ocrx_word' id='word_1_162' title='bbox 811 1063 840 1088; x_wconf 82' lang='lat' dir='ltr'>at</span> <span class='ocrx_word' id='word_1_163' title='bbox 864 1068 932 1088; x_wconf 86' lang='lat' dir='ltr'>vera</span> <span class='ocrx_word' id='word_1_164' title='bbox 953 1059 1037 1087; x_wconf 84' lang='lat' dir='ltr'>lectio</span> 
     </span>
    </p>
   </div>
   <div class='ocr_carea' id='block_1_25' title="bbox 215 1101 1036 1142">
    <p class='ocr_par' dir='ltr' id='par_1_25' title="bbox 215 1101 1036 1142">
     <span class='ocr_line' id='line_1_25' title="bbox 215 1101 1036 1142; baseline -0.002 -10"><span class='ocrx_word' id='word_1_165' title='bbox 215 1106 330 1141; x_wconf 71' lang='lat' dir='ltr'>exigit,</span> <span class='ocrx_word' id='word_1_166' title='bbox 361 1107 401 1140; x_wconf 76' lang='grc' dir='ltr'>τῷ</span> <span class='ocrx_word' id='word_1_167' title='bbox 429 1104 481 1141; x_wconf 68' lang='grc' dir='ltr'>γὰρ</span> <span class='ocrx_word' id='word_1_168' title='bbox 524 1105 677 1142; x_wconf 74' lang='grc' dir='ltr'>φρονήματι</span> <span class='ocrx_word' id='word_1_169' title='bbox 714 1104 820 1141; x_wconf 69' lang='grc' dir='ltr'>ἑώρακα</span> <span class='ocrx_word' id='word_1_170' title='bbox 859 1101 1036 1137; x_wconf 67' lang='grc' dir='ltr'>πρεσϐυτικὸν</span> 
     </span>
    </p>
   </div>
   <div class='ocr_carea' id='block_1_26' title="bbox 215 1148 1038 1187">
    <p class='ocr_par' dir='ltr' id='par_1_26' title="bbox 215 1148 1038 1187">
     <span class='ocr_line' id='line_1_26' title="bbox 215 1148 1038 1187; baseline -0.002 -11"><span class='ocrx_word' id='word_1_171' title='bbox 215 1149 382 1187; x_wconf 72' lang='grc' dir='ltr'>τυγχάνοντα</span> <span class='ocrx_word' id='word_1_172' title='bbox 410 1149 424 1176; x_wconf 78' lang='grc' dir='ltr'><strong>ὀ</strong></span> <span class='ocrx_word' id='word_1_173' title='bbox 460 1148 568 1186; x_wconf 75' lang='grc' dir='ltr'>βλέπων</span> <span class='ocrx_word' id='word_1_174' title='bbox 602 1149 651 1182; x_wconf 68' lang='grc' dir='ltr'>τὴν</span> <span class='ocrx_word' id='word_1_175' title='bbox 683 1149 836 1184; x_wconf 79' lang='grc' dir='ltr'>σεμνότητα</span> <span class='ocrx_word' id='word_1_176' title='bbox 864 1151 914 1182; x_wconf 77' lang='grc' dir='ltr'>τῆς</span> <span class='ocrx_word' id='word_1_177' title='bbox 944 1148 970 1175; x_wconf 73' lang='grc' dir='ltr'>ὲν</span> <span class='ocrx_word' id='word_1_178' title='bbox 998 1149 1038 1183; x_wconf 82' lang='grc' dir='ltr'>τῷ</span> 
     </span>
    </p>
   </div>
   <div class='ocr_carea' id='block_1_27' title="bbox 214 1191 1038 1231">
    <p class='ocr_par' dir='ltr' id='par_1_27' title="bbox 214 1191 1038 1231">
     <span class='ocr_line' id='line_1_27' title="bbox 214 1191 1038 1231; baseline -0.002 -11"><span class='ocrx_word' id='word_1_179' title='bbox 214 1195 326 1231; x_wconf 76' lang='grc' dir='ltr'>κρυπτῷ</span> <span class='ocrx_word' id='word_1_180' title='bbox 353 1193 464 1224; x_wconf 75' lang='grc' dir='ltr'>πολιᾶς.</span> <span class='ocrx_word' id='word_1_181' title='bbox 498 1194 654 1229; x_wconf 89' lang='lat' dir='ltr'>l&#39;rocopius</span> <span class='ocrx_word' id='word_1_182' title='bbox 682 1194 753 1221; x_wconf 82' lang='lat' dir='ltr'>dixit</span> <span class='ocrx_word' id='word_1_183' title='bbox 777 1202 804 1229; x_wconf 91' lang='lat' dir='ltr'>p.</span> <span class='ocrx_word' id='word_1_184' title='bbox 820 1194 878 1221; x_wconf 80' lang='lat'>66:</span> <span class='ocrx_word' id='word_1_185' title='bbox 903 1192 977 1220; x_wconf 71' lang='grc' dir='ltr'>Ἐπεὶ</span> <span class='ocrx_word' id='word_1_186' title='bbox 994 1191 1038 1219; x_wconf 79' lang='grc' dir='ltr'>καὶ</span> 
     </span>
    </p>
   </div>
   <div class='ocr_carea' id='block_1_28' title="bbox 214 1236 1038 1275">
    <p class='ocr_par' dir='ltr' id='par_1_28' title="bbox 214 1236 1038 1275">
     <span class='ocr_line' id='line_1_28' title="bbox 214 1236 1038 1275; baseline -0.002 -10"><span class='ocrx_word' id='word_1_187' title='bbox 214 1239 282 1275; x_wconf 68' lang='grc' dir='ltr'>πρὸς</span> <span class='ocrx_word' id='word_1_188' title='bbox 309 1238 441 1275; x_wconf 76' lang='grc' dir='ltr'>Ἱερεμίαν</span> <span class='ocrx_word' id='word_1_189' title='bbox 471 1237 542 1264; x_wconf 63' lang='grc' dir='ltr'>οὕτω</span> <span class='ocrx_word' id='word_1_190' title='bbox 567 1236 716 1274; x_wconf 69' lang='grc' dir='ltr'>διελέγετο,</span> <span class='ocrx_word' id='word_1_191' title='bbox 743 1237 780 1272; x_wconf 78' lang='grc' dir='ltr'>μὴ</span> <span class='ocrx_word' id='word_1_192' title='bbox 809 1237 880 1275; x_wconf 64' lang='grc' dir='ltr'>Λέγε,</span> <span class='ocrx_word' id='word_1_193' title='bbox 908 1236 950 1264; x_wconf 76' lang='grc' dir='ltr'><strong>ὅτι</strong></span> <span class='ocrx_word' id='word_1_194' title='bbox 971 1236 1038 1263; x_wconf 77' lang='grc' dir='ltr'>νεώ-</span> 
     </span>
    </p>
   </div>
   <div class='ocr_carea' id='block_1_29' title="bbox 212 1279 1038 1319">
    <p class='ocr_par' dir='ltr' id='par_1_29' title="bbox 212 1279 1038 1319">
     <span class='ocr_line' id='line_1_29' title="bbox 212 1279 1038 1319; baseline -0.002 -10"><span class='ocrx_word' id='word_1_195' title='bbox 212 1282 290 1319; x_wconf 74' lang='grc' dir='ltr'>τερός</span> <span class='ocrx_word' id='word_1_196' title='bbox 313 1282 380 1318; x_wconf 72' lang='grc' dir='ltr'>εἶμι,</span> <span class='ocrx_word' id='word_1_197' title='bbox 405 1280 509 1312; x_wconf 73' lang='grc' dir='ltr'>δεικνὺς</span> <span class='ocrx_word' id='word_1_198' title='bbox 533 1281 571 1317; x_wconf 78' lang='grc' dir='ltr'>μὴ</span> <span class='ocrx_word' id='word_1_199' title='bbox 597 1281 675 1308; x_wconf 78' lang='grc' dir='ltr'>οὖσαν</span> <span class='ocrx_word' id='word_1_200' title='bbox 701 1281 726 1308; x_wconf 74' lang='grc' dir='ltr'>ἐν</span> <span class='ocrx_word' id='word_1_201' title='bbox 756 1281 830 1317; x_wconf 82' lang='grc' dir='ltr'>αὐτῷ</span> <span class='ocrx_word' id='word_1_202' title='bbox 851 1279 966 1315; x_wconf 71' lang='grc' dir='ltr'>νεότητα</span> <span class='ocrx_word' id='word_1_203' title='bbox 995 1279 1038 1307; x_wconf 75' lang='grc' dir='ltr'>διὰ</span> 
     </span>
    </p>
   </div>
   <div class='ocr_carea' id='block_1_30' title="bbox 214 1325 1039 1362">
    <p class='ocr_par' dir='ltr' id='par_1_30' title="bbox 214 1325 1039 1362">
     <span class='ocr_line' id='line_1_30' title="bbox 214 1325 1039 1362; baseline 0 -9"><span class='ocrx_word' id='word_1_204' title='bbox 214 1328 263 1361; x_wconf 72' lang='grc' dir='ltr'>τὴν</span> <span class='ocrx_word' id='word_1_205' title='bbox 280 1330 329 1361; x_wconf 84' lang='grc' dir='ltr'>τῆς</span> <span class='ocrx_word' id='word_1_206' title='bbox 345 1325 468 1356; x_wconf 68' lang='grc' dir='ltr'>διανοίας</span> <span class='ocrx_word' id='word_1_207' title='bbox 481 1325 630 1353; x_wconf 71' lang='grc' dir='ltr'>τελείωσιν.</span> <span class='ocrx_word' id='word_1_208' title='bbox 650 1327 690 1354; x_wconf 81' lang='lat' dir='ltr'>Ite</span> <span class='ocrx_word' id='word_1_209' title='bbox 706 1326 849 1362; x_wconf 78' lang='lat' dir='ltr'>explenda</span> <span class='ocrx_word' id='word_1_210' title='bbox 872 1329 915 1354; x_wconf 86' lang='lat' dir='ltr'>est</span> <span class='ocrx_word' id='word_1_211' title='bbox 930 1326 989 1353; x_wconf 88' lang='lat' dir='ltr'>illic</span> <span class='ocrx_word' id='word_1_212' title='bbox 1005 1335 1039 1354; x_wconf 83' lang='lat' dir='ltr'>ex</span> 
     </span>
    </p>
   </div>
   <div class='ocr_carea' id='block_1_31' title="bbox 217 1371 1038 1406">
    <p class='ocr_par' dir='ltr' id='par_1_31' title="bbox 217 1371 1038 1406">
     <span class='ocr_line' id='line_1_31' title="bbox 217 1371 1038 1406; baseline -0.002 -6"><span class='ocrx_word' id='word_1_213' title='bbox 217 1372 324 1400; x_wconf 78' lang='lat' dir='ltr'>Basilio</span> <span class='ocrx_word' id='word_1_214' title='bbox 344 1371 458 1403; x_wconf 85' lang='lat' dir='ltr'>lacuna,</span> <span class='ocrx_word' id='word_1_215' title='bbox 475 1374 508 1398; x_wconf 89' lang='lat' dir='ltr'>ut</span> <span class='ocrx_word' id='word_1_216' title='bbox 532 1372 656 1406; x_wconf 86' lang='lat' dir='ltr'>conjecit</span> <span class='ocrx_word' id='word_1_217' title='bbox 681 1371 869 1398; x_wconf 80' lang='lat' dir='ltr'>doctissimus</span> <span class='ocrx_word' id='word_1_218' title='bbox 895 1371 1038 1406; x_wconf 83' lang='lat' dir='ltr'>interpres</span> 
     </span>
    </p>
   </div>
   <div class='ocr_carea' id='block_1_32' title="bbox 217 1415 1038 1451">
    <p class='ocr_par' dir='ltr' id='par_1_32' title="bbox 217 1415 1038 1451">
     <span class='ocr_line' id='line_1_32' title="bbox 217 1415 1038 1451; baseline -0.001 -8"><span class='ocrx_word' id='word_1_219' title='bbox 217 1416 386 1444; x_wconf 81' lang='lat' dir='ltr'>Curterius:</span> <span class='ocrx_word' id='word_1_220' title='bbox 404 1427 418 1440; x_wconf 89' lang='grc'>‹‹</span> <span class='ocrx_word' id='word_1_221' title='bbox 429 1416 579 1450; x_wconf 85' lang='lat' dir='ltr'>Siquidem</span> <span class='ocrx_word' id='word_1_222' title='bbox 593 1419 621 1442; x_wconf 88' lang='lat' dir='ltr'>et</span> <span class='ocrx_word' id='word_1_223' title='bbox 632 1415 772 1443; x_wconf 80' lang='lat' dir='ltr'>Dominus</span> <span class='ocrx_word' id='word_1_224' title='bbox 789 1415 862 1451; x_wconf 87' lang='lat' dir='ltr'>ipse,</span> <span class='ocrx_word' id='word_1_225' title='bbox 879 1423 945 1443; x_wconf 90' lang='lat' dir='ltr'>cum</span> <span class='ocrx_word' id='word_1_226' title='bbox 961 1415 1038 1443; x_wconf 81' lang='lat' dir='ltr'>Jers-</span> 
     </span>
    </p>
   </div>
   <div class='ocr_carea' id='block_1_33' title="bbox 219 1460 1037 1493">
    <p class='ocr_par' dir='ltr' id='par_1_33' title="bbox 219 1460 1037 1493">
     <span class='ocr_line' id='line_1_33' title="bbox 219 1460 1037 1493; baseline -0.001 -5"><span class='ocrx_word' id='word_1_227' title='bbox 219 1461 307 1488; x_wconf 87' lang='lat' dir='ltr'>miam</span> <span class='ocrx_word' id='word_1_228' title='bbox 335 1460 510 1493; x_wconf 85' lang='lat' dir='ltr'>conveniret,</span> <span class='ocrx_word' id='word_1_229' title='bbox 537 1468 573 1488; x_wconf 89' lang='lat' dir='ltr'>ne</span> <span class='ocrx_word' id='word_1_230' title='bbox 598 1468 628 1488; x_wconf 84' lang='lat' dir='ltr'>se</span> <span class='ocrx_word' id='word_1_231' title='bbox 650 1460 800 1487; x_wconf 84' lang='lat' dir='ltr'>Juniorem</span> <span class='ocrx_word' id='word_1_232' title='bbox 826 1468 890 1488; x_wconf 88' lang='lat' dir='ltr'>esse</span> <span class='ocrx_word' id='word_1_233' title='bbox 919 1460 1037 1491; x_wconf 85' lang='lat' dir='ltr'>diceret,</span> 
     </span>
    </p>
   </div>
   <div class='ocr_carea' id='block_1_34' title="bbox 218 1504 1039 1540">
    <p class='ocr_par' dir='ltr' id='par_1_34' title="bbox 218 1504 1039 1540">
     <span class='ocr_line' id='line_1_34' title="bbox 218 1504 1039 1540; baseline 0.001 -9"><span class='ocrx_word' id='word_1_234' title='bbox 218 1504 381 1540; x_wconf 76' lang='lat' dir='ltr'>prohibuit,</span> <span class='ocrx_word' id='word_1_235' title='bbox 398 1506 429 1531; x_wconf 93' lang='lat' dir='ltr'>ut</span> <span class='ocrx_word' id='word_1_236' title='bbox 448 1504 588 1540; x_wconf 80' lang='lat' dir='ltr'>juvenem</span> <span class='ocrx_word' id='word_1_237' title='bbox 612 1513 669 1532; x_wconf 90' lang='lat' dir='ltr'>non</span> <span class='ocrx_word' id='word_1_238' title='bbox 685 1512 749 1532; x_wconf 85' lang='lat' dir='ltr'>esse</span> <span class='ocrx_word' id='word_1_239' title='bbox 766 1504 815 1540; x_wconf 86' lang='lat' dir='ltr'>qui</span> <span class='ocrx_word' id='word_1_240' title='bbox 838 1505 946 1532; x_wconf 86' lang='lat' dir='ltr'>mentis</span> <span class='ocrx_word' id='word_1_241' title='bbox 961 1506 1039 1532; x_wconf 80' lang='lat' dir='ltr'>esset</span> 
     </span>
    </p>
   </div>
   <div class='ocr_carea' id='block_1_35' title="bbox 217 1548 1039 1584">
    <p class='ocr_par' dir='ltr' id='par_1_35' title="bbox 217 1548 1039 1584">
     <span class='ocr_line' id='line_1_35' title="bbox 217 1548 1039 1584; baseline -0.001 -8"><span class='ocrx_word' id='word_1_242' title='bbox 217 1549 301 1576; x_wconf 86' lang='lat' dir='ltr'>senili</span> <span class='ocrx_word' id='word_1_243' title='bbox 332 1548 509 1584; x_wconf 81' lang='lat' dir='ltr'>perfectione</span> <span class='ocrx_word' id='word_1_244' title='bbox 537 1549 685 1584; x_wconf 75' lang='lat' dir='ltr'>praeditus,</span> <span class='ocrx_word' id='word_1_245' title='bbox 712 1549 889 1576; x_wconf 80' lang='lat' dir='ltr'>ostenderet.</span> <span class='ocrx_word' id='word_1_246' title='bbox 922 1560 936 1573; x_wconf 84' lang='lat'><strong>»</strong></span> <span class='ocrx_word' id='word_1_247' title='bbox 963 1548 1039 1575; x_wconf 82' lang='lat' dir='ltr'>Dixit</span> 
     </span>
    </p>
   </div>
   <div class='ocr_carea' id='block_1_36' title="bbox 218 1578 1076 1629">
    <p class='ocr_par' dir='ltr' id='par_1_36' title="bbox 218 1578 1076 1629">
     <span class='ocr_line' id='line_1_36' title="bbox 218 1578 1076 1629; baseline 0 -9"><span class='ocrx_word' id='word_1_248' title='bbox 218 1578 356 1626; x_wconf 74' lang='lat' dir='ltr'>Basilius,</span> <span class='ocrx_word' id='word_1_249' title='bbox 372 1591 470 1619; x_wconf 77' lang='grc' dir='ltr'>πολιὰν</span> <span class='ocrx_word' id='word_1_250' title='bbox 499 1591 525 1619; x_wconf 74' lang='grc' dir='ltr'>ἐν</span> <span class='ocrx_word' id='word_1_251' title='bbox 537 1578 593 1628; x_wconf 52' lang='grc' dir='ltr'>’τῷ</span> <span class='ocrx_word' id='word_1_252' title='bbox 606 1578 728 1629; x_wconf 46' lang='grc' dir='ltr'>κρυπξεῷ,</span> <span class='ocrx_word' id='word_1_253' title='bbox 754 1596 786 1620; x_wconf 85' lang='lat' dir='ltr'>ut</span> <span class='ocrx_word' id='word_1_254' title='bbox 809 1592 967 1628; x_wconf 78' lang='lat' dir='ltr'>Apostolus</span> <span class='ocrx_word' id='word_1_255' title='bbox 986 1593 1042 1620; x_wconf 84' lang='lat' dir='ltr'>Ro-</span> <span class='ocrx_word' id='word_1_256' title='bbox 1054 1578 1076 1612; x_wconf 69' lang='grc' dir='ltr'>α</span> 
     </span>
    </p>
   </div>
   <div class='ocr_carea' id='block_1_37' title="bbox 217 1635 1037 1673">
    <p class='ocr_par' dir='ltr' id='par_1_37' title="bbox 217 1635 1037 1673">
     <span class='ocr_line' id='line_1_37' title="bbox 217 1635 1037 1673; baseline -0.002 -9"><span class='ocrx_word' id='word_1_257' title='bbox 217 1646 295 1664; x_wconf 79' lang='lat' dir='ltr'>man.</span> <span class='ocrx_word' id='word_1_258' title='bbox 321 1645 352 1670; x_wconf 79' lang='lat' dir='ltr'>ll,</span> <span class='ocrx_word' id='word_1_259' title='bbox 376 1638 411 1663; x_wconf 78' lang='grc'>29</span> <span class='ocrx_word' id='word_1_260' title='bbox 428 1645 434 1664; x_wconf 91' lang='lat'>:</span> <span class='ocrx_word' id='word_1_261' title='bbox 453 1635 531 1664; x_wconf 80' lang='grc' dir='ltr'>Ἀλλ’</span> <span class='ocrx_word' id='word_1_262' title='bbox 547 1637 560 1663; x_wconf 79' lang='grc' dir='ltr'>ὁ</span> <span class='ocrx_word' id='word_1_263' title='bbox 585 1636 610 1663; x_wconf 74' lang='grc' dir='ltr'>ἰν</span> <span class='ocrx_word' id='word_1_264' title='bbox 630 1639 671 1672; x_wconf 79' lang='grc' dir='ltr'>τῷ</span> <span class='ocrx_word' id='word_1_265' title='bbox 698 1639 809 1673; x_wconf 80' lang='grc' dir='ltr'>κρυπτῷ</span> <span class='ocrx_word' id='word_1_266' title='bbox 834 1635 976 1669; x_wconf 77' lang='grc' dir='ltr'>Ἰουδαῖος,</span> <span class='ocrx_word' id='word_1_267' title='bbox 993 1635 1037 1663; x_wconf 80' lang='grc' dir='ltr'>καὶ</span> 
     </span>
    </p>
   </div>
   <div class='ocr_carea' id='block_1_38' title="bbox 214 1679 1039 1718">
    <p class='ocr_par' dir='ltr' id='par_1_38' title="bbox 214 1679 1039 1718">
     <span class='ocr_line' id='line_1_38' title="bbox 214 1679 1039 1718; baseline 0.001 -11"><span class='ocrx_word' id='word_1_268' title='bbox 214 1681 350 1718; x_wconf 69' lang='grc' dir='ltr'>περιτομὴ</span> <span class='ocrx_word' id='word_1_269' title='bbox 367 1679 480 1718; x_wconf 76' lang='grc' dir='ltr'>καρδίας</span> <span class='ocrx_word' id='word_1_270' title='bbox 495 1690 500 1696; x_wconf 90' lang='grc'><strong>·</strong></span> <span class='ocrx_word' id='word_1_271' title='bbox 520 1692 533 1706; x_wconf 69' lang='grc' dir='ltr'>(ι</span> <span class='ocrx_word' id='word_1_272' title='bbox 550 1681 605 1708; x_wconf 89' lang='lat' dir='ltr'>Sed</span> <span class='ocrx_word' id='word_1_273' title='bbox 623 1682 669 1715; x_wconf 87' lang='lat' dir='ltr'>qui</span> <span class='ocrx_word' id='word_1_274' title='bbox 687 1682 716 1708; x_wconf 86' lang='lat' dir='ltr'>in</span> <span class='ocrx_word' id='word_1_275' title='bbox 732 1681 904 1709; x_wconf 87' lang='lat' dir='ltr'>abscondito</span> <span class='ocrx_word' id='word_1_276' title='bbox 920 1683 1039 1708; x_wconf 66' lang='lat' dir='ltr'>Judaeus</span> 
     </span>
    </p>
   </div>
   <div class='ocr_carea' id='block_1_39' title="bbox 214 1725 1036 1758">
    <p class='ocr_par' dir='ltr' id='par_1_39' title="bbox 214 1725 1036 1758">
     <span class='ocr_line' id='line_1_39' title="bbox 214 1725 1036 1758; baseline 0 -6"><span class='ocrx_word' id='word_1_277' title='bbox 214 1727 269 1756; x_wconf 79' lang='lat' dir='ltr'>est,</span> <span class='ocrx_word' id='word_1_278' title='bbox 301 1729 329 1752; x_wconf 87' lang='lat' dir='ltr'>et</span> <span class='ocrx_word' id='word_1_279' title='bbox 350 1725 534 1753; x_wconf 81' lang='lat' dir='ltr'>circumcisio</span> <span class='ocrx_word' id='word_1_280' title='bbox 564 1725 680 1758; x_wconf 83' lang='lat' dir='ltr'>cordis;</span> <span class='ocrx_word' id='word_1_281' title='bbox 699 1727 752 1752; x_wconf 74' lang='lat' dir='ltr'>net</span> <span class='ocrx_word' id='word_1_282' title='bbox 782 1725 906 1753; x_wconf 72' lang='lat' dir='ltr'>Mattbzei</span> <span class='ocrx_word' id='word_1_283' title='bbox 932 1734 971 1758; x_wconf 80' lang='lat' dir='ltr'>vx,</span> <span class='ocrx_word' id='word_1_284' title='bbox 997 1726 1036 1753; x_wconf 60' lang='lat' dir='ltr'>li:</span> 
     </span>
    </p>
   </div>
   <div class='ocr_carea' id='block_1_40' title="bbox 215 1768 1039 1806">
    <p class='ocr_par' dir='ltr' id='par_1_40' title="bbox 215 1768 1039 1806">
     <span class='ocr_line' id='line_1_40' title="bbox 215 1768 1039 1806; baseline -0.001 -9"><span class='ocrx_word' id='word_1_285' title='bbox 215 1770 246 1797; x_wconf 82' lang='grc' dir='ltr'><strong>Ὀ</strong></span> <span class='ocrx_word' id='word_1_286' title='bbox 289 1770 381 1806; x_wconf 83' lang='grc' dir='ltr'>Πατήρ</span> <span class='ocrx_word' id='word_1_287' title='bbox 409 1779 467 1804; x_wconf 78' lang='grc' dir='ltr'>σου,</span> <span class='ocrx_word' id='word_1_288' title='bbox 495 1768 508 1795; x_wconf 87' lang='grc' dir='ltr'><strong>ὀ</strong></span> <span class='ocrx_word' id='word_1_289' title='bbox 545 1769 653 1806; x_wconf 77' lang='grc' dir='ltr'>βλέπων</span> <span class='ocrx_word' id='word_1_290' title='bbox 678 1769 702 1795; x_wconf 77' lang='grc' dir='ltr'>ἐν</span> <span class='ocrx_word' id='word_1_291' title='bbox 730 1771 769 1803; x_wconf 74' lang='grc' dir='ltr'><strong>τῷ</strong></span> <span class='ocrx_word' id='word_1_292' title='bbox 799 1769 922 1805; x_wconf 62' lang='grc' dir='ltr'>κρυπτῷ</span> <span class='ocrx_word' id='word_1_293' title='bbox 952 1773 1039 1798; x_wconf 81' lang='lat' dir='ltr'>Pater</span> 
     </span>
    </p>
   </div>
   <div class='ocr_carea' id='block_1_41' title="bbox 216 1814 1039 1850">
    <p class='ocr_par' dir='ltr' id='par_1_41' title="bbox 216 1814 1039 1850">
     <span class='ocr_line' id='line_1_41' title="bbox 216 1814 1039 1850; baseline 0 -8"><span class='ocrx_word' id='word_1_294' title='bbox 216 1820 279 1842; x_wconf 79' lang='lat' dir='ltr'>tuus</span> <span class='ocrx_word' id='word_1_295' title='bbox 294 1815 344 1850; x_wconf 81' lang='lat' dir='ltr'>qui</span> <span class='ocrx_word' id='word_1_296' title='bbox 360 1814 471 1842; x_wconf 78' lang='lat' dir='ltr'>videtin</span> <span class='ocrx_word' id='word_1_297' title='bbox 482 1814 651 1842; x_wconf 78' lang='lat' dir='ltr'>abscondito.</span> <span class='ocrx_word' id='word_1_298' title='bbox 664 1814 724 1842; x_wconf 88' lang='lat' dir='ltr'><strong>Sub</strong></span> <span class='ocrx_word' id='word_1_299' title='bbox 740 1814 826 1842; x_wconf 82' lang='lat' dir='ltr'>ﬁnem</span> <span class='ocrx_word' id='word_1_300' title='bbox 840 1815 951 1850; x_wconf 70' lang='lat' dir='ltr'>pagina:</span> <span class='ocrx_word' id='word_1_301' title='bbox 964 1814 1039 1842; x_wconf 83' lang='lat' dir='ltr'>alter</span> 
     </span>
    </p>
   </div>
   <div class='ocr_carea' id='block_1_42' title="bbox 216 1858 1037 1894">
    <p class='ocr_par' dir='ltr' id='par_1_42' title="bbox 216 1858 1037 1894">
     <span class='ocr_line' id='line_1_42' title="bbox 216 1858 1037 1894; baseline 0 -8"><span class='ocrx_word' id='word_1_302' title='bbox 216 1858 298 1886; x_wconf 81' lang='lat' dir='ltr'>locus</span> <span class='ocrx_word' id='word_1_303' title='bbox 327 1861 372 1886; x_wconf 89' lang='lat' dir='ltr'>est</span> <span class='ocrx_word' id='word_1_304' title='bbox 399 1867 416 1886; x_wconf 88' lang='lat' dir='ltr'>a</span> <span class='ocrx_word' id='word_1_305' title='bbox 444 1859 530 1886; x_wconf 85' lang='lat' dir='ltr'>nobis</span> <span class='ocrx_word' id='word_1_306' title='bbox 555 1859 710 1886; x_wconf 87' lang='lat' dir='ltr'>restitutus</span> <span class='ocrx_word' id='word_1_307' title='bbox 735 1859 811 1894; x_wconf 85' lang='lat' dir='ltr'>apud</span> <span class='ocrx_word' id='word_1_308' title='bbox 836 1858 1037 1894; x_wconf 79' lang='lat' dir='ltr'>interpretem,</span> 
     </span>
    </p>
   </div>
   <div class='ocr_carea' id='block_1_43' title="bbox 214 1903 1036 1939">
    <p class='ocr_par' dir='ltr' id='par_1_43' title="bbox 214 1903 1036 1939">
     <span class='ocr_line' id='line_1_43' title="bbox 214 1903 1036 1939; baseline -0.001 -8"><span class='ocrx_word' id='word_1_309' title='bbox 214 1903 366 1938; x_wconf 84' lang='lat' dir='ltr'>cxpunctis</span> <span class='ocrx_word' id='word_1_310' title='bbox 383 1903 452 1931; x_wconf 81' lang='lat' dir='ltr'>illis.</span> <span class='ocrx_word' id='word_1_311' title='bbox 471 1915 481 1927; x_wconf 82' lang='grc' dir='ltr'>ι</span> <span class='ocrx_word' id='word_1_312' title='bbox 498 1906 613 1931; x_wconf 86' lang='lat' dir='ltr'>suamet</span> <span class='ocrx_word' id='word_1_313' title='bbox 628 1904 810 1936; x_wconf 81' lang='lat' dir='ltr'>auctoritate,</span> <span class='ocrx_word' id='word_1_314' title='bbox 828 1911 878 1938; x_wconf 88' lang='lat' dir='ltr'>per</span> <span class='ocrx_word' id='word_1_315' title='bbox 893 1912 958 1939; x_wconf 68' lang='lat' dir='ltr'>quae</span> <span class='ocrx_word' id='word_1_316' title='bbox 973 1903 1036 1931; x_wconf 86' lang='lat' dir='ltr'>sin-</span> 
     </span>
    </p>
   </div>
   <div class='ocr_carea' id='block_1_44' title="bbox 213 1947 1037 1983">
    <p class='ocr_par' dir='ltr' id='par_1_44' title="bbox 213 1947 1037 1983">
     <span class='ocr_line' id='line_1_44' title="bbox 213 1947 1037 1983; baseline 0.001 -9"><span class='ocrx_word' id='word_1_317' title='bbox 213 1949 274 1983; x_wconf 87' lang='lat' dir='ltr'>guli</span> <span class='ocrx_word' id='word_1_318' title='bbox 291 1947 346 1975; x_wconf 87' lang='lat' dir='ltr'>sibi</span> <span class='ocrx_word' id='word_1_319' title='bbox 364 1950 488 1983; x_wconf 85' lang='lat' dir='ltr'>possunt</span> <span class='ocrx_word' id='word_1_320' title='bbox 503 1948 645 1975; x_wconf 78' lang='lat' dir='ltr'>asciscere</span> <span class='ocrx_word' id='word_1_321' title='bbox 657 1948 783 1975; x_wconf 86' lang='lat' dir='ltr'>suismet</span> <span class='ocrx_word' id='word_1_322' title='bbox 799 1949 894 1982; x_wconf 81' lang='lat' dir='ltr'>factis,</span> <span class='ocrx_word' id='word_1_323' title='bbox 905 1951 932 1976; x_wconf 85' lang='lat' dir='ltr'>et</span> <span class='ocrx_word' id='word_1_324' title='bbox 944 1949 979 1976; x_wconf 85' lang='lat' dir='ltr'>ab</span> <span class='ocrx_word' id='word_1_325' title='bbox 995 1948 1037 1976; x_wconf 81' lang='lat' dir='ltr'>eis</span> 
     </span>
    </p>
   </div>
   <div class='ocr_carea' id='block_1_45' title="bbox 214 1992 1039 2028">
    <p class='ocr_par' dir='ltr' id='par_1_45' title="bbox 214 1992 1039 2028">
     <span class='ocr_line' id='line_1_45' title="bbox 214 1992 1039 2028; baseline 0.002 -10"><span class='ocrx_word' id='word_1_326' title='bbox 214 1992 342 2027; x_wconf 81' lang='lat' dir='ltr'>arripere</span> <span class='ocrx_word' id='word_1_327' title='bbox 366 1995 539 2028; x_wconf 86' lang='lat' dir='ltr'>potestatem</span> <span class='ocrx_word' id='word_1_328' title='bbox 566 1992 782 2020; x_wconf 81' lang='lat' dir='ltr'>dominandi.»</span> <span class='ocrx_word' id='word_1_329' title='bbox 804 1992 865 2019; x_wconf 92' lang='lat' dir='ltr'>Non</span> <span class='ocrx_word' id='word_1_330' title='bbox 892 1993 969 2019; x_wconf 76' lang='lat' dir='ltr'>enim</span> <span class='ocrx_word' id='word_1_331' title='bbox 998 1993 1039 2020; x_wconf 85' lang='lat' dir='ltr'>ait</span> 
     </span>
    </p>
   </div>
   <div class='ocr_carea' id='block_1_46' title="bbox 215 2036 1036 2072">
    <p class='ocr_par' dir='ltr' id='par_1_46' title="bbox 215 2036 1036 2072">
     <span class='ocr_line' id='line_1_46' title="bbox 215 2036 1036 2072; baseline 0 -8"><span class='ocrx_word' id='word_1_332' title='bbox 215 2036 342 2064; x_wconf 74' lang='lat' dir='ltr'>Basilius</span> <span class='ocrx_word' id='word_1_333' title='bbox 351 2036 488 2064; x_wconf 88' lang='lat' dir='ltr'>illusores</span> <span class='ocrx_word' id='word_1_334' title='bbox 499 2040 665 2072; x_wconf 81' lang='lat' dir='ltr'>arrepturos</span> <span class='ocrx_word' id='word_1_335' title='bbox 673 2039 846 2072; x_wconf 84' lang='lat' dir='ltr'>potestatem</span> <span class='ocrx_word' id='word_1_336' title='bbox 854 2037 1036 2072; x_wconf 87' lang='lat' dir='ltr'>dominandi,</span> 
     </span>
    </p>
   </div>
   <div class='ocr_carea' id='block_1_47' title="bbox 214 2081 1038 2116">
    <p class='ocr_par' dir='ltr' id='par_1_47' title="bbox 214 2081 1038 2116">
     <span class='ocr_line' id='line_1_47' title="bbox 214 2081 1038 2116; baseline 0 -8"><span class='ocrx_word' id='word_1_337' title='bbox 214 2081 257 2108; x_wconf 77' lang='lat' dir='ltr'>vel</span> <span class='ocrx_word' id='word_1_338' title='bbox 273 2089 337 2108; x_wconf 86' lang='lat' dir='ltr'>eam</span> <span class='ocrx_word' id='word_1_339' title='bbox 354 2081 437 2108; x_wconf 83' lang='lat' dir='ltr'>factis</span> <span class='ocrx_word' id='word_1_340' title='bbox 446 2081 509 2108; x_wconf 91' lang='lat' dir='ltr'>suis</span> <span class='ocrx_word' id='word_1_341' title='bbox 521 2081 576 2108; x_wconf 86' lang='lat' dir='ltr'>sibi</span> <span class='ocrx_word' id='word_1_342' title='bbox 589 2081 733 2108; x_wconf 87' lang='lat' dir='ltr'>ascituros</span> <span class='ocrx_word' id='word_1_343' title='bbox 746 2089 752 2107; x_wconf 92' lang='lat'>:</span> <span class='ocrx_word' id='word_1_344' title='bbox 766 2081 815 2108; x_wconf 87' lang='lat' dir='ltr'>scd</span> <span class='ocrx_word' id='word_1_345' title='bbox 833 2081 912 2116; x_wconf 87' lang='lat' dir='ltr'>ipsos</span> <span class='ocrx_word' id='word_1_346' title='bbox 921 2081 1038 2108; x_wconf 67' lang='lat' dir='ltr'>Judaaos</span> 
     </span>
    </p>
   </div>
   <div class='ocr_carea' id='block_1_48' title="bbox 215 2125 1036 2161">
    <p class='ocr_par' dir='ltr' id='par_1_48' title="bbox 215 2125 1036 2161">
     <span class='ocr_line' id='line_1_48' title="bbox 215 2125 1036 2161; baseline 0.001 -10"><span class='ocrx_word' id='word_1_347' title='bbox 215 2125 314 2160; x_wconf 74' lang='lat' dir='ltr'>potius</span> <span class='ocrx_word' id='word_1_348' title='bbox 331 2126 458 2159; x_wconf 84' lang='lat' dir='ltr'>peccatis</span> <span class='ocrx_word' id='word_1_349' title='bbox 474 2126 535 2152; x_wconf 86' lang='lat' dir='ltr'>suis</span> <span class='ocrx_word' id='word_1_350' title='bbox 548 2125 882 2161; x_wconf 87' lang='lat' dir='ltr'>promerituros,utjugo</span> <span class='ocrx_word' id='word_1_351' title='bbox 899 2126 1036 2153; x_wconf 86' lang='lat' dir='ltr'>barbaro-</span> 
     </span>
    </p>
   </div>
   <div class='ocr_carea' id='block_1_49' title="bbox 215 2169 1037 2205">
    <p class='ocr_par' dir='ltr' id='par_1_49' title="bbox 215 2169 1037 2205">
     <span class='ocr_line' id='line_1_49' title="bbox 215 2169 1037 2205; baseline 0.001 -9"><span class='ocrx_word' id='word_1_352' title='bbox 215 2179 280 2197; x_wconf 85' lang='lat' dir='ltr'>rum</span> <span class='ocrx_word' id='word_1_353' title='bbox 297 2170 502 2205; x_wconf 80' lang='lat' dir='ltr'>subjiciantur.</span> <span class='ocrx_word' id='word_1_354' title='bbox 522 2170 627 2197; x_wconf 84' lang='lat' dir='ltr'>Verum</span> <span class='ocrx_word' id='word_1_355' title='bbox 643 2178 677 2196; x_wconf 89' lang='lat' dir='ltr'>ex</span> <span class='ocrx_word' id='word_1_356' title='bbox 701 2169 817 2197; x_wconf 86' lang='lat' dir='ltr'>duobus</span> <span class='ocrx_word' id='word_1_357' title='bbox 834 2177 904 2197; x_wconf 85' lang='lat' dir='ltr'>mss.</span> <span class='ocrx_word' id='word_1_358' title='bbox 922 2171 954 2203; x_wconf 85' lang='lat' dir='ltr'>H,</span> <span class='ocrx_word' id='word_1_359' title='bbox 972 2173 1000 2197; x_wconf 86' lang='lat' dir='ltr'>et</span> <span class='ocrx_word' id='word_1_360' title='bbox 1016 2170 1037 2203; x_wconf 88' lang='lat' dir='ltr'>l,</span> 
     </span>
    </p>
   </div>
   <div class='ocr_carea' id='block_1_50' title="bbox 215 2211 1036 2251">
    <p class='ocr_par' dir='ltr' id='par_1_50' title="bbox 215 2211 1036 2251">
     <span class='ocr_line' id='line_1_50' title="bbox 215 2211 1036 2251; baseline -0.001 -10"><span class='ocrx_word' id='word_1_361' title='bbox 215 2215 432 2242; x_wconf 86' lang='lat' dir='ltr'>emendandum</span> <span class='ocrx_word' id='word_1_362' title='bbox 449 2220 494 2241; x_wconf 78' lang='lat' dir='ltr'>est</span> <span class='ocrx_word' id='word_1_363' title='bbox 519 2214 547 2241; x_wconf 93' lang='lat' dir='ltr'>in</span> <span class='ocrx_word' id='word_1_364' title='bbox 575 2214 673 2242; x_wconf 70' lang='lat' dir='ltr'>Graeco</span> <span class='ocrx_word' id='word_1_365' title='bbox 690 2222 696 2241; x_wconf 85' lang='lat'><strong>:</strong></span> <span class='ocrx_word' id='word_1_366' title='bbox 712 2212 790 2240; x_wconf 81' lang='grc' dir='ltr'>Ἀλλ’</span> <span class='ocrx_word' id='word_1_367' title='bbox 807 2213 850 2251; x_wconf 77' lang='grc' dir='ltr'>ἀφ’</span> <span class='ocrx_word' id='word_1_368' title='bbox 872 2213 973 2240; x_wconf 70' lang='grc' dir='ltr'>ἑαυτῶν</span> <span class='ocrx_word' id='word_1_369' title='bbox 989 2211 1036 2248; x_wconf 78' lang='grc' dir='ltr'>ἕση</span> 
     </span>
    </p>
   </div>
   <div class='ocr_carea' id='block_1_51' title="bbox 1096 249 1922 286">
    <p class='ocr_par' dir='ltr' id='par_1_51' title="bbox 1096 249 1922 286">
     <span class='ocr_line' id='line_1_51' title="bbox 1096 249 1922 286; baseline -0.001 -8"><span class='ocrx_word' id='word_1_370' title='bbox 1096 258 1129 278; x_wconf 84' lang='lat' dir='ltr'>ex</span> <span class='ocrx_word' id='word_1_371' title='bbox 1156 251 1209 279; x_wconf 82' lang='lat' dir='ltr'>hoc</span> <span class='ocrx_word' id='word_1_372' title='bbox 1239 251 1337 279; x_wconf 84' lang='lat' dir='ltr'>Basilii</span> <span class='ocrx_word' id='word_1_373' title='bbox 1353 253 1450 278; x_wconf 67' lang='lat' dir='ltr'>Graeco</span> <span class='ocrx_word' id='word_1_374' title='bbox 1472 252 1551 278; x_wconf 88' lang='lat' dir='ltr'>textu</span> <span class='ocrx_word' id='word_1_375' title='bbox 1568 249 1677 286; x_wconf 82' lang='lat' dir='ltr'>expleri</span> <span class='ocrx_word' id='word_1_376' title='bbox 1693 252 1799 286; x_wconf 85' lang='lat' dir='ltr'>potest,</span> <span class='ocrx_word' id='word_1_377' title='bbox 1826 250 1851 277; x_wconf 95' lang='lat' dir='ltr'>si</span> <span class='ocrx_word' id='word_1_378' title='bbox 1879 249 1922 278; x_wconf 83' lang='lat' dir='ltr'>ita</span> 
     </span>
    </p>
   </div>
   <div class='ocr_carea' id='block_1_52' title="bbox 1094 293 1920 332">
    <p class='ocr_par' dir='ltr' id='par_1_52' title="bbox 1094 293 1920 332">
     <span class='ocr_line' id='line_1_52' title="bbox 1094 293 1920 332; baseline -0.004 -9"><span class='ocrx_word' id='word_1_379' title='bbox 1094 295 1229 332; x_wconf 76' lang='lat' dir='ltr'>legamus</span> <span class='ocrx_word' id='word_1_380' title='bbox 1249 304 1278 331; x_wconf 88' lang='lat' dir='ltr'>p.</span> <span class='ocrx_word' id='word_1_381' title='bbox 1307 295 1360 323; x_wconf 88' lang='lat'>67:</span> <span class='ocrx_word' id='word_1_382' title='bbox 1388 297 1514 331; x_wconf 77' lang='grc' dir='ltr'>Γαμικῶν</span> <span class='ocrx_word' id='word_1_383' title='bbox 1542 293 1710 331; x_wconf 69' lang='grc' dir='ltr'>ἐνδυμάτων,</span> <span class='ocrx_word' id='word_1_384' title='bbox 1739 294 1783 321; x_wconf 73' lang='grc' dir='ltr'>καὶ</span> <span class='ocrx_word' id='word_1_385' title='bbox 1813 293 1920 330; x_wconf 72' lang='grc' dir='ltr'>κόσμου</span> 
     </span>
    </p>
   </div>
   <div class='ocr_carea' id='block_1_53' title="bbox 1094 338 1920 377">
    <p class='ocr_par' dir='ltr' id='par_1_53' title="bbox 1094 338 1920 377">
     <span class='ocr_line' id='line_1_53' title="bbox 1094 338 1920 377; baseline -0.001 -11"><span class='ocrx_word' id='word_1_386' title='bbox 1094 341 1142 367; x_wconf 76' lang='grc' dir='ltr'>τοῦ</span> <span class='ocrx_word' id='word_1_387' title='bbox 1170 339 1320 377; x_wconf 64' lang='grc' dir='ltr'>πρέποντος</span> <span class='ocrx_word' id='word_1_388' title='bbox 1351 339 1538 376; x_wconf 69' lang='grc' dir='ltr'>ἐστερημένον,</span> <span class='ocrx_word' id='word_1_389' title='bbox 1569 338 1747 376; x_wconf 67' lang='grc' dir='ltr'>πτωχιῦοντα</span> <span class='ocrx_word' id='word_1_390' title='bbox 1762 338 1920 377; x_wconf 80' lang='grc' dir='ltr'>βρωμάτων</span> 
     </span>
    </p>
   </div>
   <div class='ocr_carea' id='block_1_54' title="bbox 1094 384 1920 420">
    <p class='ocr_par' dir='ltr' id='par_1_54' title="bbox 1094 384 1920 420">
     <span class='ocr_line' id='line_1_54' title="bbox 1094 384 1920 420; baseline 0.001 -10"><span class='ocrx_word' id='word_1_391' title='bbox 1094 386 1292 420; x_wconf 66' lang='grc' dir='ltr'>πθευματικῶνι</span> <span class='ocrx_word' id='word_1_392' title='bbox 1311 396 1324 410; x_wconf 81' lang='grc' dir='ltr'>ι(</span> <span class='ocrx_word' id='word_1_393' title='bbox 1349 385 1403 417; x_wconf 86' lang='lat' dir='ltr'>Qui</span> <span class='ocrx_word' id='word_1_394' title='bbox 1434 384 1617 420; x_wconf 86' lang='lat' dir='ltr'>nuptialibus</span> <span class='ocrx_word' id='word_1_395' title='bbox 1646 384 1775 412; x_wconf 86' lang='lat' dir='ltr'>vestibus</span> <span class='ocrx_word' id='word_1_396' title='bbox 1809 386 1920 418; x_wconf 84' lang='lat' dir='ltr'>careat,</span> 
     </span>
    </p>
   </div>
   <div class='ocr_carea' id='block_1_55' title="bbox 1095 428 1920 465">
    <p class='ocr_par' dir='ltr' id='par_1_55' title="bbox 1095 428 1920 465">
     <span class='ocr_line' id='line_1_55' title="bbox 1095 428 1920 465; baseline -0.001 -9"><span class='ocrx_word' id='word_1_397' title='bbox 1095 430 1144 465; x_wconf 92' lang='lat' dir='ltr'>qui</span> <span class='ocrx_word' id='word_1_398' title='bbox 1174 429 1286 457; x_wconf 82' lang='lat' dir='ltr'>decenti</span> <span class='ocrx_word' id='word_1_399' title='bbox 1317 429 1356 458; x_wconf 88' lang='lat' dir='ltr'>sit</span> <span class='ocrx_word' id='word_1_400' title='bbox 1382 429 1463 456; x_wconf 90' lang='lat' dir='ltr'>cultu</span> <span class='ocrx_word' id='word_1_401' title='bbox 1480 429 1652 462; x_wconf 86' lang='lat' dir='ltr'>destitutus,</span> <span class='ocrx_word' id='word_1_402' title='bbox 1672 431 1700 456; x_wconf 90' lang='lat' dir='ltr'>et</span> <span class='ocrx_word' id='word_1_403' title='bbox 1714 428 1920 464; x_wconf 84' lang='lat' dir='ltr'>spiritualium</span> 
     </span>
    </p>
   </div>
   <div class='ocr_carea' id='block_1_56' title="bbox 1094 473 1920 510">
    <p class='ocr_par' dir='ltr' id='par_1_56' title="bbox 1094 473 1920 510">
     <span class='ocr_line' id='line_1_56' title="bbox 1094 473 1920 510; baseline -0.002 -9"><span class='ocrx_word' id='word_1_404' title='bbox 1094 474 1226 502; x_wconf 88' lang='lat' dir='ltr'>ciborum</span> <span class='ocrx_word' id='word_1_405' title='bbox 1243 474 1366 510; x_wconf 78' lang='lat' dir='ltr'>penuria</span> <span class='ocrx_word' id='word_1_406' title='bbox 1380 473 1502 507; x_wconf 87' lang='lat' dir='ltr'>laboret,</span> <span class='ocrx_word' id='word_1_407' title='bbox 1518 475 1546 500; x_wconf 88' lang='lat' dir='ltr'>et</span> <span class='ocrx_word' id='word_1_408' title='bbox 1568 481 1669 501; x_wconf 84' lang='lat' dir='ltr'>verum</span> <span class='ocrx_word' id='word_1_409' title='bbox 1699 481 1815 508; x_wconf 84' lang='lat' dir='ltr'>panem,</span> <span class='ocrx_word' id='word_1_410' title='bbox 1832 484 1846 496; x_wconf 77' lang='grc' dir='ltr'>ιι</span> <span class='ocrx_word' id='word_1_411' title='bbox 1863 475 1920 500; x_wconf 87' lang='lat' dir='ltr'>etc.</span> 
     </span>
    </p>
   </div>
   <div class='ocr_carea' id='block_1_57' title="bbox 1131 515 1920 554">
    <p class='ocr_par' dir='ltr' id='par_1_57' title="bbox 1131 515 1920 554">
     <span class='ocr_line' id='line_1_57' title="bbox 1131 515 1920 554; baseline -0.003 -8"><span class='ocrx_word' id='word_1_412' title='bbox 1131 518 1202 546; x_wconf 85' lang='lat' dir='ltr'>lbid.</span> <span class='ocrx_word' id='word_1_413' title='bbox 1227 518 1247 546; x_wconf 90' lang='lat' dir='ltr'><strong>C</strong></span> <span class='ocrx_word' id='word_1_414' title='bbox 1277 520 1302 545; x_wconf 67' lang='grc' dir='ltr'>ἴ).</span> <span class='ocrx_word' id='word_1_415' title='bbox 1333 515 1468 551; x_wconf 76' lang='grc' dir='ltr'>Τουτὲστι,</span> <span class='ocrx_word' id='word_1_416' title='bbox 1497 517 1528 544; x_wconf 75' lang='grc' dir='ltr'>τὸ</span> <span class='ocrx_word' id='word_1_417' title='bbox 1558 516 1739 554; x_wconf 70' lang='grc' dir='ltr'>σιτομέτριον.</span> <span class='ocrx_word' id='word_1_418' title='bbox 1766 517 1833 544; x_wconf 65' lang='lat' dir='ltr'>Haec</span> <span class='ocrx_word' id='word_1_419' title='bbox 1869 518 1920 544; x_wconf 82' lang='lat' dir='ltr'>ab-</span> 
     </span>
    </p>
   </div>
   <div class='ocr_carea' id='block_1_58' title="bbox 1093 561 1922 596">
    <p class='ocr_par' dir='ltr' id='par_1_58' title="bbox 1093 561 1922 596">
     <span class='ocr_line' id='line_1_58' title="bbox 1093 561 1922 596; baseline -0.001 -6"><span class='ocrx_word' id='word_1_420' title='bbox 1093 566 1176 590; x_wconf 80' lang='lat' dir='ltr'>erant</span> <span class='ocrx_word' id='word_1_421' title='bbox 1191 572 1207 590; x_wconf 87' lang='lat' dir='ltr'>a</span> <span class='ocrx_word' id='word_1_422' title='bbox 1223 572 1278 590; x_wconf 89' lang='lat' dir='ltr'>ms.</span> <span class='ocrx_word' id='word_1_423' title='bbox 1296 563 1345 596; x_wconf 81' lang='lat' dir='ltr'>F.;</span> <span class='ocrx_word' id='word_1_424' title='bbox 1363 571 1419 590; x_wconf 91' lang='lat' dir='ltr'>non</span> <span class='ocrx_word' id='word_1_425' title='bbox 1436 563 1505 590; x_wconf 86' lang='lat' dir='ltr'>item</span> <span class='ocrx_word' id='word_1_426' title='bbox 1522 563 1557 590; x_wconf 83' lang='lat' dir='ltr'>ab</span> <span class='ocrx_word' id='word_1_427' title='bbox 1573 562 1607 589; x_wconf 88' lang='lat' dir='ltr'>ll.</span> <span class='ocrx_word' id='word_1_428' title='bbox 1623 565 1652 590; x_wconf 87' lang='lat' dir='ltr'>et</span> <span class='ocrx_word' id='word_1_429' title='bbox 1668 563 1687 590; x_wconf 94' lang='lat' dir='ltr'>l.</span> <span class='ocrx_word' id='word_1_430' title='bbox 1704 561 1815 589; x_wconf 81' lang='lat' dir='ltr'>Idcirco</span> <span class='ocrx_word' id='word_1_431' title='bbox 1831 562 1922 589; x_wconf 86' lang='lat' dir='ltr'>inter-</span> 
     </span>
    </p>
   </div>
   <div class='ocr_carea' id='block_1_59' title="bbox 1095 606 1918 643">
    <p class='ocr_par' dir='ltr' id='par_1_59' title="bbox 1095 606 1918 643">
     <span class='ocr_line' id='line_1_59' title="bbox 1095 606 1918 643; baseline 0 -9"><span class='ocrx_word' id='word_1_432' title='bbox 1095 608 1184 643; x_wconf 84' lang='lat' dir='ltr'>pretis</span> <span class='ocrx_word' id='word_1_433' title='bbox 1199 607 1295 635; x_wconf 86' lang='lat' dir='ltr'>verbis</span> <span class='ocrx_word' id='word_1_434' title='bbox 1311 607 1484 642; x_wconf 84' lang='lat' dir='ltr'>adjecimus,</span> <span class='ocrx_word' id='word_1_435' title='bbox 1507 617 1521 632; x_wconf 80' lang='grc' dir='ltr'>(ι</span> <span class='ocrx_word' id='word_1_436' title='bbox 1550 607 1602 634; x_wconf 87' lang='lat' dir='ltr'>hoc</span> <span class='ocrx_word' id='word_1_437' title='bbox 1631 609 1686 642; x_wconf 86' lang='lat' dir='ltr'>est,</span> <span class='ocrx_word' id='word_1_438' title='bbox 1715 606 1804 633; x_wconf 86' lang='lat' dir='ltr'>tritici</span> <span class='ocrx_word' id='word_1_439' title='bbox 1835 614 1918 634; x_wconf 87' lang='lat' dir='ltr'>men-</span> 
     </span>
    </p>
   </div>
   <div class='ocr_carea' id='block_1_60' title="bbox 1094 661 1204 680">
    <p class='ocr_par' dir='ltr' id='par_1_60' title="bbox 1094 661 1204 680">
     <span class='ocr_line' id='line_1_60' title="bbox 1094 661 1204 680; baseline -0.027 0"><span class='ocrx_word' id='word_1_440' title='bbox 1094 661 1173 680; x_wconf 87' lang='lat' dir='ltr'>sura.</span> <span class='ocrx_word' id='word_1_441' title='bbox 1190 663 1204 677; x_wconf 87' lang='lat'>»</span> 
     </span>
    </p>
   </div>
   <div class='ocr_carea' id='block_1_61' title="bbox 1130 694 1921 724">
    <p class='ocr_par' dir='ltr' id='par_1_61' title="bbox 1130 694 1921 724">
     <span class='ocr_line' id='line_1_61' title="bbox 1130 694 1921 724; baseline -0.003 -1"><span class='ocrx_word' id='word_1_442' title='bbox 1130 696 1188 724; x_wconf 87' lang='lat' dir='ltr'>Col.</span> <span class='ocrx_word' id='word_1_443' title='bbox 1217 697 1270 723; x_wconf 84' lang='lat'>299</span> <span class='ocrx_word' id='word_1_444' title='bbox 1293 697 1312 724; x_wconf 88' lang='grc' dir='ltr'><strong>Β</strong></span> <span class='ocrx_word' id='word_1_445' title='bbox 1339 696 1365 723; x_wconf 89' lang='grc'>5.</span> <span class='ocrx_word' id='word_1_446' title='bbox 1396 696 1453 723; x_wconf 86' lang='lat' dir='ltr'>Non</span> <span class='ocrx_word' id='word_1_447' title='bbox 1481 696 1681 723; x_wconf 77' lang='lat' dir='ltr'>contradicunt.</span> <span class='ocrx_word' id='word_1_448' title='bbox 1711 695 1776 723; x_wconf 55' lang='lat' dir='ltr'>Hac</span> <span class='ocrx_word' id='word_1_449' title='bbox 1806 694 1921 722; x_wconf 86' lang='lat' dir='ltr'>omissa</span> 
     </span>
    </p>
   </div>
   <div class='ocr_carea' id='block_1_62' title="bbox 1094 741 1920 776">
    <p class='ocr_par' dir='ltr' id='par_1_62' title="bbox 1094 741 1920 776">
     <span class='ocr_line' id='line_1_62' title="bbox 1094 741 1920 776; baseline -0.002 -8"><span class='ocrx_word' id='word_1_450' title='bbox 1094 741 1209 768; x_wconf 79' lang='lat' dir='ltr'>fuerant</span> <span class='ocrx_word' id='word_1_451' title='bbox 1225 742 1260 768; x_wconf 81' lang='lat' dir='ltr'>ab</span> <span class='ocrx_word' id='word_1_452' title='bbox 1275 741 1443 776; x_wconf 80' lang='lat' dir='ltr'>interprete,</span> <span class='ocrx_word' id='word_1_453' title='bbox 1461 748 1523 774; x_wconf 67' lang='lat' dir='ltr'>quae</span> <span class='ocrx_word' id='word_1_454' title='bbox 1540 743 1598 767; x_wconf 81' lang='lat' dir='ltr'>tres</span> <span class='ocrx_word' id='word_1_455' title='bbox 1626 742 1723 768; x_wconf 84' lang='lat' dir='ltr'>tamen</span> <span class='ocrx_word' id='word_1_456' title='bbox 1755 748 1828 767; x_wconf 82' lang='lat' dir='ltr'>mss.</span> <span class='ocrx_word' id='word_1_457' title='bbox 1861 748 1920 766; x_wconf 87' lang='lat' dir='ltr'>uno</span> 
     </span>
    </p>
   </div>
   <div class='ocr_carea' id='block_1_63' title="bbox 1093 783 1921 820">
    <p class='ocr_par' dir='ltr' id='par_1_63' title="bbox 1093 783 1921 820">
     <span class='ocr_line' id='line_1_63' title="bbox 1093 783 1921 820; baseline -0.004 -7"><span class='ocrx_word' id='word_1_458' title='bbox 1093 794 1239 813; x_wconf 81' lang='lat' dir='ltr'>consensu</span> <span class='ocrx_word' id='word_1_459' title='bbox 1270 785 1416 812; x_wconf 87' lang='lat' dir='ltr'>exhibent.</span> <span class='ocrx_word' id='word_1_460' title='bbox 1440 784 1493 812; x_wconf 92' lang='lat' dir='ltr'>Ubi</span> <span class='ocrx_word' id='word_1_461' title='bbox 1520 785 1648 812; x_wconf 84' lang='lat' dir='ltr'>notanda</span> <span class='ocrx_word' id='word_1_462' title='bbox 1678 784 1808 820; x_wconf 87' lang='lat' dir='ltr'>probitas</span> <span class='ocrx_word' id='word_1_463' title='bbox 1837 783 1921 810; x_wconf 85' lang='lat' dir='ltr'>illius</span> 
     </span>
    </p>
   </div>
   <div class='ocr_carea' id='block_1_64' title="bbox 1093 828 1920 866">
    <p class='ocr_par' dir='ltr' id='par_1_64' title="bbox 1093 828 1920 866">
     <span class='ocr_line' id='line_1_64' title="bbox 1093 828 1920 866; baseline -0.002 -9"><span class='ocrx_word' id='word_1_464' title='bbox 1093 830 1203 862; x_wconf 71' lang='lat' dir='ltr'>sreculi,</span> <span class='ocrx_word' id='word_1_465' title='bbox 1233 838 1291 866; x_wconf 85' lang='lat' dir='ltr'>quo</span> <span class='ocrx_word' id='word_1_466' title='bbox 1319 830 1514 866; x_wconf 82' lang='lat' dir='ltr'>sejungebant</span> <span class='ocrx_word' id='word_1_467' title='bbox 1530 837 1559 856; x_wconf 86' lang='lat' dir='ltr'>se</span> <span class='ocrx_word' id='word_1_468' title='bbox 1587 830 1622 856; x_wconf 87' lang='lat' dir='ltr'>ab</span> <span class='ocrx_word' id='word_1_469' title='bbox 1640 828 1718 856; x_wconf 91' lang='lat' dir='ltr'>omni</span> <span class='ocrx_word' id='word_1_470' title='bbox 1736 828 1920 863; x_wconf 85' lang='lat' dir='ltr'>dignitatum</span> 
     </span>
    </p>
   </div>
   <div class='ocr_carea' id='block_1_65' title="bbox 1093 873 1920 908">
    <p class='ocr_par' dir='ltr' id='par_1_65' title="bbox 1093 873 1920 908">
     <span class='ocr_line' id='line_1_65' title="bbox 1093 873 1920 908; baseline -0.004 -6"><span class='ocrx_word' id='word_1_471' title='bbox 1093 874 1359 902; x_wconf 79' lang='lat' dir='ltr'>ecclesiasticarum</span> <span class='ocrx_word' id='word_1_472' title='bbox 1377 874 1489 901; x_wconf 84' lang='lat' dir='ltr'>ambitu</span> <span class='ocrx_word' id='word_1_473' title='bbox 1505 873 1560 900; x_wconf 89' lang='lat' dir='ltr'>viri</span> <span class='ocrx_word' id='word_1_474' title='bbox 1577 873 1761 908; x_wconf 80' lang='lat' dir='ltr'>suncti,quod</span> <span class='ocrx_word' id='word_1_475' title='bbox 1779 875 1807 900; x_wconf 85' lang='lat' dir='ltr'>et</span> <span class='ocrx_word' id='word_1_476' title='bbox 1819 881 1920 900; x_wconf 82' lang='lat' dir='ltr'>exem-</span> 
     </span>
    </p>
   </div>
   <div class='ocr_carea' id='block_1_66' title="bbox 1093 917 1918 955">
    <p class='ocr_par' dir='ltr' id='par_1_66' title="bbox 1093 917 1918 955">
     <span class='ocr_line' id='line_1_66' title="bbox 1093 917 1918 955; baseline -0.002 -9"><span class='ocrx_word' id='word_1_477' title='bbox 1093 919 1140 955; x_wconf 90' lang='lat' dir='ltr'>plo</span> <span class='ocrx_word' id='word_1_478' title='bbox 1156 927 1209 945; x_wconf 85' lang='lat' dir='ltr'>suo</span> <span class='ocrx_word' id='word_1_479' title='bbox 1225 919 1408 946; x_wconf 74' lang='lat' dir='ltr'>confirmavit</span> <span class='ocrx_word' id='word_1_480' title='bbox 1418 918 1448 946; x_wconf 89' lang='lat' dir='ltr'>S.</span> <span class='ocrx_word' id='word_1_481' title='bbox 1459 918 1588 946; x_wconf 83' lang='lat' dir='ltr'>Joannes</span> <span class='ocrx_word' id='word_1_482' title='bbox 1604 917 1918 953; x_wconf 79' lang='lat' dir='ltr'>Cbrysostomus,cum</span> 
     </span>
    </p>
   </div>
   <div class='ocr_carea' id='block_1_67' title="bbox 1093 961 1921 998">
    <p class='ocr_par' dir='ltr' id='par_1_67' title="bbox 1093 961 1921 998">
     <span class='ocr_line' id='line_1_67' title="bbox 1093 961 1921 998; baseline -0.002 -8"><span class='ocrx_word' id='word_1_483' title='bbox 1093 963 1162 998; x_wconf 83' lang='lat' dir='ltr'>luga</span> <span class='ocrx_word' id='word_1_484' title='bbox 1177 963 1334 990; x_wconf 85' lang='lat' dir='ltr'>consulens</span> <span class='ocrx_word' id='word_1_485' title='bbox 1350 962 1416 996; x_wconf 87' lang='lat' dir='ltr'>sibi,</span> <span class='ocrx_word' id='word_1_486' title='bbox 1434 961 1589 990; x_wconf 80' lang='lat' dir='ltr'>occultavit</span> <span class='ocrx_word' id='word_1_487' title='bbox 1603 970 1645 996; x_wconf 88' lang='lat' dir='ltr'>se,</span> <span class='ocrx_word' id='word_1_488' title='bbox 1661 970 1696 989; x_wconf 90' lang='lat' dir='ltr'>ne</span> <span class='ocrx_word' id='word_1_489' title='bbox 1711 962 1746 989; x_wconf 91' lang='lat' dir='ltr'>ad</span> <span class='ocrx_word' id='word_1_490' title='bbox 1767 962 1921 998; x_wconf 82' lang='lat' dir='ltr'>epiecopa-</span> 
     </span>
    </p>
   </div>
   <div class='ocr_carea' id='block_1_68' title="bbox 1092 1005 1919 1043">
    <p class='ocr_par' dir='ltr' id='par_1_68' title="bbox 1092 1005 1919 1043">
     <span class='ocr_line' id='line_1_68' title="bbox 1092 1005 1919 1043; baseline -0.001 -9"><span class='ocrx_word' id='word_1_491' title='bbox 1092 1009 1154 1035; x_wconf 89' lang='lat' dir='ltr'>tum</span> <span class='ocrx_word' id='word_1_492' title='bbox 1172 1009 1396 1043; x_wconf 86' lang='lat' dir='ltr'>promoveretur,</span> <span class='ocrx_word' id='word_1_493' title='bbox 1414 1009 1442 1033; x_wconf 83' lang='lat' dir='ltr'>et</span> <span class='ocrx_word' id='word_1_494' title='bbox 1456 1006 1565 1034; x_wconf 87' lang='lat' dir='ltr'>librum</span> <span class='ocrx_word' id='word_1_495' title='bbox 1584 1005 1762 1034; x_wconf 82' lang='lat' dir='ltr'>defensionis</span> <span class='ocrx_word' id='word_1_496' title='bbox 1789 1014 1850 1033; x_wconf 61' lang='lat' dir='ltr'>suae</span> <span class='ocrx_word' id='word_1_497' title='bbox 1881 1006 1919 1033; x_wconf 87' lang='lat' dir='ltr'>ad</span> 
     </span>
    </p>
   </div>
   <div class='ocr_carea' id='block_1_69' title="bbox 1094 1051 1920 1087">
    <p class='ocr_par' dir='ltr' id='par_1_69' title="bbox 1094 1051 1920 1087">
     <span class='ocr_line' id='line_1_69' title="bbox 1094 1051 1920 1087; baseline -0.001 -8"><span class='ocrx_word' id='word_1_498' title='bbox 1094 1052 1234 1080; x_wconf 82' lang='lat' dir='ltr'>Basiliun:</span> <span class='ocrx_word' id='word_1_499' title='bbox 1250 1052 1361 1079; x_wconf 89' lang='lat' dir='ltr'>socium</span> <span class='ocrx_word' id='word_1_500' title='bbox 1379 1054 1408 1079; x_wconf 82' lang='lat' dir='ltr'>et</span> <span class='ocrx_word' id='word_1_501' title='bbox 1422 1051 1663 1079; x_wconf 83' lang='lat' dir='ltr'>contubernalem</span> <span class='ocrx_word' id='word_1_502' title='bbox 1680 1059 1768 1078; x_wconf 85' lang='lat' dir='ltr'>suum</span> <span class='ocrx_word' id='word_1_503' title='bbox 1785 1051 1920 1087; x_wconf 84' lang='lat' dir='ltr'>scripsit,</span> 
     </span>
    </p>
   </div>
   <div class='ocr_carea' id='block_1_70' title="bbox 1093 1095 1920 1132">
    <p class='ocr_par' dir='ltr' id='par_1_70' title="bbox 1093 1095 1920 1132">
     <span class='ocr_line' id='line_1_70' title="bbox 1093 1095 1920 1132; baseline -0.002 -8"><span class='ocrx_word' id='word_1_504' title='bbox 1093 1105 1150 1132; x_wconf 89' lang='lat' dir='ltr'>quo</span> <span class='ocrx_word' id='word_1_505' title='bbox 1166 1097 1242 1123; x_wconf 87' lang='lat' dir='ltr'>inter</span> <span class='ocrx_word' id='word_1_506' title='bbox 1256 1095 1510 1124; x_wconf 79' lang='lat' dir='ltr'>aliadifﬁcultates</span> <span class='ocrx_word' id='word_1_507' title='bbox 1525 1095 1651 1131; x_wconf 79' lang='lat' dir='ltr'>exponit,</span> <span class='ocrx_word' id='word_1_508' title='bbox 1664 1095 1773 1131; x_wconf 86' lang='lat' dir='ltr'>quibus</span> <span class='ocrx_word' id='word_1_509' title='bbox 1788 1095 1920 1131; x_wconf 85' lang='lat' dir='ltr'>episcopi</span> 
     </span>
    </p>
   </div>
   <div class='ocr_carea' id='block_1_71' title="bbox 1093 1137 1922 1173">
    <p class='ocr_par' dir='ltr' id='par_1_71' title="bbox 1093 1137 1922 1173">
     <span class='ocr_line' id='line_1_71' title="bbox 1093 1137 1922 1173; baseline -0.001 -6"><span class='ocrx_word' id='word_1_510' title='bbox 1093 1148 1203 1167; x_wconf 91' lang='lat' dir='ltr'>munus</span> <span class='ocrx_word' id='word_1_511' title='bbox 1219 1140 1371 1167; x_wconf 84' lang='lat' dir='ltr'>obsessum</span> <span class='ocrx_word' id='word_1_512' title='bbox 1388 1142 1442 1173; x_wconf 87' lang='lat' dir='ltr'>est,</span> <span class='ocrx_word' id='word_1_513' title='bbox 1460 1137 1542 1166; x_wconf 77' lang='lat' dir='ltr'>libris</span> <span class='ocrx_word' id='word_1_514' title='bbox 1558 1147 1608 1166; x_wconf 85' lang='lat' dir='ltr'>sex</span> <span class='ocrx_word' id='word_1_515' title='bbox 1626 1141 1667 1167; x_wconf 73' lang='lat' dir='ltr'>De</span> <span class='ocrx_word' id='word_1_516' title='bbox 1695 1139 1860 1172; x_wconf 72' lang='lat' dir='ltr'>sacerdotio,</span> <span class='ocrx_word' id='word_1_517' title='bbox 1888 1143 1922 1166; x_wconf 85' lang='lat' dir='ltr'>ut</span> 
     </span>
    </p>
   </div>
   <div class='ocr_carea' id='block_1_72' title="bbox 1093 1183 1922 1219">
    <p class='ocr_par' dir='ltr' id='par_1_72' title="bbox 1093 1183 1922 1219">
     <span class='ocr_line' id='line_1_72' title="bbox 1093 1183 1922 1219; baseline -0.001 -7"><span class='ocrx_word' id='word_1_518' title='bbox 1093 1184 1183 1212; x_wconf 84' lang='lat' dir='ltr'>tradit</span> <span class='ocrx_word' id='word_1_519' title='bbox 1197 1187 1340 1217; x_wconf 77' lang='lat' dir='ltr'>Socrates,</span> <span class='ocrx_word' id='word_1_520' title='bbox 1357 1183 1408 1211; x_wconf 86' lang='lat' dir='ltr'>lib.</span> <span class='ocrx_word' id='word_1_521' title='bbox 1425 1192 1451 1211; x_wconf 79' lang='lat' dir='ltr'><strong>vx</strong></span> <span class='ocrx_word' id='word_1_522' title='bbox 1482 1184 1600 1217; x_wconf 66' lang='grc' dir='ltr'>Ηίειον.⁷</span> <span class='ocrx_word' id='word_1_523' title='bbox 1630 1192 1693 1219; x_wconf 87' lang='lat' dir='ltr'>cap.</span> <span class='ocrx_word' id='word_1_524' title='bbox 1723 1184 1750 1211; x_wconf 80' lang='lat'>3.</span> <span class='ocrx_word' id='word_1_525' title='bbox 1780 1184 1922 1211; x_wconf 83' lang='lat' dir='ltr'>Testatur</span> 
     </span>
    </p>
   </div>
   <div class='ocr_carea' id='block_1_73' title="bbox 1093 1227 1919 1264">
    <p class='ocr_par' dir='ltr' id='par_1_73' title="bbox 1093 1227 1919 1264">
     <span class='ocr_line' id='line_1_73' title="bbox 1093 1227 1919 1264; baseline -0.001 -8"><span class='ocrx_word' id='word_1_526' title='bbox 1093 1228 1264 1257; x_wconf 74' lang='lat' dir='ltr'>etiamidrm</span> <span class='ocrx_word' id='word_1_527' title='bbox 1278 1228 1348 1255; x_wconf 90' lang='lat' dir='ltr'>illud</span> <span class='ocrx_word' id='word_1_528' title='bbox 1363 1228 1494 1255; x_wconf 87' lang='lat' dir='ltr'>studium</span> <span class='ocrx_word' id='word_1_529' title='bbox 1504 1227 1828 1264; x_wconf 83' lang='lat' dir='ltr'>fugiendiepiscopatus</span> <span class='ocrx_word' id='word_1_530' title='bbox 1840 1228 1919 1264; x_wconf 85' lang='lat' dir='ltr'>apud</span> 
     </span>
    </p>
   </div>
   <div class='ocr_carea' id='block_1_74' title="bbox 1092 1271 1919 1308">
    <p class='ocr_par' dir='ltr' id='par_1_74' title="bbox 1092 1271 1919 1308">
     <span class='ocr_line' id='line_1_74' title="bbox 1092 1271 1919 1308; baseline 0 -8"><span class='ocrx_word' id='word_1_531' title='bbox 1092 1277 1204 1301; x_wconf 83' lang='lat' dir='ltr'>veteres</span> <span class='ocrx_word' id='word_1_532' title='bbox 1219 1272 1342 1308; x_wconf 85' lang='lat' dir='ltr'>epistola</span> <span class='ocrx_word' id='word_1_533' title='bbox 1357 1272 1407 1300; x_wconf 86' lang='lat' dir='ltr'>illa</span> <span class='ocrx_word' id='word_1_534' title='bbox 1423 1272 1537 1300; x_wconf 84' lang='lat' dir='ltr'>concilii</span> <span class='ocrx_word' id='word_1_535' title='bbox 1563 1271 1709 1300; x_wconf 85' lang='lat' dir='ltr'>Valentini</span> <span class='ocrx_word' id='word_1_536' title='bbox 1734 1273 1769 1300; x_wconf 87' lang='lat' dir='ltr'>ad</span> <span class='ocrx_word' id='word_1_537' title='bbox 1793 1274 1919 1308; x_wconf 82' lang='lat' dir='ltr'>Foroju-</span> 
     </span>
    </p>
   </div>
   <div class='ocr_carea' id='block_1_75' title="bbox 1093 1317 1919 1354">
    <p class='ocr_par' dir='ltr' id='par_1_75' title="bbox 1093 1317 1919 1354">
     <span class='ocr_line' id='line_1_75' title="bbox 1093 1317 1919 1354; baseline 0 -10"><span class='ocrx_word' id='word_1_538' title='bbox 1093 1318 1190 1351; x_wconf 87' lang='lat' dir='ltr'>liens.,</span> <span class='ocrx_word' id='word_1_539' title='bbox 1207 1326 1264 1353; x_wconf 85' lang='lat' dir='ltr'>qua</span> <span class='ocrx_word' id='word_1_540' title='bbox 1280 1317 1431 1345; x_wconf 82' lang='lat' dir='ltr'>declarant</span> <span class='ocrx_word' id='word_1_541' title='bbox 1446 1317 1589 1353; x_wconf 88' lang='lat' dir='ltr'>quosdam</span> <span class='ocrx_word' id='word_1_542' title='bbox 1600 1317 1719 1344; x_wconf 84' lang='lat' dir='ltr'>horrore</span> <span class='ocrx_word' id='word_1_543' title='bbox 1735 1317 1919 1354; x_wconf 87' lang='lat' dir='ltr'>suscipicndi</span> 
     </span>
    </p>
   </div>
   <div class='ocr_carea' id='block_1_76' title="bbox 1092 1361 1919 1398">
    <p class='ocr_par' dir='ltr' id='par_1_76' title="bbox 1092 1361 1919 1398">
     <span class='ocr_line' id='line_1_76' title="bbox 1092 1361 1919 1398; baseline -0.002 -7"><span class='ocrx_word' id='word_1_544' title='bbox 1092 1362 1248 1391; x_wconf 84' lang='lat' dir='ltr'>sacerdotii</span> <span class='ocrx_word' id='word_1_545' title='bbox 1264 1370 1328 1390; x_wconf 75' lang='lat' dir='ltr'>sese</span> <span class='ocrx_word' id='word_1_546' title='bbox 1343 1361 1461 1398; x_wconf 87' lang='lat' dir='ltr'>aliquod</span> <span class='ocrx_word' id='word_1_547' title='bbox 1489 1361 1673 1389; x_wconf 86' lang='lat' dir='ltr'>commisisse</span> <span class='ocrx_word' id='word_1_548' title='bbox 1687 1361 1827 1389; x_wconf 86' lang='lat' dir='ltr'>delictum</span> <span class='ocrx_word' id='word_1_549' title='bbox 1853 1370 1919 1389; x_wconf 86' lang='lat' dir='ltr'>esse</span> 
     </span>
    </p>
   </div>
   <div class='ocr_carea' id='block_1_77' title="bbox 1093 1405 1918 1442">
    <p class='ocr_par' dir='ltr' id='par_1_77' title="bbox 1093 1405 1918 1442">
     <span class='ocr_line' id='line_1_77' title="bbox 1093 1405 1918 1442; baseline -0.002 -7"><span class='ocrx_word' id='word_1_550' title='bbox 1093 1407 1342 1442; x_wconf 85' lang='lat' dir='ltr'>cont&#39;cssos,cujus</span> <span class='ocrx_word' id='word_1_551' title='bbox 1357 1406 1453 1442; x_wconf 87' lang='lat' dir='ltr'>gratia</span> <span class='ocrx_word' id='word_1_552' title='bbox 1468 1408 1586 1442; x_wconf 88' lang='lat' dir='ltr'>possent</span> <span class='ocrx_word' id='word_1_553' title='bbox 1597 1406 1632 1433; x_wconf 84' lang='lat' dir='ltr'>ab</span> <span class='ocrx_word' id='word_1_554' title='bbox 1649 1405 1698 1432; x_wconf 86' lang='lat' dir='ltr'>illo</span> <span class='ocrx_word' id='word_1_555' title='bbox 1714 1405 1832 1442; x_wconf 87' lang='lat' dir='ltr'>depelli.</span> <span class='ocrx_word' id='word_1_556' title='bbox 1851 1407 1918 1433; x_wconf 79' lang='lat' dir='ltr'>Am-</span> 
     </span>
    </p>
   </div>
   <div class='ocr_carea' id='block_1_78' title="bbox 1093 1450 1918 1486">
    <p class='ocr_par' dir='ltr' id='par_1_78' title="bbox 1093 1450 1918 1486">
     <span class='ocr_line' id='line_1_78' title="bbox 1093 1450 1918 1486; baseline -0.002 -7"><span class='ocrx_word' id='word_1_557' title='bbox 1093 1452 1210 1479; x_wconf 85' lang='lat' dir='ltr'>brosius</span> <span class='ocrx_word' id='word_1_558' title='bbox 1239 1451 1327 1479; x_wconf 86' lang='lat' dir='ltr'>etiam</span> <span class='ocrx_word' id='word_1_559' title='bbox 1347 1453 1379 1477; x_wconf 91' lang='lat' dir='ltr'>ut</span> <span class='ocrx_word' id='word_1_560' title='bbox 1407 1450 1580 1486; x_wconf 83' lang='lat' dir='ltr'>dignitatem</span> <span class='ocrx_word' id='word_1_561' title='bbox 1608 1451 1757 1486; x_wconf 78' lang='lat' dir='ltr'>effugeret,</span> <span class='ocrx_word' id='word_1_562' title='bbox 1788 1450 1918 1478; x_wconf 79' lang='lat' dir='ltr'>credulis</span> 
     </span>
    </p>
   </div>
   <div class='ocr_carea' id='block_1_79' title="bbox 1093 1495 1920 1532">
    <p class='ocr_par' dir='ltr' id='par_1_79' title="bbox 1093 1495 1920 1532">
     <span class='ocr_line' id='line_1_79' title="bbox 1093 1495 1920 1532; baseline -0.001 -8"><span class='ocrx_word' id='word_1_563' title='bbox 1093 1496 1184 1524; x_wconf 86' lang='lat' dir='ltr'>voluit</span> <span class='ocrx_word' id='word_1_564' title='bbox 1198 1498 1226 1523; x_wconf 87' lang='lat' dir='ltr'>et</span> <span class='ocrx_word' id='word_1_565' title='bbox 1238 1495 1404 1532; x_wconf 84' lang='lat' dir='ltr'>impudicus</span> <span class='ocrx_word' id='word_1_566' title='bbox 1419 1495 1522 1523; x_wconf 85' lang='lat' dir='ltr'>videri.</span> <span class='ocrx_word' id='word_1_567' title='bbox 1537 1495 1607 1522; x_wconf 89' lang='lat' dir='ltr'>Vide</span> <span class='ocrx_word' id='word_1_568' title='bbox 1623 1495 1791 1529; x_wconf 83' lang='lat' dir='ltr'>Paulinum,</span> <span class='ocrx_word' id='word_1_569' title='bbox 1808 1495 1837 1522; x_wconf 93' lang='lat' dir='ltr'>in</span> <span class='ocrx_word' id='word_1_570' title='bbox 1854 1495 1920 1530; x_wconf 89' lang='lat' dir='ltr'>ejus</span> 
     </span>
    </p>
   </div>
   <div class='ocr_carea' id='block_1_80' title="bbox 1097 1540 1576 1575">
    <p class='ocr_par' dir='ltr' id='par_1_80' title="bbox 1097 1540 1576 1575">
     <span class='ocr_line' id='line_1_80' title="bbox 1097 1540 1576 1575; baseline -0.006 -6"><span class='ocrx_word' id='word_1_571' title='bbox 1097 1542 1169 1574; x_wconf 82' lang='lat' dir='ltr'>Vita,</span> <span class='ocrx_word' id='word_1_572' title='bbox 1187 1543 1214 1568; x_wconf 88' lang='lat' dir='ltr'>et</span> <span class='ocrx_word' id='word_1_573' title='bbox 1224 1540 1390 1575; x_wconf 86' lang='lat' dir='ltr'>Baronium,</span> <span class='ocrx_word' id='word_1_574' title='bbox 1407 1548 1455 1567; x_wconf 87' lang='lat' dir='ltr'>an.</span> <span class='ocrx_word' id='word_1_575' title='bbox 1471 1540 1533 1573; x_wconf 71' lang='grc'>374,</span> <span class='ocrx_word' id='word_1_576' title='bbox 1550 1540 1576 1566; x_wconf 84' lang='lat'>6.</span> 
     </span>
    </p>
   </div>
   <div class='ocr_carea' id='block_1_81' title="bbox 1131 1591 1921 1627">
    <p class='ocr_par' dir='ltr' id='par_1_81' title="bbox 1131 1591 1921 1627">
     <span class='ocr_line' id='line_1_81' title="bbox 1131 1591 1921 1627; baseline 0 -6"><span class='ocrx_word' id='word_1_577' title='bbox 1131 1594 1206 1622; x_wconf 83' lang='lat' dir='ltr'>ibid.</span> <span class='ocrx_word' id='word_1_578' title='bbox 1237 1594 1280 1621; x_wconf 80' lang='grc'>13.</span> <span class='ocrx_word' id='word_1_579' title='bbox 1307 1594 1341 1620; x_wconf 84' lang='grc' dir='ltr'>Τὸ</span> <span class='ocrx_word' id='word_1_580' title='bbox 1368 1591 1442 1627; x_wconf 73' lang='grc' dir='ltr'>ἄξιος</span> <span class='ocrx_word' id='word_1_581' title='bbox 1469 1593 1544 1620; x_wconf 65' lang='grc' dir='ltr'>εἶναι.</span> <span class='ocrx_word' id='word_1_582' title='bbox 1569 1593 1752 1621; x_wconf 72' lang='lat' dir='ltr'>(lontrarium</span> <span class='ocrx_word' id='word_1_583' title='bbox 1781 1592 1921 1621; x_wconf 86' lang='lat' dir='ltr'>eliciebat</span> 
     </span>
    </p>
   </div>
   <div class='ocr_carea' id='block_1_82' title="bbox 1092 1638 1900 1674">
    <p class='ocr_par' dir='ltr' id='par_1_82' title="bbox 1092 1638 1900 1674">
     <span class='ocr_line' id='line_1_82' title="bbox 1092 1638 1900 1674; baseline 0 -8"><span class='ocrx_word' id='word_1_584' title='bbox 1092 1647 1127 1667; x_wconf 82' lang='lat' dir='ltr'>ex</span> <span class='ocrx_word' id='word_1_585' title='bbox 1142 1639 1189 1666; x_wconf 91' lang='lat' dir='ltr'>bis</span> <span class='ocrx_word' id='word_1_586' title='bbox 1204 1639 1300 1666; x_wconf 87' lang='lat' dir='ltr'>verbis</span> <span class='ocrx_word' id='word_1_587' title='bbox 1316 1639 1470 1673; x_wconf 80' lang='lat' dir='ltr'>interpres,</span> <span class='ocrx_word' id='word_1_588' title='bbox 1485 1649 1499 1663; x_wconf 85' lang='grc'><em>‹‹</em></span> <span class='ocrx_word' id='word_1_589' title='bbox 1514 1638 1622 1666; x_wconf 87' lang='lat' dir='ltr'>docens</span> <span class='ocrx_word' id='word_1_590' title='bbox 1651 1638 1806 1674; x_wconf 78' lang='lat' dir='ltr'>indignum</span> <span class='ocrx_word' id='word_1_591' title='bbox 1822 1646 1854 1666; x_wconf 88' lang='lat' dir='ltr'>se</span> <span class='ocrx_word' id='word_1_592' title='bbox 1869 1646 1900 1666; x_wconf 81' lang='lat' dir='ltr'>us</span> 
     </span>
    </p>
   </div>
   <div class='ocr_carea' id='block_1_83' title="bbox 1094 1682 1919 1719">
    <p class='ocr_par' dir='ltr' id='par_1_83' title="bbox 1094 1682 1919 1719">
     <span class='ocr_line' id='line_1_83' title="bbox 1094 1682 1919 1719; baseline -0.002 -7"><span class='ocrx_word' id='word_1_593' title='bbox 1094 1684 1188 1719; x_wconf 85' lang='lat' dir='ltr'>se,qui</span> <span class='ocrx_word' id='word_1_594' title='bbox 1205 1683 1389 1719; x_wconf 65' lang='lat' dir='ltr'>prmsidsret:</span> <span class='ocrx_word' id='word_1_595' title='bbox 1407 1694 1420 1707; x_wconf 82' lang='grc'><strong>››</strong></span> <span class='ocrx_word' id='word_1_596' title='bbox 1438 1682 1519 1718; x_wconf 89' lang='lat' dir='ltr'>atqui</span> <span class='ocrx_word' id='word_1_597' title='bbox 1536 1682 1590 1710; x_wconf 86' lang='lat' dir='ltr'>hoc</span> <span class='ocrx_word' id='word_1_598' title='bbox 1607 1683 1670 1718; x_wconf 85' lang='lat' dir='ltr'>ipso</span> <span class='ocrx_word' id='word_1_599' title='bbox 1686 1691 1717 1710; x_wconf 86' lang='lat' dir='ltr'>se</span> <span class='ocrx_word' id='word_1_600' title='bbox 1730 1682 1853 1718; x_wconf 81' lang='lat' dir='ltr'>dignum</span> <span class='ocrx_word' id='word_1_601' title='bbox 1870 1691 1919 1710; x_wconf 88' lang='lat' dir='ltr'>es-</span> 
     </span>
    </p>
   </div>
   <div class='ocr_carea' id='block_1_84' title="bbox 1093 1727 1918 1762">
    <p class='ocr_par' dir='ltr' id='par_1_84' title="bbox 1093 1727 1918 1762">
     <span class='ocr_line' id='line_1_84' title="bbox 1093 1727 1918 1762; baseline -0.002 -6"><span class='ocrx_word' id='word_1_602' title='bbox 1093 1736 1124 1756; x_wconf 85' lang='lat' dir='ltr'>se</span> <span class='ocrx_word' id='word_1_603' title='bbox 1148 1728 1330 1761; x_wconf 83' lang='lat' dir='ltr'>ostendebat,</span> <span class='ocrx_word' id='word_1_604' title='bbox 1359 1727 1435 1762; x_wconf 90' lang='lat' dir='ltr'>quod</span> <span class='ocrx_word' id='word_1_605' title='bbox 1465 1727 1588 1755; x_wconf 85' lang='lat' dir='ltr'>humilis</span> <span class='ocrx_word' id='word_1_606' title='bbox 1609 1735 1642 1754; x_wconf 84' lang='lat' dir='ltr'>ac</span> <span class='ocrx_word' id='word_1_607' title='bbox 1658 1727 1808 1754; x_wconf 84' lang='lat' dir='ltr'>modestus</span> <span class='ocrx_word' id='word_1_608' title='bbox 1829 1729 1918 1754; x_wconf 86' lang='lat' dir='ltr'>esset.</span> 
     </span>
    </p>
   </div>
   <div class='ocr_carea' id='block_1_85' title="bbox 1128 1770 1919 1807">
    <p class='ocr_par' dir='ltr' id='par_1_85' title="bbox 1128 1770 1919 1807">
     <span class='ocr_line' id='line_1_85' title="bbox 1128 1770 1919 1807; baseline -0.003 -7"><span class='ocrx_word' id='word_1_609' title='bbox 1128 1772 1201 1800; x_wconf 88' lang='lat' dir='ltr'>Ibid.</span> <span class='ocrx_word' id='word_1_610' title='bbox 1234 1773 1254 1799; x_wconf 91' lang='lat' dir='ltr'><strong>D</strong></span> <span class='ocrx_word' id='word_1_611' title='bbox 1281 1772 1308 1799; x_wconf 83' lang='lat'>5.</span> <span class='ocrx_word' id='word_1_612' title='bbox 1339 1770 1439 1798; x_wconf 78' lang='grc' dir='ltr'>Μεσταὶ</span> <span class='ocrx_word' id='word_1_613' title='bbox 1461 1770 1584 1807; x_wconf 75' lang='grc' dir='ltr'>ἀνομίας.</span> <span class='ocrx_word' id='word_1_614' title='bbox 1615 1771 1840 1798; x_wconf 86' lang='lat' dir='ltr'>Emendandum</span> <span class='ocrx_word' id='word_1_615' title='bbox 1870 1771 1919 1799; x_wconf 79' lang='lat' dir='ltr'>hic</span> 
     </span>
    </p>
   </div>
   <div class='ocr_carea' id='block_1_86' title="bbox 1094 1815 1918 1852">
    <p class='ocr_par' dir='ltr' id='par_1_86' title="bbox 1094 1815 1918 1852">
     <span class='ocr_line' id='line_1_86' title="bbox 1094 1815 1918 1852; baseline 0.001 -10"><span class='ocrx_word' id='word_1_616' title='bbox 1094 1817 1160 1852; x_wconf 82' lang='grc' dir='ltr'><strong>μιτὰ</strong></span> <span class='ocrx_word' id='word_1_617' title='bbox 1176 1815 1299 1852; x_wconf 68' lang='grc' dir='ltr'>ἀνομίας,</span> <span class='ocrx_word' id='word_1_618' title='bbox 1316 1824 1381 1851; x_wconf 60' lang='lat' dir='ltr'>qua:</span> <span class='ocrx_word' id='word_1_619' title='bbox 1391 1816 1471 1844; x_wconf 84' lang='lat' dir='ltr'>varia</span> <span class='ocrx_word' id='word_1_620' title='bbox 1486 1815 1583 1850; x_wconf 87' lang='lat' dir='ltr'>lectio,</span> <span class='ocrx_word' id='word_1_621' title='bbox 1600 1815 1629 1843; x_wconf 90' lang='lat' dir='ltr'>in</span> <span class='ocrx_word' id='word_1_622' title='bbox 1647 1815 1779 1851; x_wconf 81' lang='lat' dir='ltr'>margine</span> <span class='ocrx_word' id='word_1_623' title='bbox 1794 1824 1918 1851; x_wconf 86' lang='lat' dir='ltr'>apogra-</span> 
     </span>
    </p>
   </div>
   <div class='ocr_carea' id='block_1_87' title="bbox 1093 1860 1918 1897">
    <p class='ocr_par' dir='ltr' id='par_1_87' title="bbox 1093 1860 1918 1897">
     <span class='ocr_line' id='line_1_87' title="bbox 1093 1860 1918 1897; baseline -0.002 -9"><span class='ocrx_word' id='word_1_624' title='bbox 1093 1861 1142 1897; x_wconf 88' lang='lat' dir='ltr'>phi</span> <span class='ocrx_word' id='word_1_625' title='bbox 1159 1861 1270 1893; x_wconf 86' lang='lat' dir='ltr'>addita,</span> <span class='ocrx_word' id='word_1_626' title='bbox 1286 1860 1464 1895; x_wconf 67' lang='lat' dir='ltr'>praeferenda</span> <span class='ocrx_word' id='word_1_627' title='bbox 1480 1860 1537 1888; x_wconf 86' lang='lat' dir='ltr'>fuit</span> <span class='ocrx_word' id='word_1_628' title='bbox 1551 1860 1654 1895; x_wconf 77' lang='lat' dir='ltr'>alteri;</span> <span class='ocrx_word' id='word_1_629' title='bbox 1674 1868 1799 1895; x_wconf 80' lang='lat' dir='ltr'>eamque</span> <span class='ocrx_word' id='word_1_630' title='bbox 1815 1860 1918 1896; x_wconf 77' lang='lat' dir='ltr'>soqui-</span> 
     </span>
    </p>
   </div>
   <div class='ocr_carea' id='block_1_88' title="bbox 1092 1905 1366 1940">
    <p class='ocr_par' dir='ltr' id='par_1_88' title="bbox 1092 1905 1366 1940">
     <span class='ocr_line' id='line_1_88' title="bbox 1092 1905 1366 1940; baseline -0.007 -6"><span class='ocrx_word' id='word_1_631' title='bbox 1092 1908 1142 1934; x_wconf 82' lang='lat' dir='ltr'>tur</span> <span class='ocrx_word' id='word_1_632' title='bbox 1157 1905 1366 1940; x_wconf 85' lang='lat' dir='ltr'>interpretatio.</span> 
     </span>
    </p>
   </div>
   <div class='ocr_carea' id='block_1_89' title="bbox 1129 1949 1917 1984">
    <p class='ocr_par' dir='ltr' id='par_1_89' title="bbox 1129 1949 1917 1984">
     <span class='ocr_line' id='line_1_89' title="bbox 1129 1949 1917 1984; baseline -0.001 -7"><span class='ocrx_word' id='word_1_633' title='bbox 1129 1949 1188 1977; x_wconf 86' lang='lat' dir='ltr'>Col.</span> <span class='ocrx_word' id='word_1_634' title='bbox 1204 1950 1256 1977; x_wconf 81' lang='lat'>302</span> <span class='ocrx_word' id='word_1_635' title='bbox 1273 1951 1331 1977; x_wconf 76' lang='lat' dir='ltr'>A8.</span> <span class='ocrx_word' id='word_1_636' title='bbox 1349 1949 1416 1977; x_wconf 84' lang='lat' dir='ltr'>Cum</span> <span class='ocrx_word' id='word_1_637' title='bbox 1429 1957 1526 1977; x_wconf 76' lang='lat' dir='ltr'>eorum</span> <span class='ocrx_word' id='word_1_638' title='bbox 1542 1949 1647 1984; x_wconf 80' lang='lat' dir='ltr'>lingua.</span> <span class='ocrx_word' id='word_1_639' title='bbox 1664 1949 1820 1984; x_wconf 81' lang='lat' dir='ltr'>Conjunxit</span> <span class='ocrx_word' id='word_1_640' title='bbox 1850 1957 1917 1976; x_wconf 91' lang='lat' dir='ltr'>cum</span> 
     </span>
    </p>
   </div>
   <div class='ocr_carea' id='block_1_90' title="bbox 1091 1991 1917 2030">
    <p class='ocr_par' dir='ltr' id='par_1_90' title="bbox 1091 1991 1917 2030">
     <span class='ocr_line' id='line_1_90' title="bbox 1091 1991 1917 2030; baseline -0.004 -8"><span class='ocrx_word' id='word_1_641' title='bbox 1091 1995 1178 2022; x_wconf 86' lang='lat' dir='ltr'>verbo</span> <span class='ocrx_word' id='word_1_642' title='bbox 1195 1993 1354 2030; x_wconf 67' lang='grc' dir='ltr'>ἀντιλέγειν,</span> <span class='ocrx_word' id='word_1_643' title='bbox 1379 2002 1437 2021; x_wconf 88' lang='lat' dir='ltr'>non</span> <span class='ocrx_word' id='word_1_644' title='bbox 1467 2001 1534 2021; x_wconf 89' lang='lat' dir='ltr'>cum</span> <span class='ocrx_word' id='word_1_645' title='bbox 1566 1991 1675 2029; x_wconf 73' lang='grc' dir='ltr'>μελετᾷ,</span> <span class='ocrx_word' id='word_1_646' title='bbox 1696 2001 1794 2021; x_wconf 86' lang='lat' dir='ltr'>vocem</span> <span class='ocrx_word' id='word_1_647' title='bbox 1825 1991 1917 2030; x_wconf 80' lang='grc' dir='ltr'>γλώσ-</span> 
     </span>
    </p>
   </div>
   <div class='ocr_carea' id='block_1_91' title="bbox 1093 2038 1917 2074">
    <p class='ocr_par' dir='ltr' id='par_1_91' title="bbox 1093 2038 1917 2074">
     <span class='ocr_line' id='line_1_91' title="bbox 1093 2038 1917 2074; baseline -0.001 -8"><span class='ocrx_word' id='word_1_648' title='bbox 1093 2049 1142 2073; x_wconf 82' lang='grc' dir='ltr'>σης</span> <span class='ocrx_word' id='word_1_649' title='bbox 1160 2039 1317 2074; x_wconf 87' lang='lat' dir='ltr'>intorpres,</span> <span class='ocrx_word' id='word_1_650' title='bbox 1348 2046 1398 2065; x_wconf 90' lang='lat' dir='ltr'>nec</span> <span class='ocrx_word' id='word_1_651' title='bbox 1427 2038 1635 2066; x_wconf 83' lang='lat' dir='ltr'>animadvertit</span> <span class='ocrx_word' id='word_1_652' title='bbox 1662 2038 1740 2074; x_wconf 88' lang='lat' dir='ltr'>apud</span> <span class='ocrx_word' id='word_1_653' title='bbox 1775 2038 1917 2066; x_wconf 86' lang='lat' dir='ltr'>Davidem</span> 
     </span>
    </p>
   </div>
   <div class='ocr_carea' id='block_1_92' title="bbox 1093 2081 1916 2119">
    <p class='ocr_par' dir='ltr' id='par_1_92' title="bbox 1093 2081 1916 2119">
     <span class='ocr_line' id='line_1_92' title="bbox 1093 2081 1916 2119; baseline -0.002 -9"><span class='ocrx_word' id='word_1_654' title='bbox 1093 2083 1226 2119; x_wconf 81' lang='lat' dir='ltr'>linguam</span> <span class='ocrx_word' id='word_1_655' title='bbox 1255 2082 1311 2110; x_wconf 87' lang='lat' dir='ltr'>dici</span> <span class='ocrx_word' id='word_1_656' title='bbox 1343 2081 1469 2118; x_wconf 78' lang='grc' dir='ltr'>μελετᾷν,</span> <span class='ocrx_word' id='word_1_657' title='bbox 1500 2082 1572 2118; x_wconf 88' lang='lat' dir='ltr'>psal.</span> <span class='ocrx_word' id='word_1_658' title='bbox 1609 2090 1704 2116; x_wconf 81' lang='lat' dir='ltr'>xxx1v,</span> <span class='ocrx_word' id='word_1_659' title='bbox 1733 2083 1790 2110; x_wconf 49' lang='lat'>2%:</span> <span class='ocrx_word' id='word_1_660' title='bbox 1820 2082 1873 2110; x_wconf 75' lang='grc' dir='ltr'>Καὶ</span> <span class='ocrx_word' id='word_1_661' title='bbox 1899 2082 1916 2116; x_wconf 74' lang='grc' dir='ltr'>ἡ</span> 
     </span>
    </p>
   </div>
   <div class='ocr_carea' id='block_1_93' title="bbox 1091 2124 1915 2164">
    <p class='ocr_par' dir='ltr' id='par_1_93' title="bbox 1091 2124 1915 2164">
     <span class='ocr_line' id='line_1_93' title="bbox 1091 2124 1915 2164; baseline -0.002 -10"><span class='ocrx_word' id='word_1_662' title='bbox 1091 2127 1203 2164; x_wconf 81' lang='grc' dir='ltr'>γλῶσσά</span> <span class='ocrx_word' id='word_1_663' title='bbox 1243 2137 1295 2162; x_wconf 80' lang='grc' dir='ltr'>μου</span> <span class='ocrx_word' id='word_1_664' title='bbox 1350 2125 1492 2162; x_wconf 75' lang='grc' dir='ltr'>μελετήσει</span> <span class='ocrx_word' id='word_1_665' title='bbox 1533 2127 1584 2160; x_wconf 82' lang='grc' dir='ltr'>τὴν</span> <span class='ocrx_word' id='word_1_666' title='bbox 1632 2124 1806 2160; x_wconf 74' lang='grc' dir='ltr'>δικαιοσύνην</span> <span class='ocrx_word' id='word_1_667' title='bbox 1858 2135 1915 2153; x_wconf 83' lang='grc' dir='ltr'>σου·</span> 
     </span>
    </p>
   </div>
   <div class='ocr_carea' id='block_1_94' title="bbox 1092 2171 1917 2207">
    <p class='ocr_par' dir='ltr' id='par_1_94' title="bbox 1092 2171 1917 2207">
     <span class='ocr_line' id='line_1_94' title="bbox 1092 2171 1917 2207; baseline -0.002 -8"><span class='ocrx_word' id='word_1_668' title='bbox 1092 2173 1125 2200; x_wconf 83' lang='grc' dir='ltr'>Ει</span> <span class='ocrx_word' id='word_1_669' title='bbox 1159 2173 1255 2207; x_wconf 81' lang='lat' dir='ltr'>lingua</span> <span class='ocrx_word' id='word_1_670' title='bbox 1289 2179 1350 2199; x_wconf 74' lang='lat' dir='ltr'>mea</span> <span class='ocrx_word' id='word_1_671' title='bbox 1375 2172 1561 2199; x_wconf 68' lang='lat' dir='ltr'>meditabitur</span> <span class='ocrx_word' id='word_1_672' title='bbox 1584 2171 1728 2207; x_wconf 71' lang='lat' dir='ltr'>justitiam</span> <span class='ocrx_word' id='word_1_673' title='bbox 1756 2173 1858 2201; x_wconf 83' lang='lat' dir='ltr'>tuam;</span> <span class='ocrx_word' id='word_1_674' title='bbox 1891 2173 1917 2198; x_wconf 89' lang='lat' dir='ltr'>et</span> 
     </span>
    </p>
   </div>
   <div class='ocr_carea' id='block_1_95' title="bbox 1092 2216 1915 2252">
    <p class='ocr_par' dir='ltr' id='par_1_95' title="bbox 1092 2216 1915 2252">
     <span class='ocr_line' id='line_1_95' title="bbox 1092 2216 1915 2252; baseline -0.002 -8"><span class='ocrx_word' id='word_1_675' title='bbox 1092 2225 1186 2248; x_wconf 74' lang='lat' dir='ltr'><strong>xxxvx,</strong></span> <span class='ocrx_word' id='word_1_676' title='bbox 1202 2219 1253 2244; x_wconf 71' lang='lat'>28:</span> <span class='ocrx_word' id='word_1_677' title='bbox 1272 2219 1311 2245; x_wconf 78' lang='lat' dir='ltr'>Os</span> <span class='ocrx_word' id='word_1_678' title='bbox 1325 2217 1392 2252; x_wconf 58' lang='lat' dir='ltr'>iusti</span> <span class='ocrx_word' id='word_1_679' title='bbox 1406 2216 1586 2244; x_wconf 77' lang='lat' dir='ltr'>meditabitur</span> <span class='ocrx_word' id='word_1_680' title='bbox 1599 2217 1775 2252; x_wconf 75' lang='lat' dir='ltr'>sapientiam,</span> <span class='ocrx_word' id='word_1_681' title='bbox 1788 2216 1838 2244; x_wconf 92' lang='lat' dir='ltr'>ubi</span> <span class='ocrx_word' id='word_1_682' title='bbox 1853 2224 1915 2252; x_wconf 84' lang='lat' dir='ltr'>per-</span> 
     </span>
    </p>
   </div>
   <div class='ocr_carea' id='block_1_96' title="bbox 214 2256 1037 2297">
    <p class='ocr_par' dir='ltr' id='par_1_96' title="bbox 214 2256 1035 2296">
     <span class='ocr_line' id='line_1_96' title="bbox 214 2256 1035 2296; baseline 0.002 -12"><span class='ocrx_word' id='word_1_683' title='bbox 214 2257 373 2294; x_wconf 68' lang='grc' dir='ltr'>κυριςύσειν,</span> <span class='ocrx_word' id='word_1_684' title='bbox 400 2257 425 2294; x_wconf 74' lang='grc' dir='ltr'>ἐξ</span> <span class='ocrx_word' id='word_1_685' title='bbox 450 2258 497 2286; x_wconf 62' lang='lat' dir='ltr'>(In.</span> <span class='ocrx_word' id='word_1_686' title='bbox 512 2257 622 2288; x_wconf 73' lang='grc' dir='ltr'>ἕκαστος</span> <span class='ocrx_word' id='word_1_687' title='bbox 647 2258 734 2293; x_wconf 67' lang='grc' dir='ltr'>ἑαυτῷ</span> <span class='ocrx_word' id='word_1_688' title='bbox 759 2256 803 2284; x_wconf 78' lang='grc' dir='ltr'>διὰ</span> <span class='ocrx_word' id='word_1_689' title='bbox 823 2260 876 2285; x_wconf 78' lang='grc' dir='ltr'>τῶν</span> <span class='ocrx_word' id='word_1_690' title='bbox 898 2257 992 2296; x_wconf 73' lang='grc' dir='ltr'>ἔργων,</span> <span class='ocrx_word' id='word_1_691' title='bbox 1009 2262 1035 2286; x_wconf 87' lang='lat' dir='ltr'>et</span> 
     </span>
    </p>
   </div>
   <div class='ocr_carea' id='block_1_97' title="bbox 1096 2256 1916 2297">
    <p class='ocr_par' dir='ltr' id='par_1_97' title="bbox 1096 2260 1916 2297">
     <span class='ocr_line' id='line_1_97' title="bbox 1096 2260 1916 2297; baseline -0.002 -9"><span class='ocrx_word' id='word_1_692' title='bbox 1096 2269 1190 2297; x_wconf 86' lang='lat' dir='ltr'>peram</span> <span class='ocrx_word' id='word_1_693' title='bbox 1218 2261 1246 2288; x_wconf 91' lang='lat' dir='ltr'>in</span> <span class='ocrx_word' id='word_1_694' title='bbox 1276 2260 1457 2288; x_wconf 83' lang='lat' dir='ltr'>Germanicis</span> <span class='ocrx_word' id='word_1_695' title='bbox 1488 2261 1589 2288; x_wconf 87' lang='lat' dir='ltr'>Bibliis</span> <span class='ocrx_word' id='word_1_696' title='bbox 1609 2260 1741 2293; x_wconf 85' lang='lat' dir='ltr'>vertitur,</span> <span class='ocrx_word' id='word_1_697' title='bbox 1759 2271 1773 2285; x_wconf 88' lang='grc'>‹‹</span> <span class='ocrx_word' id='word_1_698' title='bbox 1803 2260 1916 2287; x_wconf 87' lang='lat' dir='ltr'>curabit</span> 
     </span>
    </p>
   </div>
   <div class='ocr_carea' id='block_1_98' title="bbox 215 2301 1035 2342">
    <p class='ocr_par' dir='ltr' id='par_1_98' title="bbox 215 2301 1035 2342">
     <span class='ocr_line' id='line_1_98' title="bbox 215 2301 1035 2342; baseline 0.001 -13"><span class='ocrx_word' id='word_1_699' title='bbox 215 2303 292 2337; x_wconf 81' lang='lat' dir='ltr'>apud</span> <span class='ocrx_word' id='word_1_700' title='bbox 323 2303 493 2338; x_wconf 81' lang='lat' dir='ltr'>Procopium</span> <span class='ocrx_word' id='word_1_701' title='bbox 522 2311 548 2338; x_wconf 92' lang='lat' dir='ltr'>p.</span> <span class='ocrx_word' id='word_1_702' title='bbox 565 2303 622 2342; x_wconf 40' lang='lat'>(56&#39;:</span> <span class='ocrx_word' id='word_1_703' title='bbox 642 2301 796 2339; x_wconf 74' lang='grc' dir='ltr'>Κυριεύσειν</span> <span class='ocrx_word' id='word_1_704' title='bbox 820 2303 900 2341; x_wconf 77' lang='grc' dir='ltr'>φησὶν</span> <span class='ocrx_word' id='word_1_705' title='bbox 924 2303 1035 2330; x_wconf 66' lang='grc' dir='ltr'>ἑκάστου</span> 
     </span>
    </p>
   </div>
   <div class='ocr_carea' id='block_1_99' title="bbox 215 2344 1035 2383">
    <p class='ocr_par' dir='ltr' id='par_1_99' title="bbox 215 2344 1035 2383">
     <span class='ocr_line' id='line_1_99' title="bbox 215 2344 1035 2383; baseline 0.002 -11"><span class='ocrx_word' id='word_1_706' title='bbox 215 2346 245 2372; x_wconf 78' lang='grc' dir='ltr'>τὸ</span> <span class='ocrx_word' id='word_1_707' title='bbox 274 2348 446 2383; x_wconf 70' lang='grc' dir='ltr'>κυριευθῆναι</span> <span class='ocrx_word' id='word_1_708' title='bbox 476 2357 506 2375; x_wconf 86' lang='grc' dir='ltr'>π.</span> <span class='ocrx_word' id='word_1_709' title='bbox 539 2357 565 2373; x_wconf 86' lang='grc' dir='ltr'>α.</span> <span class='ocrx_word' id='word_1_710' title='bbox 597 2344 621 2374; x_wconf 84' lang='grc' dir='ltr'>δ.</span> <span class='ocrx_word' id='word_1_711' title='bbox 649 2357 674 2374; x_wconf 80' lang='grc' dir='ltr'><strong>τ.</strong></span> <span class='ocrx_word' id='word_1_712' title='bbox 706 2346 908 2383; x_wconf 76' lang='grc' dir='ltr'>ὶπισπωμὲνου’</span> <span class='ocrx_word' id='word_1_713' title='bbox 940 2359 951 2374; x_wconf 79' lang='grc' dir='ltr'>ι</span> <span class='ocrx_word' id='word_1_714' title='bbox 983 2349 1035 2380; x_wconf 86' lang='lat' dir='ltr'>Qui</span> 
     </span>
    </p>
   </div>
   <div class='ocr_carea' id='block_1_100' title="bbox 216 2391 1036 2428">
    <p class='ocr_par' dir='ltr' id='par_1_100' title="bbox 216 2391 1036 2428">
     <span class='ocr_line' id='line_1_100' title="bbox 216 2391 1036 2428; baseline 0.002 -10"><span class='ocrx_word' id='word_1_715' title='bbox 216 2392 251 2418; x_wconf 86' lang='lat' dir='ltr'>ab</span> <span class='ocrx_word' id='word_1_716' title='bbox 275 2399 453 2427; x_wconf 84' lang='lat' dir='ltr'>unoquoque</span> <span class='ocrx_word' id='word_1_717' title='bbox 477 2393 512 2419; x_wconf 81' lang='lat' dir='ltr'>ad</span> <span class='ocrx_word' id='word_1_718' title='bbox 538 2391 709 2419; x_wconf 85' lang='lat' dir='ltr'>dominandi</span> <span class='ocrx_word' id='word_1_719' title='bbox 734 2391 882 2420; x_wconf 85' lang='lat' dir='ltr'>licentiam</span> <span class='ocrx_word' id='word_1_720' title='bbox 899 2393 1036 2428; x_wconf 83' lang='lat' dir='ltr'>operibus</span> 
     </span>
    </p>
   </div>
   <div class='ocr_carea' id='block_1_101' title="bbox 216 2436 411 2464">
    <p class='ocr_par' dir='ltr' id='par_1_101' title="bbox 216 2436 411 2464">
     <span class='ocr_line' id='line_1_101' title="bbox 216 2436 411 2464; baseline 0.005 -1"><span class='ocrx_word' id='word_1_721' title='bbox 216 2436 411 2464; x_wconf 70' lang='lat' dir='ltr'>attrahuntur.</span> 
     </span>
    </p>
   </div>
   <div class='ocr_carea' id='block_1_102' title="bbox 252 2488 1036 2525">
    <p class='ocr_par' dir='ltr' id='par_1_102' title="bbox 252 2488 1036 2525">
     <span class='ocr_line' id='line_1_102' title="bbox 252 2488 1036 2525; baseline 0.003 -9"><span class='ocrx_word' id='word_1_722' title='bbox 252 2488 309 2517; x_wconf 85' lang='lat' dir='ltr'>Col.</span> <span class='ocrx_word' id='word_1_723' title='bbox 325 2489 378 2516; x_wconf 85' lang='lat'>298</span> <span class='ocrx_word' id='word_1_724' title='bbox 395 2493 416 2516; x_wconf 73' lang='grc' dir='ltr'><strong>Α</strong></span> <span class='ocrx_word' id='word_1_725' title='bbox 435 2491 476 2517; x_wconf 81' lang='lat' dir='ltr'>ll.</span> <span class='ocrx_word' id='word_1_726' title='bbox 495 2490 522 2517; x_wconf 82' lang='lat' dir='ltr'>In</span> <span class='ocrx_word' id='word_1_727' title='bbox 539 2497 635 2517; x_wconf 80' lang='lat' dir='ltr'>eorum</span> <span class='ocrx_word' id='word_1_728' title='bbox 648 2494 748 2525; x_wconf 67' lang='lat' dir='ltr'>partes.</span> <span class='ocrx_word' id='word_1_729' title='bbox 763 2489 906 2518; x_wconf 87' lang='lat' dir='ltr'>Omiserat</span> <span class='ocrx_word' id='word_1_730' title='bbox 916 2490 1036 2518; x_wconf 74' lang='lat' dir='ltr'>verbum</span> 
     </span>
    </p>
   </div>
   <div class='ocr_carea' id='block_1_103' title="bbox 214 2532 1037 2570">
    <p class='ocr_par' dir='ltr' id='par_1_103' title="bbox 214 2532 1037 2570">
     <span class='ocr_line' id='line_1_103' title="bbox 214 2532 1037 2570; baseline 0.004 -11"><span class='ocrx_word' id='word_1_731' title='bbox 214 2532 408 2570; x_wconf 72' lang='grc' dir='ltr'>προσεχώρουν</span> <span class='ocrx_word' id='word_1_732' title='bbox 425 2534 658 2570; x_wconf 81' lang='lat' dir='ltr'>interpres,quod</span> <span class='ocrx_word' id='word_1_733' title='bbox 675 2537 774 2569; x_wconf 87' lang='lat' dir='ltr'>aptum</span> <span class='ocrx_word' id='word_1_734' title='bbox 787 2537 830 2562; x_wconf 85' lang='lat' dir='ltr'>est</span> <span class='ocrx_word' id='word_1_735' title='bbox 845 2535 880 2562; x_wconf 83' lang='lat' dir='ltr'>ad</span> <span class='ocrx_word' id='word_1_736' title='bbox 898 2535 1037 2562; x_wconf 88' lang='lat' dir='ltr'>factiones</span> 
     </span>
    </p>
   </div>
   <div class='ocr_carea' id='block_1_104' title="bbox 211 2578 1037 2614">
    <p class='ocr_par' dir='ltr' id='par_1_104' title="bbox 211 2578 1037 2614">
     <span class='ocr_line' id='line_1_104' title="bbox 211 2578 1037 2614; baseline 0.001 -9"><span class='ocrx_word' id='word_1_737' title='bbox 211 2581 239 2605; x_wconf 88' lang='lat' dir='ltr'>et</span> <span class='ocrx_word' id='word_1_738' title='bbox 255 2578 377 2606; x_wconf 83' lang='lat' dir='ltr'>dissidia</span> <span class='ocrx_word' id='word_1_739' title='bbox 394 2579 610 2613; x_wconf 76' lang='lat' dir='ltr'>seditiosorum,</span> <span class='ocrx_word' id='word_1_740' title='bbox 625 2578 675 2614; x_wconf 91' lang='lat' dir='ltr'>qui</span> <span class='ocrx_word' id='word_1_741' title='bbox 687 2581 818 2614; x_wconf 87' lang='lat' dir='ltr'>tempore</span> <span class='ocrx_word' id='word_1_742' title='bbox 830 2579 1037 2614; x_wconf 82' lang='lat' dir='ltr'>Hierosolymi-</span> 
     </span>
    </p>
   </div>
   <div class='ocr_carea' id='block_1_105' title="bbox 211 2623 1037 2656">
    <p class='ocr_par' dir='ltr' id='par_1_105' title="bbox 211 2623 1037 2656">
     <span class='ocr_line' id='line_1_105' title="bbox 211 2623 1037 2656; baseline 0 -5"><span class='ocrx_word' id='word_1_743' title='bbox 211 2626 285 2650; x_wconf 72' lang='lat' dir='ltr'>tanze</span> <span class='ocrx_word' id='word_1_744' title='bbox 302 2624 465 2651; x_wconf 89' lang='lat' dir='ltr'>obsidionis</span> <span class='ocrx_word' id='word_1_745' title='bbox 482 2623 580 2651; x_wconf 85' lang='lat' dir='ltr'>omnia</span> <span class='ocrx_word' id='word_1_746' title='bbox 596 2623 764 2656; x_wconf 84' lang='lat' dir='ltr'>turbabant,</span> <span class='ocrx_word' id='word_1_747' title='bbox 783 2623 940 2650; x_wconf 83' lang='lat' dir='ltr'>indicanda</span> <span class='ocrx_word' id='word_1_748' title='bbox 953 2632 959 2650; x_wconf 77' lang='grc' dir='ltr'>ί</span> <span class='ocrx_word' id='word_1_749' title='bbox 972 2624 1037 2651; x_wconf 87' lang='lat' dir='ltr'>vide</span> 
     </span>
    </p>
   </div>
   <div class='ocr_carea' id='block_1_106' title="bbox 211 2666 1036 2703">
    <p class='ocr_par' dir='ltr' id='par_1_106' title="bbox 211 2666 1036 2703">
     <span class='ocr_line' id='line_1_106' title="bbox 211 2666 1036 2703; baseline 0.001 -8"><span class='ocrx_word' id='word_1_750' title='bbox 211 2667 372 2703; x_wconf 70' lang='lat' dir='ltr'>Josepbum</span> <span class='ocrx_word' id='word_1_751' title='bbox 390 2668 440 2695; x_wconf 91' lang='lat' dir='ltr'>lib.</span> <span class='ocrx_word' id='word_1_752' title='bbox 458 2677 484 2703; x_wconf 84' lang='lat' dir='ltr'>v,</span> <span class='ocrx_word' id='word_1_753' title='bbox 501 2677 527 2695; x_wconf 79' lang='lat' dir='ltr'>Vl</span> <span class='ocrx_word' id='word_1_754' title='bbox 544 2670 571 2695; x_wconf 83' lang='lat' dir='ltr'>et</span> <span class='ocrx_word' id='word_1_755' title='bbox 586 2676 625 2695; x_wconf 87' lang='lat' dir='ltr'>v11</span> <span class='ocrx_word' id='word_1_756' title='bbox 642 2668 677 2694; x_wconf 86' lang='lat' dir='ltr'>De</span> <span class='ocrx_word' id='word_1_757' title='bbox 697 2666 768 2694; x_wconf 78' lang='lat' dir='ltr'>bello</span> <span class='ocrx_word' id='word_1_758' title='bbox 783 2668 907 2695; x_wconf 73' lang='lat' dir='ltr'>Iudaico.</span> <span class='ocrx_word' id='word_1_759' title='bbox 926 2668 1036 2696; x_wconf 82' lang='lat' dir='ltr'>Rursus</span> 
     </span>
    </p>
   </div>
   <div class='ocr_carea' id='block_1_107' title="bbox 211 2710 1035 2748">
    <p class='ocr_par' dir='ltr' id='par_1_107' title="bbox 211 2710 1035 2748">
     <span class='ocr_line' id='line_1_107' title="bbox 211 2710 1035 2748; baseline 0.002 -10"><span class='ocrx_word' id='word_1_760' title='bbox 211 2710 331 2748; x_wconf 76' lang='grc' dir='ltr'>χλανίδα</span> <span class='ocrx_word' id='word_1_761' title='bbox 347 2724 360 2737; x_wconf 91' lang='grc'><strong>‹‹</strong></span> <span class='ocrx_word' id='word_1_762' title='bbox 388 2713 629 2748; x_wconf 86' lang='lat' dir='ltr'>paludamentum</span> <span class='ocrx_word' id='word_1_763' title='bbox 656 2722 670 2735; x_wconf 71' lang='grc' dir='ltr'>ιι</span> <span class='ocrx_word' id='word_1_764' title='bbox 695 2711 848 2744; x_wconf 83' lang='lat' dir='ltr'>vertimus,</span> <span class='ocrx_word' id='word_1_765' title='bbox 870 2721 926 2739; x_wconf 91' lang='lat' dir='ltr'>non</span> <span class='ocrx_word' id='word_1_766' title='bbox 946 2724 959 2737; x_wconf 72' lang='grc' dir='ltr'>ί(</span> <span class='ocrx_word' id='word_1_767' title='bbox 978 2716 1035 2740; x_wconf 85' lang='lat' dir='ltr'>tor-</span> 
     </span>
    </p>
   </div>
   <div class='ocr_carea' id='block_1_108' title="bbox 213 2756 1035 2792">
    <p class='ocr_par' dir='ltr' id='par_1_108' title="bbox 213 2756 1035 2792">
     <span class='ocr_line' id='line_1_108' title="bbox 213 2756 1035 2792; baseline 0.001 -9"><span class='ocrx_word' id='word_1_768' title='bbox 213 2764 311 2790; x_wconf 86' lang='lat' dir='ltr'>quem,</span> <span class='ocrx_word' id='word_1_769' title='bbox 330 2768 344 2781; x_wconf 86' lang='lat'>»</span> <span class='ocrx_word' id='word_1_770' title='bbox 360 2765 410 2784; x_wconf 91' lang='lat' dir='ltr'>seu</span> <span class='ocrx_word' id='word_1_771' title='bbox 431 2757 591 2785; x_wconf 87' lang='lat' dir='ltr'>amiculum</span> <span class='ocrx_word' id='word_1_772' title='bbox 618 2758 757 2792; x_wconf 85' lang='lat' dir='ltr'>perteuue</span> <span class='ocrx_word' id='word_1_773' title='bbox 783 2764 815 2783; x_wconf 83' lang='lat' dir='ltr'>ac</span> <span class='ocrx_word' id='word_1_774' title='bbox 841 2756 1035 2791; x_wconf 89' lang='lat' dir='ltr'>molliculum,</span> 
     </span>
    </p>
   </div>
   <div class='ocr_carea' id='block_1_109' title="bbox 215 2800 1035 2837">
    <p class='ocr_par' dir='ltr' id='par_1_109' title="bbox 215 2800 1035 2837">
     <span class='ocr_line' id='line_1_109' title="bbox 215 2800 1035 2837; baseline 0.004 -11"><span class='ocrx_word' id='word_1_775' title='bbox 215 2800 290 2834; x_wconf 76' lang='lat' dir='ltr'>qmd</span> <span class='ocrx_word' id='word_1_776' title='bbox 306 2801 450 2835; x_wconf 86' lang='lat' dir='ltr'>ejusmodi</span> <span class='ocrx_word' id='word_1_777' title='bbox 477 2804 598 2829; x_wconf 85' lang='lat' dir='ltr'>ornatus</span> <span class='ocrx_word' id='word_1_778' title='bbox 623 2803 673 2828; x_wconf 86' lang='lat' dir='ltr'>aut</span> <span class='ocrx_word' id='word_1_779' title='bbox 697 2800 784 2829; x_wconf 85' lang='lat' dir='ltr'>vestis</span> <span class='ocrx_word' id='word_1_780' title='bbox 801 2800 960 2837; x_wconf 87' lang='lat' dir='ltr'>principem</span> <span class='ocrx_word' id='word_1_781' title='bbox 978 2811 1035 2829; x_wconf 91' lang='lat' dir='ltr'>non</span> 
     </span>
    </p>
   </div>
   <div class='ocr_carea' id='block_1_110' title="bbox 1092 2303 1915 2341">
    <p class='ocr_par' dir='ltr' id='par_1_110' title="bbox 1092 2303 1915 2341">
     <span class='ocr_line' id='line_1_110' title="bbox 1092 2303 1915 2341; baseline -0.002 -9"><span class='ocrx_word' id='word_1_782' title='bbox 1092 2306 1279 2341; x_wconf 84' lang='lat' dir='ltr'>sapientiam.</span> <span class='ocrx_word' id='word_1_783' title='bbox 1309 2317 1323 2330; x_wconf 84' lang='grc'><strong>››</strong></span> <span class='ocrx_word' id='word_1_784' title='bbox 1353 2313 1410 2332; x_wconf 91' lang='lat' dir='ltr'>non</span> <span class='ocrx_word' id='word_1_785' title='bbox 1428 2306 1504 2332; x_wconf 92' lang='lat' dir='ltr'>cnim</span> <span class='ocrx_word' id='word_1_786' title='bbox 1521 2308 1566 2332; x_wconf 83' lang='lat' dir='ltr'>est</span> <span class='ocrx_word' id='word_1_787' title='bbox 1583 2303 1670 2340; x_wconf 73' lang='grc' dir='ltr'>μέλει,</span> <span class='ocrx_word' id='word_1_788' title='bbox 1692 2305 1741 2332; x_wconf 88' lang='lat' dir='ltr'>sed</span> <span class='ocrx_word' id='word_1_789' title='bbox 1761 2303 1915 2340; x_wconf 66' lang='grc' dir='ltr'>μελετήσει,</span> 
     </span>
    </p>
   </div>
   <div class='ocr_carea' id='block_1_111' title="bbox 1092 2349 1914 2385">
    <p class='ocr_par' dir='ltr' id='par_1_111' title="bbox 1092 2349 1914 2385">
     <span class='ocr_line' id='line_1_111' title="bbox 1092 2349 1914 2385; baseline 0 -9"><span class='ocrx_word' id='word_1_790' title='bbox 1092 2350 1122 2377; x_wconf 89' lang='lat' dir='ltr'>in</span> <span class='ocrx_word' id='word_1_791' title='bbox 1138 2350 1243 2385; x_wconf 87' lang='lat' dir='ltr'>quibus</span> <span class='ocrx_word' id='word_1_792' title='bbox 1261 2349 1332 2377; x_wconf 89' lang='lat' dir='ltr'>locis</span> <span class='ocrx_word' id='word_1_793' title='bbox 1349 2350 1467 2377; x_wconf 88' lang='lat' dir='ltr'>verbum</span> <span class='ocrx_word' id='word_1_794' title='bbox 1484 2349 1635 2377; x_wconf 54' lang='lat' dir='ltr'>Hebraeum</span> <span class='ocrx_word' id='word_1_795' title='bbox 1666 2354 1723 2379; x_wconf 75' lang='lat' dir='ltr'>run</span> <span class='ocrx_word' id='word_1_796' title='bbox 1741 2358 1799 2377; x_wconf 89' lang='lat' dir='ltr'>non</span> <span class='ocrx_word' id='word_1_797' title='bbox 1821 2350 1914 2377; x_wconf 90' lang='lat' dir='ltr'>solum</span> 
     </span>
    </p>
   </div>
   <div class='ocr_carea' id='block_1_112' title="bbox 1093 2393 1916 2429">
    <p class='ocr_par' dir='ltr' id='par_1_112' title="bbox 1093 2393 1916 2429">
     <span class='ocr_line' id='line_1_112' title="bbox 1093 2393 1916 2429; baseline 0 -9"><span class='ocrx_word' id='word_1_798' title='bbox 1093 2404 1107 2417; x_wconf 81' lang='grc' dir='ltr'>α</span> <span class='ocrx_word' id='word_1_799' title='bbox 1124 2393 1259 2420; x_wconf 85' lang='lat' dir='ltr'>meditari</span> <span class='ocrx_word' id='word_1_800' title='bbox 1275 2404 1289 2418; x_wconf 87' lang='lat'>»</span> <span class='ocrx_word' id='word_1_801' title='bbox 1308 2393 1459 2422; x_wconf 86' lang='lat' dir='ltr'>souat.sed</span> <span class='ocrx_word' id='word_1_802' title='bbox 1469 2393 1556 2420; x_wconf 85' lang='lat' dir='ltr'>etiam</span> <span class='ocrx_word' id='word_1_803' title='bbox 1574 2393 1773 2421; x_wconf 77' lang='lat' dir='ltr'>«mussitare:</span> <span class='ocrx_word' id='word_1_804' title='bbox 1786 2404 1800 2418; x_wconf 79' lang='grc' dir='ltr'><em>η</em></span> <span class='ocrx_word' id='word_1_805' title='bbox 1818 2393 1916 2429; x_wconf 81' lang='lat' dir='ltr'>itaque</span> 
     </span>
    </p>
   </div>
   <div class='ocr_carea' id='block_1_113' title="bbox 1091 2436 1915 2474">
    <p class='ocr_par' dir='ltr' id='par_1_113' title="bbox 1091 2436 1915 2474">
     <span class='ocr_line' id='line_1_113' title="bbox 1091 2436 1915 2474; baseline -0.001 -10"><span class='ocrx_word' id='word_1_806' title='bbox 1091 2437 1179 2464; x_wconf 89' lang='lat' dir='ltr'>etiam</span> <span class='ocrx_word' id='word_1_807' title='bbox 1204 2437 1318 2473; x_wconf 83' lang='lat' dir='ltr'>psalmo</span> <span class='ocrx_word' id='word_1_808' title='bbox 1337 2446 1416 2472; x_wconf 79' lang='lat' dir='ltr'>CXIII,</span> <span class='ocrx_word' id='word_1_809' title='bbox 1442 2437 1486 2471; x_wconf 75' lang='grc'>45,</span> <span class='ocrx_word' id='word_1_810' title='bbox 1511 2439 1609 2474; x_wconf 79' lang='grc' dir='ltr'>φωνεῖν</span> <span class='ocrx_word' id='word_1_811' title='bbox 1625 2438 1758 2472; x_wconf 85' lang='lat' dir='ltr'>vertitur,</span> <span class='ocrx_word' id='word_1_812' title='bbox 1775 2436 1807 2464; x_wconf 77' lang='grc' dir='ltr'><strong>οὐ</strong></span> <span class='ocrx_word' id='word_1_813' title='bbox 1824 2439 1915 2474; x_wconf 69' lang='grc' dir='ltr'>ῳωνή-</span> 
     </span>
    </p>
   </div>
   <div class='ocr_carea' id='block_1_114' title="bbox 1091 2481 1916 2518">
    <p class='ocr_par' dir='ltr' id='par_1_114' title="bbox 1091 2481 1916 2518">
     <span class='ocr_line' id='line_1_114' title="bbox 1091 2481 1916 2518; baseline 0.002 -10"><span class='ocrx_word' id='word_1_814' title='bbox 1091 2491 1182 2508; x_wconf 77' lang='grc' dir='ltr'>σουσιν</span> <span class='ocrx_word' id='word_1_815' title='bbox 1213 2481 1238 2508; x_wconf 81' lang='grc' dir='ltr'>ἐν</span> <span class='ocrx_word' id='word_1_816' title='bbox 1261 2483 1301 2516; x_wconf 84' lang='grc' dir='ltr'>τῷ</span> <span class='ocrx_word' id='word_1_817' title='bbox 1326 2481 1445 2518; x_wconf 84' lang='grc' dir='ltr'>λάρυγγι</span> <span class='ocrx_word' id='word_1_818' title='bbox 1473 2481 1571 2515; x_wconf 79' lang='grc' dir='ltr'>αὐτῶν,</span> <span class='ocrx_word' id='word_1_819' title='bbox 1607 2490 1661 2509; x_wconf 77' lang='lat' dir='ltr'>non</span> <span class='ocrx_word' id='word_1_820' title='bbox 1694 2482 1860 2510; x_wconf 71' lang='lat' dir='ltr'>clamabunt</span> <span class='ocrx_word' id='word_1_821' title='bbox 1888 2483 1916 2510; x_wconf 78' lang='lat' dir='ltr'>in</span> 
     </span>
    </p>
   </div>
   <div class='ocr_carea' id='block_1_115' title="bbox 1091 2525 1915 2561">
    <p class='ocr_par' dir='ltr' id='par_1_115' title="bbox 1091 2525 1915 2561">
     <span class='ocr_line' id='line_1_115' title="bbox 1091 2525 1915 2561; baseline 0.002 -9"><span class='ocrx_word' id='word_1_822' title='bbox 1091 2528 1199 2561; x_wconf 77' lang='lat' dir='ltr'>guttarc</span> <span class='ocrx_word' id='word_1_823' title='bbox 1212 2534 1275 2554; x_wconf 69' lang='lat' dir='ltr'>suo.</span> <span class='ocrx_word' id='word_1_824' title='bbox 1292 2526 1403 2553; x_wconf 86' lang='lat' dir='ltr'>Idcirco</span> <span class='ocrx_word' id='word_1_825' title='bbox 1422 2526 1469 2553; x_wconf 88' lang='lat' dir='ltr'>hic</span> <span class='ocrx_word' id='word_1_826' title='bbox 1483 2525 1642 2553; x_wconf 88' lang='lat' dir='ltr'>delevimus</span> <span class='ocrx_word' id='word_1_827' title='bbox 1657 2525 1707 2553; x_wconf 85' lang='lat' dir='ltr'>illa</span> <span class='ocrx_word' id='word_1_828' title='bbox 1723 2527 1811 2554; x_wconf 80' lang='lat' dir='ltr'>verba</span> <span class='ocrx_word' id='word_1_829' title='bbox 1828 2527 1915 2554; x_wconf 83' lang='lat' dir='ltr'>inter-</span> 
     </span>
    </p>
   </div>
   <div class='ocr_carea' id='block_1_116' title="bbox 1092 2570 1917 2607">
    <p class='ocr_par' dir='ltr' id='par_1_116' title="bbox 1092 2570 1917 2607">
     <span class='ocr_line' id='line_1_116' title="bbox 1092 2570 1917 2607; baseline 0.001 -10"><span class='ocrx_word' id='word_1_830' title='bbox 1092 2570 1202 2606; x_wconf 87' lang='lat' dir='ltr'>pretis:</span> <span class='ocrx_word' id='word_1_831' title='bbox 1223 2581 1232 2595; x_wconf 79' lang='grc' dir='ltr'>ι</span> <span class='ocrx_word' id='word_1_832' title='bbox 1254 2572 1285 2597; x_wconf 90' lang='lat' dir='ltr'>ut</span> <span class='ocrx_word' id='word_1_833' title='bbox 1300 2570 1514 2598; x_wconf 85' lang='lat' dir='ltr'>meditarentur</span> <span class='ocrx_word' id='word_1_834' title='bbox 1526 2573 1609 2597; x_wconf 87' lang='lat' dir='ltr'>nocte</span> <span class='ocrx_word' id='word_1_835' title='bbox 1624 2579 1658 2598; x_wconf 84' lang='lat' dir='ltr'>ac</span> <span class='ocrx_word' id='word_1_836' title='bbox 1674 2571 1719 2598; x_wconf 89' lang='lat' dir='ltr'>die</span> <span class='ocrx_word' id='word_1_837' title='bbox 1741 2570 1836 2607; x_wconf 84' lang='lat' dir='ltr'>legem</span> <span class='ocrx_word' id='word_1_838' title='bbox 1866 2571 1917 2598; x_wconf 92' lang='lat' dir='ltr'>Do-</span> 
     </span>
    </p>
   </div>
   <div class='ocr_carea' id='block_1_117' title="bbox 1092 2614 1679 2650">
    <p class='ocr_par' dir='ltr' id='par_1_117' title="bbox 1092 2614 1679 2650">
     <span class='ocr_line' id='line_1_117' title="bbox 1092 2614 1679 2650; baseline 0 -8"><span class='ocrx_word' id='word_1_839' title='bbox 1092 2615 1176 2650; x_wconf 88' lang='lat' dir='ltr'>mini,</span> <span class='ocrx_word' id='word_1_840' title='bbox 1189 2615 1290 2650; x_wconf 82' lang='lat' dir='ltr'>lingua</span> <span class='ocrx_word' id='word_1_841' title='bbox 1305 2623 1405 2642; x_wconf 87' lang='lat' dir='ltr'>eorum</span> <span class='ocrx_word' id='word_1_842' title='bbox 1421 2614 1648 2642; x_wconf 82' lang='lat' dir='ltr'>contradicebat.</span> <span class='ocrx_word' id='word_1_843' title='bbox 1666 2626 1679 2639; x_wconf 73' lang='grc' dir='ltr'>ι»</span> 
     </span>
    </p>
   </div>
   <div class='ocr_carea' id='block_1_118' title="bbox 1127 2668 1914 2704">
    <p class='ocr_par' dir='ltr' id='par_1_118' title="bbox 1127 2668 1914 2704">
     <span class='ocr_line' id='line_1_118' title="bbox 1127 2668 1914 2704; baseline 0.001 -9"><span class='ocrx_word' id='word_1_844' title='bbox 1127 2668 1201 2696; x_wconf 83' lang='lat' dir='ltr'>Ibid.</span> <span class='ocrx_word' id='word_1_845' title='bbox 1228 2668 1248 2695; x_wconf 81' lang='grc' dir='ltr'>Ο</span> <span class='ocrx_word' id='word_1_846' title='bbox 1273 2669 1308 2695; x_wconf 84' lang='grc'>2.</span> <span class='ocrx_word' id='word_1_847' title='bbox 1340 2668 1415 2702; x_wconf 82' lang='lat' dir='ltr'>Quod</span> <span class='ocrx_word' id='word_1_848' title='bbox 1440 2668 1583 2704; x_wconf 81' lang='lat' dir='ltr'>populus.</span> <span class='ocrx_word' id='word_1_849' title='bbox 1622 2668 1790 2696; x_wconf 83' lang='lat' dir='ltr'>Cavendum</span> <span class='ocrx_word' id='word_1_850' title='bbox 1827 2670 1914 2697; x_wconf 84' lang='lat' dir='ltr'>inter-</span> 
     </span>
    </p>
   </div>
   <div class='ocr_carea' id='block_1_119' title="bbox 1091 2713 1914 2749">
    <p class='ocr_par' dir='ltr' id='par_1_119' title="bbox 1091 2713 1914 2749">
     <span class='ocr_line' id='line_1_119' title="bbox 1091 2713 1914 2749; baseline 0.002 -9"><span class='ocrx_word' id='word_1_851' title='bbox 1091 2713 1177 2749; x_wconf 85' lang='lat' dir='ltr'>preti,</span> <span class='ocrx_word' id='word_1_852' title='bbox 1197 2721 1233 2740; x_wconf 86' lang='lat' dir='ltr'>ne</span> <span class='ocrx_word' id='word_1_853' title='bbox 1248 2713 1412 2740; x_wconf 86' lang='lat' dir='ltr'>similitudo</span> <span class='ocrx_word' id='word_1_854' title='bbox 1429 2721 1532 2741; x_wconf 88' lang='lat' dir='ltr'>vocum</span> <span class='ocrx_word' id='word_1_855' title='bbox 1549 2721 1616 2741; x_wconf 88' lang='lat' dir='ltr'>sum</span> <span class='ocrx_word' id='word_1_856' title='bbox 1633 2713 1724 2746; x_wconf 83' lang='lat' dir='ltr'>fallat,</span> <span class='ocrx_word' id='word_1_857' title='bbox 1737 2717 1769 2741; x_wconf 88' lang='lat' dir='ltr'>ut</span> <span class='ocrx_word' id='word_1_858' title='bbox 1783 2714 1839 2742; x_wconf 83' lang='lat' dir='ltr'>hoc</span> <span class='ocrx_word' id='word_1_859' title='bbox 1855 2713 1914 2742; x_wconf 85' lang='lat' dir='ltr'>loce</span> 
     </span>
    </p>
   </div>
   <div class='ocr_carea' id='block_1_120' title="bbox 1089 2756 1914 2791">
    <p class='ocr_par' dir='ltr' id='par_1_120' title="bbox 1089 2756 1914 2791">
     <span class='ocr_line' id='line_1_120' title="bbox 1089 2756 1914 2791; baseline 0.004 -8"><span class='ocrx_word' id='word_1_860' title='bbox 1089 2756 1121 2783; x_wconf 80' lang='grc' dir='ltr'>τὸ</span> <span class='ocrx_word' id='word_1_861' title='bbox 1138 2756 1242 2783; x_wconf 82' lang='grc' dir='ltr'>ἀνίατον</span> <span class='ocrx_word' id='word_1_862' title='bbox 1258 2768 1271 2782; x_wconf 87' lang='grc'>‹‹</span> <span class='ocrx_word' id='word_1_863' title='bbox 1297 2757 1459 2785; x_wconf 84' lang='lat' dir='ltr'>incurabile</span> <span class='ocrx_word' id='word_1_864' title='bbox 1475 2757 1596 2791; x_wconf 85' lang='lat' dir='ltr'>malum,</span> <span class='ocrx_word' id='word_1_865' title='bbox 1614 2769 1629 2782; x_wconf 88' lang='grc'>››</span> <span class='ocrx_word' id='word_1_866' title='bbox 1644 2758 1826 2786; x_wconf 84' lang='lat' dir='ltr'>existimavit</span> <span class='ocrx_word' id='word_1_867' title='bbox 1851 2767 1914 2786; x_wconf 83' lang='lat' dir='ltr'>esse</span> 
     </span>
    </p>
   </div>
   <div class='ocr_carea' id='block_1_121' title="bbox 1090 2800 1910 2838">
    <p class='ocr_par' dir='ltr' id='par_1_121' title="bbox 1090 2800 1910 2838">
     <span class='ocr_line' id='line_1_121' title="bbox 1090 2800 1910 2838; baseline 0.005 -10"><span class='ocrx_word' id='word_1_868' title='bbox 1090 2800 1164 2838; x_wconf 71' lang='grc' dir='ltr'>παρὰ</span> <span class='ocrx_word' id='word_1_869' title='bbox 1182 2800 1213 2828; x_wconf 88' lang='grc' dir='ltr'>τὸ</span> <span class='ocrx_word' id='word_1_870' title='bbox 1230 2801 1304 2836; x_wconf 75' lang='grc' dir='ltr'>ἀνιᾷν</span> <span class='ocrx_word' id='word_1_871' title='bbox 1333 2802 1410 2838; x_wconf 89' lang='lat' dir='ltr'>quod</span> <span class='ocrx_word' id='word_1_872' title='bbox 1439 2804 1495 2836; x_wconf 80' lang='lat' dir='ltr'>est,</span> <span class='ocrx_word' id='word_1_873' title='bbox 1525 2813 1538 2827; x_wconf 79' lang='grc' dir='ltr'>α</span> <span class='ocrx_word' id='word_1_874' title='bbox 1570 2801 1733 2831; x_wconf 83' lang='lat' dir='ltr'>molestiam</span> <span class='ocrx_word' id='word_1_875' title='bbox 1765 2803 1910 2838; x_wconf 77' lang='lat' dir='ltr'>inferre,»</span> 
     </span>
    </p>
   </div>
  </div>
