2029 3143
91 154 170 183 1093

692 153 743 183 AD
765 152 972 183 COMMENT.
996 151 1034 182 ΙΝ
1057 152 1206 182 lSAIAM.

1723 157 1802 187 1091

91 219 280 256 scripsitque,
296 230 311 244 «
327 218 425 255 populi
442 226 517 255 aagre
532 218 662 253 ferentis,
672 218 749 254 quod
763 218 918 254 respoude-
933 218 961 252 Α
976 215 1056 244 αὐτὸν
1073 216 1098 243 ἐν
1116 219 1150 254 τῇ
1161 218 1207 254 γῇ.
1224 219 1256 246 Et
1273 219 1384 247 beatum
1397 220 1483 255 faciat
1498 228 1559 248 eum
1577 221 1703 250 interra.
1719 221 1802 251 Chal-

93 265 139 292 rit.
158 276 173 288 υ
200 264 287 299 Atqui
313 262 420 290 ἀνίατον
444 266 489 291 est
515 263 547 290 τὸ
573 262 661 294 ἰᾶσθαι
693 263 730 299 μή
761 261 920 298 ὃύνάμενον,

92 320 106 334 ‹‹
123 308 204 344 quod
221 307 319 335 sanari
336 316 394 334 non
421 308 525 342 potest.
542 318 556 332 ι)
574 307 629 334 Sed
657 306 790 342 sequenti
814 305 923 342 pagina

92 356 170 381 recte
198 352 254 380 hoc
284 351 502 384 animadvertit,
517 350 628 378 ἀνίατον
659 352 794 381 νοσοῦσιν,
815 361 826 377 α
845 351 922 378 insa-

93 397 232 426 tiabiliter
246 398 399 433 aegrotant.
414 407 429 421 ››

127 441 188 470 Col.
205 442 257 470 303
274 442 294 468 Β
310 440 354 468 13.
373 440 539 476 Signiﬁcare
560 439 711 467 Christum.
729 438 923 466 Restituimus

93 487 172 515 hunc
183 486 280 513 locum
293 493 328 513 ex
339 485 430 513 altero
449 484 537 521 Regio
561 485 593 511 ll.
605 486 634 511 et
647 483 788 519 Anglicis,
804 483 833 510 in
851 491 923 518 quo—

95 540 159 558 rum
187 539 245 558 uno
276 530 428 566 legebatur
454 529 503 562 τὴν
521 528 582 566 περὶ
597 527 706 558 αὐτούς·
722 530 751 556 at
768 527 924 562 Procopius

94 574 315 612 compendiose,
339 573 356 600 ἃ
384 573 417 608 δὴ
443 571 580 603 ποικίλως
610 571 756 600 ἰπινοεῖται
787 571 922 609 Χριστός’

93 634 105 645 ιι
124 621 237 656 quibus
252 620 330 647 varie
346 618 506 655 signiﬁcari
522 618 672 645 Christum
689 616 922 652 intelligimus.»

94 669 124 693 tu
142 665 172 692 F.
189 664 304 691 calamo
332 665 482 691 exaratum
512 663 619 698 reperit
649 661 836 695 Tilmanuua,
857 661 924 687 κατὰ

93 707 226 743 ποικίλην
239 708 290 741 τὴν
305 707 366 744 περὶ
382 706 493 737 ἑαυτοὺς
510 703 681 742 συμϐουλίαν
699 705 742 732 καὶ
764 704 884 732 ἐπίνοιαν
910 705 923 732 ὁ

95 752 221 790 Χριστός·
237 753 380 780 «Cuncta
411 751 521 778 Faciunt
546 751 582 779 ad
609 751 822 778 multiformem
843 750 922 777 illam

95 801 196 826 contra
207 799 300 824 semet
311 796 555 824 consultationem
574 798 601 822 et
617 795 796 823 molitiones.
815 806 828 819 η
847 795 922 822 idem

96 843 183 879 paulo
195 841 440 878 postscripserat,
453 852 466 865 ιι
484 840 612 868 Dimidia
624 840 702 868 enim
720 840 788 867 mnli
807 848 874 876 pars
894 848 925 868 se

96 888 171 915 stitit
200 887 278 914 intra
301 888 454 922 peccatum
488 885 517 912 in
547 885 611 921 ipso
637 885 749 920 peracri
765 884 924 912 voluntatis

96 931 200 960 atl‘ectu
221 939 226 958 :
245 942 259 955 η
272 931 321 958 sed
335 931 434 958 aberat
448 938 464 957 a
476 929 563 965 Regio
577 930 604 957 Ρ.
618 929 694 965 quod
712 929 790 956 aliud
805 929 836 956 11.
851 937 923 964 sug—

96 976 229 1009 gessitet
252 975 453 1011 apograpbum
465 974 632 1010 Anglicum,
649 974 725 1010 quod
743 973 812 1009 quia
827 973 926 1000 minus

96 1022 245 1056 eleganter
260 1020 403 1056 scriptum
425 1020 498 1053 erat,
515 1026 607 1054 operte
633 1018 849 1054 typographicaa
871 1018 925 1045 Re‘

97 1065 178 1101 gium
209 1064 338 1092 codicem
368 1063 452 1100 sequi
479 1063 660 1096 maluerunt,
686 1063 809 1098 ideoque
829 1062 926 1090 Graece

98 1109 264 1137 omiserunt
275 1108 443 1143 illud,quod
456 1107 626 1143 interpretis
637 1107 733 1134 verbis
743 1106 924 1134 addideram:

100 1166 110 1180 (ι
125 1154 175 1182 Est
187 1153 265 1181 enim
278 1153 406 1189 perfecta
424 1151 548 1185 malitia,
561 1159 626 1178 cum
645 1151 722 1186 quis,
737 1162 750 1175 n
763 1152 818 1178 etc.
834 1148 928 1177 Τελεία

97 1199 147 1236 γὶρ
176 1197 258 1225 κακία
282 1197 313 1224 τὸ
343 1196 388 1224 καὶ
416 1195 514 1233 γνώμῃ
537 1195 581 1222 καὶ
597 1194 722 1232 πράξεσιν
740 1195 900 1231 ἁμαρτάνειν
919 1203 925 1210 ·

99 1242 186 1278 ἥμισυ
204 1241 233 1269 δὲ
247 1244 306 1269 τοῦ.
324 1242 371 1269 Sic
386 1242 462 1269 enim
479 1242 542 1268 erat
570 1240 599 1267 in
625 1240 658 1267 H.
675 1242 704 1267 et
727 1239 838 1276 Anglic.
857 1239 928 1266 Hinc

99 1287 291 1323 corrigendos
307 1289 352 1313 est
369 1284 500 1320 Procopii
515 1284 751 1312 Commentarios
766 1293 794 1320 p.
811 1285 855 1318 68,
877 1284 926 1319 qui

100 1333 160 1358 haec
176 1331 204 1358 in
222 1329 432 1365 compendium
449 1329 562 1365 redegit
579 1337 585 1356 ε
610 1328 640 1354 τὸ
663 1327 768 1355 τέλειον
794 1327 876 1355 εἰπὼν
901 1328 927 1355 ἰν

99 1374 189 1410 κακίᾳ¹
208 1374 250 1401 σοὶ
279 1374 310 1401 τὸ
341 1372 437 1400 λεῖπον
463 1372 487 1408 ἐξ
503 1371 640 1409 ἀναλόγου
656 1371 794 1400 κατέλιπι.
811 1372 848 1400 Τὸ
877 1372 928 1410 γὰρ

100 1419 177 1458 ἔργον
192 1418 307 1453 τελιιοῖ,
325 1419 342 1452 ἡ
361 1416 389 1444 δὲ
403 1420 453 1452 τῆς
471 1416 594 1447 διανοίας
611 1416 684 1454 ὁρμή
701 1415 812 1451 ἀτελής.

136 1473 196 1502 Col.
208 1473 262 1501 305
275 1472 295 1500 Ο
311 1472 345 1499 13
375 1471 426 1499 Καὶ
440 1469 465 1498 ἐν
482 1470 554 1507 ὶμοί.
572 1471 637 1498 Haec
652 1470 774 1498 aberant
797 1471 833 1498 ab
860 1478 928 1506 apo-

102 1518 214 1555 grapho
232 1517 344 1553 Anglic.
363 1525 425 1553 quin
442 1524 475 1543 ex
501 1515 590 1551 regiis
615 1523 687 1543 mss.
705 1515 735 1542 F.
753 1517 780 1542 et
795 1515 828 1542 Η.
854 1516 883 1543 et
907 1515 928 1542 Ι.

102 1562 283 1590 addidimus.
293 1561 374 1597 Apud
387 1561 530 1588 Joannem
542 1568 599 1593 xw,
608 1559 653 1594 30,
661 1561 777 1587 tantum
787 1559 927 1587 habetur:

104 1606 152 1633 Καὶ
182 1605 208 1633 ιν
239 1604 300 1642 ἐμοὶ
330 1604 380 1632 οὐκ
406 1601 465 1642 ἔχει
495 1602 583 1631 οὐδὲν·
600 1605 633 1632 Et
651 1605 682 1631 in
710 1612 754 1631 me
780 1612 834 1631 non
851 1603 929 1631 habet

103 1651 265 1687 quidquam.
282 1651 418 1678 Testatur
432 1652 529 1677 tamen
543 1648 712 1677 Theodorus
725 1649 795 1676 Beza
815 1648 844 1675 in
860 1648 932 1675 duo-

104 1697 159 1724 bus
173 1694 391 1731 exemplaribus
418 1693 490 1721 Novi
519 1692 690 1721 testamenti
706 1692 808 1726 fuisse,
825 1694 858 1719 ut
886 1692 934 1719 hic

106 1740 178 1776 legit
206 1739 343 1771 Basilius,
359 1737 414 1774 οὐχ
428 1737 547 1775 εὑρήσει,
566 1748 580 1762 ‹‹
604 1745 661 1765 non
691 1737 831 1765 inveniet.
847 1746 860 1762 ο
892 1736 935 1764 Ita

105 1785 284 1821 loquebatur
299 1786 326 1811 et
341 1783 447 1810 beatus
476 1783 621 1810 Martinus
647 1782 733 1810 morti
760 1781 910 1818 proximus
927 1790 934 1808 :

109 1841 118 1854 ι
136 1829 211 1862 Quid
229 1829 339 1861 adstas,
356 1829 478 1855 cruenta
494 1826 612 1854 bestia?
627 1826 704 1854 Nihil
720 1827 749 1854 in
766 1835 812 1854 me
828 1825 935 1854 funesti

107 1874 246 1910 reperies.
265 1884 279 1897 »
295 1875 417 1900 Severus
433 1872 462 1899 in
478 1872 542 1899 Vita
559 1871 587 1898 S.
607 1873 692 1899 Mart.
883 1873 889 1878 '

140 1926 269 1955 (101.307
287 1927 306 1954 D
323 1926 347 1953 1.
369 1925 509 1953 Semitam.
535 1924 587 1952 Hic
612 1924 769 1960 repetierat
792 1924 938 1960 interpres

108 1973 183 2000 hanc
197 1971 371 1999 sententiam
382 1972 520 2006 tanquam
530 1971 625 1997 textus
635 1971 759 2005 partem,
768 1976 936 2004 nequecum

107 2015 279 2053 pramedenti
290 2015 422 2043 membro
434 2015 639 2050 coniunxerat;
652 2014 706 2041 hoc
717 2014 794 2041 enim
807 2013 864 2041 sibi
875 2007 940 2041 vulti

107 2063 220 2095 auctor,
233 2068 293 2094 eos,
306 2060 355 2096 qui
376 2061 479 2095 praeter
499 2059 636 2086 meritum
657 2059 789 2093 laudant,
799 2058 936 2086 semitam

107 2106 215 2141 pedum
244 2104 430 2139 conturbare,
447 2106 475 2131 et
500 2105 532 2130 ut
557 2103 597 2130 ait
618 2103 786 2139 Procopius,
805 2101 938 2139 Συνὲχεον

108 2149 197 2177 αὐτῶν
225 2148 274 2179 τὰς
303 2146 469 2180 ὁδοὺς,ταῖς
498 2149 588 2178 σκιαῖς
616 2146 790 2183 ἑναπομιῖναι
813 2145 940 2174 κελεύον-

107 2205 160 2226 τες.
178 2205 191 2220 α
203 2194 268 2221 Vias
279 2201 377 2221 eorum
391 2193 620 2226 confundebant,
634 2192 683 2228 qui
694 2191 807 2219 umbris
824 2191 938 2227 acquie-

109 2247 191 2267 scere
204 2238 367 2274 jubebant;
386 2249 400 2262 ››
415 2237 562 2273 siquidem
582 2236 613 2263 τὸ
645 2235 809 2273 μακαρίζειν,
827 2237 880 2264 etsi
904 2236 938 2264 ad

978 262 1041 290 dira
1055 262 1151 290 versio
1166 262 1325 297 ibidem,Et
1340 264 1416 292 dabit
1432 265 1460 292 ei
1474 265 1667 294 beatitudinem
1677 267 1706 294 in
1717 269 1801 296 terra.

978 307 1007 335 S.
1026 307 1230 343 Hieronymus,
1247 311 1272 336 et
1288 308 1381 336 beatus
1391 310 1444 337 erit
1458 310 1486 337 in
1498 311 1583 338 terra.

1015 361 1074 388 Col.
1090 361 1179 388 313A
1211 362 1250 388 14.
1269 362 1328 389 Non
1355 363 1432 390 enim
1454 367 1493 391 est
1517 364 1607 399 judic.
1637 365 1802 394 Lectiouem

979 404 1056 432 hanc
1073 405 1101 432 F.
1119 413 1174 433 ms.
1191 405 1372 440 exprimebat
1387 407 1432 434 his
1448 408 1543 435 verbis
1561 407 1747 443 Tilmaunus,
1763 409 1801 438 Οὐ

978 449 1027 485 γὰρ
1054 451 1102 476 τοῖν
1126 448 1266 484 κρίνοντός
1293 450 1347 477 ἐστι
1373 450 1440 486 μετὰ
1461 453 1515 478 τῶν
1540 452 1708 488 κρινομένων
1725 453 1803 491 ἔρχε-

979 494 1041 520 σθαι
1070 494 1138 531 πρὸς
1165 494 1265 532 κρίσιν,
1290 494 1364 522 ἀλλὰ
1389 496 1456 531 μιτά
1482 498 1535 523 τῶν
1558 498 1724 534 κρινομένων
1749 508 1805 533 μετ’

980 537 1112 572 ἀλλήλων
1129 549 1154 565 α.
1171 549 1201 565 π.
1217 549 1245 566 π.
1263 549 1306 576 κρ.
1324 552 1338 565 ιι
1352 541 1413 568 Non
1430 542 1508 569 enim
1538 542 1660 571 interest
1680 544 1802 580 judicia,

980 590 1046 610 cum
1057 584 1117 618 jam
1131 584 1326 619 prejudicatis
1338 585 1436 613 venire
1456 587 1492 614 ad
1506 587 1663 622 judicium,
1681 591 1714 616 ut
1728 589 1802 617 inter

979 635 1010 654 se
1024 627 1101 654 obvii
1117 628 1177 655 sint
1187 629 1293 664 judici.
1304 639 1318 655 ι
1332 629 1440 657 Verum
1453 631 1548 666 aptior
1556 635 1600 659 est
1615 640 1658 667 ea,
1672 641 1761 668 quam
1770 642 1804 661 ex

979 673 1012 698 Η.
1029 672 1050 699 1.
1068 673 1096 699 et
1106 673 1192 708 Augl.
1210 674 1417 708 expressimus.
1434 675 1508 706 Quin
1523 676 1611 704 etiam
1626 677 1657 704 in
1673 679 1804 706 membro

980 717 1157 751 praecedenti
1168 718 1340 752 prrol'erebat
1352 720 1382 746 F.
1394 718 1443 745 οὐκ
1458 718 1502 746 ἰπὶ
1516 722 1556 755 τῷ
1567 723 1665 758 κρῖναι,
1681 719 1745 748 ἀλλ’
1761 722 1804 749 ἐπὶ

980 761 1019 794 τῷ
1035 758 1182 797 διακρῖναι·
1200 773 1213 786 ιι
1231 762 1282 790 sed
1298 766 1331 789 ut
1353 763 1425 791 alios
1445 769 1598 800 secernat;
1615 775 1628 792 ι
1645 775 1747 794 verum
1775 768 1804 796 in

979 805 1100 840 Anglico
1117 808 1179 833 est:
1192 804 1254 832 ἀλλ’
1271 805 1314 833 ἐπὶ
1326 809 1365 842 τῷ
1381 805 1563 845 διακριθῆναι,
1580 821 1594 835 ι(
1613 811 1663 838 sed
1681 814 1712 838 ut
1723 812 1804 847 judi-

980 849 1024 876 cio
1049 851 1218 885 contendat,
1229 862 1243 876 »
1251 851 1294 878 vel
1310 863 1323 876 ιι
1337 855 1369 879 ut
1380 853 1493 887 judicio
1505 854 1681 890 experiatur.
1694 867 1708 880 ιι
1722 858 1742 882 Α
1752 856 1805 884 Re-

939 905 963 937 B
979 894 1025 927 gio
1036 894 1162 922 H.istud
1183 894 1322 923 ultimum
1339 897 1456 932 penitus
1480 898 1590 926 aberat.
1604 899 1645 927 Ex
1658 900 1760 928 eodem
1778 903 1806 928 et

982 938 1003 965 1.
1022 938 1052 966 F.
1068 939 1103 966 A.
1121 939 1291 968 addidimus
1303 940 1536 976 interpretationi
1548 943 1655 978 pagina
1670 945 1805 979 sequenti

981 994 995 1007 «
1011 985 1040 1010 et
1053 984 1186 1012 mercede
1201 984 1390 1019 conductis,»
1404 989 1472 1020 etc.,
1488 995 1551 1022 qua:
1564 987 1679 1016 fuerant
1690 991 1806 1024 praeter-

981 1035 1085 1054 mlSSﬁ.

1018 1071 1078 1099 Col.
1095 1072 1147 1099 317
1163 1073 1182 1100 A
1198 1072 1225 1100 8.
1244 1073 1303 1100 Ἐπὶ
1319 1073 1358 1109 τῷ
1373 1073 1456 1102 κάτω.
1473 1075 1592 1103 Rectius
1609 1076 1637 1103 in
1667 1077 1701 1104 H.
1726 1080 1755 1105 et
1783 1078 1805 1106 Ι.

982 1115 1025 1142 ἐπὶ
1041 1115 1072 1142 τὸ
1087 1115 1170 1150 κάτω,
1184 1118 1261 1153 quod
1279 1119 1425 1152 adjectum
1445 1122 1489 1147 est
1504 1121 1671 1156 apographo
1682 1122 1805 1158 Anglico

982 1160 1029 1188 hic
1045 1161 1169 1195 mutilo;
1186 1163 1236 1189 sed
1253 1163 1449 1198 expunximus
1464 1173 1481 1191 a
1495 1165 1628 1193 versione
1643 1166 1707 1193 sine
1717 1175 1808 1195 causa

982 1205 1141 1241 repetitum
1157 1205 1242 1241 illud,
1259 1218 1273 1232 ‹‹
1290 1210 1397 1235 terram
1416 1216 1526 1236 versus.
1545 1220 1559 1234 »
1576 1211 1666 1238 Paulo
1678 1213 1744 1246 post
1758 1211 1808 1238 ubi

983 1249 1018 1277 de
1030 1249 1168 1278 basilisco
1181 1251 1287 1286 agitur,
1300 1252 1442 1287 scriptum
1452 1257 1525 1288 exat,
1539 1264 1550 1279 ιι
1563 1262 1630 1281 cum
1643 1254 1704 1282 solo
1721 1263 1806 1291 aspe-

983 1297 1030 1322 ctu
1047 1303 1250 1330 corrumpere;
1267 1307 1281 1321 ››
1299 1299 1329 1324 at
1344 1295 1508 1333 διαφθείρειν
1525 1297 1572 1325 hic
1586 1301 1631 1326 est
1644 1310 1657 1323 ι(
1675 1307 1806 1327 necare.»

983 1339 1046 1366 Non
1062 1339 1140 1366 enim
1162 1339 1258 1367 solum
1275 1340 1437 1375 inﬁcit,sed
1460 1342 1608 1369 interﬁcit.
1621 1343 1744 1371 Plinius.
1756 1343 1806 1372 lib.

982 1392 1083 1416 xxvxn,
1096 1392 1159 1419 cap.
1170 1384 1196 1419 4,
1210 1385 1356 1413 Historiae:
1373 1397 1386 1410 (ι
1404 1385 1640 1421 Basilisci,quum
1652 1387 1739 1414 etiam
1751 1396 1809 1415 ser-

984 1431 1085 1463 pentes
1099 1428 1154 1463 ipsi
1171 1429 1288 1464 fugiunt
1303 1429 1376 1457 alios
1391 1429 1497 1457 ollactu
1516 1433 1678 1464 uecantem,
1695 1432 1746 1467 qui
1757 1433 1808 1460 bo-

985 1471 1106 1507 minem,
1118 1472 1162 1499 vel
1178 1473 1200 1500 si
1219 1473 1343 1508 aspiciat
1356 1476 1483 1508 tantum,
1499 1473 1607 1501 dicitur
1629 1474 1808 1511 interimere,

985 1517 1157 1552 sanguinem
1175 1517 1250 1552 magi
1267 1517 1350 1545 miris
1366 1517 1505 1546 laudibus
1520 1518 1677 1547 celebrant.
1695 1532 1705 1544 ι
1717 1520 1807 1555 Idem,

985 1560 1036 1588 lib.
1046 1569 1108 1595 vui,
1120 1569 1183 1596 cap.
1194 1561 1238 1596 21,
1251 1565 1359 1596 narrat,
1372 1564 1400 1589 et
1419 1562 1607 1598 Cyrenaicam
1629 1564 1810 1599 provinciam

985 1613 1053 1632 eum
1068 1613 1206 1640 generare
1221 1614 1260 1633 x11
1276 1606 1434 1641 digitorum
1452 1615 1509 1634 non
1519 1607 1648 1643 amplius
1664 1611 1810 1644 magnitu-

988 1649 1077 1684 dine;
1095 1649 1226 1677 JElianus
1242 1650 1329 1677 etiam
1345 1650 1396 1678 lib.
1414 1659 1445 1684 ιι,
1462 1659 1524 1687 cap.
1541 1653 1568 1686 5,
1586 1655 1626 1679 De
1648 1653 1812 1688 unimatib.,

988 1701 1056 1722 eum
1072 1702 1136 1721 esse
1151 1693 1241 1729 palmi
1257 1694 1440 1730 longitudine
1455 1696 1705 1732 8οΓἱὺὶἲ,Σπιοαμὴ
1722 1695 1751 1724 δὲ
1765 1699 1813 1724 τοῦ

991 1736 1151 1775 βασιλίσκου
1178 1738 1210 1765 τὸ
1241 1737 1328 1773 μῆκός
1358 1738 1483 1773 ὶστι,καί
1501 1739 1592 1776 μέντοι
1618 1740 1662 1768 καὶ
1682 1741 1812 1778 ϐιασάμε-

989 1792 1035 1812 νος
1052 1782 1065 1808 ὁ
1080 1784 1132 1809 τῶν
1150 1780 1237 1821 ὄφεων
1251 1783 1382 1818 μήκιστος
1397 1783 1477 1810 αὐτὸν
1492 1783 1521 1810 ἐκ
1540 1787 1589 1818 τῆς
1613 1787 1661 1812 τοῦ
1686 1787 1813 1822 φυσήμα-

990 1836 1035 1856 τος
1048 1823 1207 1863 προσϐολῆς
1223 1826 1300 1857 οὗτός
1314 1825 1379 1854 ἐστι.
1397 1839 1410 1852 ι(
1424 1828 1472 1856 Vel
1484 1832 1654 1863 serchtum
1667 1830 1815 1858 maximus

991 1871 1071 1898 illius
1083 1873 1201 1907 aspectu
1223 1871 1323 1898 statim
1341 1872 1546 1907 exspirationis
1567 1873 1691 1909 appulsu
1709 1877 1815 1903 torres-

993 1915 1040 1943 cit.
1058 1927 1071 1940 »
1082 1915 1137 1943 Sed
1148 1915 1199 1943 lib.
1210 1924 1219 1943 Ι
1233 1924 1252 1949 .1,
1264 1923 1326 1951 cap.
1338 1916 1383 1949 3|,
1392 1916 1564 1944 basiliscum
1575 1917 1615 1944 ait
1623 1918 1685 1946 viso
1696 1918 1818 1954 gallinae

993 1968 1042 1987 ceo
1057 1960 1191 1994 tremere,
1203 1962 1231 1987 et
1243 1959 1343 1987 audito
1356 1959 1435 1988 illius
1456 1962 1554 1995 cantu,
1565 1965 1674 1990 terrore
1694 1971 1816 1991 concus-

993 2013 1072 2037 sum,
1084 2004 1173 2032 emori
1188 2012 1194 2031 :
1207 2012 1292 2039 quam
1305 2004 1341 2032 ob
1352 2013 1484 2037 causam,
1496 2005 1549 2040 illi,
1560 2006 1609 2041 qui
1626 2015 1677 2042 per
1692 2008 1817 2036 Africam

993 2050 1048 2077 iter
1057 2049 1177 2083 faciunt,
1189 2049 1297 2086 gallum
1308 2049 1421 2077 itineris
1428 2050 1563 2078 comitem
1575 2051 1630 2078 sibi
1642 2052 1816 2088 adjuugunt.

1030 2095 1091 2122 Col.
1110 2095 1182 2122 Ibid.
1199 2095 1219 2122 C
1235 2095 1260 2128 4,
1274 2095 1358 2131 Atque
1386 2096 1503 2122 utinam.
1518 2094 1580 2122 ste;
1609 2093 1638 2122 δὲ
1655 2096 1692 2132 μὴ
1709 2096 1752 2123 καὶ
1767 2101 1818 2132 τῆς

995 2138 1158 2174 Ἐκκλησίας
1174 2139 1201 2165 αἱ
1218 2139 1361 2176 Θυγατέρες
1376 2139 1410 2166 τὰ
1435 2138 1501 2166 αὐτὰ
1522 2138 1690 2176 ὶγκαλοῖντο”
1708 2141 1750 2169 sic
1779 2143 1818 2170 le-

994 2183 1122 2220 gendum
1135 2192 1169 2211 ex
1185 2183 1218 2212 H.
1236 2185 1256 2211 1.
1274 2187 1383 2217 A.,n0n
1401 2186 1434 2211 ut
1449 2184 1551 2212 eratin
1570 2185 1599 2212 F.
1616 2182 1668 2211 ei‘ce
1684 2183 1712 2212 δὲ
1733 2186 1820 2222 umet

995 2226 1181 2259 ἰνικαλοῦντο,
1198 2229 1275 2256 unde
1289 2229 1429 2264 expressit
1442 2229 1594 2264 interpres,
1606 2241 1619 2254 ‹‹
1633 2230 1666 2257 At
1682 2238 1737 2258 non
1754 2230 1819 2258 ﬁlia)

109 2272 230 2312 verbum
242 2272 459 2318 nonnunquam
467 2284 551 2309 sonat
561 2282 680 2309 beatum
693 2281 814 2308 reddere
822 2280 865 2308 vel
876 2280 929 2308 bea

993 2272 1080 2300 etiam
1106 2272 1240 2300 Ecclesiae
1258 2273 1294 2300 ob
1315 2274 1416 2300 eadem
1436 2273 1523 2309 injus
1534 2276 1639 2302 vocata:
1656 2277 1735 2302 sunt.
1749 2286 1764 2299 ››
1780 2276 1821 2303 Ex

117 2328 240 2361 tiﬁcare,
257 2329 290 2355 ut
314 2327 447 2354 ediderat
461 2327 623 2362 interpres;
641 2325 816 2362 plerumque
838 2327 935 2352 tamen

110 2373 232 2400 beatum
244 2372 379 2407 judicare
390 2371 433 2399 vel
445 2370 603 2406 praedicare
612 2370 688 2406 apud
701 2370 838 2406 profanos
849 2370 936 2397 etiam

109 2421 247 2445 auctores
270 2416 430 2452 signiﬁcat,
448 2415 526 2443 unde
542 2414 688 2448 Aristoteli
703 2424 712 2442 1
727 2415 835 2443 Rhetor.
855 2424 938 2450 μακα-

108 2461 209 2498 ρισμός
225 2463 254 2489 et
275 2458 486 2496 εὐδαιμονισμός
502 2459 679 2487 laudationis
695 2459 846 2495 principum
873 2467 935 2495 spe-

109 2506 169 2534 cies
185 2507 266 2534 suut.
283 2505 330 2533 Sic
351 2507 380 2533 et
396 2503 592 2532 Ecclesiastici
609 2512 648 2536 x1,
660 2503 695 2530 30
712 2511 717 2530 :
734 2503 793 2540 Πρὸ
808 2502 938 2538 τελευτῆς

111 2551 150 2586 μὴ
178 2550 309 2586 μακάριζε
336 2547 450 2585 μηδένα.
477 2550 543 2577 Ante
575 2550 690 2576 mortem
717 2556 881 2584 quamquam
904 2557 940 2576 ne

109 2594 207 2623 Iaudes
222 2595 368 2622 hominem.
379 2594 505 2629 Vulgata
518 2601 634 2630 quoque
648 2592 726 2620 Isaiae
739 2593 833 2627 111,12,
844 2593 899 2626 Qui
913 2598 940 2620 te

112 2641 222 2667 (malum
236 2639 332 2667 dicunt
342 2639 399 2674 ipsi
415 2640 439 2666 te
454 2638 605 2674 decipiunt.
622 2638 683 2666 Vox
696 2637 805 2673 quippe
820 2637 939 2665 Hebraea

109 2691 177 2714 “an
194 2692 251 2711 non
269 2683 349 2711 aliud
378 2685 472 2715 sonat,
490 2685 522 2710 ut
538 2682 612 2718 psal.
634 2691 729 2716 chnI,
750 2683 781 2710 15
796 2690 803 2710 :
821 2682 938 2718 Ἐμακά·

111 2738 187 2767 ρισαν
204 2728 250 2755 τὸν
277 2726 355 2762 λαόν,
373 2727 482 2756 beatum
511 2727 642 2755 dixerunt
670 2726 805 2763 populum
830 2736 839 2754 :
866 2736 939 2754 non-

110 2782 266 2809 nunquam
282 2775 382 2800 tamen
399 2771 556 2809 μακαρίζειν
583 2772 701 2800 beatum
727 2771 823 2799 facere
853 2772 940 2799 inter-

112 2820 247 2854 pretatur
262 2817 335 2845 Itala
352 2819 446 2852 vetus,
464 2818 495 2845 ut
513 2817 586 2854 psal.
600 2825 646 2850 XL,
662 2817 680 2844 2
695 2825 702 2845 :
717 2815 767 2843 Καὶ
794 2815 939 2853 μακαρίσαι

992 2317 1097 2345 iisdem
1111 2325 1182 2344 mss.
1193 2317 1345 2345 codicibus
1356 2318 1537 2346 correximus
1548 2319 1634 2354 paulo
1646 2322 1713 2347 ante
1725 2319 1754 2347 in
1766 2321 1818 2347 An-

992 2361 1067 2397 glico
1084 2362 1252 2397 apographo
1264 2362 1438 2389 mendosum
1455 2362 1539 2396 illud,
1551 2361 1599 2395 τὰς
1614 2362 1753 2401 ἀρχηγοὺς
1770 2363 1820 2390 αὑ-

992 2407 1045 2433 τῶν
1061 2405 1108 2435 τὰς
1128 2405 1272 2443 θυγατέρας
1291 2405 1372 2433 Σιών.
1400 2406 1454 2434 Sed
1479 2408 1613 2443 quamvis
1639 2411 1715 2436 recte
1746 2409 1818 2436 scri-

993 2453 1074 2488 ptum
1092 2453 1180 2482 esset,
1198 2450 1285 2486 paulo
1302 2452 1369 2486 post
1383 2450 1411 2478 in
1439 2451 1468 2478 F.
1486 2449 1607 2482 παιδιαῖς
1633 2452 1773 2488 ἀσέμνοις,
1790 2461 1821 2481 se

994 2495 1101 2531 legisse
1116 2494 1227 2530 putavit
1244 2495 1398 2531 interpres,
1413 2493 1559 2529 παιδείαις,
1574 2505 1602 2525 se
1622 2497 1723 2525 dedunt
1742 2497 1821 2526 inho-

992 2541 1081 2569 nestis
1096 2540 1181 2575 αἰδοίῃ
1187 2539 1264 2567 (mis.

1030 2593 1170 2622 Col.3l9B
1180 2593 1221 2620 10.
1229 2594 1281 2620 list
1296 2593 1386 2629 igitur
1396 2593 1658 2629 opus.Sustulimus
1667 2596 1766 2622 notam
1777 2595 1821 2622 in-

993 2637 1211 2674 terrogationis,
1220 2646 1308 2674 quam
1323 2638 1421 2665 Graeca
1433 2646 1490 2665 non
1497 2641 1671 2674 agnoscunt,
1681 2641 1710 2666 et
1720 2647 1821 2666 emen-

994 2683 1130 2710 davimus
1141 2691 1174 2711 ex
1185 2683 1282 2719 Regiis
1299 2683 1376 2718 quod
1392 2684 1454 2710 erat
1473 2682 1502 2709 in
1515 2682 1648 2718 Anglico,
1659 2682 1704 2709 καὶ
1721 2681 1820 2714 οἵτινες

994 2727 1074 2763 ἡμῶν
1104 2729 1157 2753 τῶν
1184 2726 1331 2764 τιμωμὲν.,
1349 2729 1377 2755 et
1402 2727 1625 2755 immutavimus
1641 2727 1713 2755 illud
1730 2728 1821 2756 inter-

994 2771 1085 2808 pretis
1099 2781 1105 2799 :
1117 2783 1130 2796 α
1144 2772 1225 2804 Quod
1237 2773 1326 2809 igitur
1337 2774 1382 2800 est
1393 2780 1466 2807 opus
1478 2771 1610 2800 Domini?
1620 2771 1757 2800 Rovelare
1768 2772 1821 2801 ha-

996 2816 1089 2844 bitum
1105 2825 1111 2850 ;
1126 2818 1155 2844 et
1170 2816 1359 2852 itaquciutcr
1384 2825 1436 2845 nos
1466 2816 1491 2845 si
1518 2816 1626 2846 honore
1655 2817 1822 2846 afﬁciantur
