2029 3143
176 158 254 187 1095

761 153 878 184 NOTAE
899 151 1123 182 FHONTONIS
1146 152 1277 183 DUC/El

1802 154 1881 185 l096

175 224 230 251 hoc
246 223 393 258 prietextu.
411 232 426 247 ››
442 221 532 248 Paulo
547 223 613 257 post
636 222 790 248 annotarat
807 218 987 247 doctissimus

1058 217 1084 245 Ιῐ
1109 217 1285 254 Paralipom.
1309 227 1350 253 ιιι,
1367 219 1393 254 5,
1411 215 1525 257 ἔγλυφεν
1543 217 1585 245 ἐπ’
1599 218 1681 246 αὐτοῦ
1697 219 1819 258 φοίνικας
1834 219 1880 247 καὶ

183 267 358 296 Tilmannus
370 275 420 303 pro
431 265 634 303 καλυφϐησεται
645 265 674 292 in
691 266 718 293 l-'.
732 264 937 300 corrigendum
949 262 998 289 ἀνα

175 311 383 350 καλυφθήσεται·
401 311 451 339 sed
468 311 541 338 alter
566 311 673 346 Regius
689 312 717 338 et
733 311 754 337 Ι.
771 312 799 337 et
814 308 898 344 Angl.
915 307 997 335 exhi-

177 358 264 390 buere
280 356 421 392 scriptum
447 355 498 382 οὐκ
520 353 787 393 ἀποκαλυφθήσεται,
804 355 836 382 ut
856 356 902 381 est
924 353 996 380 Mat-

177 402 242 430 thzei
257 411 284 434 ιι,
298 402 342 435 26,
359 401 388 428 e't
405 401 483 428 Lucis
499 409 550 434 xu,
561 401 588 427 2.

211 455 269 483 Col.
297 455 351 482 322
371 455 390 482 Ο
419 456 444 488 1,
469 455 559 482 Natus
586 455 726 489 quosdam.
757 449 919 487 Κοσύμϐους
949 459 996 478 ex-

176 500 258 536 ponit
274 503 384 534 auctor,
401 497 572 534 ἀποδέσμους
600 497 674 528 τινὰς
697 499 750 524 τῶν
775 498 897 534 κροσσῶν
923 504 996 532 quos

175 545 319 580 interpres
335 546 467 577 verterat,
478 555 491 567 ‹‹
505 543 646 579 quasdam
657 542 793 570 fasciolas
808 540 932 569 ﬁmbriis
947 549 994 568 as-

174 592 267 622 sutas,
279 589 307 616 id
324 593 379 621 est,
389 590 485 615 vestes
501 587 664 615 limbriatas
679 595 745 613 cum
762 585 996 622 appeudentibus

174 633 392 661 tintinnabulis.
412 643 426 656 ι)
442 632 472 659 S.
489 632 696 667 Hieronymus,
713 631 799 666 epist.
816 631 875 664 130,
892 638 994 656 nume-

172 681 216 706 rat
232 678 306 705 inter
320 677 492 704 vestimenta
507 667 701 704 sacerdotalia
715 673 957 711 superbumerale
968 675 996 700 et

175 722 290 750 tunicas
319 718 498 757 χοσυμϐωτάς
529 723 555 748 et
584 720 718 753 cidarim,
735 719 762 746 in
785 727 871 754 quem
897 718 993 745 locum

170 766 455 795 scribensMarianus
463 765 620 797 Victorius,
628 765 711 792 docet
720 763 899 791 ﬁmbriatum
912 761 994 789 vesti-

173 814 305 839 mentum
328 810 499 846 signiﬁcari,
522 810 597 845 quod
630 808 790 845 Hesychius
815 803 992 842 κοσυμϐωτὸν

170 855 324 890 κροσσωτόν
341 856 557 890 interpretetur.
566 854 594 881 id
604 857 658 887 est,
666 853 857 885 ﬁmbriatum,
866 854 892 879 et
905 851 992 879 Exodi

171 910 272 934 xxvm,
289 901 337 928 ubi
369 900 494 946 Vulgata
523 899 630 925 lineam
661 898 800 933 scriptam
832 896 1032 946 transotuli't,B

172 946 267 973 Graece
294 947 339 972 est
366 940 565 980 κοσυμϐωτόν·
589 943 636 970 alii
674 942 788 970 malunt
814 937 991 976 κοσυμϐωτόν

171 990 228 1018 dici
238 990 367 1017 tunicam
385 989 470 1016 nodis
481 988 682 1020 substrictam,
699 989 726 1014 et
742 988 889 1022 exponunt
905 985 993 1013 Exodi

170 1044 270 1070 xxvm,
296 1031 431 1070 κόσυμϐοι
456 1035 509 1060 τῶν
536 1033 660 1070 χιτώνων
692 1032 721 1059 ἐκ
752 1031 863 1069 βύσσου,
881 1043 894 1055 ‹‹
924 1031 992 1058 nodi

169 1079 337 1107 tunicarum
354 1087 387 1106 cx
404 1079 501 1113 bysso.
520 1089 533 1102 »
549 1078 630 1105 Certe
646 1077 748 1104 Pollux
764 1076 817 1104 lib.
838 1085 872 1109 ιι,
887 1084 948 1111 cap.
964 1076 992 1110 3,

168 1120 310 1159 κοσύμϐην
328 1131 379 1159 pro
395 1122 520 1150 crinium
537 1123 622 1149 modo
638 1122 728 1158 accipi
744 1121 892 1153 admonet,
904 1128 990 1156 quem

168 1164 312 1204 κρώϐυλον
329 1167 428 1203 potius
446 1166 538 1193 Attice
559 1166 622 1193 vult
636 1165 775 1202 appellari
793 1173 799 1192 :
817 1165 946 1202 Ἑτριφον
963 1162 991 1190 δὲ

166 1222 237 1242 τινες
254 1211 284 1238 ἐκ
299 1210 416 1248 πλαγίου
432 1210 522 1246 κόμην
549 1210 566 1244 ἢ
592 1210 704 1236 κατόπιν
729 1209 746 1243 ἢ
778 1208 844 1245 ὑπὶρ
872 1210 904 1234 τὸ
928 1207 990 1243 μέτ-

167 1267 253 1291 ωπον,
262 1258 397 1292 ποταμοῖς
411 1256 428 1290 ἢ
446 1255 579 1290 θεοῖς,καὶ
596 1254 752 1290 ὠνομάζετο
763 1253 892 1290 πλοχμὸς
902 1253 919 1288 ἢ
932 1252 991 1279 σχό-

168 1301 216 1332 λυς
231 1301 248 1335 ἢ
279 1300 354 1337 σειρά
379 1301 495 1337 τριχῶν·
515 1295 640 1334 χοσύμϐη
658 1296 681 1324 δ’
701 1297 750 1325 οὐχ
769 1297 901 1331 Ἀττικὸν,
919 1295 991 1323 ἀλλὰ

167 1343 322 1382 κρώϐυ).ος·
338 1356 351 1370 ‹‹
364 1344 539 1372 Nutriebant
549 1351 615 1370 vero
626 1351 739 1370 comam
757 1342 875 1378 quidam
894 1342 922 1369 in
940 1341 989 1368 ob-

168 1392 281 1427 liquum
293 1392 471 1426 vergentem,
480 1392 529 1416 aut
539 1387 990 1424 supertergum,autsuperfron-

169 1440 238 1470 tem,
252 1435 421 1464 ﬂuminibus
433 1434 547 1462 autdiis
556 1436 768 1468 consecratam,
781 1441 843 1468 qua:
858 1431 989 1468 πλοχμός

169 1485 220 1509 aut
235 1479 334 1510 σχόλυς
363 1479 580 1507 nominabatur.
596 1479 659 1507 Non
684 1478 761 1506 enim
786 1474 923 1513 κοσύμϐη,
940 1477 989 1504 sed

169 1522 323 1562 κρώϐυλος,
336 1524 499 1551 Atticorum
516 1526 568 1551 est.
582 1534 595 1547 ι)
609 1523 638 1550 S.
661 1522 846 1558 Augustinus
863 1521 891 1548 in
908 1521 988 1554 Quac-

165 1569 301 1597 slz‘om‘bu:
315 1570 344 1595 in
360 1567 545 1596 Exodumlib.
563 1576 594 1601 ιι,
611 1567 775 1603 quaastJlli
793 1574 800 1594 :
817 1578 829 1590 α
847 1565 988 1593 Tunicam

167 1622 233 1640 vrro
250 1621 317 1640 cum
333 1612 472 1640 cornibus
487 1611 641 1639 honestius
666 1613 807 1647 putarunt
826 1609 919 1637 Latini
944 1609 987 1636 in-

166 1661 307 1694 terpretes
334 1657 400 1689 dici,
419 1665 506 1692 quam
532 1656 555 1683 si
585 1657 724 1688 dicerent,
740 1664 802 1683 cum
828 1655 919 1687 cirris,
936 1654 986 1690 qui

167 1702 238 1730 bene
254 1701 405 1738 dispositis
428 1704 600 1729 ornamento
620 1709 683 1728 esse
698 1700 830 1727 vestibus
845 1699 950 1727 solent.
972 1710 982 1723 ι

164 1747 236 1774 Cum
254 1746 344 1782 igitur
353 1745 442 1773 Exodi
455 1753 552 1777 xxvm,
563 1745 607 1779 35,
625 1741 758 1779 ιόσυμϐοι
774 1746 842 1771 sunt
855 1743 923 1771 nodi
939 1746 985 1770 tu-

165 1791 296 1819 nicarum
311 1798 345 1818 ex
360 1789 603 1826 bysso,videntur
618 1789 844 1825 appellationem
861 1787 936 1815 nacti
952 1797 985 1815 ex

163 1835 357 1863 similitudine
365 1835 491 1862 cirorum
503 1834 546 1861 vel
557 1833 692 1867 crinium,
705 1834 754 1869 qui
766 1836 835 1861 sunt
846 1833 913 1860 nodi
925 1833 984 1860 sive

164 1888 257 1907 nexus
268 1879 458 1915 capillorum;
473 1881 624 1914 propterea
638 1886 727 1905 nexus
742 1878 922 1905 ﬁmbriarum
938 1877 984 1904 hic

163 1924 399 1959 interpretamur.
417 1922 506 1950 Paulo
535 1925 602 1958 post
631 1919 834 1958 ἔγκομϐώματα
861 1923 983 1958 κροσσῶν

163 1967 305 1995 vertimus
321 1979 334 1992 α
347 1970 484 1994 ornatum
500 1967 696 2000 ﬁmbriarum,
711 1978 724 1991 »
745 1967 820 2001 quod
837 1966 917 1994 dicat
933 1967 983 1994 Pe-

165 2015 239 2045 trus,
257 2011 385 2047 Epistola
411 2020 430 2043 ι,
447 2012 474 2046 5,
490 2007 698 2047 ἰγκομϐώσασθε
730 2010 779 2043 τήν
807 2020 984 2048 ταπεινοφρο-

164 2056 255 2090 σόνην,
268 2067 282 2081 ‹‹
300 2055 494 2083 humilitatem
513 2055 669 2087 insinuate,
682 2066 695 2080 ››
707 2055 749 2082 vel
767 2066 780 2080 «
797 2057 889 2082 estote
903 2055 985 2083 intus

164 2100 329 2128 humilitate
341 2100 453 2128 ornati:
467 2111 481 2124 ››
493 2100 568 2135 quod
580 2102 662 2126 vetus
676 2099 806 2126 Lexicum
817 2096 984 2135 ἐγκόμϐωμα

161 2148 287 2180 exponat
297 2143 394 2180 δεσμὸν
407 2146 461 2171 τῶν
477 2141 616 2180 χειρίδων,
636 2154 647 2170 ε
661 2151 763 2171 nexum
778 2144 958 2172 manicarum
968 2155 983 2169 »

162 2190 222 2218 sive
234 2191 325 2217 nodos
337 2190 519 2216 ﬁmbriarum
536 2187 658 2215 manicis
670 2190 796 2215 assutos.
805 2187 859 2215 Alii
871 2188 985 2216 malunt

163 2232 372 2270 ἐγκωμίῖώματα
382 2234 439 2260 dici
450 2233 624 2260 vestimenta
633 2232 812 2267 quzedam,ut
823 2233 982 2268 Hesychius

1031 264 1036 273 '
1054 261 1188 299 χαλαστά.
1206 263 1259 291 Ubi
1275 263 1401 300 Vulgata
1414 264 1475 292 Lat.
1494 272 1500 291 :
1518 264 1690 300 Sculpsitque
1715 266 1742 292 in
1769 274 1802 293 ea
1818 267 1878 302 pal-

1052 315 1121 342 mas,
1137 311 1163 336 et
1173 308 1256 343 quasi
1265 308 1406 336 calcuulus
1419 316 1448 336 se
1463 309 1579 336 invicem
1594 309 1801 344 complectenlcs
1815 320 1826 338 .’
1841 312 1876 339 ad

1052 353 1185 386 verbum,
1202 353 1331 381 laxaliles
1346 358 1411 380 sunt
1426 355 1540 382 catenae.

1087 396 1147 424 Col.
1156 397 1209 424 223
1218 398 1241 424 A
1251 397 1559 434 10.3uperciliapingit.
1569 399 1794 427 Immutavimus
1804 399 1876 428 illud

1052 441 1173 477 interpr.
1183 450 1189 469 :
1200 454 1214 467 «
1227 442 1336 470 Similis
1347 442 1423 470 lunae
1434 443 1462 469 in
1475 451 1583 471 cornua
1596 443 1706 471 inflexa:
1719 444 1878 480 supercilia

1051 494 1104 514 suo
1121 486 1233 514 ambitu
1250 487 1359 515 circum
1375 487 1476 515 oculos
1488 487 1682 524 amplectitur.
1695 501 1705 514 ι
1723 489 1878 524 Signiﬁcat

1051 530 1187 566 Basilius,
1195 531 1335 558 delineari
1346 531 1456 559 circum
1469 532 1571 560 oculos
1583 533 1787 568 supcrcilia,ut
1797 534 1878 562 velut

1049 575 1079 602 in
1095 583 1194 602 arcum
1212 575 1313 603 lunata
1329 575 1395 604 illos
1409 576 1549 604 ambiant.
1568 577 1597 604 S.
1616 577 1814 614 Hieronymus
1828 587 1876 614 ep.

1052 620 1084 646 10
1100 628 1106 647 :
1127 630 1138 643 ι
1155 622 1217 647 Νοιι
1235 620 1338 648 habuit
1353 621 1511 648 stridentes
1541 621 1694 656 calceolos,
1712 630 1764 649 nec
1790 623 1878 650 orbes

1050 663 1136 692 stibio
1147 664 1328 700 fuliginatos.
1341 676 1355 690 »
1368 665 1541 701 Epist.27:«
1557 665 1713 701 Turpanda
1729 669 1774 694 est
1786 667 1878 695 facies

1050 718 1137 745 quam
1155 718 1273 738 cerussa
1289 713 1316 738 et
1332 710 1419 738 stibio
1435 719 1511 747 szepe
1526 711 1654 748 depinxi.
1672 723 1685 737 ι)
1700 715 1728 739 S.
1743 713 1877 740 Joannes

1049 753 1274 789 Chrysostomus
1291 755 1320 782 in
1336 758 1460 783 tractatu
1477 764 1494 782 a
1510 756 1594 783 nobis
1610 756 1725 793 vulgato
1741 757 1776 784 de
1785 757 1816 785 S.
1827 757 1874 784 Jo-

1049 798 1139 835 sepho
1157 808 1163 826 :
1182 798 1282 826 Μέλανι
1297 798 1360 830 τοὺς
1377 798 1536 837 ὀφθαλμοὺς
1554 800 1758 839 ὑπογράφουσσι,
1771 813 1784 826 ‹‹
1800 810 1873 829 ocu-

1048 843 1091 870 los
1109 843 1194 870 stibio
1210 843 1358 879 pingebat.
1377 855 1387 868 ι
1404 844 1614 879 Tertullianus,
1630 847 1668 873 De
1693 846 1873 882 cullu'femi-

1048 896 1158 922 narum,
1175 896 1227 924 cap
1249 889 1285 923 5,:
1302 899 1315 914 ε
1329 892 1394 921 Quae
1407 897 1498 924 genas
1514 889 1619 917 rubore
1635 890 1873 924 maculant,ocu-

1048 931 1091 960 los
1108 932 1230 968 fuligine
1247 932 1467 960 circumlinunt.
1485 944 1498 957 ››
1516 933 1618 961 Pollux
1632 933 1684 962 lib.
1701 943 1728 969 v,
1740 943 1805 970 cap.
1818 935 1873 963 l6:

1046 976 1113 1006 Τοὺς
1140 975 1300 1013 ὀφθαλμοὺς
1331 977 1490 1016 ὑπογράφει,
1505 977 1553 1008 τὰς
1583 977 1666 1016 ὀφρῦς
1684 977 1818 1014 μελαίνει,
1835 979 1875 1009 εἷς

1046 1021 1177 1058 γραμμὰς
1193 1019 1367 1057 ἡμικυκλίων
1384 1022 1506 1058 περιάγει
1521 1025 1673 1060 γεωμετρεῖ
1687 1023 1749 1060 περῖ
1766 1023 1877 1050 ἐπισκύ-

1046 1066 1238 1093 νιον·(ιο6υ108
1246 1066 1349 1094 subtus
1362 1067 1875 1103 inﬁcit,superciliadenigrat,lineas

1046 1110 1281 1138 semicirculares
1305 1111 1510 1146 circumducit,
1527 1111 1651 1140 frontem
1678 1112 1840 1146 dimetitur,
1859 1125 1873 1137 ››

1045 1155 1088 1182 vel
1106 1155 1214 1190 potius,
1234 1167 1243 1179 α
1262 1155 1453 1191 geometriam
1471 1156 1499 1183 in
1525 1156 1691 1192 superciliis
1714 1160 1838 1185 exercet.
1857 1169 1871 1183 ››

1081 1199 1139 1227 Col.
1155 1200 1218 1234 327,
1234 1200 1256 1227 A
1280 1200 1307 1226 7.
1324 1199 1402 1234 Quod
1425 1203 1520 1229 autem
1545 1202 1665 1229 nemine.
1682 1202 1778 1230 Aliam
1804 1211 1871 1230 scn~

1045 1244 1166 1271 tentiam
1183 1244 1337 1272 exhibebat
1356 1245 1436 1273 edita
1451 1246 1556 1281 versio,
1574 1257 1587 1271 «
1602 1246 1630 1273 Si
1647 1247 1766 1282 quidem
1784 1255 1870 1274 nemo

1044 1288 1122 1315 videt
1137 1297 1227 1315 unum
1245 1288 1373 1324 aliquem
1386 1289 1509 1317 secrsim
1519 1292 1546 1317 et
1558 1291 1700 1326 privatam
1713 1291 1867 1326 degentem

1045 1333 1133 1360 vitam
1146 1335 1240 1360 vestes
1250 1333 1416 1361 luculentas
1428 1334 1628 1370 circumjicere
1641 1344 1693 1371 per
1702 1335 1790 1363 aedes.
1803 1336 1868 1363 Haec

1045 1378 1121 1405 enim
1139 1377 1289 1406 declarant
1304 1386 1453 1406 excessum
1467 1388 1595 1413 omnem,
1613 1388 1670 1415 quo
1687 1380 1749 1407 istae
1765 1380 1870 1408 abute-

1045 1422 1162 1450 bantUr.
1176 1433 1190 1446 υ
1201 1422 1280 1454 Quod
1292 1425 1391 1450 autem
1409 1426 1514 1451 attinet
1528 1425 1564 1451 ad
1580 1423 1631 1452 illa
1651 1426 1792 1452 Laconica
1813 1425 1871 1461 pel-

1044 1466 1153 1500 lucida,
1164 1467 1193 1494 S.
1207 1467 1402 1502 Hieronymus
1414 1467 1454 1495 ait
1466 1467 1504 1496 ita
1517 1468 1594 1496 LXX
1614 1477 1678 1496 esse
1693 1468 1870 1505 interpreta-

1043 1513 1099 1545 tos,
1111 1511 1239 1539 volentes
1250 1511 1439 1540 tenuissimas
1455 1513 1623 1548 signiﬁcare
1638 1515 1744 1547 vestes,
1760 1514 1870 1549 quibus

1044 1555 1341 1591 Lacedaemoniorum,
1358 1556 1407 1592 qui
1424 1557 1543 1584 fuerunt
1558 1558 1593 1584 ad
1610 1557 1685 1585 bella
1710 1560 1868 1594 promptis-

1004 1594 1025 1628 C
1043 1600 1121 1633 simi,
1139 1604 1168 1627 et
1183 1601 1355 1628 austerioris
1371 1601 1448 1634 vitm,
1465 1609 1585 1637 corpora
1609 1602 1803 1638 tegebantur;
1819 1603 1866 1631 alii

1041 1645 1172 1672 referunt
1184 1645 1218 1673 ad
1235 1653 1382 1681 purpuras
1399 1645 1556 1673 Laconicas
1570 1646 1696 1674 nitentes
1718 1649 1746 1674 et
1771 1647 1867 1683 splen-

1040 1689 1153 1723 dentes,
1166 1690 1243 1725 quod
1261 1690 1416 1718 Laconicas
1431 1699 1577 1726 purpuras
1592 1699 1656 1719 esse
1682 1691 1862 1727 pretiosissi-

1040 1742 1104 1761 mas
1121 1734 1228 1762 scribat
1241 1734 1361 1770 Plinius,
1375 1735 1424 1763 lib.
1436 1744 1509 1763 xxxv
1530 1736 1643 1771 Histor.,
1661 1744 1724 1771 cap.
1740 1737 1767 1764 ϐ.
1785 1737 1863 1764 Basi-

1039 1778 1096 1806 lius
1108 1781 1205 1806 tamen
1219 1781 1404 1807 Lacaenarum
1413 1783 1509 1808 vestes
1519 1779 1680 1816 pellucidus
1692 1780 1783 1809 fuisse
1790 1782 1862 1817 vult,

1039 1823 1206 1858 cujusmodi
1216 1824 1333 1851 fuerunt
1344 1824 1405 1851 Cosa
1417 1827 1512 1852 vestes
1523 1833 1539 1852 δι
1555 1825 1647 1860 poetis
1662 1825 1775 1853 Latinis
1790 1825 1862 1854 cele-

1038 1867 1137 1895 bratae.
1155 1867 1301 1902 Tibullus,
1316 1868 1387 1904 eleg.
1405 1869 1431 1903 3,
1448 1868 1499 1896 lib.
1517 1877 1537 1896 ιι
1555 1877 1560 1896 :

1091 1917 1144 1980 17l‘la
1159 1921 1238 1980 gara!
1252 1919 1340 1945 vesica
1354 1921 1458 1951 tenues,
1473 1925 1540 1953 quos
1556 1918 1662 1952 femina
1677 1917 1729 1945 Coa

1117 1961 1182 1980 exui

1117 1961 1201 1980 exuit.
1209 1973 1252 1980 ....

1040 2004 1068 2030 et
1083 2001 1231 2035 Horatius,
1247 2001 1297 2029 lib.
1315 2010 1334 2037 ι,
1350 2004 1449 2038 satyra
1462 2002 1480 2028 2
1496 2009 1503 2029 :

1091 2051 1186 2078 Altera
1201 2051 1243 2078 nil
1257 2051 1354 2085 obstat,
1371 2051 1432 2079 Cois
1446 2051 1499 2078 tibi
1509 2059 1581 2086 pene
1594 2051 1687 2079 videre
1701 2054 1743 2080 est

1094 2087 1125 2115 Ut
1139 2087 1304 2114 nudam.....

1039 2136 1214 2171 Propertius,
1231 2135 1281 2163 lib.
1298 2143 1329 2169 ιι,
1345 2135 1417 2171 eleg.
1435 2136 1448 2162 1
1467 2144 1473 2162 :

1091 2189 1153 2217 Sive
1168 2189 1236 2224 togis
1251 2189 1330 2216 illam
1345 2189 1498 2224 fulgentem
1512 2188 1635 2216 incidere
1650 2189 1720 2217 Cois.

1039 2242 1098 2269 Coa
1112 2242 1191 2269 cnim
1206 2242 1296 2269 vestis
1313 2241 1477 2276 puellarum
1496 2241 1550 2268 fuit
1565 2242 1642 2269 fama
1657 2250 1714 2269 non
1738 2243 1864 2272 nimium

165 2275 303 2313 κιίσυμϐον
320 2286 384 2306 esse
405 2277 476 2305 dicit
500 2274 668 2313 ἐγκόμϐωμα
682 2275 726 2303 καὶ
742 2276 885 2313 περίζωμα
901 2276 984 2314 Αἰγύ-

1046 2295 1126 2314 nona.
1138 2286 1262 2319 Plinius,
1275 2274 1523 2321 debombycibus,
1536 2285 1587 2312 lib.
1599 2294 1637 2320 xx,
1649 2294 1673 2312 c.
1686 2286 1722 2313 22
1734 2295 1741 2314 :
1757 2287 1865 2315 «Telas

165 2333 255 2355 πτιον,
267 2333 281 2347 ‹‹
297 2322 516 2358 subligaculum
531 2321 572 2348 vel
590 2321 729 2348 amictum
743 2322 921 2358 Egyptium.
937 2333 946 2346 η

200 2376 272 2403 Ibid.
298 2376 342 2403 l3.
366 2376 444 2403 Alter
473 2375 596 2410 quidam.
623 2375 651 2402 S.
676 2375 871 2411 Hieronymus
896 2376 924 2403 in
955 2384 985 2405 ιιι

166 2422 288 2448 Ιεειὶεεεα
300 2420 365 2448 Haec
384 2420 482 2447 omnia
495 2419 563 2446 licet
580 2419 652 2446 LXX
670 2419 852 2455 interpretes,
869 2420 984 2456 Aquila,

164 2468 192 2492 et
202 2465 408 2500 Symmachus,
425 2472 457 2491 ac
471 2463 632 2491 Theodotio
649 2463 770 2490 diversis
787 2464 882 2491 modis
897 2464 984 2492 inter-

166 2511 327 2544 pretentur,
341 2517 393 2536 nos
409 2510 441 2536 ut
454 2508 615 2543 potuimus,
632 2507 672 2534 vel
691 2508 726 2535 de
742 2508 871 2542 lJebrmo,
887 2508 929 2536 vel
951 2509 986 2536 de

165 2553 295 2588 ipsorum
311 2553 502 2581 translatione
527 2551 683 2578 texuimus.
701 2562 712 2576 ι
739 2552 769 2579 lu
792 2555 870 2579 textu
897 2553 984 2580 etiam

167 2597 322 2633 prophetae,
335 2606 421 2633 quem
435 2596 563 2632 vulgavit
577 2595 766 2622 doctissimus
781 2596 867 2624 Joan.
885 2598 985 2624 Gurte-

167 2643 227 2669 rius
236 2651 269 2670 ex
280 2642 478 2670 vetustissimo
489 2640 587 2668 codice
595 2639 642 2674 qui
656 2643 783 2667 nuncest
793 2641 986 2670 illustrissimi

167 2687 324 2714 cardinalis
337 2684 547 2722 Rupil'ucaldii,
560 2686 718 2711 annotatur
739 2684 765 2710 in
789 2685 919 2720 margine
934 2695 984 2721 pro

170 2729 328 2766 μηνίσκους,
358 2730 481 2763 lunulas,
498 2727 708 2765 Symmachum
737 2728 865 2757 edidisse
892 2729 985 2766 μανιά-

166 2776 360 2810 κας,ίον(]ιιε.ς,
385 2778 413 2803 et
442 2783 493 2810 pro
521 2772 553 2799 τὰ
579 2772 728 2808 metuam,
755 2774 882 2806 monilia,
899 2774 985 2811 χαλα-

168 2817 225 2853 στά,
254 2820 403 2846 catenatas.
433 2820 505 2846 Nam
535 2820 564 2845 et
592 2817 632 2845 ita
661 2817 786 2852 legimus
813 2820 887 2854 apud
920 2819 986 2847 LXX

1041 2339 1214 2358 araneorum
1230 2330 1316 2358 modo
1332 2332 1443 2362 texunt,
1461 2330 1496 2357 ad
1510 2332 1620 2357 vestem
1635 2329 1799 2367 luxumquc
1823 2332 1866 2359 fe-

1041 2375 1200 2403 minarum.
1213 2375 1311 2402 Prima
1323 2382 1372 2402 eas
1385 2373 1526 2402 redordiri
1538 2382 1698 2409 rursusque
1713 2377 1810 2404 texere
1822 2377 1866 2404 in-

1040 2419 1119 2447 venit
1132 2420 1161 2446 in
1176 2419 1231 2446 Coo
1246 2419 1290 2446 vel
1306 2419 1355 2452 Co,
1373 2418 1478 2446 mulier
1492 2417 1664 2454 Pamphyla,
1682 2421 1714 2447 ut
1735 2420 1866 2449 denudet

1040 2463 1163 2492 feminas
1178 2463 1276 2491 vestis.
1291 2475 1305 2488 ι)
1323 2463 1455 2491 Clemens
1472 2462 1682 2491 Alexandrinus
1692 2463 1753 2492 hac
1769 2465 1804 2493 de
1815 2474 1866 2494 ve—

1041 2509 1113 2536 stitu
1141 2508 1338 2542 Lacmnarum,
1356 2507 1407 2535 lib.
1424 2516 1444 2535 ιι
1460 2507 1620 2542 Pardagogi,
1636 2515 1700 2543 cap.
1722 2509 1756 2536 40
1773 2518 1779 2537 :
1797 2508 1865 2536 Οὖδὶ

1040 2551 1091 2589 γὰρ
1119 2551 1185 2588 ὑπὲρ
1214 2551 1280 2589 γόνυ
1308 2551 1427 2588 καθάπερ
1455 2551 1503 2581 τὰς
1542 2550 1675 2583 Λακαίνας
1710 2551 1865 2585 sutelis-out

1040 2595 1136 2623 καλόν
1154 2594 1230 2623 οὐδὲν
1247 2596 1298 2633 γὰρ
1317 2596 1398 2632 μὲρος
1415 2596 1504 2622 ὁτιοῦν
1534 2595 1753 2632 ἀπογυμνοῦσθαι
1775 2608 1864 2634 γυναι-

1041 2641 1087 2671 κὸς
1102 2640 1244 2677 εὐπρεπές.
1264 2652 1277 2665 ‹‹
1290 2641 1389 2676 Neque
1401 2641 1480 2668 enim
1496 2639 1572 2667 sicut
1589 2641 1722 2669 Lacaenas
1737 2643 1865 2679 virgines

1041 2694 1130 2722 supra
1141 2694 1217 2721 genu
1234 2686 1331 2713 vestiri
1348 2685 1505 2713 honestum
1519 2693 1525 2711 :
1540 2684 1651 2712 nullam
1661 2687 1737 2714 enim
1751 2691 1863 2723 partem

1041 2731 1155 2758 feminae
1165 2730 1268 2758 nudari
1281 2731 1417 2757 decorum
1428 2731 1481 2757 est.
1499 2739 1513 2754 »
1526 2731 1661 2757 Lacaenas
1671 2731 1760 2759 etiam
1772 2742 1865 2768 φαινο-

1042 2773 1156 2812 μηρίδας
1169 2775 1327 2810 appellavit
1338 2775 1453 2810 Ibycus,
1465 2773 1542 2810 quod
1559 2773 1674 2802 incessu
1686 2783 1774 2804 coxas
1790 2780 1864 2805 rete-

1041 2821 1190 2857 gcrent,et
1201 2817 1390 2856 ἀνδρομανεῖς,
1405 2819 1489 2855 quasi
1505 2818 1611 2846 insano
1627 2819 1656 2847 in
1672 2820 1750 2849 viros
1765 2830 1863 2850 amore
