2029 3143
101 123 175 153 1097

701 117 740 147 ΙΝ
763 116 968 148 CUMMENT.
992 116 1030 146 ΙΝ
1052 114 1202 147 ISAIAM.

1730 113 1807 146 1098

101 189 239 218 ardentes
255 187 333 224 apud
351 185 540 215 Plutarchum
555 185 611 213 sub
627 184 714 212 finem
733 183 800 211 Vitae
815 185 926 212 Numae.
941 184 966 218 Α
984 180 1073 210 dubio
1088 181 1242 218 scripsisse
1266 181 1409 210 Basilium
1436 179 1585 208 κατάκλιτα
1610 181 1722 209 indicat
1743 181 1810 216 ipsa

135 242 195 270 Col.
211 242 261 269 321
287 241 318 268 Β.
331 241 376 268 10.
393 243 525 275 Purpura
538 247 601 274 pro.
618 238 682 266 Haec
697 239 729 264 ut
742 238 838 264 Graece
854 236 929 264 desi-

104 288 287 316 derabantur
301 285 331 313 in
343 285 433 321 Regio
446 284 476 313 F.
489 286 518 311 et
531 291 565 311 ex
575 281 609 310 Η,
622 283 643 310 1.
660 283 689 310 et
703 280 932 317 Angl.suppleta

103 334 183 366 sunt,
198 332 238 359 ita
254 338 354 359 eorum
371 328 573 364 interpretatio
590 327 690 354 Latina
712 326 799 354 textui
816 327 861 352 est
877 325 931 353 ad—

103 377 215 410 dita,ut
229 377 356 411 quatuor
370 374 582 402 elementorum
600 372 694 407 ﬁgura
709 370 837 406 perlecta
847 369 876 396 in
887 377 933 397 ve-

103 422 176 450 stitu
205 418 378 448 sacerdotali
398 419 561 454 appareret,
578 423 667 452 quam
696 414 783 443 etiam
814 413 932 449 exponit

103 467 134 494 S.
153 465 351 501 Hieronymus
367 463 453 498 epist.
471 462 524 490 428
542 470 548 489 ;
565 472 579 486 ι(
596 460 726 492 Quatuor
755 458 866 486 colores
895 458 931 485 ad

103 514 231 546 quatuor
246 508 391 537 elementa
409 507 586 540 referuntur,
603 514 637 532 ex
662 504 770 540 quibus
795 503 932 530 universa

101 554 280 582 subsistunt.
295 553 406 588 Byssus
423 554 504 578 terra:
520 550 688 585 deputatur;
706 547 774 583 quia
790 555 824 574 ex
854 549 932 574 terra

101 599 244 635 gignitur.
257 597 392 632 Purpura.
402 595 486 628 mari,
499 593 570 630 quia
579 602 613 621 ex
624 593 687 628 ejus
702 590 859 620 cochleolis
880 591 932 618 tinu

101 641 373 680 gitur;hyacinthus
380 637 685 675 aeri,proptercoloris
692 635 931 670 similitudinem;

102 679 208 716 soccus
224 686 284 721 igni
299 688 328 713 et
342 684 454 719 aetheri,
470 683 519 718 qui
536 682 676 710 Hebraice
691 686 743 711 Hau-7
763 688 809 708 sen
830 679 931 716 appel-

103 733 199 760 latur:
217 733 246 759 et
256 731 373 766 justum
398 736 463 756 esse
488 731 729 759 commemorant,
748 729 778 752 ut
801 725 932 760 pontifex

102 775 247 805 Creatoris
263 783 322 802 non
338 773 434 802 solum
451 780 502 808 pro
523 770 625 805 Israel,
642 771 693 798 sed
718 778 770 806 pro
793 770 930 798 universo

105 821 215 849 mundo
227 818 551 855 roget.»'1‘heodoretus,
561 817 595 843 de
607 815 786 851 tegminibus
796 814 931 842 taberna-

103 866 161 894 culi
183 872 285 900 agens,
298 862 444 899 quaest.60
456 862 487 888 in
497 860 653 903 Erotium:
666 859 715 885 Τὸν
734 857 762 885 δὲ
775 855 875 896 ὄροφον
892 857 930 884 εἴ-
945 872 968 903 Β

103 920 152 947 χον
177 908 202 944 ἐξ
227 907 391 945 ὑφασμάτων
417 904 552 931 ποικίλων
575 903 605 947 ἐκ
628 901 765 941 διαφόρων
787 911 929 929 κατεσκευ-

103 946 219 989 σσμένον
233 951 402 989 χρωμάτων,
422 948 466 976 καὶ
481 950 565 975 ταῦτα
581 946 609 974 δὲ
632 949 685 974 τῶν
701 947 838 984 τεσσάρων
855 956 930 973 στοι-

103 997 187 1035 χείων
204 997 238 1031 ἦν
254 995 287 1023 τὰ
302 994 461 1032 αἰνίγματα.
478 993 508 1021 Ὁ
526 993 574 1029 μὲν
588 992 639 1029 γὰρ
650 991 782 1035 tantoa;
805 993 845 1026 τῷ
868 990 930 1028 ἆάρι

103 1033 257 1080 ἦροσὲοικε·
274 1039 304 1067 τὸ
327 1037 356 1066 δὲ
372 1036 508 1076 ῥοόοειδὶς
524 1037 541 1072 ἢ
558 1033 726 1074 κοκκοϐαιφὶς
745 1038 785 1072 τῷ
810 1035 886 1073 πυρὶ,
899 1035 931 1062 τὸ

105 1085 132 1114 δί
148 1083 315 1122 ἁλουργιχὸν
334 1082 430 1120 μηνύει
445 1083 494 1116 τήν
520 1080 668 1109 θάλατταν*
686 1079 773 1115 ἐκείνη
794 1080 844 1117 γὰρ
870 1080 930 1116 τρέ-

106 1141 148 1170 φει
162 1131 213 1165 τήν
229 1127 347 1166 κόχλον,
365 1127 390 1162 ἐξ
405 1127 434 1154 οὗ
449 1127 480 1154 τὸ
508 1128 631 1154 τοιοῦτον
654 1125 754 1170 γίνεται
777 1127 892 1170 χργῷμα·
913 1126 930 1158 ἡ

107 1175 134 1203 δὲ
150 1175 251 1213 βύσσος
269 1173 318 1207 τὴν
348 1175 409 1210 γῆν·
427 1171 456 1198 ἐκ
479 1171 578 1205 ταύτης
602 1170 651 1207 γὰρ
676 1169 786 1208 φύεσθαι
813 1169 929 1206 λίγεται.

108 1234 117 1246 .
135 1219 325 1256 Tegebantur
339 1217 427 1245 variis
443 1216 567 1244 texturis
582 1216 705 1243 diversns
723 1214 820 1242 tinctis
829 1214 931 1242 colori-

107 1267 172 1300 bus,
188 1264 239 1300 qui
255 1263 374 1299 quidem
388 1264 514 1297 quatuor
528 1260 673 1292 elementa
693 1259 930 1287 subindicabant.

105 1311 178 1338 Nam
191 1307 368 1345 hyacinthus
377 1307 414 1334 ad
425 1308 563 1334 naturam
574 1305 649 1332 aeris
659 1304 785 1338 accedit;
795 1311 931 1332 rosaceus

105 1357 203 1383 autem
220 1352 310 1386 color,
327 1360 377 1379 seu
395 1358 479 1378 cocco
495 1350 618 1382 tinctus,
634 1349 670 1376 ad
688 1351 823 1376 naturam
839 1347 930 1384 ignis;

105 1405 274 1436 purpureus
290 1398 387 1424 autem
400 1403 481 1422 mare
491 1394 660 1427 denotahat,
671 1393 699 1420 in
716 1401 774 1428 quo
785 1392 932 1420 enutritur

103 1443 227 1477 concha,
236 1441 314 1469 unde
321 1440 401 1468 color
410 1439 556 1476 ejusmodi
565 1437 702 1471 sumitur;
714 1437 820 1473 byssus
831 1438 930 1464 autem

103 1491 213 1516 terram
223 1485 378 1518 referebat,
390 1484 468 1512 unde
480 1482 561 1510 nasci
572 1482 690 1510 dicitur.
704 1481 872 1517 uJosephus
884 1481 931 1508 de-

105 1540 199 1565 mum,
213 1531 316 1563 lib.iit,
328 1537 390 1565 cap.
405 1529 432 1564 8,
445 1528 579 1564 Antiquit.
595 1535 603 1554 :
619 1527 657 1553 Τά
670 1535 699 1552 τε
714 1525 766 1563 γὰρ
787 1526 876 1564 φάρση
902 1524 932 1552 ἐκ

106 1575 243 1614 τεσσάρων
261 1573 409 1613 ὑφανθέντα
421 1572 471 1607 τὴν
491 1574 545 1599 τῶν
567 1570 710 1608 στοιχείων
737 1569 814 1608 φύσιν
839 1568 933 1604 δηλοῖ.

108 1622 145 1649 ’Ἡ
159 1612 254 1657 τεήγὰρ
273 1618 370 1656 βύσσος
385 1618 434 1652 τήν
447 1618 496 1655 γῆν
518 1615 714 1652 ἀποσημαίνειν
737 1612 820 1651 ἕθικε,
837 1613 882 1641 διὰ
905 1614 936 1641 τὸ

111 1665 238 1701 iga-517,;
262 1663 394 1694 ἀνιεῖσθαι
417 1661 461 1689 τὸν
489 1660 574 1689 λίνον·
591 1660 608 1694 ἣ
624 1671 653 1687 τε
674 1659 800 1698 πορφύρα
826 1660 875 1694 τὴν
891 1658 936 1685 ϐά-

112 1709 226 1745 λασσαν,
242 1710 280 1744 τῷ
297 1706 471 1745 πεφοινῖχθαι
486 1708 536 1740 τῆς
565 1703 671 1742 κόχλου
695 1706 734 1740 τῷ
760 1703 864 1740 α’ίματιι
889 1703 936 1730 τὸν

110 1753 137 1782 δὲ
153 1754 221 1790 ἀέρα
239 1750 366 1789 βούλεται
383 1748 484 1785 δηλοῦν
502 1750 519 1783 ἡ
538 1747 722 1783 ὗάκινθος,κπιὶ
734 1748 747 1774 ὁ
763 1747 850 1786 φοίνιξ
867 1745 890 1774 δ’
903 1746 936 1773 αὖ

107 1799 259 1835 τεκμήριον
275 1794 323 1823 τοῦ
339 1794 436 1832 πυρός.
456 1805 470 1820 «ι
484 1793 555 1822 Vela
572 1801 689 1829 quoque
706 1802 720 1821 s
736 1794 862 1828 quatuor
889 1800 936 1820 co-

107 1843 223 1872 loribus
240 1842 375 1869 contexta
390 1839 604 1867 elementorum
616 1840 752 1865 naturam
769 1838 935 1872 designant.

107 1889 181 1916 Nam
197 1887 305 1923 byssus
317 1887 424 1912 terram
436 1883 543 1911 referre
554 1882 679 1916 videtur,
695 1890 729 1910 ex
744 1890 804 1917 qua
818 1881 871 1909 lini
883 1881 937 1909 hoc

110 1940 206 1969 genus
219 1929 371 1967 provenit;
388 1936 519 1965 purpura
533 1935 601 1955 vero
613 1935 703 1962 mare,
720 1935 752 1954 eo
768 1926 846 1962 quod
867 1934 936 1953 con-

112 1977 201 2014 chylii
214 1982 317 2003 cruore
327 1974 366 2002 sit
378 1974 490 2006 fucata;
503 1979 599 1999 aerem
614 1979 681 1999 vero
700 1970 876 2007 hyacinthus
892 1979 937 1998 re-

113 2023 291 2059 praesentare
305 2018 430 2051 videtur,
446 2017 523 2045 sicut
537 2016 681 2053 puniceas
705 2015 783 2043 color
798 2015 905 2051 ignem.
925 2026 935 2039 υ

111 2066 216 2094 Merito
232 2064 322 2101 igitur
332 2063 464 2090 ordinem
476 2061 637 2089 dictionum
649 2061 876 2088 interturbatum
892 2067 937 2087 rc<

111 2110 278 2144 stituimus,
292 2116 358 2135 cum
371 2109 458 2135 antea
467 2106 509 2133 sic
520 2113 658 2141 expressa
668 2108 766 2133 essent
776 2105 842 2140 ista,
854 2104 938 2140 quasi

113 2155 256 2183 mulieres
272 2153 371 2180 essent
382 2152 491 2178 induta:
507 2149 776 2186 vestimentis,quan
788 2149 849 2177 suis
865 2148 940 2176 colo-

113 2201 198 2228 ribus
210 2198 355 2226 elementa
367 2196 620 2232 repraesentarent,
633 2194 683 2221 sed
695 2196 723 2221 et
733 2194 761 2221 in
773 2194 878 2221 Graecis
889 2194 939 2220 ad-

985 226 1172 262 etymologia,
1184 235 1268 262 quam
1287 227 1379 260 atteri,
1391 227 1468 262 quod
1485 226 1589 254 toralia
1604 226 1809 262 designentur,

985 272 1045 299 sive
1060 273 1184 307 tapetes,
1198 271 1306 306 quibus
1318 271 1384 299 lecti
1407 280 1463 299 non
1484 270 1592 299 lectica
1608 270 1811 298 insterneban-

986 319 1043 350 tur,
1074 324 1140 344 cum
1172 315 1416 351 discumberetur,
1445 318 1476 343 ut
1505 316 1581 352 apud
1607 315 1777 351 Virgilium,
1801 324 1810 343 ι

986 360 1092 388 ίΕνιείιί.
1110 369 1119 388 :

1041 405 1244 440 .....Straloque
1259 413 1340 440 super
1355 405 1539 432 discumbitur
1552 406 1635 433 ostro.

985 455 1031 482 Sic
1047 455 1124 490 apud
1140 454 1367 488 Tertullianum,
1384 455 1421 481 lle
1434 454 1532 489 pallio,
1548 463 1612 490 cap.
1629 455 1655 489 3,
1672 453 1811 490 intelligit

986 498 1132 527 Pamclius
1148 499 1220 526 illud
1246 499 1281 526 de
1299 507 1409 534 pavone
1427 508 1433 527 :
1450 510 1464 523 ‹‹
1487 499 1658 534 Quanquam
1685 501 1713 527 et
1737 508 1810 535 pavo

986 543 1088 579 pluma
1102 544 1201 578 vestis,
1218 546 1246 571 et
1266 543 1385 578 quidem
1410 544 1446 571 de
1473 544 1627 577 cataclitia,
1646 544 1705 572 imo
1729 544 1811 571 omni

987 588 1137 624 conchylio
1153 588 1329 624 depressior,
1343 598 1357 612 ››
1370 588 1398 615 id
1415 590 1470 620 est,
1482 588 1518 615 de
1533 589 1685 622 accubitis,
1702 589 1811 624 quibus

987 633 1022 660 ad
1040 633 1219 660 accumbend
1226 641 1274 660 um
1288 635 1454 666 utebantur,
1466 633 1583 660 tametsi
1595 633 1700 661 Suidus
1708 641 1765 660 non
1772 636 1813 660 to-

986 677 1070 710 ralia,
1087 677 1136 705 sed
1153 676 1258 710 κλίνας,
1283 676 1385 710 lectos,
1409 685 1473 705 esse
1500 677 1563 705 vult
1589 676 1623 703 τὰ
1650 676 1810 704 κατάχλίτα.

986 722 1040 749 Sed
1059 730 1111 750 nec
1128 721 1170 749 illi
1187 721 1408 749 assentiendum
1425 724 1506 757 puto,
1523 730 1575 749 nec
1592 722 1657 750 aliis
1673 722 1723 758 qui
1737 721 1812 759 παρὰ

984 767 1015 792 τὸ
1038 765 1215 799 κατακλύζειν
1244 766 1393 793 deducunt
1409 766 1480 793 illud
1500 778 1514 791 u
1540 766 1694 802 cataclitis,
1713 778 1723 791 υ
1743 774 1809 794 cum

985 811 1173 839 scribendum
1191 810 1288 846 potius
1313 810 1426 844 fuisset,
1443 811 1477 838 de
1499 811 1668 847 cataclystis
1684 819 1691 838 :
1709 819 1808 839 verum

985 855 1094 891 optime
1111 855 1271 891 conjecisse
1286 854 1488 883 doctissimum
1509 856 1694 883 Theodorum
1708 855 1810 883 Marci-

985 900 1058 928 lium
1073 900 1120 928 hic
1131 900 1359 934 emendandum,
1367 900 1402 928 de
1413 899 1585 934 cataclistis,
1593 908 1627 928 ex
1637 900 1808 935 Fortunato,

986 945 1037 972 lib.
1053 945 1089 972 De
1106 946 1198 973 vites.
1212 944 1335 977 Martini,

1040 989 1168 1025 Cycladis
1182 992 1230 1017 aut
1245 990 1334 1026 qualis
1349 985 1500 1017 cataclist‘is
1516 990 1604 1025 effera
1619 989 1700 1024 vasis,

987 1040 1016 1066 et
1031 1038 1106 1066 libro
1122 1047 1160 1072 iv,

1041 1088 1108 1122 Quae
1123 1097 1222 1116 manus
1237 1088 1352 1123 artiﬁcis
1366 1088 1536 1116 cataclislica
1552 1089 1600 1123 [ila
1614 1089 1740 1122 rotavil;

986 1139 1015 1164 et
1037 1145 1071 1164 ex
1098 1137 1230 1172 Apuleio,
1249 1138 1299 1164 lib.
1316 1146 1356 1170 xx,
1370 1148 1383 1162 ‹‹
1402 1138 1456 1165 Eas
1486 1146 1619 1165 ammnus
1647 1136 1812 1165 lectissimae

983 1182 1147 1215 juventutis
1171 1184 1250 1209 veste
1276 1182 1360 1209 nivea
1387 1184 1416 1209 et
1445 1182 1596 1209 cataclista
1621 1182 1749 1209 renitens
1765 1189 1811 1209 se-

987 1226 1132 1261 quebutur
1160 1226 1289 1259 chorus;
1315 1237 1329 1250 »
1360 1235 1416 1253 non
1444 1230 1540 1254 autem
1570 1234 1603 1253 ex
1633 1225 1811 1254 Tertulliano

986 1269 1190 1303 corrigendum
1226 1269 1392 1305 Apuleium,
1421 1274 1454 1297 ut
1483 1270 1595 1297 volebat
1627 1270 1671 1298 Jo.
1701 1270 1811 1298 Merce-

987 1313 1049 1340 rius
1075 1314 1103 1341 J.
1127 1315 1167 1346 (1.,
1194 1322 1260 1340 cum
1286 1313 1366 1341 illam
1391 1314 1625 1341 emendationem
1656 1314 1810 1341 conﬁrmet

987 1357 1048 1384 hinc
1072 1351 1156 1385 lectio
1187 1358 1276 1385 Graeci
1304 1360 1401 1385 textus
1426 1358 1506 1392 LXX,
1535 1358 1586 1385 ubi
1611 1358 1735 1394 θέριστρα
1758 1367 1809 1384 κα-

985 1400 1131 1428 τάκλειστα
1161 1402 1300 1430 dicuntur
1330 1411 1343 1426 «
1374 1402 1493 1437 palliola
1521 1402 1631 1436 clausa,
1654 1413 1668 1427 »
1695 1405 1724 1430 et
1752 1402 1809 1429 alia

985 1446 1192 1480 Senecm,lib,i
1210 1447 1246 1474 De
1261 1447 1417 1482 tranquill.,
1436 1449 1464 1473 et
1482 1447 1629 1474 Ammiani
1650 1446 1810 1474 Marcellini

985 1490 1059 1525 loca,
1075 1499 1109 1518 ex
1124 1491 1231 1526 quibus
1257 1493 1372 1518 constat
1395 1491 1595 1518 commendari
1622 1491 1811 1526 potissimum

950 1556 971 1589 Ο
990 1538 1094 1570 vestes,
1108 1544 1170 1571 quae
1187 1544 1221 1562 ex
1237 1535 1344 1562 arculis
1361 1535 1552 1570 proferuntur
1567 1543 1673 1571 pressas
1691 1536 1814 1571 penden-

994 1579 1072 1607 tibus
1090 1582 1122 1607 ut
1137 1580 1231 1615 magis
1247 1579 1422 1615 splendeant
1438 1588 1445 1606 :
1460 1588 1555 1616 neque
1566 1579 1649 1608 facile
1664 1588 1816 1608 occurrere

992 1624 1086 1660 possit
1097 1627 1207 1657 auctor,
1220 1624 1270 1660 qui
1285 1627 1380 1652 vestes
1392 1624 1543 1652 cataclitas
1561 1625 1651 1658 dicat,
1662 1625 1712 1652 sed
1736 1626 1817 1652 cata-

992 1668 1060 1696 clita
1072 1671 1187 1697 tantum
1199 1668 1304 1696 toralia
1313 1671 1464 1696 vocantur.
1477 1669 1508 1696 In
1524 1671 1603 1697 textu
1615 1669 1703 1697 etiam
1719 1669 1816 1697 Greece

993 1722 1008 1740 a
1019 1713 1150 1741 Gurterio
1161 1713 1237 1741 edito
1254 1721 1311 1741 non
1330 1711 1478 1740 κατάκλιται
1493 1713 1618 1750 legimus
1634 1714 1710 1749 apud
1728 1715 1814 1749 LXX,

993 1757 1045 1785 sed
1055 1756 1246 1786 κατάκλειστα.
1258 1758 1297 1786 Ex
1307 1758 1426 1786 Hebraeo
1437 1766 1495 1786 non
1512 1760 1608 1794 potest
1623 1758 1734 1794 liquere
1751 1761 1815 1786 utra

991 1811 1045 1830 vox
1056 1803 1094 1831 sit
1105 1804 1211 1839 aptior,
1224 1803 1301 1839 quod
1314 1803 1368 1830 hoc
1384 1803 1515 1830 additum
1537 1803 1575 1830 sit
1589 1803 1706 1830 Hebraeo
1721 1803 1812 1830 textui

992 1847 1104 1881 aLXX,
1123 1850 1154 1875 ut
1182 1856 1215 1875 ex
1243 1850 1270 1874 S.
1301 1847 1476 1883 Hieronymo
1497 1850 1620 1881 constat,
1649 1847 1699 1883 qui
1727 1847 1816 1875 habet

991 1895 1106 1920 tantum
1124 1904 1138 1918 (ι
1155 1895 1184 1920 et
1198 1892 1354 1920 theristra:
1373 1903 1387 1916 ››
1404 1900 1493 1928 quam
1505 1892 1541 1919 ob
1557 1900 1678 1920 causam
1690 1893 1816 1920 Basilius

993 1936 1090 1964 aithic
1101 1936 1185 1964 obelo
1201 1939 1331 1964 notatam
1348 1936 1429 1963 illam
1454 1935 1624 1970 dictionem,
1642 1937 1677 1965 ab
1701 1937 1817 1973 Aquila,

992 1981 1168 2017 Symmacho
1184 1983 1211 2008 et
1227 1981 1348 2016 reliquis
1363 1981 1560 2015 omissam,ut
1572 1983 1675 2009 caetera
1685 1981 1820 2017 obeloju-

993 2025 1171 2061 gulabantur
1187 2025 1217 2053 in
1230 2025 1359 2053 editione
1375 2025 1520 2061 Origenis,
1538 2034 1601 2061 qum
1617 2026 1734 2053 Hebrazo
1756 2027 1820 2053 fue-

994 2073 1059 2098 rant
1074 2071 1183 2104 addita,
1193 2071 1269 2098 sicut
1279 2072 1365 2097 antea
1377 2070 1406 2097 in
1426 2069 1497 2096 illud
1510 2070 1656 2098 Geneseos
1669 2071 1819 2098 annotavi-

994 2124 1071 2150 mus,
1080 2126 1092 2140 ‹‹
1101 2116 1135 2142 Et
1145 2117 1321 2150 congregata
1332 2116 1377 2141 est
1388 2121 1475 2149 aqua,
1488 2124 1502 2138 »
1513 2113 1673 2142 homil.4in
1684 2117 1818 2142 Ilcxaem.

1030 2160 1088 2187 Col.
1118 2160 1171 2187 330
1199 2162 1220 2186 Β
1248 2159 1274 2186 8.
1299 2161 1331 2186 Et
1359 2159 1514 2186 incensum.
1540 2159 1694 2194 Scriptura!
1722 2159 1819 2186 locum

994 2204 1227 2240 designavimus,
1244 2203 1271 2230 in
1288 2211 1346 2238 quo
1362 2203 1395 2230 fit
1413 2203 1521 2230 mentio
1546 2202 1602 2230 olei
1627 2203 1776 2232 unctionis
1792 2206 1820 2232 et

115 2245 174 2272 huc
186 2252 221 2271 ex
233 2242 303 2285 Ριεᾶ
315 2239 565 2285 ῌ-εοπίεεηάυω
578 2241 661 2285 es?“
672 2238 942 2285 alterOAngl-‘r’f'iﬁa
957 2241 980 2273 D
997 2238 1198 2284 thymiamatis
1217 2247 1450 2284 compositionis,
1468 2248 1545 2283 quod
1571 2247 1696 2283 Vulgata
1725 2260 1738 2273 ι(
1755 2249 1821 2285 thy-

117 2288 216 2315 ἐκεῖνοι
230 2282 368 2322 σύμϐολα,
383 2296 397 2310 ‹‹
413 2284 534 2320 indutae,
551 2283 649 2319 qualia
668 2285 751 2311 erant
774 2291 816 2317 ea,
834 2283 942 2319 quibus

118 2332 288 2362 sacerdotes
304 2329 409 2357 induti.
427 2338 440 2354 ι)

153 2385 228 2414 lbid.
262 2384 303 2411 lli.
338 2382 519 2410 Accabitoria.
550 2381 728 2417 Scripsimus
764 2382 943 2416 accubiloria,

117 2434 146 2460 et
174 2430 204 2458 in
234 2428 343 2457 Graecis
370 2424 467 2453 χαιτάκ)
479 2435 529 2459 ιτα,
546 2426 624 2461 quod
653 2426 683 2453 in
708 2434 771 2454 eam
789 2426 942 2454 lectionem

117 2473 307 2504 consentiant
318 2472 375 2500 duo
388 2470 470 2507 Regii
483 2471 512 2497 F.
528 2470 562 2498 Η.
579 2472 608 2498 et
622 2471 643 2498 Ι.
660 2479 726 2498 cum
742 2471 879 2506 Anglicis.
896 2472 944 2498 In—

117 2523 234 2555 terpres
248 2519 345 2544 tamen
361 2515 501 2551 quoniam
520 2515 548 2542 in
569 2514 671 2543 Bibliis
702 2515 894 2543 Plantinianis
919 2517 947 2543 et

121 2561 310 2592 Germanicis
325 2560 402 2596 apud
418 2559 590 2595 prophetam
608 2559 712 2595 legitur
727 2559 851 2596 Οὲριστρα
865 2558 946 2586 κατά-

121 2606 247 2640 χλειστα,
263 2607 400 2639 verterat,
414 2615 427 2629 (ι
450 2603 590 2631 theristra
614 2604 723 2631 clausa.
741 2615 754 2628 ›.
772 2605 805 2631 Et
827 2612 892 2631 vero
917 2604 947 2630 in

120 2651 305 2690 quibusdam
322 2650 412 2677 etiam
429 2648 527 2676 Basilii
545 2648 762 2685 exemplaribus
778 2649 818 2676 ita
835 2648 886 2683 legi
898 2648 948 2676 ad-

121 2698 224 2726 monet
234 2695 279 2722 vir
289 2693 481 2722 doctissimus
497 2693 658 2721 Flaminius
680 2693 814 2721 Nobilius
837 2693 866 2720 in
894 2693 951 2720 edi-

120 2743 203 2771 tione
215 2738 695 2773 BomanaLXX,quemadmodum
713 2741 740 2766 ot
758 2738 784 2764 in
802 2737 952 2766 nonnullis

122 2787 206 2815 [cuiae
232 2783 380 2821 propheta:
405 2782 490 2810 libris
519 2782 625 2810 Grmcis
644 2791 650 2810 ;
667 2785 866 2810 verumtamen
890 2782 953 2810 sine

279 2848 413 2878 ΡΑτιιω..
436 2845 494 2877 Gn.
520 2846 612 2876 ΧΧΧ.

997 2293 1107 2321 miama
1123 2295 1286 2320 aromatum
1304 2303 1318 2316 n
1334 2294 1426 2319 vocat.
1443 2294 1533 2320 Porro
1558 2301 1626 2320 cum
1649 2293 1697 2321 hic
1712 2293 1820 2329 aliquid

998 2338 1099 2365 deesse
1129 2337 1322 2364 arbitraretur
1349 2336 1505 2372 iuterpres,
1527 2337 1674 2372 adjecerat
1711 2338 1823 2374 aliquot

997 2383 1096 2416 verba,
1110 2385 1138 2410 et
1155 2390 1241 2409 unam
1254 2381 1405 2417 periodum
1420 2381 1531 2409 induas
1543 2382 1682 2410 diviserat
1698 2391 1704 2410 :
1723 2394 1736 2407 (ι
1754 2383 1823 2411 For-

998 2429 1076 2455 tasse
1100 2426 1179 2454 enim
1205 2428 1361 2462 postquam
1386 2425 1417 2452 in
1441 2426 1552 2462 templo
1584 2435 1649 2454 esse
1672 2430 1824 2463 cmperunt

1000 2471 1178 2507 voluptuosa:
1196 2470 1362 2506 fragrantia;
1377 2470 1569 2502 odores,tunc
1585 2474 1768 2507 unguentum
1779 2481 1825 2499 sa-

1001 2524 1055 2543 crze
1071 2515 1219 2543 unctionis
1235 2519 1262 2542 et
1279 2514 1441 2550 thymiama
1456 2516 1678 2551 compositionis
1693 2524 1756 2544 esse
1771 2517 1823 2543 de-

1002 2561 1125 2588 sierunt.
1143 2562 1174 2588 In
1191 2562 1298 2587 terram
1315 2559 1392 2586 enim
1414 2560 1579 2594 disjectum.
1596 2571 1610 2584 ››

1039 2605 1097 2632 Col.
1114 2606 1162 2632 331
1188 2608 1207 2631 υ
1226 2605 1252 2631 3.
1276 2607 1344 2632 Ante
1366 2605 1485 2631 virilem.
1514 2605 1656 2639 interpres
1684 2605 1825 2639 ediderat,

1006 2661 1018 2674 ‹‹
1037 2649 1151 2685 prmripi
1168 2651 1259 2676 morte
1281 2651 1348 2676 ante
1373 2656 1545 2675 messoriam
1574 2649 1697 2676 falcem:
1720 2661 1729 2674 η
1748 2651 1826 2685 quod

1006 2693 1097 2729 ἀκμήν
1115 2702 1171 2721 non
1188 2692 1439 2726 animadverterit,
1452 2701 1508 2720 non
1532 2693 1626 2720 solum
1655 2694 1744 2721 aciem
1769 2695 1829 2722 sive

1007 2738 1159 2773 cuspidem
1176 2746 1289 2772 sonare,
1307 2737 1356 2764 sed
1373 2737 1460 2764 etiam
1477 2737 1526 2771 τήν
1551 2736 1673 2773 νεότητι,
1690 2739 1829 2774 juventu-

1011 2786 1082 2816 tcm,
1098 2786 1125 2811 et
1150 2781 1175 2809 ἐν
1199 2782 1274 2817 ἀκμῇ
1299 2782 1360 2810 sive
1382 2780 1445 2812 τοὺς
1467 2781 1646 2818 ἀκμάζοντας,
1671 2786 1755 2813 (etate
1777 2785 1829 2813 ἢο-

1631 2847 1668 2877 35
