2029 3143
215 143 294 175 1099

809 144 925 174 NOTAE
947 143 1169 174 FBONTONIS
1191 143 1319 174 DUCEI

1842 141 1921 171 “00

212 211 320 243 rentes,
335 207 399 240 τοὺς
413 206 439 235 ἐν
455 209 490 245 τῇ
516 206 613 243 ἡλικίᾳ
628 207 819 244 καθεστηκυίᾳ,
835 211 866 237 ut
887 209 964 237 infra
989 211 1034 236 Βιλ·

1098 208 1245 246 ὑπόσχεσις
1269 208 1314 237 vel
1342 207 1508 245 ἐπαγγιλία·
1525 216 1591 236 cum
1617 207 1733 244 proprie
1747 208 1786 235 sit
1800 216 1922 244 posses-

213 254 298 283 silius
312 253 395 288 dixit,
412 253 437 280 oi
453 251 479 279 ἐν
495 250 593 288 ἡλικίᾳ
607 253 716 286 πάντες,
735 265 745 278 ι
763 254 810 289 qui
827 254 993 282 consistunt
1008 254 1037 281 in

213 299 307 327 mtatis
322 298 453 334 vigore.»
466 298 522 326 Sed
536 300 565 326 et
580 297 639 325 illic
649 306 665 325 a
681 300 778 326 mente
794 298 922 327 auctoris
933 299 1042 326 disces-

213 344 262 378 sit,
291 343 448 371 emendato
473 342 570 370 codice
595 343 756 370 destitutus
777 346 806 370 et
821 345 947 376 vertens,
967 354 981 368 ιι
1010 345 1042 370 ut

214 388 289 416 nulli
306 388 373 415 usui
389 395 549 423 occupasse
564 387 720 414 videantur
741 395 801 415 sum
828 388 918 415 robur
937 387 1041 420 cetatis,

216 435 353 461 autcerte
364 432 433 468 quia
447 431 555 460 auxilio
571 431 705 459 destituti
722 432 790 467 sinl,
807 440 864 460 non
881 432 1040 460 admodum

216 476 350 506 difﬁciles
366 477 402 504 ad
417 475 568 504 toleranda
582 476 681 504 omnia
697 485 704 510 ;
721 486 735 502 »
751 485 851 504 verum
868 485 902 504 cx
917 476 1005 512 Regio
1014 478 1043 504 et

215 523 236 550 Ι.
254 521 467 550 restituendum
484 523 528 548 est
543 519 560 554 ἦ
578 518 622 547 διὰ
637 520 667 546 τὸ
681 517 848 555 ἀϐοήθητος.

250 565 309 594 Col.
325 566 378 593 334
402 565 422 593 C
445 565 472 593 3.
503 567 535 593 Ει
562 565 728 593 molestiam.
758 566 813 593 Pro
842 565 931 602 ἀγῶνα
958 565 1041 592 αὐτοῦ

213 612 369 639 annotarat
383 609 508 638 Tilman.
521 618 552 637 se
576 609 672 645 legere
692 609 811 646 ἀγωνίαν
838 609 952 644 ἑαυτῶν,
969 610 1039 637 scri-

213 657 370 691 pseratque
386 665 401 680 «
417 653 500 690 proin
513 653 586 682 velle
600 662 631 681 se
646 653 740 682 levare
757 656 783 682 et
798 654 942 682 consolari
955 662 1039 682 suam

212 698 365 727 orbitatem
381 698 485 726 dicunt
500 698 587 726 simul
604 698 703 734 plures
720 707 726 726 :
747 710 756 723 ι
776 707 829 727 nos
845 701 945 727 contra
970 707 1040 726 con-

212 751 333 772 sensum
361 743 494 771 omnium
510 743 645 771 codicum
656 743 730 770 nihil
743 745 770 770 in
781 743 888 771 Graecis
900 744 1039 771 immuta~

213 788 320 822 vimus,
336 787 387 815 sed
403 787 432 815 in
448 787 570 821 Latinis,
587 789 660 815 utet
676 787 763 823 paulo
779 790 845 823 post
867 790 972 824 χρῆσον
996 796 1039 815 re-

213 832 368 867 tinuimus,
379 839 474 868 neque
489 840 555 860 cum
571 831 622 859 illo
638 832 818 860 correximus
837 831 981 866 κεκλήσθω
1001 830 1040 870 ἐφ’

213 878 297 913 ἡμᾶς,
317 888 327 902 ι
353 877 504 904 invocetur
529 883 618 912 super
641 884 706 904 nos.
729 888 740 901 ι
759 877 831 912 lmo,
846 888 859 901 ‹‹
884 877 1079 928 commoda.B

213 922 299 950 nobis
314 929 432 954 nomen,
449 924 481 948 ut
493 921 627 948 dicamur
642 929 747 949 uxores
763 921 831 949 talis
845 921 908 948 viri.
926 932 936 946 ι

248 974 308 1003 Col.
335 974 388 1002 335
413 974 432 1001 ί]
459 975 502 1001 11.
519 974 586 1002 Cum
608 975 684 1002 enim
697 975 823 1010 propria.
841 976 909 1008 Quae
929 974 1036 1002 fuerint

214 1028 230 1047 a
245 1019 331 1047 nobis
346 1021 491 1055 expuncto.
507 1012 564 1046 non
581 1020 847 1054 cxprimemus,sed
862 1021 891 1047 et
905 1019 953 1046 hic
966 1019 1035 1046 etin

215 1064 280 1092 aliis
296 1063 386 1099 hujus
401 1063 606 1091 commentarii
622 1063 704 1098 locis,
721 1072 784 1099 quae
806 1064 962 1092 immutata
977 1064 1037 1091 sint

212 1108 255 1137 vel
269 1108 434 1143 emendata,
452 1108 587 1144 pluribus
601 1117 657 1136 non
683 1116 875 1144 exponemus,
891 1115 928 1136 ne
947 1107 1036 1144 proli-

211 1154 306 1181 xiores
317 1153 377 1181 sint
385 1153 428 1180 hae
439 1155 525 1186 note,
535 1155 711 1189 tantumque
722 1153 814 1189 digito
831 1153 911 1181 velut
926 1153 1038 1181 intento

213 1197 412 1225 indicabimus
429 1205 478 1225 eas
493 1197 664 1232 sententias,
682 1205 746 1233 quae
762 1206 828 1225 cum
846 1197 912 1225 aliis
927 1197 1037 1225 collata

211 1241 478 1276 cditionibus,quid
490 1241 518 1268 in
529 1241 582 1268 hac
591 1241 809 1269 Graeco-Latina
823 1242 861 1270 sit
874 1242 1035 1277 praestitum

210 1285 310 1314 lectori
321 1285 454 1313 studioso
467 1285 687 1321 signiﬁcabunt.
701 1286 812 1321 Pagina
820 1286 953 1322 sequenti
965 1286 1036 1313 scri-

211 1331 327 1367 psimus
337 1328 450 1367 κρίσεως
466 1328 557 1365 ἡμέρα
572 1337 623 1365 pro
632 1328 745 1359 κτίσεως
762 1338 795 1357 ex
812 1331 842 1358 F.
859 1330 893 1357 ll.
906 1332 935 1358 et
950 1330 1037 1366 paulo

211 1377 280 1410 post
294 1373 401 1410 λεῖμμα
418 1382 469 1410 pro
485 1372 597 1409 λῆμμαθ
614 1373 686 1402 illud
702 1374 760 1401 κατ’
776 1372 893 1411 ἐκλογὴν
904 1374 1035 1412 ’χάριτος,

211 1419 361 1448 secundum
377 1418 537 1447 electionem
560 1420 669 1454 gratia,
686 1420 730 1447 est
754 1419 790 1446 ad
813 1419 937 1448 Roman.
953 1427 992 1454 xi,
1007 1419 1035 1448 5.

245 1472 306 1501 Col.
324 1472 378 1500 342
392 1472 415 1499 Α
429 1473 457 1499 2.
473 1472 591 1507 Quando
606 1473 701 1508 igitur.
718 1471 863 1500 Omiserat
887 1472 935 1500 hic
959 1473 1036 1500 inte-

213 1525 296 1553 gram
311 1516 421 1544 lineam
437 1516 526 1544 Graeci
540 1518 636 1544 textus
652 1516 806 1552 interpres,
821 1525 909 1553 quam
925 1519 954 1545 et
979 1517 1035 1545 Re—

210 1561 275 1597 gius
287 1560 452 1596 F.exbibet,
461 1562 489 1588 et
500 1568 604 1588 novam
617 1560 770 1596 periodum
781 1561 934 1588 inchoaret
948 1562 1035 1589 verba

1097 254 1140 282 sio
1157 261 1163 282 :
1181 253 1256 281 Psul.
1274 262 1303 288 ιι,
1319 254 1336 280 8
1352 261 1359 280 :
1376 253 1461 280 Δώσω
1490 262 1531 279 σοι
1561 250 1624 287 ἔθνη
1652 251 1701 286 τὴν
1729 251 1920 289 κληρονομίαν

1097 307 1164 331 σου,
1196 297 1240 324 καὶ
1280 297 1329 331 τήν
1369 296 1531 334 κατάσχεσίν
1569 306 1616 323 σου
1659 295 1693 322 τὰ
1726 296 1829 334 πέρατα
1871 299 1921 330 τῆς

1096 342 1159 378 γῆς”
1177 342 1247 369 Dabo
1273 342 1324 369 tibi
1346 346 1439 376 gentes
1463 342 1651 370 haereditate":
1669 343 1755 376 tuam,
1772 345 1799 368 ιιι
1811 349 1921 376 posses-

1095 388 1200 414 sionem
1215 391 1290 414 luam
1304 387 1435 414 terminos
1455 390 1536 414 terra:
1551 395 1561 413 .·
1576 388 1605 414 et
1617 386 1694 413 idem
1718 385 1840 413 verbum
1865 388 1921 413 He-

1097 431 1207 458 brzeum
1222 429 1396 467 κληρονομία
1411 430 1535 458 vertitur
1550 431 1575 458 Il
1600 429 1777 466 Paralipom.
1799 439 1879 462 xxxx,
1895 431 1920 458 1.

1132 483 1191 511 Col.
1207 484 1261 511 356
1276 488 1297 511 Α
1322 485 1350 511 8.
1368 483 1601 519 Quandoquidem.
1619 484 1684 511 [liae
1706 492 1824 519 quoque
1849 492 1924 519 pra-

1096 529 1234 556 termissa
1260 529 1377 556 fuerant
1401 529 1438 557 ab
1463 528 1630 564 antiquario
1653 536 1703 556 seu
1719 528 1852 560 librario,
1870 529 1921 564 qui

1096 573 1218 608 Regium
1236 573 1267 600 F.
1283 573 1432 609 excripsit,
1449 573 1588 601 restituta
1602 581 1637 600 ex
1651 572 1741 600 altero
1770 573 1863 608 Regio
1891 573 1924 600 ll.

1095 620 1124 644 et
1137 617 1275 653 Anglicis,
1287 626 1353 645 cum
1370 617 1505 646 versione
1520 626 1592 645 sua:
1614 625 1699 653 porro
1713 617 1786 645 illud
1803 616 1830 644 ἐν
1846 617 1924 654 χειρὶ

1098 661 1208 697 μεσίτου
1223 664 1267 689 est
1281 670 1315 689 ex
1330 662 1422 698 Epist.
1441 662 1476 690 ad
1499 661 1592 690 Galat.
1618 670 1660 694 ιιι,
1682 662 1725 690 19.
1751 662 1791 690 De
1815 662 1924 698 angelo

1095 706 1217 734 custode
1235 706 1395 742 unicuique
1419 706 1560 734 attributo
1584 706 1695 734 dictum
1713 708 1758 734 est
1779 706 1865 741 alibi,
1892 707 1922 734 in

1096 750 1243 787 psalmum
1265 759 1366 785 xxxiii,
1382 751 1400 778 3
1415 760 1422 779 :
1439 751 1558 779 lmmitel
1567 751 1695 786 angelus,
1709 751 1752 779 vel
1767 753 1923 779 castrame-

1095 796 1212 823 labitur.

1130 841 1188 868 Col.
1213 841 1266 868 362
1297 841 1315 868 Β
1340 842 1365 868 1.
1392 843 1451 870 Νοη
1477 843 1517 868 cst
1544 841 1628 868 enim.
1659 840 1751 868 Locus
1770 842 1816 868 est
1841 840 1925 868 Jere-

1095 885 1159 912 mia:
1185 893 1243 918 xxv,
1267 885 1388 918 22εΜὴ
1418 883 1489 911 ἔστιν
1520 883 1545 911 ἐν
1576 882 1702 915 εἰδώλοις
1731 883 1815 916 ἐθνῶν
1849 884 1924 911 ὐετί-

1096 931 1168 963 ζων;
1195 929 1246 957 Καὶ
1275 929 1297 956 εἷ
1327 929 1341 956 ὁ
1362 929 1477 965 οὐρανὸς
1509 927 1589 956 δώσει
1622 928 1786 964 πλησμονὴν
1825 928 1923 962 αὐτοῦ,

1095 973 1158 1011 οὐχί
1174 973 1205 1000 σὺ
1221 973 1317 1008 αὐτός;
1338 975 1473 1010 Nunquid
1497 975 1534 1002 est
1557 976 1587 1001 in
1611 974 1693 1001 idolis
1719 975 1857 1009 gentium,
1874 975 1925 1009 qui

1093 1019 1188 1054 pluat!’
1198 1018 1273 1052 Quod
1287 1019 1311 1046 si
1325 1019 1423 1046 crtum
1438 1018 1513 1046 dabit
1535 1019 1695 1046 satietatem
1717 1026 1809 1053 suam,
1826 1027 1924 1046 nonne

1094 1067 1124 1091 tu
1138 1072 1166 1091 es
1179 1064 1254 1099 ipse?
1269 1063 1344 1091 Alter
1360 1066 1469 1097 autem,
1485 1064 1517 1091 Et
1531 1064 1629 1099 pluam
1652 1071 1736 1099 super
1756 1071 1856 1098 unam,
1875 1063 1922 1090 ni-

1094 1107 1134 1135 hil
1150 1107 1296 1143 discrepat
1307 1116 1324 1135 a
1339 1108 1434 1136 verbis
1449 1109 1537 1135 Amos
1553 1117 1591 1143 1v,
1606 1109 1633 1134 7.
1650 1107 1767 1136 Tertius
1795 1108 1919 1135 demum

1093 1156 1138 1180 est
1153 1152 1310 1180 Ezechielis
1326 1161 1363 1186 ιν,
1379 1153 1406 1186 6,
1424 1153 1556 1180 nonnihil
1577 1152 1710 1179 diversus
1727 1160 1734 1179 :
1750 1151 1813 1180 illic
1837 1152 1918 1180 enim

1093 1197 1179 1225 estin
1196 1197 1299 1225 Bibliis
1315 1197 1524 1225 Basiliensibus
1539 1199 1568 1224 et
1586 1197 1664 1233 apud
1689 1196 1919 1233 Polychronium

1094 1244 1182 1277 atque
1197 1242 1225 1269 in
1242 1241 1595 1277 manuscriptis,quorum
1607 1241 1743 1269 meminit
1753 1241 1921 1269 Flaminius

1092 1286 1224 1313 Nobilius
1237 1294 1243 1313 :
1256 1285 1305 1312 Καὶ
1321 1285 1373 1323 ἐγὼ
1390 1284 1494 1312 δέδωκά
1509 1295 1551 1312 σοι
1563 1285 1611 1315 τὰς
1626 1283 1674 1312 δύο
1698 1282 1803 1315 ἀδικίας
1829 1284 1919 1312 αὐτῶν

1093 1329 1130 1360 εἰς
1167 1329 1283 1367 ἀριθμὸν
1318 1330 1430 1366 ἡμερῶν
1467 1328 1641 1364 ἐννενήκοντα
1677 1327 1721 1356 καὶ
1758 1329 1920 1367 τριακοσίας

1092 1374 1207 1411 ἡμέρας·
1220 1386 1234 1400 ‹‹
1247 1375 1282 1402 Et
1291 1382 1345 1410 ego
1357 1374 1423 1402 dedi
1434 1374 1486 1402 tibi
1508 1375 1582 1402 duas
1597 1374 1768 1410 iniquitates
1783 1374 1920 1409 ipsorum

1091 1419 1121 1447 in
1137 1427 1294 1447 numerum
1309 1419 1422 1447 dierum
1441 1419 1602 1455 nonaginta
1610 1418 1721 1447 scilicet
1730 1420 1759 1446 et
1768 1421 1920 1446 trecentos

1091 1464 1164 1492 dies.
1181 1475 1195 1489 »
1212 1466 1240 1492 S.
1258 1463 1455 1500 Hieronymus
1468 1464 1498 1491 in
1513 1471 1580 1491 eum
1605 1463 1702 1491 locum
1727 1465 1857 1491 testatur
1877 1464 1921 1491 ita

1091 1508 1171 1536 LXX
1186 1508 1326 1543 edidisse;
1342 1509 1471 1544 itemque
1487 1508 1635 1544 Aquilam,
1652 1508 1865 1544 Symmachum
1890 1513 1921 1536 et

1091 1552 1332 1589 Theodotionem,
1356 1552 1424 1581 licet
1446 1553 1565 1589 vulgata
1588 1552 1767 1588 exemplaria
1793 1555 1918 1580 centum

208 1583 261 1633 iolla
283 1606 410 1638 vertens,
426 1583 470 1631 uixi
496 1604 510 1631 ὁ
532 1583 627 1642 λόγοςι
637 1604 795 1639 αἰνίσσεται,
813 1617 827 1630 «
845 1605 919 1637 Quin
945 1606 1034 1634 etiam

1094 1598 1253 1633 nonaginta
1268 1583 1361 1626 annos
1377 1583 1526 1639 habeant:
1542 1600 1571 1625 at
1596 1583 1735 1632 Basilius,
1752 1605 1805 1633 pro
1826 1605 1919 1625 nona-

210 1650 299 1678 tacite
328 1649 426 1677 innuit
453 1649 529 1677 duas
557 1657 622 1677 esse
651 1649 763 1685 species
786 1650 984 1686 baptismatis,
1000 1659 1037 1678 ne

210 1693 328 1729 quando
335 1693 370 1721 ad
378 1693 541 1721 ternionem
549 1701 642 1729 usque
649 1694 1036 1734 progrediaturbaptisma.»

210 1741 296 1766 Porro
326 1737 411 1772 illud,
428 1738 535 1773 πνεῦμα
563 1736 695 1773 καύσεως,
708 1739 839 1774 spiritum
862 1739 984 1773 ardoris,
1001 1739 1036 1768 de

210 1783 358 1819 baptismo
374 1782 463 1810 etiam
480 1782 600 1818 exponit
615 1781 738 1818 Cyrillus
762 1783 977 1811 Alexandrinus
1006 1783 1035 1811 in

212 1827 453 1856 Commentario:
470 1826 598 1857 Καύσεως
625 1825 654 1853 δὲ
677 1825 783 1863 πνεῦμά
809 1837 894 1866 φαμεν
916 1828 966 1862 τὴν
992 1827 1036 1855 ἐπὶ

213 1873 261 1899 τοῦ
289 1871 366 1910 ἁγίου
395 1869 554 1907 ΙΙνιύματος
583 1869 663 1908 χάριν
693 1870 723 1898 οὐ
749 1869 813 1908 δίχα
840 1871 991 1908 πνεύματος
1008 1871 1034 1899 ἐν

215 1917 281 1952 ἡμῖν
297 1915 453 1953 γινομένην.
472 1927 486 1941 ‹‹
513 1916 630 1944 Ardoris
659 1923 725 1944 vero
746 1917 885 1952 spiritum
909 1917 1035 1945 dicimus

213 1961 338 1997 gratiam
353 1961 384 1988 in
401 1962 588 1988 sacrosancto
603 1960 761 1996 baptismo,
778 1969 836 1989 non
850 1962 961 1998 absque
980 1962 1037 1998 spi-

211 2006 270 2033 ritu
284 2005 370 2033 nobis
385 2005 597 2041 ingeneratum.
614 2016 628 2029 »

244 2050 305 2079 Col.
334 2051 386 2079 346
408 2052 427 2078 C
453 2050 478 2077 1.
503 2051 536 2078 El
568 2050 643 2078 male
673 2051 857 2086 obsequentes.
881 2050 943 2078 Non
972 2051 1034 2078 ani-

210 2095 368 2124 madvertit
382 2094 531 2132 Evangelii
557 2097 585 2122 et
610 2094 736 2131 apostoli
759 2094 840 2123 Pauli
865 2095 962 2123 verbis
991 2096 1033 2123 uti

209 2140 350 2169 Basilium
367 2139 522 2175 interpres,
535 2150 549 2164 ‹‹
563 2139 690 2175 maligne
701 2139 898 2175 obsequentes
906 2142 1034 2168 attentos

207 2185 390 2220 reddebat,»
415 2185 454 2220 et,
474 2195 490 2209 ‹‹
513 2183 681 2212 lameniatio
710 2188 771 2212 erat
799 2184 1033 2220 imposnitentem

207 2229 366 2258 conficiens
393 2236 517 2256 mmrore
548 2236 581 2256 ac
606 2228 727 2256 tristitia
742 2229 778 2256 ad
795 2228 953 2257 salutem.»
972 2230 1032 2258 Imo

1092 1642 1174 1678 ginta
1187 1644 1216 1670 et
1229 1644 1385 1677 trecentos,
1402 1635 1484 1677 dixit,
1501 1653 1513 1668 α
1530 1642 1690 1678 nonaginta
1703 1644 1773 1670 tres.
1792 1653 1807 1666 »

1127 1695 1187 1723 Col.
1216 1695 1269 1723 366
1294 1697 1316 1722 Β
1343 1696 1371 1722 7.
1401 1696 1433 1723 Ει
1461 1695 1556 1723 oculus
1581 1695 1739 1723 inexlmusl.
1766 1695 1920 1731 lnterpres

1091 1739 1259 1775 scripserat,
1267 1747 1375 1774 «quam
1387 1739 1411 1767 si
1426 1739 1575 1767 deﬁnieris
1589 1742 1685 1767 tecum
1703 1739 1777 1767 nihil
1793 1740 1920 1768 omnino

1091 1784 1251 1819 possidere.
1271 1794 1284 1808 υ
1298 1785 1334 1811 At
1349 1783 1533 1819 συνορίζεσθαι
1548 1792 1605 1812 non
1630 1786 1674 1812 est
1697 1783 1744 1811 hic
1763 1794 1778 1810 ι
1792 1784 1920 1812 deﬁnire

1091 1828 1167 1864 apud
1186 1836 1255 1862 se,»
1271 1836 1371 1856 verum
1386 1838 1400 1855 ι
1417 1828 1650 1864 conﬁniojungi.
1666 1840 1680 1854 »
1696 1828 1787 1856 Paulo
1803 1831 1872 1865 post
1887 1829 1918 1857 in

1092 1881 1147 1900 ms.
1165 1875 1192 1901 Ε.
1211 1880 1362 1913 perperam
1379 1873 1521 1909 scriptum
1538 1873 1593 1900 fuit
1607 1872 1637 1899 οὐ
1653 1871 1747 1908 λήψει,
1764 1873 1844 1901 unde
1860 1873 1919 1901 Til-

1092 1925 1219 1945 mannus
1232 1919 1370 1952 verterat,
1389 1928 1400 1942 ι
1416 1918 1479 1954 ipse
1495 1919 1591 1946 autem
1608 1917 1680 1945 nihil
1694 1917 1816 1945 omnino
1827 1918 1879 1946 abs
1889 1921 1918 1946 te

1091 1962 1230 1997 accipiet:
1244 1973 1258 1987 n
1282 1964 1312 1990 at
1331 1962 1423 1990 multo
1448 1962 1557 1990 rectius
1572 1962 1601 1989 in
1618 1962 1651 1990 Η.
1670 1965 1698 1990 et
1713 1963 1746 1990 A.
1764 1961 1795 1988 οὐ
1813 1961 1913 1998 λείψει,

1091 2017 1105 2031 ‹‹
1122 2015 1179 2034 non
1197 2006 1320 2034 deﬁciet.
1334 2018 1348 2032 π

1125 2050 1185 2079 Col.
1201 2051 1251 2078 371
1270 2052 1287 2078 A
1305 2052 1347 2079 10.
1363 2052 1447 2079 Juxta
1462 2052 1562 2088 igitur.
1580 2051 1641 2079 Non
1669 2053 1702 2078 ut
1725 2053 1811 2079 antea
1840 2054 1913 2085 erat,

1091 2106 1104 2120 α
1117 2096 1202 2131 juxta
1215 2095 1307 2132 igitur
1316 2096 1498 2131 parcemiam,
1514 2107 1527 2121 ››
1545 2104 1581 2124 ne
1596 2096 1663 2132 quis
1678 2096 1836 2132 profanum
1850 2105 1914 2124 esse

1089 2142 1172 2175 putet
1183 2140 1320 2176 adagium
1331 2148 1337 2167 :
1350 2142 1394 2168 est
1404 2140 1482 2168 enim
1492 2141 1568 2176 apud
1580 2140 1778 2173 Salomonem,
1791 2143 1913 2169 Prover—

1088 2184 1162 2212 δίον.
1192 2193 1272 2218 XXXII,
1302 2185 1333 2212 31
1363 2193 1369 2212 :
1396 2183 1429 2212 Ei
1457 2185 1508 2222 γὰρ
1538 2184 1576 2215 εἷς
1601 2184 1649 2215 τὰς
1679 2183 1780 2223 φιάλας
1808 2184 1853 2212 καὶ
1880 2185 1914 2211 τὰ.

1087 2229 1207 2266 ποτήρια
1243 2227 1295 2264 δῷς
1329 2228 1392 2260 τοὺς
1430 2228 1588 2267 ὀφθαλμούς
1625 2239 1683 2256 σου.
1713 2229 1744 2257 Si
1773 2231 1849 2258 enim
1883 2231 1912 2257 in

206 2272 415 2310 ἀμεταμέλητον
448 2271 583 2310 σωτηρίαν
613 2273 696 2307 dieit,
719 2281 775 2300 non
804 2273 953 2302 hominem
975 2275 1030 2302 im-

1094 2273 1196 2301 i/zialas
1221 2276 1248 2302 et
1267 2274 1368 2309 pocula
1392 2274 1504 2302 dederis
1528 2274 1619 2302 oculos
1643 2277 1709 2302 tuos.
1733 2275 1816 2307 Quod
1846 2282 1912 2302 vero

204 2318 404 2354 pcenitentem,
421 2317 473 2345 sed
503 2318 626 2345 salutem
656 2317 868 2353 ἀμετακίνητον·
886 2318 928 2347 vel
953 2322 1030 2347 certe

206 2363 350 2399 μετάνοιαν
380 2361 591 2398 ἀμεταμέλητον
629 2362 701 2390 dixit
729 2362 896 2398 Apostolus,
928 2363 953 2391 Il
981 2365 1030 2391 Co-

202 2407 294 2435 rinth.
310 2416 361 2442 vn,
379 2408 422 2440 10,
437 2407 638 2442 pwnitenliam,
655 2407 733 2442 cuius
747 2415 796 2435 nos
814 2415 870 2435 non
886 2409 1027 2443 paeniteat,

202 2454 236 2480 ut.
247 2452 322 2480 dona
336 2451 384 2480 Dei
402 2451 543 2479 dicuntur
568 2450 773 2488 ἀμεταμέλητα,
791 2452 913 2480 Roman.
940 2461 960 2486 ι,
982 2453 1027 2487 29,

201 2500 290 2534 atque
305 2497 346 2525 ita
360 2497 476 2525 videtur
505 2496 653 2532 accepisse
677 2497 706 2524 S.
727 2496 855 2525 Joannes
879 2497 1025 2533 Chrysost.

200 2542 302 2570 homil.
331 2542 387 2569 15:
412 2539 509 2571 Οὐδεὶς
539 2541 634 2567 ἑαυτοῦ
663 2540 873 2578 καταγνώσεται,
902 2540 945 2568 ἐὰν
974 2540 1025 2568 λυ-

199 2585 276 2623 πηοῇ
301 2585 342 2624 ἐφ’
372 2584 500 2622 ἁμαρτίᾳ,
530 2584 573 2612 ἐὰν
603 2585 736 2621 πενθήσῃ,
764 2585 809 2612 καὶ
841 2585 934 2612 ἑαυτὸν
964 2596 1025 2613 συν-

197 2630 292 2668 τρίψῃ·
311 2631 441 2666 «Neque
461 2630 540 2658 enim
562 2630 718 2666 quisquam
746 2639 878 2666 unquam
906 2631 962 2658 sibi
991 2640 1024 2659 eo

198 2676 317 2704 nomine
336 2675 532 2709 succensebit,
543 2675 621 2711 quod
637 2675 673 2702 ob
690 2677 809 2711 peccata
824 2683 887 2702 sese
903 2684 1025 2704 mmrore

197 2720 342 2756 alflixorit,
355 2723 443 2756 atque
464 2720 625 2748 obtriverit.
645 2731 655 2746 ι
675 2721 754 2747 lnlra
768 2719 817 2753 τὴν
837 2723 888 2757 γῆν
903 2721 954 2755 τῆς
975 2731 1022 2748 κα-

195 2764 347 2800 τασχέσεως
362 2765 445 2800 dixit,
458 2765 534 2801 quod
556 2765 729 2793 Tilmannus
744 2765 840 2799 vertit,
857 2776 871 2790 (ι
895 2766 1021 2801 promis-

195 2808 297 2844 sionis,
311 2819 326 2834 »
345 2809 427 2844 quasi
452 2809 613 2846 κατάσχεσις
632 2810 709 2838 idem
735 2810 782 2838 hic
806 2810 925 2844 valeret,
942 2812 1018 2845 quod

1085 2319 1220 2354 sequitur
1247 2317 1293 2345 τδν
1320 2317 1503 2355 γενεσιουργὸν
1536 2317 1645 2354 ἐννοεῖν,
1662 2321 1708 2346 est
1734 2327 1768 2346 ex
1788 2319 1910 2355 Sapien-

1084 2363 1132 2390 tiae
1146 2371 1210 2398 xm,
1225 2363 1252 2390 5.
1270 2363 1423 2399 Ψυκτήρων
1440 2363 1473 2390 ﬁt
1494 2363 1612 2397 mentio,
1630 2364 1640 2391 Ι
1655 2363 1739 2391 Esdr.
1757 2372 1777 2398 ι,
1793 2364 1821 2392 9.

1119 2407 1179 2436 Col.
1206 2408 1256 2435 371
1286 2408 1309 2435 D
1339 2408 1365 2435 l.
1391 2408 1583 2436 Saecularium.
1608 2409 1671 2438 Ταῖς
1699 2405 1795 2442 ἔξωθεν
1826 2409 1908 2443 dixit,

1082 2455 1115 2481 ut
1140 2453 1176 2481 ab
1198 2453 1405 2482 ecclesiasticis
1434 2453 1589 2482 saeculares
1610 2454 1784 2490 distinguat,
1811 2463 1870 2482 non
1894 2463 1910 2482 a

1082 2498 1258 2526 Christianis
1272 2498 1394 2535 gentiles
1419 2501 1470 2526 aut
1494 2507 1636 2535 paganus,
1653 2499 1907 2535 quemadmodum

1081 2542 1225 2570 intellexit
1239 2543 1394 2579 interpres,
1414 2553 1427 2569 ι
1443 2545 1476 2571 ut
1491 2543 1672 2579 praefecturis
1695 2543 1764 2571 istis
1789 2552 1806 2571 a
1825 2544 1908 2571 Chri-

1081 2587 1178 2616 stiana
1189 2588 1355 2624 frugalitate
1371 2588 1596 2616 abhorrentibus
1614 2587 1747 2616 nonnihil
1762 2591 1910 2616 accrescat

1081 2632 1252 2660 honestatis.
1271 2644 1285 2658 »
1303 2633 1415 2661 Rursus
1432 2633 1570 2661 omiserat
1584 2631 1710 2666 illud,ro
1725 2631 1909 2660 ἐπονείδιστον

1079 2676 1305 2714 περιστέλλουσα,
1329 2680 1444 2706 tantum
1479 2678 1556 2705 enim
1590 2677 1761 2713 scripserat,
1788 2690 1801 2703 ιι
1829 2678 1905 2714 quod

1078 2722 1164 2758 plane
1175 2722 1403 2758 vituperandum
1421 2725 1474 2750 est.
1492 2733 1506 2747 »

1113 2767 1171 2794 Col.
1188 2768 1240 2794 379
1264 2767 1284 2794 Ο
1299 2769 1326 2795 6.
1353 2767 1393 2795 Ad
1408 2775 1541 2795 occasum.
1559 2766 1622 2794 Non
1653 2768 1686 2794 ut
1712 2769 1799 2795 antea
1832 2770 1904 2798 erat,

1077 2823 1090 2836 ι(
1102 2811 1137 2839 ad
1154 2811 1316 2840 retinacula
1330 2812 1411 2847 vitae;
1426 2823 1440 2837 »
1457 2819 1608 2848 perperam
1620 2811 1702 2839 enim
1725 2811 1841 2840 calamo
1861 2820 1902 2839 ex-
