2029 3143
99 152 172 182 1101

710 154 748 184 lN
770 153 976 184 COMMENT.
999 153 1038 184 IN
1061 152 1198 184 lSAIAM

1727 153 1806 195 “013

97 220 212 246 aratum
229 220 292 246 erat
306 218 336 246 in
346 218 376 246 F.
391 216 473 256 μέχρι
483 219 537 245 τῶν
553 217 671 255 δεσμῶν.
687 221 725 247 At
735 219 914 247 emendatur!

980 219 1099 247 ﬂamma
1115 227 1236 247 accensa
1252 227 1259 247 :
1280 229 1290 243 α
1308 219 1498 256 quamobrem
1514 228 1586 248 sane
1601 220 1804 258 mirum,qu_od

97 265 142 290 est
156 271 191 290 ex
208 263 240 290 H.
258 264 286 290 et
299 264 333 290 Α.
361 262 444 300 μέχρι
459 264 512 290 τῶν
536 261 644 299 δυσμῶν
661 267 710 297 τῆς
727 265 811 298 ζωῆς.
827 264 920 299 Δυσμή

98 320 112 332 «ι
129 307 203 336 solis
219 316 355 336 occasum
368 319 381 334 ››
398 310 484 336 sonat
499 316 506 335 2
522 309 696 336 transfertur
712 309 800 336 etiam
812 309 848 336 ad
859 309 923 336 vita:

96 352 198 379 tinem.
216 351 376 388 Hesychius
400 354 428 380 et
449 352 554 381 Suidas
579 350 694 389 δυσμαῖς
713 352 784 390 βίου,
797 355 836 388 τῷ
850 352 923 380 τέλει

95 399 181 431 ζωῆς-

129 440 190 469 Col.
216 441 270 468 382
291 443 313 468 Β
337 442 364 468 6.
391 441 444 475 Qui
467 450 504 469 ex
528 441 618 470 Ouini.
645 443 816 476 Καθήκοντος
839 442 921 475 dixit,

94 486 174 522 quod
190 485 320 520 καθήκειν
337 486 467 514 devenire
482 489 577 514 sonet.
593 486 753 522 Procopius
772 487 844 515 dixit
857 496 921 514 κατ-

94 530 244 567 αγομᾶνοῦ,
274 540 302 566 p.
332 531 366 557 77
395 539 405 558 .’
434 530 451 557 ἃ
478 532 526 557 τοῦ
551 527 649 558 Ἰωϐάλ
680 530 750 558 ἐστιν
781 531 922 568 εὑρήματι

91 577 140 602 to?»
156 575 187 602 ἐκ
201 576 249 602 τοῦ
270 575 335 602 Κάϊν
361 576 560 612 καταγομένου,
587 586 599 601 α
621 584 746 611 quorum
771 578 919 604 auctorem

94 620 194 654 illum,
210 620 260 656 qui
276 620 357 648 Caini
382 620 497 648 soboles
517 619 637 653 exstitit,
665 620 843 656 accepimus.
859 632 868 645 -
887 623 920 648 Et

93 666 254 692 annotatur
268 664 372 692 Genes.
389 673 427 699 ιν,
453 664 496 692 17.
519 664 593 692 Nam
618 673 652 692 ex
676 665 747 692 Cain
770 667 851 693 ortus
874 667 919 694 est

93 709 220 743 llcnoch,
238 717 270 737 ac
296 708 401 736 deinde
426 716 460 736 ex
481 708 598 736 Henocb
625 709 701 744 Irad,
718 718 752 737 ex
778 710 842 738 Irad
857 712 918 738 Ma—

91 753 185 786 via‘bb,
202 761 235 780 ex
251 761 309 788 quo
325 752 501 788 Mathusael,
515 755 543 780 et
558 761 593 780 ex
608 753 663 781 isto
680 754 817 790 Lamech,
833 755 917 789 cujus

90 797 143 825 ﬁlii
159 797 244 825 Jabel
259 800 288 826 et
298 797 395 826 Juba].
407 798 480 826 Male
493 797 639 833 interpres
651 799 792 834 ediderat,
805 809 819 823 «
829 798 917 827 Jubal

92 842 141 877 qui
157 850 192 869 ex
208 841 379 878 genealogis
393 842 449 870 sibi
462 842 660 876 conveniente,
678 851 783 879 nempe
798 851 833 871 ex
847 843 915 871 Cain

90 888 254 922 prognatus
269 886 420 914 scribitur.
440 898 450 912 ι

123 930 186 958 Col.
203 931 256 958 386
271 933 293 958 D
309 931 334 958 4.
352 931 558 959 Πειεδεαηάαηι.
576 931 722 968 Interqres
748 931 817 968 legit
836 932 865 960 in
881 934 910 959 F.

89 974 156 1012 πρὸς
181 976 222 1010 τῷ
245 974 361 1012 ἆναργιῖ,
377 986 391 1000 ‹‹
408 976 485 1011 quod
510 975 582 1004 nulli
606 985 663 1004 non
689 976 880 1012 colliquescit.
898 988 912 1001 ››

90 1020 194 1048 melius
210 1020 240 1047 in
267 1020 300 1047 H.
317 1021 357 1055 τῷ
381 1018 470 1058 ἐναγεῖ
486 1023 517 1048 ut
536 1021 684 1048 edidimus
702 1030 708 1048 :
725 1029 819 1058 neque
833 1022 911 1049 enim

86 1063 207 1101 ἐναργές,
223 1076 237 1090 ‹‹
257 1065 447 1092 manifestum
464 1075 479 1091 »
493 1067 538 1093 est
561 1065 702 1094 Davidem
728 1074 828 1093 omnes
844 1074 911 1102 pec-

86 1112 199 1136 catores
215 1111 298 1136 terrae
313 1109 506 1137 interfecisse.

120 1162 180 1191 Col.
195 1163 248 1190 406
262 1156 321 1190 01.
340 1163 434 1191 Valere
448 1164 579 1191 rationes.
596 1163 658 1190 Non
675 1166 707 1190 ut
724 1163 910 1199 Tilmannus,

86 1218 98 1231 «ι
116 1207 167 1242 qui
186 1207 295 1234 audent
310 1207 439 1242 profiteri
457 1215 488 1234 se
515 1215 579 1235 esse
597 1216 679 1243 pares
695 1208 861 1235 scribendis
876 1209 911 1236 de

85 1259 263 1287 unaquaque
289 1260 318 1279 re
342 1251 437 1279 libris.
459 1261 472 1277 ι
501 1252 605 1280 Merito
629 1255 727 1279 tamen
754 1255 855 1288 postea
882 1254 910 1280 in

84 1296 216 1331 margine
240 1295 395 1323 addiderat
417 1298 466 1330 τῆς
493 1294 598 1332 ὶποχῆς
622 1296 803 1324 inventorem
819 1297 910 1325 fuisse

85 1340 275 1376 Pyrrhonem,
299 1341 349 1376 qui
374 1349 528 1368 assensum
555 1341 675 1376 przeberi
696 1342 821 1369 vetabat.
838 1342 910 1370 Vide

84 1384 241 1421 Diogenem
259 1385 419 1420 Laertium,
435 1384 486 1412 lib.
504 1393 543 1418 ix,
558 1394 585 1421 p.
601 1386 672 1414 67οε
686 1385 716 1412 οὐ
732 1385 784 1423 γὰρ
801 1386 908 1421 μᾶΛλον

84 1427 145 1456 τόδε
161 1429 178 1463 ἢ
195 1426 258 1456 τόδε
273 1428 339 1456 εἶναι
354 1427 477 1463 ἕκαστον,
494 1440 509 1454 ‹(
527 1438 622 1465 neque
644 1430 723 1458 enim
744 1439 808 1458 esse
824 1431 910 1466 quid-

86 1482 175 1509 quam
191 1473 272 1501 istud
288 1474 388 1509 potius
412 1482 499 1509 quam
525 1474 608 1502 illud.
626 1485 640 1499 ι)
657 1474 805 1502 Omiserat
821 1475 910 1511 paulo

86 1521 151 1555 post
166 1519 246 1546 idem
263 1518 408 1554 interpres
423 1518 474 1546 illa
488 1519 586 1552 verba,
600 1527 665 1554 quae
680 1519 778 1547 Graeca
787 1528 910 1556 sugges-

85 1566 162 1592 serat
179 1572 235 1591 ms.
253 1564 295 1598 F.,
309 1575 323 1589 «
341 1563 459 1599 nigrum
474 1572 538 1592 esse
554 1566 704 1601 argentum
726 1567 845 1601 propter
860 1573 908 1593 ru-

980 264 1058 292 idem
1075 264 1225 292 contendit
1239 265 1317 299 apud
1329 264 1468 292 Basiliam
1478 265 1544 300 legi,
1554 265 1803 300 quemadmodum

980 309 1057 344 apud
1073 308 1247 344 Procopium
1264 310 1292 336 et
1307 309 1336 336 in
1353 309 1420 336 edit.
1438 311 1578 343 Romana,
1595 308 1772 344 ἀνειμένης,‹ι
1788 319 1805 338 o.

980 353 1100 381 ﬂamma
1117 353 1264 381 resoluta:
1284 365 1296 378 ››
1312 353 1366 381 nisi
1381 354 1547 381 forteillum
1564 354 1592 382 in
1608 354 1802 382 erroremim-

979 397 1054 433 pulit
1070 398 1215 434 interpres
1234 398 1361 433 Latinus,
1378 398 1427 434 qui
1443 399 1610 434 scripserat,
1624 410 1638 423 (ι
1651 407 1668 426 n
1683 399 1803 428 ﬂamma

979 443 1082 474 effusa,
1099 453 1112 467 ››
1129 442 1172 470 vel
1188 442 1279 470 alium
1302 443 1431 470 codicem
1457 443 1601 478 scriptum
1625 445 1729 471 nactus
1743 446 1799 483 est.

977 486 1099 522 Vulgata
1115 487 1216 514 Latina
1232 487 1304 514 dixit
1319 495 1381 522 cap.
1398 495 1425 522 v,
1441 487 1486 522 24,
1504 498 1517 512 ι(
1534 490 1562 515 et
1582 486 1660 515 calor
1675 488 1800 516 ﬂamma:

976 531 1081 558 exurit.
1098 542 1112 556 »

1010 575 1070 604 Col.
1101 576 1152 602 428
1182 578 1203 602 Β
1228 576 1254 602 8.
1288 577 1336 603 Isti
1363 576 1456 612 quasi.
1488 576 1552 604 Haec
1582 577 1617 604 ad
1644 577 1798 606 verbume

975 620 1072 648 Graeco
1081 623 1151 647 sunt
1166 622 1347 656 expressu,et
1359 621 1388 647 in
1404 620 1500 648 locum
1513 629 1612 648 eorum
1624 621 1796 657 substitute,

974 673 1038 700 quae
1049 665 1193 701 interpres
1209 666 1365 700 adjecerat.
1379 665 1535 701 Reliquum
1548 665 1626 693 enim
1639 668 1734 694 textus
1750 675 1797 695 ca-

973 709 1042 744 pitis
1056 709 1151 743 quinti
1168 712 1291 737 verterat
1308 710 1504 745 proptietzs,ct
1519 709 1617 737 Italico
1632 710 1797 739 charactere

973 756 1166 789 expresserat,
1183 762 1235 781 nec
1251 763 1316 781 esse
1332 753 1431 781 Basilii
1446 754 1534 781 verba
1552 754 1798 784 animadverterat

972 797 1044 826 illud
1060 800 1156 825 textus
1178 798 1324 834 reliquum
1348 798 1377 826 in
1397 798 1606 834 compendium
1622 799 1794 835 redigentis.

1006 851 1065 878 Col.
1084 851 1134 878 42⁸1
1166 853 1186 877 D
1217 851 1240 878 1.
1272 852 1304 878 Et
1333 851 1405 886 ignis
1432 853 1572 879 versatur.
1604 853 1646 880 Ita
1673 853 1794 889 scripsi-

971 904 1048 931 mus,
1064 904 1121 923 non
1137 904 1204 923 cum
1216 895 1381 928 'l‘ilmanno,
1400 907 1413 921 ‹‹
1429 899 1577 932 aspectus,
1595 896 1645 933 qui
1661 900 1794 925 versatur

969 941 1047 968 circa
1074 941 1290 968 concretionem
1311 949 1317 967 :
1338 952 1348 965 ι
1380 949 1438 968 non
1467 941 1546 968 enim
1577 941 1619 969 ait
1643 944 1793 978 aspectum

968 985 1106 1019 ﬂammae,
1118 985 1174 1012 dici
1189 985 1355 1012 carbonem.
1374 986 1530 1021 Procopius
1545 986 1573 1013 in
1591 986 1694 1013 Isaiam
1707 995 1734 1022 p.
1746 986 1791 1013 88:

969 1027 1066 1065 ἄνθραξ
1083 1027 1111 1056 δὲ
1126 1028 1180 1056 ἐστι
1196 1029 1248 1065 πῦρ
1264 1027 1364 1067 γεῶδες
1383 1029 1450 1065 μετά
1475 1030 1525 1063 τὴν
1539 1033 1588 1064 τῆς
1604 1029 1706 1068 φλογὸς
1723 1030 1792 1067 παρη

968 1072 1034 1100 οδον
1058 1075 1093 1109 τῇ
1126 1073 1266 1111 παχυτέρα
1291 1073 1342 1110 ὕλῃ
1370 1073 1559 1110 ἐναπομεῖναν·
1580 1086 1594 1099 ‹‹
1623 1075 1670 1102 Est
1689 1077 1787 1102 autem

967 1118 1054 1145 carbo
1069 1118 1147 1154 ignis
1157 1117 1205 1145 ille
1220 1119 1420 1154 terrenus,qui
1431 1119 1575 1146 exstincta
1585 1119 1705 1147 ﬂamma
1715 1119 1790 1147 solet

966 1162 996 1190 in
1012 1163 1154 1190 crassiore
1167 1170 1318 1190 remanere
1330 1163 1462 1191 materia.
1473 1174 1486 1187 n
1497 1163 1559 1191 Non
1573 1164 1661 1200 igitur
1672 1164 1790 1200 exponit

966 1206 1013 1234 hic
1029 1207 1155 1235 Basilius
1180 1207 1230 1235 illa
1253 1208 1348 1235 verbis
1377 1207 1428 1234 ὑπὸ
1449 1207 1553 1244 φλογὸς
1569 1207 1740 1244 ἀνημμὲνης.
1756 1210 1790 1236 ut

966 1251 1081 1279 videtur
1097 1252 1280 1280 existimasse
1306 1252 1399 1280 Flam.
1416 1252 1550 1280 Nobilius
1574 1253 1603 1280 in
1618 1253 1700 1281 Notis
1716 1253 1789 1286 suis,

965 1297 1016 1323 sed
1030 1297 1100 1332 quid
1117 1297 1155 1324 sit
1170 1296 1266 1334 ἄνθραξ
1284 1307 1298 1322 ι(
1313 1298 1411 1330 carbo,
1428 1308 1442 1322 »
1455 1297 1667 1333 exponit.Quod
1683 1298 1707 1326 si
1723 1306 1792 1326 vera.

965 1343 1042 1368 esset
1057 1341 1207 1368 distinctio
1227 1341 1339 1376 lsidori,
1366 1342 1462 1377 ἄνθραξ
1487 1341 1534 1369 hic
1550 1353 1564 1367 ‹‹
1581 1351 1687 1378 pruna,
1703 1353 1716 1366 ››
1736 1351 1789 1377 po-

965 1385 1024 1413 tius
1048 1388 1135 1414 esset.
1153 1396 1166 1410 (ι
1196 1388 1291 1413 Pruna
1314 1389 1368 1421 est,
1393 1386 1500 1421 inquit,
1524 1386 1655 1421 quandiu
1679 1386 1785 1414 ardet:

965 1437 1031 1457 cum
1054 1430 1199 1457 exstincta
1224 1430 1320 1462 fuerit,
1345 1430 1433 1458 carbo
1459 1430 1638 1458 nominatur.
1660 1431 1758 1458 Pruna
1773 1439 1790 1458 a

964 1475 1128 1510 perurendo
1143 1475 1221 1502 dicta
1236 1477 1281 1502 est
1297 1483 1303 1501 :
1320 1475 1407 1502 carbo
1423 1483 1489 1502 vero
1505 1475 1582 1510 quod
1607 1475 1726 1503 ﬂamma
1741 1483 1788 1502 ca-

965 1522 1018 1546 ret.
1036 1531 1050 1543 n
1062 1519 1117 1547 Sed
1133 1521 1162 1547 et
1177 1519 1253 1555 apud
1271 1518 1411 1552 Plinium,
1427 1519 1477 1547 lib.
1495 1519 1685 1555 xv1u,dioitur
1700 1520 1789 1548 etiam

966 1563 1064 1598 carbo,
1078 1564 1194 1599 quando
1210 1563 1321 1598 ignitus
1338 1572 1344 1591 :
1357 1575 1370 1589 «
1383 1564 1494 1591 Etcum
1506 1565 1592 1592 carbo
1605 1564 1791 1593 vehementer

85 1590 227 1644 biginem,
243 1590 332 1644 quam
342 1590 487 1636 grtias:
495 1590 518 1636 ζ
527 1590 704 1640 tostas;
716 1590 911 1646 magis,

973 1608 1112 1642 :ollucet;
1129 1619 1143 1632 ››
1159 1610 1187 1636 et
1202 1607 1252 1635 lib.
1271 1616 1371 1643 xxxui,
1387 1617 1450 1644 cap.
1467 1609 1503 1636 ὃς
1525 1621 1534 1634 ι
1549 1609 1674 1637 Carboni
1697 1610 1791 1645 major

85 1655 220 1687 verterat,
237 1664 250 1678 ι(
268 1653 447 1689 quibuscum
473 1662 508 1681 ne
532 1653 644 1682 diutius
664 1654 852 1690 congrediare
869 1654 913 1682 fa-

87 1696 251 1732 miliariter,
266 1708 281 1722 »
297 1697 366 1725 licet
382 1697 459 1725 absit
483 1698 610 1734 negatio,
625 1700 655 1726 et
671 1697 780 1734 ὁμιλεῖν
796 1707 855 1726 non
870 1699 912 1727 si-

83 1741 202 1777 gniﬁcat
212 1743 327 1769 tantum
339 1742 524 1770 familiariter
536 1743 683 1778 congredi,
696 1743 745 1771 sed
757 1743 845 1771 etiam
856 1743 911 1771 im-

83 1785 202 1820 morari,
218 1786 328 1814 versari
346 1786 375 1814 in
391 1794 421 1814 re
439 1786 548 1823 aliqua,
566 1789 597 1815 ut
612 1788 689 1824 apud
712 1788 912 1824 Thucydidem

85 1828 241 1865 ὡμιληκὼς
264 1829 392 1867 πολξμῳ,
411 1843 425 1856 ‹‹
441 1836 572 1859 versatus
597 1832 628 1860 in
647 1832 742 1859 bello:
760 1844 774 1858 ››
790 1835 819 1860 et
834 1833 911 1868 apud

82 1875 336 1911 Chrysostomum,
361 1875 465 1903 homil.
492 1877 504 1904 1
533 1877 571 1904 De
590 1877 764 1912 paenitentia,
789 1886 817 1913 p.
834 1878 910 1905 660:

88 1919 137 1945 Καὶ
157 1917 245 1946 πολὺν
270 1919 371 1956 χρόνον
398 1918 582 1956 ὁμιλήσαντες
605 1922 644 1956 τῷ
659 1920 734 1958 πυρί,
751 1932 765 1945 ‹‹
781 1924 866 1957 atque
882 1921 912 1949 in

85 1964 151 2000 igne
177 1963 271 1992 multo
295 1967 427 2000 tempore
442 1965 549 1993 versati
567 1974 573 1993 :
591 1976 604 1990 ››
620 1967 649 1993 et
671 1964 722 1992 lib.
740 1974 749 1993 ι
765 1966 802 1993 De
815 1967 912 1994 Provi-

84 2008 188 2044 dentm,
206 2016 234 2044 p.
251 2009 304 2036 158
317 2017 324 2036 :
335 2008 372 2039 ὡς
387 2007 432 2035 καὶ
447 2007 582 2045 ὁμιλῆσαι
597 2008 709 2046 γάμοις,
725 2021 738 2035 ί(
754 2013 787 2038 ut
799 2012 828 2038 et
839 2019 911 2038 uxo-

84 2061 130 2081 res
144 2053 295 2081 ducerent.
316 2063 328 2079 ν

118 2098 178 2126 Col.
199 2098 251 2125 418
267 2099 286 2126 C
308 2099 351 2125 11.
380 2099 436 2126 Non
449 2100 541 2126 tamen
566 2099 599 2126 de
621 2107 661 2126 eo.
681 2099 819 2127 Tilman.:
836 2111 849 2124 «
866 2099 914 2127 Ait

83 2142 160 2170 enim
174 2143 328 2178 Scriptura
337 2143 468 2171 nondum
482 2143 664 2171 immobilem
678 2152 742 2172 esse
753 2145 829 2172 circa
840 2144 912 2172 tales

83 2187 188 2215 animas
215 2187 338 2216 aﬂ'ectus
355 2196 361 2214 :
379 2188 450 2223 quin
472 2187 508 2216 de
532 2196 564 2215 eo
591 2188 719 2223 disserit,
736 2200 746 2213 ιι
764 2191 830 2223 ctc.,
849 2198 912 2224 quas

84 2232 169 2267 plane
185 2241 202 2260 a
218 2235 318 2260 mente
341 2231 468 2260 auctoris
483 2232 629 2260 aberrant.
647 2232 694 2260 Sic
713 2233 913 2260 restituendus

966 1653 1010 1681 vis
1024 1655 1125 1680 exusto
1141 1653 1307 1688 iterumque
1323 1653 1469 1689 ﬂagranti.
1483 1664 1498 1679 ι)

1003 1706 1062 1734 Col.
1080 1706 1128 1734 431
1148 1708 1171 1732 Α
1188 1706 1230 1734 14.
1248 1707 1337 1734 Etiam
1353 1707 1376 1734 is
1391 1706 1445 1734 cui.
1472 1709 1634 1735 Anuotarat
1658 1707 1688 1736 in
1715 1716 1791 1736 mar-

967 1750 1034 1786 gine
1049 1750 1193 1786 interpres
1208 1751 1348 1786 quiddam
1359 1759 1391 1778 se
1403 1751 1607 1780 desiderarein
1621 1752 1790 1788 exemplari:

967 1797 996 1822 et
1012 1795 1134 1829 merito;
1152 1795 1250 1823 deerat
1265 1795 1342 1822 enim
1360 1804 1412 1823 vox
1428 1795 1523 1830 ἀκοήν,
1536 1805 1623 1832 quam
1640 1799 1737 1825 tamen
1752 1797 1793 1824 ita

966 1840 1106 1867 vertendo
1120 1844 1312 1875 expresserat,
1326 1848 1450 1867 «vocem
1465 1841 1580 1869 Domini
1592 1850 1648 1868 non
1660 1841 1790 1877 quidem,

967 1892 1030 1919 quae
1046 1884 1129 1911 icerit
1144 1892 1244 1911 aurem
1261 1884 1391 1919 corporis
1408 1893 1415 1911 :
1431 1885 1482 1912 sed
1504 1893 1563 1920 qua
1584 1885 1662 1913 Deus
1678 1889 1791 1913 tantum

969 1929 1059 1956 menti
1083 1936 1183 1956 eorum
1211 1937 1261 1964 per
1285 1931 1369 1956 notas
1394 1929 1635 1957 adumbrationes
1650 1930 1793 1965 imprimit

968 1973 1135 2000 consilium.
1151 1985 1164 1998 ››
1180 1972 1312 2000 Similem
1331 1973 1419 2000 habes
1432 1973 1529 2001 locum
1544 1973 1666 2002 ἰατταῖού
1683 1972 1727 2001 διὰ
1741 1978 1791 2009 τῆς

968 2020 1127 2053 σωματικῆς
1156 2016 1250 2052 ἀκοῆς,
1280 2015 1345 2044 ἀλλ’
1374 2016 1456 2044 αὐτοῦ
1486 2017 1517 2044 τὸ
1547 2018 1712 2055 ἡγεμονικόν
1730 2029 1735 2036 ·
1765 2023 1794 2048 et

967 2063 1045 2098 apud
1059 2062 1231 2097 Procopium
1249 2070 1276 2097 p.
1293 2063 1343 2089 102
1357 2070 1362 2089 :
1378 2074 1391 2087 ‹‹
1403 2062 1491 2090 Audit
1504 2065 1603 2090 autem
1618 2071 1717 2092 vocem
1735 2064 1793 2091 Do-

968 2107 1050 2140 mini,
1067 2106 1114 2142 qui
1133 2106 1272 2134 mcnteab
1288 2106 1351 2142 ipso
1368 2107 1525 2135 informata
1540 2107 1706 2136 resonantis
1721 2107 1751 2135 in
1763 2117 1794 2136 se

967 2151 1046 2179 verbi
1064 2159 1170 2179 sonum
1186 2151 1343 2179 auscultat.
1362 2162 1376 2176 ››

1004 2196 1063 2224 Col.
1078 2197 1130 2223 435
1143 2195 1164 2223 D
1181 2197 1207 2222 2.
1235 2196 1273 2224 Ne
1292 2204 1340 2223 nos
1365 2196 1474 2224 uincas.
1500 2197 1680 2224 Existimavit
1703 2197 1793 2225 inter-

970 2249 1035 2276 pres
1061 2249 1092 2268 se
1116 2240 1222 2275 legisse
1251 2240 1288 2275 μή
1321 2239 1483 2277 ἀναγκάσῃς,
1514 2242 1557 2269 vel
1587 2241 1703 2278 ἀνάγκη,
1724 2242 1794 2270 dum

86 2279 133 2304 est
149 2279 178 2304 et
193 2277 270 2312 apud
288 2277 461 2312 Procopium
486 2277 567 2305 locus
583 2285 610 2312 p.
627 2278 663 2304 86
681 2285 687 2304 :
705 2277 746 2303 ὅτι
764 2278 850 2313 μήπω
867 2275 914 2304 λέ·
929 2276 953 2307 Ι)
969 2275 1064 2317 vertit,
1077 2285 1261 2320 proﬁciscaris
1274 2275 1426 2320 nobiscum,
1442 2275 1518 2313 ili/tit
1537 2275 1649 2314 necesse
1660 2295 1710 2314 nos
1723 2289 1795 2314 emi-

84 2330 129 2354 γει
154 2320 200 2347 τὸν
225 2320 326 2355 ἀπαθῆ.
349 2321 488 2356 Sequitur
514 2321 596 2349 locus
619 2330 653 2349 ex
675 2322 838 2350 Proverbiis
863 2330 915 2357 χιι,

87 2365 132 2399 16,
147 2365 197 2393 ubi
214 2365 255 2394 sic
271 2365 360 2394 habet
376 2374 382 2392 :
401 2368 512 2403 ’Ἄφρων
528 2365 681 2403 αὐοήμερον
698 2365 855 2404 ἐξαγγέλλει
871 2365 916 2403 ὀρ-

86 2410 137 2447 γὴν
155 2408 252 2444 αὐτοῦ,
269 2409 381 2447 κρύπτει
398 2407 426 2436 δὲ
448 2410 497 2444 τήν
521 2410 617 2437 ἑαυτοῦ
641 2410 750 2447 ἀτιμίαν
777 2411 843 2447 ἀνὴρ
868 2421 917 2438 πα-

84 2455 212 2491 νοῦργος”
239 2465 253 2479 α
280 2456 390 2482 Fatuus
414 2455 476 2490 ipso
502 2455 547 2482 die
571 2455 683 2482 indicat
705 2456 778 2484 iram
806 2464 916 2484 suam:

86 2499 162 2527 celat
178 2501 275 2527 autem
293 2508 377 2528 suam
393 2498 586 2536 ignominiam
601 2500 643 2527 vir
656 2500 818 2529 callidus.»
832 2502 917 2537 Apud

87 2543 262 2579 Procopium
290 2543 417 2580 legimus
433 2541 583 2580 ἔξαγγιλεῖ,
600 2543 744 2579 indicabit,
760 2545 868 2580 prodet,
886 2547 919 2572 ut

85 2588 164 2624 apud
189 2588 340 2616 Nobilium
363 2588 510 2616 scholium
536 2588 668 2616 Gracum
694 2586 814 2623 δηλώσει
833 2589 917 2624 θυμὸν

84 2631 178 2665 αὐτοῦ,
196 2643 208 2658 α
225 2633 384 2669 patefaciet
409 2633 538 2660 furorem
563 2641 661 2667 suum,
679 2644 689 2657 η
708 2636 736 2661 et
758 2634 918 2661 Thcodotio

88 2676 229 2713 γνωρίσει,
247 2689 261 2703 ‹‹
275 2681 378 2706 notum
394 2677 491 2706 faciet.
510 2688 524 2702 υ

117 2730 179 2759 Col.
198 2730 250 2758 419
268 2731 289 2758 Β
307 2731 332 2758 1.
353 2731 480 2758 Flamma
494 2738 619 2758 accensa.
635 2728 742 2767 Φλογὸς
757 2729 918 2766 ἆνημμένης

86 2775 233 2810 scriptum
256 2775 398 2803 exhibent
422 2775 479 2802 duo
504 2775 584 2810 Regii
608 2775 691 2802 codd.
719 2777 748 2802 Ε.
765 2777 793 2802 et
816 2774 848 2802 Η.
868 2783 920 2802 nec

92 2819 180 2848 aliter
207 2819 264 2856 legi
293 2820 369 2856 apud
402 2819 539 2856 Cyrillum
562 2821 685 2848 aunotat
709 2819 853 2855 Nobilius,
874 2829 922 2847 «ιι

970 2338 1060 2363 grare,
1078 2329 1167 2356 Exodi
1183 2337 1280 2362 xxxm,
1296 2330 1341 2364 15,
1354 2329 1480 2365 legimus
1496 2330 1583 2366 paulo
1597 2330 1695 2365 aliter,
1716 2331 1740 2358 εἴ
1756 2331 1794 2367 μὴ

971 2372 1002 2399 σὺ
1027 2371 1106 2403 αὐτὸς
1137 2371 1295 2409 συμπορεύῃ
1321 2373 1379 2408 μεθ’
1404 2374 1504 2409 ἡμῶν,
1532 2375 1569 2410 μή
1598 2385 1631 2411 με
1657 2374 1796 2413 ἀναγάγῃς

971 2416 1101 2449 ἐντεῦθεν·
1121 2418 1218 2445 Sinon
1246 2420 1276 2445 tu
1301 2418 1358 2453 ipse
1388 2419 1494 2446 veneris
1517 2419 1671 2455 nobiscum,
1695 2429 1730 2448 ne
1753 2429 1797 2449 me

971 2463 1072 2490 educas
1087 2462 1160 2489 hinc.
1176 2461 1302 2497 Vulgata
1317 2469 1383 2489 cum
1401 2463 1496 2490 verbis
1512 2463 1609 2491 Basilii
1625 2466 1772 2493 consentit
1789 2475 1796 2494 :

971 2508 1003 2535 Si
1017 2515 1073 2534 non
1085 2509 1113 2534 tu
1130 2507 1188 2540 ipse
1210 2505 1345 2542 praedas
1370 2515 1429 2542 nos,
1450 2515 1485 2535 ne
1505 2509 1607 2536 educas
1632 2517 1690 2536 nos.
1706 2510 1796 2537 Paulo

974 2554 1040 2588 post
1054 2549 1251 2588 ἀνορωπότητα
1266 2550 1407 2579 intellexit
1423 2551 1636 2580 humanitatem
1651 2562 1667 2580 a
1681 2553 1796 2582 Christo

974 2595 1185 2624 assumendum
1202 2595 1356 2631 interpres,
1372 2596 1535 2629 scribens,«
1546 2599 1573 2623 et
1589 2597 1623 2624 ad
1643 2605 1797 2625 assumen-

975 2641 1043 2668 dum
1060 2649 1076 2667 ιι
1092 2642 1148 2667 Deo
1164 2640 1259 2667 Verbo
1283 2640 1508 2673 humanitatem,
1526 2641 1678 2676 oportebat
1694 2641 1799 2677 typicis

976 2685 1079 2720 ﬁguris
1096 2684 1292 2720 prmsignarizn
1310 2685 1514 2720 aptiustamen
1527 2693 1619 2720 genus
1635 2685 1798 2715 humanum

976 2728 1134 2765 intelliges.
1152 2729 1199 2756 Sic
1215 2728 1317 2756 homil.
1333 2729 1379 2763 3t,
1401 2729 1437 2756 De
1453 2729 1538 2756 libero
1559 2729 1674 2758 arbiu'io
1691 2739 1697 2757 :
1716 2729 1798 2767 Ei'rtzp

975 2774 1024 2811 γὰρ
1044 2772 1134 2810 ἴσχυεν
1160 2774 1177 2806 ἡ
1199 2775 1248 2806 τῆς
1272 2772 1482 2808 ἀνθρωπότητὺς
1502 2773 1579 2810 φύσις
1596 2772 1671 2805 ἐκτὸς
1687 2775 1736 2809 τῆς
1751 2777 1799 2802 τοῦ

976 2818 1056 2856 ἁγίου
1093 2817 1248 2853 ιινεύματος
1277 2817 1452 2848 πανοπλίας.
1486 2819 1630 2855 interpres
1670 2820 1801 2857 Procopii
