2029 3143
202 156 281 187 1103

798 151 917 183 ΝΟΤΛΕ
938 149 1158 181 FRONTONIS
1183 149 1309 181 DUCEI

1829 147 1908 177 1104

203 231 233 260 p.
249 222 297 251 IOI
317 230 324 249 :
342 232 356 247 ι(
372 219 546 257 Figurisque
559 219 641 255 prius
655 218 789 247 homines
813 224 994 245 assuescere.
1014 227 1027 241 ι)
1042 217 1070 251 Α
1083 215 1249 251 virginitate
1265 216 1373 252 dogma
1385 215 1539 243 manifeste
1554 214 1828 246 conﬁrmant.Quod
1838 222 1908 242 vero

240 267 303 295 Col.
323 266 374 293 439
389 267 412 293 Α
428 266 453 293 1.
466 265 505 292 Ad
521 264 592 292 illud
612 264 730 299 quidem.
747 262 799 290 Hie
820 262 894 290 duas
918 261 1025 289 omise-

206 314 251 341 rat
264 311 358 339 lineas
374 310 513 338 librarius
528 309 657 336 codicem
668 307 789 344 Regium
803 307 833 335 F'.
847 306 1025 340 exscribens,

206 365 280 393 quas
299 355 400 384 Latine
424 362 580 382 conversas
602 352 769 388 interpretis
785 352 880 379 verbis
906 350 1028 378 inserui-

206 409 274 429 mus
292 408 299 428 :
316 400 367 428 sed
385 398 457 426 illud
474 399 526 424 ποῦ
542 398 658 425 duabus
669 396 817 424 inclusum
833 395 954 431 virgulis
969 403 1027 422 non

208 444 341 481 agnoscit
356 444 461 479 Regius
477 443 524 476 H.,
540 450 634 478 neque
649 441 710 477 ipse
734 441 892 476 Procopius
910 448 938 476 p.
955 439 1002 467 lOl
1020 447 1026 465 :

206 490 251 517 καὶ
267 489 319 526 ἐγὼ
334 487 515 525 πορεύσομαι.

244 535 317 562 Ibid.
336 533 385 561 443
410 538 434 560 Λ
451 534 475 560 1.
493 531 544 560 Sed
573 531 643 567 quod
666 531 724 558 toti.
747 532 856 558 Novam
877 529 1028 564 periodum

208 579 256 607 hic
275 578 428 606 inchoaret
450 577 596 612 interpres
622 577 674 603 hoc
701 575 787 602 modo
806 583 812 602 :
830 586 843 599 «
862 574 914 602 Per
938 581 1029 601 unum

209 630 357 659 quemque
371 623 548 658 perseverat.
565 620 640 653 Quin
664 621 693 646 et
716 618 838 653 collegio
859 618 965 653 cuique
981 625 1031 652 ap-

210 667 327 704 pellatio
340 674 394 694 sua
409 667 597 694 conservetur
613 673 620 692 :
638 675 652 688 η
665 664 716 691 sed
732 662 967 690 emendationem
979 670 1032 689 uo-

210 713 303 740 stram
315 718 382 738 cum
394 709 660 744 manuscripti,tum
673 709 787 735 Grecus
796 706 926 742 Procopii
938 708 1033 733 textus

211 756 367 784 conﬁrmat
391 762 459 790 pag.
477 754 527 782 104
546 765 556 777 ι
576 762 582 781 :
600 753 682 785 Quod
707 755 735 780 et
752 752 874 779 urbibus
898 751 971 786 ipsis
991 759 1034 777 ac-

211 800 307 828 cidere
320 799 462 827 videmus.
476 809 490 822 »
508 798 587 825 Idem
602 798 746 832 interpres
760 795 889 831 ProcOpii
903 793 1034 821 ἀλλοιοὺ-

214 855 293 881 μενον
309 843 388 880 λόγον
404 844 489 871 vertit
504 844 643 871 variatum
657 841 700 869 vel
716 843 861 868 mutatum.

247 887 306 916 Col.
336 887 390 914 455
417 886 438 914 C
463 887 504 913 8.
533 885 668 913 Laudatiu
697 885 756 912 Dei.
794 883 973 920 Scripslmus
1002 891 1036 911 ex

213 934 329 962 duobus
353 931 451 967 Regiis
482 930 706 966 μετονομάζεται,
738 938 788 965 pro
819 928 1038 964 μετωνόμασται,

213 977 291 1014 quod
317 976 420 1004 habuit
449 975 653 1011 apographum
684 973 798 1009 Anglic.
821 973 905 1009 Apud
925 975 1038 1000 Graecos

213 1020 399 1058 Etymologos
415 1019 474 1048 sive
490 1020 519 1047 in
537 1019 640 1054 Lexicp
657 1019 692 1046 de
708 1018 879 1046 nominibus
890 1017 1039 1045 Hebraicis

214 1066 351 1102 legimus,
368 1063 484 1092 Ἰουδαία.
509 1062 759 1101 ἐξομολογουμένη.
790 1065 819 1090 S.
844 1062 1039 1098 Hieronymus

214 1112 244 1138 in
259 1110 311 1138 lib.
327 1110 364 1138 De
385 1109 545 1137 nominibus
570 1109 711 1136 Hebraicis
727 1116 732 1135 :
750 1107 828 1135 Juda
843 1107 966 1135 laudatio
981 1107 1041 1134 sive

214 1155 348 1191 confessio
362 1163 369 1188 ;
385 1156 414 1182 et
428 1153 552 1190 epistola
566 1153 602 1180 25
619 1161 625 1181 :
638 1164 652 1178 «
669 1153 698 1180 Si
713 1153 728 1180 J
734 1152 791 1180 uda
805 1153 940 1188 confessio
955 1151 1043 1179 inter-

215 1202 356 1237 pretatur,
373 1198 514 1226 conﬁtens
524 1199 623 1225 autem
639 1197 737 1226 omnis
753 1196 853 1224 anima
868 1195 1040 1224 credentis:-

216 1244 288 1273 etin
304 1244 392 1279 caput
407 1250 473 1270 xxvx
487 1242 571 1270 Isaias
587 1249 594 1269 :
611 1253 624 1267 ιι
641 1241 795 1268 Canticum
821 1240 900 1268 istud
922 1240 952 1267 in
968 1242 1044 1267 terra

215 1289 291 1318 Juda
301 1289 360 1316 sive
374 1287 569 1323 Judzea,quod
584 1286 796 1321 interpretatur
812 1287 971 1320 utrumque
982 1292 1044 1312 cou-

217 1334 308 1371 fcssio.
326 1344 340 1358 n
356 1338 406 1363 n17
422 1334 508 1360 sonat
520 1332 628 1367 gratias
643 1338 735 1365 agere,
755 1330 892 1365 conﬁteri,
918 1329 1042 1357 laudare.

220 1379 300 1407 Idem
317 1378 510 1412 Hieronymus
526 1376 555 1403 in
567 1374 726 1403 Ezechielis
737 1383 801 1410 cap.
811 1382 902 1402 xnvn:
917 1385 929 1398 ‹‹
942 1374 1046 1401 Dama-

221 1432 290 1452 scus
299 1422 421 1458 sanguis
432 1420 520 1456 sacci,
528 1422 557 1448 et
567 1419 659 1448 osculi
671 1419 731 1447 sive
739 1418 848 1455 poculi,
859 1430 872 1443 ›ι
881 1420 909 1446 et
920 1426 1023 1446 rursus
1036 1426 1042 1445 :

223 1480 236 1494 «
253 1468 330 1495 inter
355 1467 541 1500 Damascum,
560 1465 614 1492 hoc
632 1466 688 1501 est,
710 1463 884 1500 sanguinem
905 1462 1002 1497 cilicii,
1017 1464 1046 1490 et

223 1511 384 1542 conﬁnium
410 1510 577 1538 Hematum.
595 1519 610 1534 »
624 1509 704 1537 Idem
724 1509 752 1536 in
778 1516 842 1544 cap.
857 1516 914 1535 xvii
940 1507 1020 1535 Isaiae
1037 1515 1043 1535 :

223 1569 238 1583 ‹‹
266 1558 429 1585 Damascus
459 1555 693 1590 interpretatur,
723 1555 889 1589 sanguinem
928 1552 1044 1588 bibens,

1081 261 1117 288 de
1131 260 1297 289 vulturibus
1313 260 1430 288 feminis
1445 260 1575 295 subjicit,
1590 259 1722 287 JElianus
1737 259 1827 287 etiam
1844 267 1910 286 nar-

1082 308 1136 339 rat,
1154 305 1205 333 lib.
1223 313 1254 338 n,
1270 313 1334 340 cap.
1352 305 1385 332 46
1409 305 1446 332 De
1468 305 1637 333 animalibus
1662 302 1744 341 ιγῦπα
1764 302 1793 330 δὲ
1809 303 1911 341 atem

1083 349 1114 377 οὔ
1128 359 1190 386 φασι
1206 349 1326 386 γενέσθαι
1347 349 1414 376 ποτὲ
1438 348 1521 384 ἀλλὰ,
1539 347 1652 383 θηλείας
1668 348 1771 378 ἁπάσας
1788 357 1795 376 ;
1813 360 1826 373 ‹‹
1845 348 1909 375 vul-

1083 398 1178 423 turem
1193 403 1251 422 non
1272 395 1353 422 nasci
1371 403 1480 422 marem
1497 394 1590 429 aiunt,
1602 395 1651 422 sed
1665 394 1790 421 feminas
1805 401 1911 421 omnes

1083 439 1213 476 generari
1231 447 1238 467 :
1255 439 1381 467 adversae
1397 441 1496 466 austro
1508 438 1606 467 volant
1618 448 1624 472 ;
1636 438 1680 466 vel
1697 439 1722 466 si
1737 441 1840 465 auster
1853 446 1912 465 non

1084 485 1189 521 spirat,
1205 485 1240 512 ad
1257 493 1361 512 eurum
1386 487 1505 512 ventum
1529 484 1589 512 oris
1605 483 1686 511 hiatu
1704 492 1735 512 se
1749 484 1886 520 pandunt
1905 493 1912 511 :

1085 530 1206 565 spiritus
1218 529 1295 556 venti
1316 529 1443 556 influens
1458 529 1538 564 ipsas
1553 528 1665 564 implet.
1682 539 1696 553 ››

1121 573 1178 601 Col.
1196 574 1248 600 469
1271 574 1291 601 C
1319 574 1346 600 6.
1377 573 1538 610 ⁷Δπώγωνα.
1569 573 1792 600 Emendandum
1818 581 1854 600 ex
1876 573 1912 600 B.

1087 618 1246 655 ἃπώγωνα,
1270 628 1282 644 α
1308 618 1374 650 Quae
1399 618 1521 645 barbam
1545 617 1714 653 appellavit,
1737 628 1751 642 ››
1780 620 1812 645 ut
1834 618 1915 653 apud

1089 662 1274 698 Procopium,
1299 671 1327 698 p.
1345 662 1397 690 I20
1413 671 1420 690 :
1436 661 1489 689 Καὶ
1513 662 1558 688 τὸν
1581 661 1709 698 πώγωνα,
1729 662 1851 689 τουτέστι
1867 661 1915 688 τὸν

1088 707 1156 734 κατὰ
1171 706 1248 745 φύσιν
1274 705 1426 744 ἀνθρώποις
1450 705 1586 744 πρέποντα
1609 706 1710 742 κόσμον
1728 715 1735 722 ·
1755 717 1770 732 ‹‹
1786 707 1820 734 Et
1846 707 1917 745 bar—

1089 752 1167 786 bam,
1177 743 1238 779 hoc
1255 753 1308 784 est,
1320 754 1535 784 ornamentum,
1546 751 1624 786 quod
1637 751 1810 778 naturaliter
1820 743 1918 779 homi-

1090 805 1142 824 nes
1165 796 1256 824 decet.
1275 807 1288 821 η
1305 797 1450 832 Interpres
1475 795 1643 831 scripserat,
1660 806 1674 820 «
1692 795 1803 831 absque
1826 795 1920 823 barba

1090 840 1151 868 fore
1166 840 1249 868 dixit.
1268 851 1281 865 ››
1297 842 1370 868 Item
1392 849 1455 876 quae
1480 842 1656 875 sequuntur,
1673 839 1689 865 ἃ
1715 839 1758 866 ἐπὶ
1781 841 1832 871 τῆς
1846 838 1920 876 γενέ·

1090 894 1158 915 σεως
1169 884 1280 922 γίνεται,
1297 887 1433 918 verterat,
1448 884 1637 912 «secundum
1650 884 1832 912 nativitatem
1849 893 1920 912 nos-

1091 930 1129 957 tri
1146 929 1356 957 Emmanuelis.
1375 940 1385 954 ιι

1129 973 1187 1001 Col.
1206 974 1253 1001 471
1271 973 1292 1001 C
1306 974 1333 1000 9.
1349 973 1423 1001 Mille
1437 974 1515 1001 vites.
1529 976 1603 1007 Non,
1619 982 1651 1001 ut
1666 973 1842 1002 Tilmannus
1857 974 1921 1002 edi-

1093 1020 1185 1054 derat,
1202 1031 1215 1044 ‹‹
1233 1019 1313 1047 mille
1328 1019 1401 1046 vites
1417 1019 1615 1047 distraherent
1626 1019 1705 1047 mille
1720 1020 1811 1048 siclis.
1822 1031 1836 1045 n
1849 1020 1921 1048 Pro-

1095 1064 1197 1100 copius
1212 1064 1295 1100 dixit,
1315 1064 1404 1092 Πᾶσοιν
1431 1063 1555 1100 ἄμπελον
1579 1063 1626 1091 κᾶν
1644 1063 1736 1092 σίκλον
1753 1061 1806 1102 ἔχῃ
1823 1066 1921 1100 τιμήν,

1096 1122 1110 1135 ‹‹
1127 1110 1250 1138 Omnem
1264 1111 1352 1138 vitem
1363 1111 1554 1146 quantumvis
1563 1111 1627 1139 sicli
1641 1111 1732 1147 pretio
1743 1112 1923 1139 aestimatam

1096 1155 1242 1182 desertam
1266 1157 1294 1182 et
1318 1155 1459 1182 incultam
1483 1156 1542 1183 [ore
1561 1163 1568 1183 :
1587 1167 1597 1179 ι
1615 1156 1705 1183 vitem
1728 1156 1806 1183 enim
1823 1156 1925 1191 aptius

1097 1199 1179 1227 reddi
1196 1197 1318 1234 ἄμπελον
1335 1201 1414 1235 puto,
1427 1207 1514 1235 quam
1531 1199 1656 1234 vineam,
1670 1207 1738 1228 cum
1752 1200 1834 1228 mille
1849 1201 1926 1228 vites

1098 1244 1178 1271 siclis
1194 1244 1337 1280 propheta
1351 1244 1457 1271 dixerit
1475 1244 1646 1272 aestimatas.

1135 1288 1193 1316 Col.
1210 1289 1263 1315 475
1282 1291 1305 1315 Α
1321 1289 1346 1316 8.
1364 1291 1480 1324 Propter
1499 1297 1604 1316 eorum.
1620 1289 1742 1325 Legerat
1766 1290 1795 1317 in
1818 1298 1876 1318 ms.
1896 1291 1926 1318 F.

1099 1333 1243 1368 interpres
1268 1330 1302 1358 δι’
1326 1331 1342 1358 ἃ
1366 1331 1396 1358 τδ
1418 1331 1549 1366 εὐπειθές,
1570 1333 1691 1368 ideoque
1710 1336 1849 1367 verterat,
1868 1346 1882 1358 «ι
1898 1335 1928 1362 vi

1099 1376 1298 1412 intelligentiae
1314 1375 1404 1404 fuisse
1419 1384 1436 1404 a
1451 1376 1535 1404 nobis
1551 1377 1778 1413 deprehensum,
1792 1386 1844 1413 per
1860 1387 1927 1414 quae

1099 1429 1157 1448 non
1174 1429 1280 1457 magno
1295 1420 1422 1456 negotio,
1439 1429 1502 1456 quas
1515 1421 1647 1456 subjecta
1658 1424 1736 1455 sunt,
1746 1423 1929 1458 persuaden—

1099 1467 1157 1500 tur,
1173 1476 1187 1491 ››
1205 1465 1254 1493 sed
1272 1467 1418 1501 receptam
1433 1464 1586 1493 lectionem
1601 1468 1723 1494 tuentur
1736 1466 1770 1494 Η.
1787 1469 1817 1494 et
1835 1468 1927 1502 Angl.

1099 1511 1128 1537 et
1143 1509 1310 1545 exemplum
1333 1509 1503 1543 Ezechielis,
1530 1510 1607 1545 quod
1634 1510 1801 1546 subjicitur,
1819 1522 1834 1536 (ι
1863 1519 1929 1547 pro-

1099 1555 1193 1590 phetae
1208 1562 1275 1582 vero
1291 1553 1456 1582 obedientia
1471 1563 1488 1582 a
1502 1554 1587 1582 nobis
1603 1554 1786 1590 intelligitur.
1803 1566 1818 1580 ›)

221 1604 274 1630 aut
285 1601 402 1636 sanguis
416 1600 511 1628 cilicii.
526 1608 540 1625 ιι
573 1599 729 1635 Propterea
757 1598 938 1626 correximus
953 1596 1038 1632 intra,

1133 1608 1192 1636 Col.
1209 1608 1261 1634 487
1277 1609 1298 1635 Α
1325 1608 1352 1635 9.
1373 1608 1404 1637 Ut
1424 1609 1449 1635 si
1471 1608 1625 1644 pertrahat.
1646 1607 1815 1644 Ἐλκόμινον
1840 1610 1926 1646 dixit,

222 1657 233 1672 ι
253 1646 452 1682 Superborum
481 1645 568 1680 caput
595 1645 641 1671 est
665 1642 852 1675 exsecrabile,
869 1651 902 1670 ac
920 1641 1041 1677 plenum

219 1689 383 1726 sanguinis,
399 1699 413 1714 »
431 1696 489 1716 non
505 1690 537 1716 ut
553 1688 709 1723 scripserat
725 1686 911 1720 Tilmannus,
924 1698 937 1711 ‹‹
955 1687 1043 1722 caput

217 1738 263 1764 est
277 1735 397 1771 quidam
413 1733 623 1770 sanguinarius
635 1741 642 1759 :
655 1743 667 1756 η
681 1740 776 1767 neque
787 1731 865 1760 enim
881 1731 971 1759 homo
985 1732 1040 1764 est,

218 1781 269 1810 sed
284 1779 385 1808 civitas
401 1778 488 1815 Syriae
504 1776 644 1814 primaria
657 1776 831 1811 Damascus,
850 1775 931 1803 Isaiae
946 1784 997 1810 vn,
1013 1776 1040 1809 8,

218 1828 248 1854 et
261 1826 304 1853 ita
331 1824 362 1852 in
382 1823 508 1859 Vulgata
533 1821 645 1850 Latina.
671 1822 781 1849 Rursus
808 1821 1040 1854 smendavimus,

221 1883 235 1896 «
253 1878 304 1907 pro
319 1867 502 1906 poenitentia,
514 1876 578 1904 quae
594 1866 789 1899 existimatur,
802 1877 815 1890 ››
827 1873 884 1894 non
898 1876 912 1891 «
922 1873 974 1902 pro
985 1873 1042 1901 poe-

221 1914 344 1944 nitentia
358 1912 481 1941 solemni
504 1915 533 1940 et
558 1912 587 1939 in
608 1920 688 1940 more
711 1911 815 1947 posita.
832 1920 847 1937 »
864 1911 941 1938 Licet
964 1910 1042 1938 enim

222 1959 300 1996 apud
316 1957 512 1986 Herodianum
529 1956 565 1987 ὡς
587 1955 730 1992 νομίζουσι
746 1955 877 1992 Ῥωμαῖοι
893 1954 995 1990 valeat,
1012 1958 1042 1982 ut

222 2003 351 2033 Romanis
365 2010 421 2030 mos
440 2005 489 2036 est,
516 2003 545 2029 et
566 2001 596 2027 τὸ
612 1999 792 2037 νομιζόμενον
813 2000 861 2034 sit,
879 2011 893 2025 «
919 2000 996 2036 quod
1012 1999 1041 2026 in

220 2056 301 2078 more
317 2047 445 2084 positum
460 2048 506 2074 est
521 2054 528 2074 :
546 2057 560 2070 »
575 2054 643 2073 cum
659 2047 757 2073 tamen
777 2046 918 2081 sequatur
932 2043 981 2071 οὐκ
997 2042 1042 2070 οὗ-

220 2105 266 2122 σαν
282 2092 310 2121 δὲ
325 2091 472 2127 ἀληθινήν,
497 2090 603 2118 melius
620 2090 788 2126 accipietur,
805 2091 837 2116 ut
862 2091 946 2117 sonet
959 2088 1040 2124 νομί-

220 2143 308 2174 ζεσθαι
334 2136 506 2171 existimari,
523 2135 630 2171 putari,
648 2137 679 2162 ut
695 2135 722 2162 in
747 2134 867 2162 concilio
882 2134 1041 2169 Gaugrensi

223 2193 288 2213 can.
312 2183 369 2211 422
396 2180 431 2210 Εἴ
455 2191 497 2211 τις
520 2178 624 2216 ἀνδρῶν
648 2177 693 2206 διὰ
715 2178 899 2215 νομιζομένην
929 2177 1041 2213 ἄσκησιν

218 2225 388 2267 περιϐολαίῳ
402 2228 515 2264 χρῆται·
534 2236 549 2250 (ι
564 2225 595 2252 Si
612 2225 679 2261 quis
695 2223 739 2252 vir
754 2226 871 2261 propter
885 2232 960 2259 eam,
977 2232 1041 2259 quae

219 2273 413 2304 existimatur,
429 2269 664 2299 exercitationem
681 2269 806 2297 amiculo
823 2268 923 2296 utitur.
941 2279 954 2294 »

255 2326 313 2355 Col.
331 2325 382 2353 463
404 2325 427 2352 Α
441 2325 468 2352 7.
490 2324 625 2358 Quoniam
654 2331 690 2350 ea:
712 2323 825 2350 semine.
852 2322 917 2350 Haec
939 2322 1039 2350 addita

219 2374 289 2400 sunt
304 2369 429 2399 versioni
443 2367 601 2402 Tilmanni,
614 2367 752 2403 quoniam
768 2369 796 2394 et
811 2367 911 2395 Graeca
925 2366 1040 2395 inclusa

217 2415 341 2452 virgulis
357 2414 478 2442 aberant
493 2421 509 2440 a
524 2413 612 2448 Regio
628 2420 683 2440 ms.
702 2412 732 2439 F.
749 2414 776 2440 et
790 2411 820 2439 in
835 2413 1038 2448 sequentibus,

217 2461 248 2489 τὸ
264 2459 368 2497 Stipsz
383 2459 422 2487 sic
438 2457 713 2493 aceepitintcrpres,
725 2459 758 2484 ut
774 2460 891 2485 sonaret
906 2456 1040 2484 eminen-

215 2505 359 2540 tiam,hoc
375 2505 487 2540 pacto,«
504 2501 604 2530 domui
622 2501 778 2536 David,hoc
789 2501 987 2536 est,Domiuus
998 2510 1040 2529 se-

218 2552 347 2580 cundum
357 2556 486 2583 carnem,
497 2546 572 2582 quod
583 2545 787 2582 praaemincbal
795 2546 824 2573 in
833 2546 968 2573 universa
975 2554 1041 2582 cog-

217 2597 334 2626 natione
346 2593 538 2628 David,idque
547 2591 675 2619 faustum
684 2590 808 2626 felixque
820 2591 956 2619 nuntium
968 2595 1038 2619 est»

252 2650 311 2678 Col.
331 2649 384 2676 466
398 2650 421 2674 Λ
436 2648 463 2674 5.
480 2647 571 2674 Etiam
588 2649 743 2680 postquam.
766 2643 832 2671 11ch
856 2643 956 2671 addita
972 2647 1041 2672 sunt

217 2694 343 2723 versioni
372 2692 482 2720 Latinae
505 2691 541 2718 ob
561 2691 660 2717 Graeca
683 2696 717 2715 ex
741 2688 869 2722 Anglicis
892 2689 1041 2717 codicibus

218 2740 338 2773 inserta,
354 2737 423 2765 licet
439 2745 455 2764 ιι
468 2735 566 2771 Regiis
583 2733 699 2761 duobus
726 2733 864 2760 abessent
880 2741 886 2760 :
903 2733 947 2759 καὶ
976 2733 1042 2769 μετὰ

219 2783 249 2809 τὸ
264 2782 384 2818 γενέσθαι
403 2779 508 2817 μητέρα
523 2777 561 2806 ἔτι
574 2777 708 2814 παρθένος
728 2775 900 2812 διαμένουσα,
917 2786 980 2813 qua
996 2787 1040 2806 re-

219 2829 336 2862 ceptum
360 2826 396 2853 de
419 2828 559 2861 perpetua
582 2822 774 2851 sanctissimae
796 2822 922 2858 Virginis
939 2823 1041 2851 matris

1097 1660 1154 1680 non
1176 1650 1302 1684 ἕλκοντα,
1326 1655 1359 1680 ut
1381 1652 1516 1688 exigebat
1541 1653 1744 1689 interpretatio
1761 1653 1926 1690 Tilmanni,

1096 1700 1180 1725 «‘nec
1195 1705 1263 1725 eum
1279 1696 1428 1732 pertrahat
1442 1697 1478 1724 ad
1495 1696 1656 1725 tribunalia
1666 1698 1877 1734 judicum,qui
1893 1707 1929 1728 se

1096 1742 1208 1770 exuerit
1223 1741 1266 1769 vel
1277 1740 1387 1769 tunica.
1406 1752 1416 1765 ι
1434 1740 1546 1769 Alludit
1556 1741 1697 1770 nimirum
1713 1743 1749 1770 ad
1762 1742 1837 1770 illud
1850 1745 1924 1771 Mat‘

1096 1787 1163 1815 thaei
1180 1795 1207 1822 ν,
1232 1787 1286 1816 4ος
1303 1785 1351 1812 Καὶ
1375 1787 1415 1822 τῷ
1439 1785 1546 1818 θέλοντι
1570 1790 1710 1823 κριθῆναι,
1736 1788 1781 1814 καὶ
1805 1788 1852 1815 τὸν
1876 1798 1927 1826 χι-

1095 1830 1168 1858 τῶνά
1196 1841 1244 1858 σου
1273 1827 1378 1866 λαϐεῖν,
1408 1830 1472 1869 ἄφες
1501 1830 1574 1867 αὐτῷ
1604 1832 1647 1858 καὶ
1674 1831 1705 1859 τὸ
1734 1832 1863 1868 ἱμάτιον
1892 1835 1926 1862 Et

1095 1877 1144 1912 qui
1158 1876 1216 1903 vult
1230 1880 1317 1903 tecum
1330 1875 1358 1902 in
1371 1875 1480 1909 judicio
1491 1875 1661 1910 contendere,
1672 1880 1699 1904 et
1708 1877 1832 1904 tunicam
1846 1879 1927 1905 tuam

1097 1921 1203 1954 tollere,
1220 1920 1328 1948 dimitte
1341 1921 1369 1947 ei
1383 1923 1410 1948 et
1419 1920 1550 1956 pallium.
1562 1923 1676 1948 Rursus
1692 1921 1770 1956 quod
1787 1923 1926 1957 sequitur

1098 1963 1347 2003 βλασφημούμενον
1363 1963 1532 2001 παρακαλενῖ
1547 1967 1681 2000 verterat,
1701 1977 1711 1990 ι
1729 1967 1761 1993 ut
1781 1966 1923 2003 blasphe-

1097 2020 1178 2040 mum
1195 2011 1374 2044 cohortatur,
1391 2013 1419 2038 et
1434 2019 1485 2046 pro
1501 2019 1535 2039 eo
1551 2014 1632 2048 roget
1647 2021 1654 2040 :
1672 2022 1686 2036 γι
1703 2013 1783 2048 alqui
1800 2012 1864 2041 haec
1879 2021 1925 2041 ex-

1097 2065 1198 2093 pressa
1213 2057 1282 2083 sunt
1297 2063 1331 2083 ex
1347 2055 1443 2083 verbis
1457 2055 1587 2091 Apostoli
1604 2058 1690 2084 ICor.
1705 2065 1743 2090 IV,
1761 2058 1793 2084 13
1812 2066 1818 2085 z
1836 2057 1923 2094 βλασ-

1096 2099 1270 2139 φημούμενοι
1295 2101 1518 2137 παρακαΛοῦμεν,
1535 2101 1768 2137 btasphcmamur,
1796 2106 1824 2129 et
1847 2102 1922 2131 obse-

1096 2154 1216 2173 eramus.

1132 2190 1206 2218 Ibid.
1223 2190 1243 2217 Ο
1259 2191 1284 2217 4.
1301 2190 1347 2217 Est
1369 2197 1431 2217 vero
1454 2197 1595 2225 magnum.
1623 2190 1770 2226 lnterpres
1795 2191 1923 2227 scripse-

1096 2238 1141 2263 rat
1156 2244 1162 2262 :
1179 2247 1192 2260 ι(
1209 2234 1310 2262 Timor
1325 2234 1403 2261 enim
1416 2234 1462 2261 Dei
1477 2234 1637 2262 maximum
1654 2237 1699 2263 est
1713 2239 1922 2271 argumentum

1055 2281 1079 2314 D
1094 2280 1152 2313 his,
1166 2279 1216 2315 qui
1229 2279 1404 2306 adnituntur
1415 2279 1450 2306 ad
1463 2279 1633 2306 sectandam
1644 2279 1854 2314 perfectionem
1867 2288 1924 2308 ser-

1091 2326 1157 2352 vato
1182 2326 1281 2351 tenore
1307 2322 1480 2358 disciplinae.
1499 2333 1514 2347 »
1532 2322 1606 2350 Illud
1632 2331 1711 2359 vero,
1734 2324 1825 2351 πάνται
1845 2334 1923 2351 κατα-

1093 2368 1232 2402 πτήσσειν,
1249 2367 1357 2395 locutio
1373 2370 1417 2395 est
1432 2370 1573 2403 usurpata
1590 2367 1679 2396 etiam
1697 2376 1713 2396 a
1729 2369 1924 2405 Septuaginta

1093 2413 1227 2441 Proverb.
1256 2420 1357 2446 xxvm,
1387 2411 1421 2439 H
1448 2420 1454 2439 :
1485 2411 1623 2448 Μακάριος
1652 2411 1736 2447 ἀνὴρ,
1767 2413 1797 2443 ὃς
1826 2423 1923 2440 κατα-

1093 2457 1206 2491 πτήσσει
1233 2456 1316 2483 πάντα
1340 2454 1375 2482 δι’
1397 2452 1549 2483 εὐλάϐειαν·
1581 2457 1682 2484 Beatus
1707 2458 1750 2485 vir
1774 2458 1824 2493 qui
1847 2460 1923 2486 timet

1093 2502 1186 2530 omnia
1201 2501 1232 2530 ob
1247 2500 1557 2536 caulionem.Sequitur
1568 2501 1640 2528 ibid.
1656 2500 1738 2530 locus
1755 2503 1839 2530 Isaias
1850 2504 1923 2530 cita-

1094 2549 1144 2574 tus
1159 2555 1216 2574 non
1234 2548 1265 2573 ut
1285 2553 1442 2581 expressus
1463 2547 1507 2573 est
1521 2554 1538 2572 a
1554 2545 1632 2581 LXX,
1645 2546 1726 2574 Isaias
1744 2555 1846 2582 xxvm,
1867 2548 1897 2575 16
1913 2555 1920 2574 :

1095 2589 1166 2619 Ἰδοὺ
1184 2590 1238 2628 ἐγὼ
1268 2587 1382 2626 ἐμϐαλῶ
1410 2589 1450 2620 εἷς
1470 2589 1504 2616 τὰ
1527 2589 1641 2626 θεμέλια
1671 2591 1754 2626 Σιών,
1783 2593 1853 2620 Ecce
1875 2601 1923 2627 ego

1096 2637 1245 2664 immittam
1260 2637 1291 2664 in
1300 2635 1483 2671 fundamenta
1497 2635 1563 2662 Sion
1575 2644 1580 2662 :
1594 2636 1646 2663 sed
1663 2638 1695 2664 ut
1709 2636 1818 2665 citatus
1834 2640 1878 2665 est
1890 2638 1925 2664 ab

1095 2680 1233 2717 Apostolo
1249 2681 1370 2708 Roman.
1390 2688 1427 2714 ix,
1445 2680 1478 2707 33
1494 2688 1500 2707 :
1519 2677 1588 2706 Ἰδοὺ
1604 2678 1656 2717 ἐγὼ
1680 2679 1778 2716 τίθημι
1795 2680 1822 2707 ἐν
1841 2681 1922 2708 Σιών.

1131 2734 1192 2762 Col.
1209 2734 1259 2761 494
1276 2733 1296 2760 Β
1311 2733 1338 2760 6.
1355 2735 1389 2760 Et
1413 2733 1530 2761 Galilazi.
1548 2732 1611 2760 Non
1631 2733 1729 2761 solum
1747 2734 1856 2768 idiotas,
1874 2735 1922 2762 sed

1097 2781 1125 2807 et
1142 2779 1258 2807 natione
1273 2777 1394 2812 Galilazi,
1407 2786 1464 2805 non
1477 2777 1660 2812 utinterpres
1671 2778 1814 2814 dixerat,«
1826 2779 1922 2807 idiota:

1097 2824 1206 2861 quippe
1221 2822 1355 2851 homines
1377 2821 1496 2850 Galilei.
1515 2833 1528 2847 n
1545 2822 1589 2850 Sic
1612 2823 1741 2851 Matthazi
1766 2832 1844 2860 xxvr,
1865 2824 1918 2851 69:
