2029 3143
116 200 193 230 1105

725 204 763 233 ΙΝ
786 203 987 233 COMMENT.
1012 203 1048 232 IN
1073 203 1220 234 ISAIAM.

1746 205 1827 234 1106

114 267 151 293 Et
168 267 198 294 tu
215 274 278 294 cum
301 269 368 296 Jesu
391 268 514 297 Galitwo
538 277 608 297 eras.
626 270 698 298 Nam
712 272 742 297 et
757 270 866 305 loquela
893 271 942 296 tua
957 271 985 304 Α
1001 270 1110 297 mentio
1126 270 1163 298 III
1180 270 1291 306 Regum
1308 272 1389 306 Iv,24
1400 273 1448 299 :Et
1463 270 1578 298 habebat
1590 278 1690 306 pacem
1705 278 1740 298 ea-
1751 271 1829 298 omni

113 311 296 345 mnifeslum
311 315 337 340 te
350 313 429 348 facit.
444 314 476 340 In
493 322 580 350 quem
605 314 701 341 locum
726 314 921 349 Hieronymus
938 321 945 342 :

117 363 131 380 ι
145 355 226 387 Quod
244 364 426 392 unaquaeque
441 358 592 393 provincia
607 361 634 386 et
650 358 728 394 regio
747 358 854 386 habeat
879 367 946 394 pro-

116 399 256 433 prietates
273 409 352 436 suas,
371 406 397 429 et
412 403 602 430 vernaculum
616 402 755 438 loquendi
772 403 892 430 modum
908 403 946 430 vi-

117 447 179 471 tare
193 452 251 472 non
268 446 378 480 possit;
396 457 410 471 ››
424 449 453 474 et
473 447 556 475 Lucae
582 456 651 480 xxu,
667 448 712 483 59,
732 456 798 475 nam
820 452 846 475 et
871 448 946 475 Gali-

118 488 187 515 [πίω
206 494 256 517 est.
273 490 422 526 Josephus
436 494 544 525 autem,
561 492 613 520 lib.
630 501 660 520 m
675 493 712 519 De
728 493 808 526 bello,
825 500 888 528 cap.
904 493 921 519 2
938 500 944 520 :

117 531 250 570 Μάχιμοί
275 543 304 561 τε
327 535 380 571 γὰρ
407 534 437 562 ἐκ
457 535 562 570 νηπίων
579 537 624 563 καὶ
639 535 741 564 πολλοὶ
765 536 879 563 πάντοτε
896 539 945 563 Γα-

117 575 236 613 λιλαῖοι,
250 577 295 605 καὶ
318 577 380 606 οὕτε
404 578 494 607 διιλία
517 581 583 608 ποτὲ
605 580 669 612 τοὺς
686 579 796 618 ἄνδρας,
810 579 871 608 οὔτε
887 579 946 607 λει-

116 619 247 658 πανδρεία
260 623 310 657 τήν
333 624 427 661 χώραν
453 624 593 662 κατέσχεν·
611 628 792 662 «Pugnaces
816 627 887 654 sunt
909 626 945 653 ab

117 666 245 694 infantia
261 668 381 703 Galilei,
399 671 428 697 et
442 671 522 698 omni
548 673 679 707 tempore
704 671 835 706 plurimi,
853 678 946 706 neque

119 713 170 738 aut
187 711 313 740 formido
330 722 460 749 unquam
471 715 561 749 viros,
571 718 622 743 aut
632 715 761 743 virorum
771 715 894 752 penuria
904 723 946 742 rc-

117 755 223 790 giones
239 756 305 784 illas
320 759 483 793 occupavit.
501 770 515 784 ››

151 809 212 837 Col.
229 810 282 836 499
298 810 320 838 D
335 811 360 837 5.
378 812 463 847 Atque
486 812 538 840 illi
561 814 680 849 quidem.
700 816 730 841 ln
752 813 839 849 Regio
858 815 887 840 F.
905 813 947 840 la-

115 862 191 881 cuna
207 857 279 888 erat,
294 856 370 891 quod
387 857 462 885 duas
477 857 570 886 lineas
588 858 730 886 librarius
746 857 949 894 prmtermisis—

115 901 171 931 set,
198 907 272 934 quas
294 908 327 927 ex
349 901 383 928 H.
410 906 435 928 ei
459 902 571 938 Anglic.
597 903 782 931 restituimus
806 905 834 930 et
850 902 948 930 GNBCO

999 317 1078 350 parte
1092 315 1122 342 in
1137 316 1266 343 circuitu.

1037 359 1095 386 Col.
1111 360 1165 387 515
1189 360 1210 387 Β
1233 361 1276 388 13.
1293 361 1375 388 Parte
1403 360 1488 387 enim.
1519 359 1578 388 Hoc
1606 359 1766 388 maluimus
1790 360 1826 388 ad

1001 404 1227 440 verbum,quam
1236 404 1309 432 illud
1323 405 1520 441 interpretis,«
1527 404 1741 432 Portiunculam
1748 405 1827 432 enim

1003 449 1095 476 tribus
1109 450 1248 477 Davidicae
1261 449 1346 477 nihili
1357 450 1508 483 ducentes,
1518 451 1659 485 tanquam
1672 457 1736 485 quas
1747 449 1828 478 nullo

1001 494 1117 528 negotio
1131 493 1238 522 aboleri
1251 497 1360 530 posset,
1373 497 1401 522 et
1417 494 1534 530 opprimi
1548 502 1556 528 ;
1571 494 1639 522 licet
1654 494 1764 530 regiam
1780 494 1829 522 ob-

1001 538 1107 566 tineret
1118 538 1300 574 dignitatem.
1315 549 1329 564 ››
1341 541 1440 575 Neque
1450 539 1528 566 enim
1540 547 1628 566 unam
1640 539 1750 567 tribum
1761 547 1828 575 pos-

1001 583 1116 611 sidebat
1126 583 1230 611 domus
1242 583 1344 618 David,
1355 584 1404 611 sed
1419 584 1492 611 duas
1503 583 1612 618 tribus,
1623 583 1701 612 Juda
1715 585 1743 611 et
1757 584 1830 611 Ben-

999 627 1106 663 jamin,
1119 630 1186 663 post
1199 628 1392 656 defectionem
1409 629 1510 656 decem
1528 628 1737 664 aliarum,quae
1752 628 1831 656 dixe-

1002 674 1070 700 rant
1087 673 1110 700 Il
1127 672 1303 708 Paralipom.
1320 681 1349 706 x,
1367 673 1399 700 16
1415 681 1421 702 :
1437 674 1495 701 Non
1511 673 1638 701 estnobis
1650 681 1716 709 pars
1731 673 1760 700 in
1775 673 1828 700 Da-

1002 717 1060 752 vid,
1075 725 1166 752 neque
1180 717 1328 746 haereditas
1343 718 1373 745 in
1388 719 1446 753 ﬁtio
1461 718 1559 746 Israel.

1037 770 1096 798 Col.
1111 771 1164 798 527
1177 773 1194 796 Β
1220 771 1246 797 9.
1263 771 1502 807 Appropinquabo.
1520 773 1579 799 Hoc
1601 771 1665 799 sine
1686 771 1828 807 interpre-

1002 815 1112 843 tatione
1134 815 1313 843 transilierat
1334 815 1518 852 Tilmannus,
1535 816 1612 851 quod
1637 816 1776 844 mendose
1797 815 1827 843 in

1003 862 1127 895 utroque
1147 859 1234 895 Regio
1250 860 1313 887 cod.
1331 859 1485 896 legeretur,
1508 858 1616 895 μᾶλλον
1630 859 1648 894 ἢ
1660 859 1713 896 οὐχ
1725 859 1826 895 ἥττων,

1003 912 1054 939 pro
1068 902 1175 939 μᾶλλον
1190 904 1208 938 ἢ
1225 904 1239 930 ὁ
1250 904 1345 941 χιτών.
1353 904 1562 932 Verumtamen
1579 905 1746 940 opelndieis
1754 904 1828 932 Grae-

115 943 221 977 textui,
237 946 265 972 et
280 945 446 996 interpreti,
459 955 552 982 usque
568 947 603 975 ad
633 947 684 975 illa.
707 947 803 982 verba,
821 958 834 972 ι(
851 947 900 982 qui
916 946 944 973 in
962 963 984 996 Β
1002 949 1029 976 εἰ
1044 948 1235 977 Kirchmanni
1252 949 1302 977 diu
1313 949 1454 985 quaesitus
1469 949 1517 977 hic
1532 949 1614 977 locus
1631 957 1681 985 per
1695 949 1829 986 singulas

115 996 243 1016 errorem
262 989 460 1025 pelliciuntur.
471 1003 484 1015 υ
502 991 642 1019 Caeterum
658 992 718 1020 haec
733 1001 749 1020 ιι
764 991 884 1020 Tarasio
894 1000 941 1027 pa-

115 1033 246 1061 triarcha
256 1034 385 1062 citantur
400 1036 428 1062 in
442 1036 528 1071 epist.
544 1037 581 1064 De
595 1037 828 1072 ordinationibus,
844 1045 873 1072 p.
891 1036 941 1063 193

113 1077 196 1104 Juris
211 1079 449 1107 Graeco-Romani
469 1082 572 1108 ξτοῦτο
592 1081 642 1118 γάρ
667 1080 721 1108 ἐστι
746 1081 777 1108 τὸ
792 1079 942 1117 καταγέλα-

114 1131 188 1150 στον.
207 1123 276 1150 Vide
291 1123 378 1151 etiam
398 1125 568 1161 Procopium
587 1126 615 1153 in
633 1126 710 1153 hunc
727 1126 834 1153 locum.
851 1125 941 1153 Paulo

112 1165 191 1194 infra
205 1168 301 1202 afﬂixi
314 1176 358 1196 vos
373 1178 383 1196 :
399 1169 459 1197 hac
476 1170 614 1198 alludunt
627 1171 662 1198 ad
679 1171 751 1198 illud
766 1171 944 1198 Deuterono-

111 1211 164 1238 mil
191 1220 255 1245 vui,
280 1213 298 1240 3
324 1221 330 1240 :
358 1212 408 1239 Καὶ
441 1215 583 1250 μνησθήσῃ
611 1217 697 1242 πᾶσαν
724 1215 775 1249 τὴν
805 1212 878 1248 ὁδὸν,
909 1214 940 1247 ἦν

110 1253 199 1292 ἤγαγέ
239 1266 267 1283 σε
299 1257 399 1294 Κύριος
422 1258 435 1285 ὁ
468 1259 534 1289 Θεός
569 1269 616 1286 σου
645 1258 673 1286 ἐν
699 1261 732 1296 τῇ
765 1258 872 1295 ἐρήμῳ,
897 1258 942 1285 καὶ

112 1298 234 1327 ἐκάκωσέ
260 1310 299 1334 σε,
314 1302 359 1329 καὶ
389 1301 596 1340 ἐλιμαγχόνησέ
623 1307 666 1330 cs‘
694 1306 731 1332 Et
759 1303 944 1332 recordaberis

113 1346 204 1372 omnis
228 1346 291 1379 viz,
309 1355 358 1378 per
379 1356 461 1382 quam
484 1348 568 1376 duxit
589 1351 615 1376 te
630 1349 760 1377 Domiuus
782 1353 843 1376 tuus
855 1350 886 1376 in
901 1348 945 1376 de-

115 1391 207 1424 serto;
214 1395 241 1418 et
256 1392 362 1426 afﬂixit
377 1397 414 1425 te,
430 1397 456 1420 et
469 1392 565 1428 affecit
577 1396 606 1420 te
618 1395 704 1428 fame.

151 1442 213 1471 Col.
229 1443 284 1471 508
298 1446 319 1471 Β
333 1445 360 1472 8.
377 1445 485 1481 Accepit
496 1447 620 1481 signum.
636 1447 710 1480 Non,
729 1458 743 1471 ‹‹
767 1455 801 1474 ex
825 1454 945 1481 compa-

117 1491 163 1515 cto
179 1487 324 1516 indictum
342 1489 596 1526 curriculum,’»ut
607 1494 693 1519 antea
708 1491 876 1527 legebatur:
887 1489 946 1516 σύν-

120 1531 198 1567 θημα
223 1533 301 1561 enim
322 1534 370 1561 hic
392 1543 449 1562 non
476 1539 580 1571 sonat,
606 1548 620 1562 «
646 1538 831 1572 compactum
859 1546 872 1560 η
897 1532 948 1562 θυι

123 1586 136 1603 α
153 1579 362 1613 compositum,
377 1591 388 1604 υ
400 1581 449 1608 sed
467 1580 594 1618 ἀφορμῆς
609 1583 756 1617 σημεῖον,‹‹
773 1581 890 1616 signum
902 1587 947 1607 ex-

117 1621 266 1650 cursionis
277 1623 460 1660 inchoanda,
472 1636 484 1650 ››
495 1627 528 1653 ut
539 1627 615 1662 apud
633 1626 788 1662 Virgilium
802 1634 816 1651 v
825 1625 943 1653 Aineids

188 1728 221 1747 ._.
240 1729 248 1747 .
266 1729 272 1735 .
290 1729 296 1747 ε
316 1731 322 1738 ,
341 1730 349 1747 .
367 1730 371 1737 .
389 1711 500 1746 signum
514 1711 634 1740 clamore
644 1713 751 1747 parntis

183 1745 325 1781 zEpitydes
341 1745 420 1782 longe
432 1747 516 1780 dedit,
533 1745 710 1783 insonuitque
725 1746 853 1783 ﬂagello,

110 1830 139 1856 et
156 1829 234 1864 apud
251 1829 450 1859 Herodianum
467 1831 517 1860 lib.
537 1841 557 1860 ιι
574 1841 580 1860 :
598 1832 698 1863 Πάντες
719 1831 758 1869 ἐφ’
775 1830 813 1857 ἒνὶ
836 1830 936 1864 συνθή-

113 1883 177 1908 ματι
194 1871 443 1910 συλλαμϐάνονταυ
457 1888 470 1901 ‹‹
488 1878 595 1905 Omnes
611 1885 667 1904 uno
682 1877 749 1904 dato
760 1876 844 1912 signo
856 1883 936 1903 com-

111 1917 347 1952 prehenduntur.
364 1931 378 1945 »
396 1921 565 1958 Procopius,
583 1930 611 1957 p.
630 1922 680 1948 115
697 1929 702 1948 :
718 1920 837 1957 Δρομεὺς
854 1917 882 1946 δὲ
897 1919 934 1945 ὣν

110 1960 219 1999 ἀγαθὸς,
237 1963 293 1999 ἅμα
306 1966 346 2000 τῷ
372 1966 522 2001 συνθήματι
547 1966 614 2003 πρὸς
639 1965 670 1992 τὸ
691 1963 770 1994 τέλος
796 1963 934 2001 ἠπείγετο.

111 2016 124 2031 «
138 2006 209 2034 Cum
227 2016 293 2036 vero
305 2017 406 2038 cursor
413 2010 509 2038 bonus
520 2013 609 2046 esset,
621 2011 656 2038 ad
668 2010 756 2038 ﬁnem
769 2010 837 2037 dato
851 2009 934 2044 signo

109 2052 294 2087 properabat.
308 2064 322 2078 ››

145 2104 204 2132 Col.
220 2106 271 2134 511
287 2106 308 2134 Β
323 2107 350 2134 7.
367 2108 459 2136 Induit
479 2110 563 2137 enim.
579 2109 790 2145 Corrigendum
810 2108 840 2135 in
856 2107 934 2135 Grte-

109 2157 142 2176 co
167 2151 247 2178 textu
271 2159 304 2179 ex
329 2160 385 2180 ms.
401 2155 435 2180 H.
452 2153 482 2181 F.
500 2151 623 2181 Ἐνίδυσε
648 2153 698 2190 γάρ
731 2162 774 2188 με,
799 2163 813 2177 ‹‹
838 2152 936 2179 induit

108 2194 188 2221 enim
205 2202 262 2222 me.
276 2206 290 2220 υ
301 2196 358 2224 Nec
374 2196 458 2225 aliter
468 2197 594 2232 Vulgata
615 2197 708 2225 Biblia
724 2197 804 2224 Isaiae
818 2204 872 2230 LXI,
890 2196 934 2230 10,

109 2238 160 2266 38d
178 2247 230 2274 ρτο
247 2238 412 2276 εὐφροσύνης
428 2241 606 2269 existimavit
621 2242 765 2277 interpres
780 2249 811 2268 se
830 2240 935 2276 legisse

111 2280 297 2318 δικαιοσύνης,
312 2285 412 2321 itaque
428 2287 629 2320 scribendum,
648 2297 661 2312 ‹‹
686 2288 714 2314 et
740 2286 840 2314 tunica
861 2285 934 2313 laeti-

111 2327 169 2362 tias,
187 2337 201 2353 »
218 2330 251 2356 ut
267 2329 346 2365 apud
361 2331 534 2366 Procopium
550 2339 579 2367 p.
597 2331 660 2358 148.

147 2381 209 2410 Col.
250 2383 303 2410 513
343 2384 363 2411 B
407 2384 432 2411 1.
467 2384 660 2412 Dirimeretur.
692 2381 941 2420 Συναπαρτίζεσθαι

113 2426 193 2454 idem
209 2427 294 2463 valet,
306 2428 384 2464 quod
400 2427 603 2466 ἀπαρτίζεσθαι,
623 2440 633 2454 ιι
651 2428 821 2457 absolutum
847 2427 941 2456 reddi,

114 2472 256 2500 omnibus
269 2472 400 2501 numeris
416 2473 559 2509 expleri.»
571 2474 695 2501 Budaeus
711 2473 741 2500 in
756 2474 941 2501 Gommentar.

115 2516 218 2551 p.735,
236 2527 249 2544 ι
259 2517 349 2544 simul
359 2517 448 2551 ﬁniri,
460 2526 543 2553 aequa
553 2526 617 2546 esse
629 2517 844 2553 magnitudine.
860 2527 874 2541 »
889 2516 942 2544 Hic

114 2560 207 2596 igitur
221 2563 333 2590 vertere
343 2564 459 2598 potes,«
466 2562 553 2590 simul
565 2571 631 2590 cum
645 2562 710 2598 ipsa
721 2562 823 2589 mundi
836 2561 943 2590 consti-

116 2605 240 2634 tutione.
260 2617 270 2631 ι
290 2606 421 2643 Procopii
437 2607 581 2643 interpres
597 2607 669 2635 dixit
689 2615 717 2643 p.
735 2607 783 2634 151
803 2615 840 2634 τι(
869 2606 943 2637 Quia

116 2650 140 2678 si
157 2659 192 2678 ex
208 2651 320 2679 mundo
334 2654 424 2685 esset,
439 2653 475 2680 ab
490 2652 555 2688 ipsa
570 2652 681 2688 origine
701 2650 805 2679 mundi
821 2650 942 2686 coepisse

116 2703 272 2724 necessum
288 2696 356 2724 sita
370 2697 437 2730 Qum
449 2704 517 2726 vero
533 2698 697 2733 sequuntur
712 2696 789 2732 apud
805 2695 942 2723 eumdem

118 2740 303 2777 Procopium,
320 2748 354 2769 ex
382 2741 490 2770 Basilio
515 2741 558 2770 sic
581 2741 765 2770 emendanda
788 2742 868 2775 sunt,
884 2749 942 2766 συν-

120 2783 193 2812 έσται
222 2785 311 2813 τοίνυν
340 2785 408 2820 αὐτὴ
435 2788 475 2822 τῷ
499 2788 562 2824 παρ’
589 2786 663 2821 αὐτῷ
692 2783 829 2821 δεξαμένῳ
859 2783 942 2821 μέχρι

120 2827 232 2861 παντός·
245 2841 256 2855 ι
270 2831 332 2859 Erit
343 2831 433 2867 igitur
446 2831 476 2859 in
491 2833 666 2868 perpetuum
680 2830 732 2858 illa
742 2838 801 2858 una
815 2836 882 2858 cum
898 2836 942 2864 eo,

122 2876 173 2913 qui
189 2876 226 2905 ab
245 2876 310 2912 ipso
325 2883 387 2905 eam
410 2875 564 2913 acceperit.
580 2885 595 2901 »
611 2875 694 2904 Pacis
722 2874 886 2904 Salomonis
911 2874 944 2902 ﬁt

999 1001 1093 1028 voces,
1111 994 1242 1021 nondum
1259 993 1344 1021 nobis
1369 994 1495 1021 occurrit
1521 994 1551 1021 in
1577 993 1738 1030 Scriptura.
1756 993 1828 1022 Vide

1000 1038 1199 1074 proverbium,
1221 1047 1231 1061 α
1248 1038 1358 1066 Tunica
1374 1039 1502 1074 propior.
1519 1049 1533 1063 n

1035 1082 1094 1109 Col.
1110 1082 1160 1109 531
1180 1082 1242 1110 Βϐ.
1269 1083 1302 1109 Et
1331 1082 1499 1111 Samariam.
1531 1083 1716 1118 Sequebatur
1749 1083 1827 1118 apud

997 1127 1201 1162 interpretem,
1218 1138 1232 1152 «
1249 1127 1502 1159 Quemadmodum
1519 1129 1548 1155 et
1563 1127 1617 1155 bos
1638 1127 1713 1163 cepi,
1730 1126 1827 1154 ethos

997 1172 1116 1198 caeteros
1132 1179 1234 1198 omnes
1250 1171 1434 1207 principatus
1446 1172 1560 1207 capiam
1573 1180 1580 1199 :
1592 1183 1605 1196 »
1615 1173 1663 1200 sed
1680 1171 1741 1198 haec
1754 1179 1770 1199 a
1780 1172 1824 1205 ty-

997 1215 1148 1250 pograpbo
1161 1217 1231 1243 sunt
1246 1215 1368 1246 omissa.
1378 1224 1445 1243 cum
1457 1224 1491 1244 ea.
1500 1217 1597 1244 deleta
1612 1216 1702 1244 fuisse
1712 1225 1728 1243 a
1738 1215 1824 1243 nobis

998 1261 1124 1295 putaret,
1140 1268 1199 1287 una
1214 1268 1280 1287 cum
1297 1260 1354 1296 bis,
1371 1261 1478 1296 quibus
1493 1261 1638 1297 interpres
1651 1261 1822 1296 sequentem

999 1304 1151 1339 periodum
1163 1307 1354 1340 expresserat,
1368 1305 1396 1333 in
1409 1306 1482 1333 duas
1498 1313 1650 1342 perperam
1666 1314 1683 1333 a
1703 1313 1734 1332 se
1749 1304 1822 1332 divi-

999 1356 1081 1375 sam:
1098 1359 1111 1373 «
1123 1349 1162 1376 Ex
1178 1357 1236 1384 quo
1250 1349 1342 1385 igitur
1356 1350 1410 1377 sibi
1427 1349 1650 1386 cepit,reliquas
1658 1357 1761 1377 omnes
1772 1357 1824 1384 spe

999 1393 1149 1428 prasumit
1164 1401 1194 1421 se
1210 1402 1296 1429 posse
1316 1395 1371 1421 sub
1389 1395 1495 1429 jugum
1512 1394 1687 1430 pertrahere.
1705 1394 1762 1421 Nec
1777 1393 1823 1420 in-

999 1437 1083 1464 terim
1101 1437 1157 1464 iste
1171 1437 1316 1465 intellexit
1331 1439 1359 1465 id
1373 1439 1486 1466 confici.
1502 1449 1516 1463 ι)

1012 1490 1014 1492 τ
1036 1481 1094 1508 Col.
1111 1482 1163 1508 538
1184 1484 1204 1508 B
1220 1482 1246 1509 3.
1263 1483 1295 1510 Et
1324 1484 1492 1511 concutz'am.
1510 1485 1655 1519 lnterpres
1681 1481 1824 1515 ediderat,

1002 1536 1016 1550 «
1034 1526 1238 1560 persuadendo
1267 1527 1448 1562 pertrabam,
1478 1538 1492 1553 n
1519 1528 1596 1563 quod
1626 1528 1655 1554 in
1689 1526 1825 1562 Complu-

1001 1570 1077 1597 tensi
1107 1570 1235 1597 editione
1265 1573 1353 1605 esset,
1382 1571 1480 1607 πείσω,
1495 1572 1563 1600 licet
1590 1573 1620 1599 in
1649 1572 1679 1599 F.
1707 1571 1827 1607 legisset

1004 1613 1094 1647 σείσω,
1105 1616 1137 1642 ut
1153 1616 1197 1642 est
1212 1615 1241 1642 in
1254 1615 1373 1651 reliquis
1389 1619 1496 1645 mss.et
1511 1617 1588 1652 apud
1605 1616 1761 1644 Eusebium
1773 1615 1824 1643 lib.

960 1646 981 1679 (ἶ
1000 1666 1028 1686 ιν
1043 1659 1079 1686 De
1091 1661 1231 1687 Demonst.
1247 1646 1343 1694 θυαηξῃ.
1361 1669 1423 1697 cap.
1440 1662 1458 1688 9
1474 1670 1480 1689 :
1496 1646 1560 1698 quas
1588 1669 1655 1689 vera
1669 1663 1714 1689 est
1727 1660 1824 1693 lectio,

992 1711 1056 1730 cum
1075 1705 1108 1731 et
1122 1703 1162 1731 ita
1177 1703 1319 1733 Vaticana
1333 1708 1362 1733 et
1384 1706 1523 1734 Marchali
1546 1707 1635 1734 codex
1663 1705 1780 1738 habeat,
1796 1707 1825 1733 et

995 1749 1200 1785 Hieronymus,
1210 1761 1224 1775 «
1232 1753 1260 1778 et
1270 1751 1382 1779 detraxi
1394 1752 1478 1787 quasi
1491 1754 1593 1788 potens
1609 1752 1637 1779 in
1650 1750 1769 1780 sublimi
1781 1757 1824 1777 re-

992 1793 1132 1821 sidentes.
1150 1804 1164 1819 »
1181 1794 1256 1822 Male
1272 1796 1349 1831 apud
1367 1796 1545 1824 Clementem
1562 1798 1590 1825 et
1603 1796 1761 1824 Eusebium
1771 1802 1823 1822 xm

996 1838 1031 1865 De
1045 1843 1198 1873 purpurat.
1216 1839 1308 1874 σώσω,
1325 1851 1339 1865 ‹‹
1357 1841 1490 1868 servabo.
1510 1852 1520 1865 ι

1025 1891 1085 1919 Col.
1101 1892 1153 1920 540
1170 1892 1191 1920 Β
1207 1893 1234 1920 9.
1251 1895 1382 1929 Namque
1393 1894 1429 1922 ab
1445 1895 1552 1922 anima.
1571 1894 1602 1922 In
1618 1893 1707 1930 Regio
1727 1895 1756 1921 F.
1779 1892 1822 1920 le-

989 1935 1122 1972 gebntur,
1139 1935 1274 1973 ἀρξάμενά
1292 1939 1339 1974 μὲν
1359 1938 1413 1966 ὑπὸ
1444 1940 1549 1976 ψυχῆς,
1565 1937 1686 1975 λήγοντα
1703 1935 1732 1964 8‘s
1747 1936 1772 1963 ἐν
1788 1937 1822 1972 τῇ

990 1978 1094 2017 καρδίᾳ
1110 1981 1155 2008 καὶ
1172 1980 1235 2009 οὐδὲ
1252 1983 1360 2020 μέχρις.
1378 1985 1417 2011 Ex
1433 1984 1542 2020 quibus
1558 1983 1659 2011 Latine
1675 1989 1825 2018 expresse-

989 2027 1035 2053 rat
1050 2025 1235 2062 Tilmannus,
1250 2039 1260 2052 α
1272 2028 1308 2056 ab
1320 2028 1419 2056 animo.
1435 2029 1553 2064 quidem
1563 2036 1651 2056 suum
1661 2030 1759 2055 ortum
1772 2027 1826 2054 du-

990 2070 1094 2105 centia,
1113 2071 1141 2099 in
1159 2072 1224 2108 ipso
1240 2075 1341 2101 autem
1361 2073 1447 2102 corde
1463 2071 1721 2108 conquiescentis:
1738 2082 1752 2096 »
1773 2071 1824 2098 sed

990 2111 1018 2141 in
1042 2115 1133 2144 altero
1149 2117 1238 2153 Regio
1259 2118 1322 2145 cod.
1338 2118 1371 2145 Η.
1391 2118 1429 2145 ita
1444 2119 1506 2145 erat
1521 2118 1554 2144 ut
1568 2125 1602 2144 ex
1616 2115 1748 2152 Anglicis
1763 2115 1824 2143 edi-

990 2160 1053 2187 tum
1070 2163 1124 2196 est,
1139 2161 1196 2189 nisi
1214 2163 1289 2197 quod
1315 2163 1433 2190 sublato
1448 2160 1506 2196 καί,
1520 2163 1635 2189 tantum
1660 2160 1822 2195 legebatur,

990 2202 1052 2242 ρύδὶ
1081 2205 1191 2242 μέχρις.
1210 2207 1290 2242 Apud
1318 2206 1502 2242 Procopium,
1519 2213 1584 2242 pag.
1604 2205 1666 2240 170,
1683 2204 1716 2232 ad
1745 2204 1822 2231 hunc

990 2240 1086 2276 locum
1102 2240 1253 2285 alluditul‘,
1265 2240 1416 2288 ἀρξάμενον
1436 2250 1495 2277 ἀπὸ
1511 2240 1603 2287 ψυχῆς
1616 2250 1669 2276 τῶν
1687 2247 1712 2275 ἐν
1728 2249 1768 2283 τῷ
1782 2246 1821 2283 νῷ

990 2293 1172 2330 παθημάτων.
1199 2295 1289 2323 Paulo
1317 2298 1382 2332 post
1411 2296 1551 2323 mendose
1565 2294 1642 2322 idem
1665 2294 1698 2322 F.
1718 2293 1821 2321 habuit

952 2330 976 2363 Β
991 2337 1089 2375 φθόνον
1100 2347 1151 2374 pro
1160 2330 1357 2377 advenitaque
1371 2340 1401 2368 in
1413 2340 1512 2368 locum
1524 2339 1649 2374 invidiae,
1662 2350 1675 2364 ‹‹
1689 2339 1819 2367 caedem»

998 2383 1217 2412 substituimus.

1032 2427 1090 2455 Col.
1117 2429 1168 2456 551
1199 2430 1218 2456 Λ
1247 2429 1291 2457 45.
1308 2428 1450 2465 Siquidem
1478 2429 1541 2457 alii.
1558 2428 1630 2456 Male
1648 2428 1821 2456 immutaret

997 2472 1057 2499 haec
1073 2472 1249 2509 interpres,«
1261 2473 1411 2509 Siquidem
1424 2474 1536 2502 Hebraei
1552 2473 1689 2501 videntur
1699 2473 1821 2508 propius

997 2517 1144 2545 accedere.
1162 2529 1172 2543 ιι
1191 2518 1291 2554 Neque
1306 2518 1384 2546 enim
1400 2519 1537 2546 Hebrzeos
1552 2517 1684 2553 designat
1699 2516 1823 2544 Basilius

997 2561 1047 2589 sed
1063 2564 1177 2590 Graecos
1192 2562 1366 2599 interpretes
1396 2563 1539 2599 Aquilam,
1563 2561 1770 2598 Symmachum
1795 2563 1824 2589 ot

997 2606 1239 2640 Theodotionem,
1259 2616 1327 2635 cum
1344 2608 1386 2635 ait
1409 2608 1435 2633 ot
1457 2605 1550 2640 ἄλλοι,
1573 2605 1824 2642 quemadmodum

997 2658 1088 2686 supra
1103 2650 1168 2689 ὅπερ
1183 2649 1271 2689 ἕτεροι
1294 2650 1484 2679 ἐχδεδώκασιν.
1499 2651 1535 2679 Ut
1560 2651 1588 2678 in
1616 2649 1700 2677 illum
1725 2650 1824 2677 locum

998 2696 1202 2724 annotavimus
1210 2705 1217 2724 :
1226 2699 1255 2724 et
1263 2697 1340 2724 infra
1350 2699 1545 2724 consentanea
1560 2695 1737 2730 respondere
1748 2696 1824 2730 Apo-

998 2739 1071 2768 stolo
1082 2741 1289 2776 Symmachum
1300 2742 1328 2769 et
1335 2740 1565 2769 Theodotionem
1577 2739 1632 2767 sub
1644 2739 1733 2766 ﬁnem
1744 2739 1824 2774 capi-

997 2784 1037 2812 tis
1051 2784 1139 2813 istius
1155 2785 1238 2813 dixit.

1033 2828 1092 2857 Col.
1123 2830 1177 2858 555
1204 2831 1227 2858 A
1255 2831 1281 2858 5.
1313 2830 1449 2864 Gtoriﬁco.
1470 2829 1545 2862 Non,
1575 2830 1607 2856 ut
1635 2829 1720 2856 antea
1747 2829 1820 2862 erat,

1001 2884 1011 2898 ι
1020 2872 1203 2910 gloriﬁcabo:
1213 2885 1227 2900 ι›
1238 2872 1342 2909 δοξάζω
1352 2875 1430 2903 enim
1443 2874 1528 2902 dixit:
1537 2880 1706 2910 quanquam
1716 2872 1744 2900 in
1756 2872 1820 2908 ipso
