2029 3143
207 201 286 232 1107

811 198 929 228 NOT/E
949 197 1171 228 FRONTONIS
1193 196 1322 227 DUCEI

1836 192 1916 223 1108

206 268 365 304 Scriptum
379 269 458 294 textu
471 266 583 294 editum
600 266 654 297 est,
669 265 679 292 l
695 266 764 300 Reg.
776 265 847 299 11,30
862 273 870 292 :
887 265 947 292 ’Ότι
966 262 1028 290 ἀλλ’

1097 263 1302 291 tmendundum
1319 262 1425 289 suadet
1435 260 1733 296 ἐπιτεταμένωςᾳυοᾱ
1744 259 1774 287 in
1785 267 1842 286 usu
1859 261 1915 292 est,

208 311 225 346 ἢ
254 311 318 343 τοὺς
345 309 503 347 δοξάζοντάς
533 320 565 346 με
604 308 726 344 δοξάσω·
758 311 894 343 Quoniam
922 309 1036 336 nonnisi

206 357 395 392 gloriﬁcantes
409 364 452 383 me
465 356 635 391 gloriﬁcabo.
647 355 708 386 Quo
725 358 809 390 pacto
824 354 912 382 etiam
928 353 1035 381 citetur

206 401 284 429 idem
303 402 385 429 locus
401 401 478 428 infra
494 400 547 427 col.
780 422 786 434 ,
804 399 845 426 ὅτι
870 398 932 428 τοὺς
955 396 1033 432 δοξά-

209 448 313 480 ζον-τας.

243 490 302 518 Col.
319 491 372 517 558
400 490 421 517 Β
448 490 492 516 12.
511 490 565 516 Tati
592 488 704 516 mundo.
723 491 763 515 Ad
794 488 915 516 verbum
945 489 1033 521 esset,

210 546 224 561 «
239 543 306 563 cum
318 537 378 562 toto
396 534 506 562 mundo
522 533 662 561 cruciﬁxa
674 533 714 561 sit
731 541 737 560 :
755 544 768 557 η
785 533 862 569 quod
875 533 1033 561 obscurum

207 582 264 615 est,
276 582 305 608 et
316 588 332 608 ο.
346 578 485 615 Procopio
498 577 730 614 pemtermissum
742 587 748 612 ;
759 586 790 605 ex
804 585 861 613 quo
878 577 1035 604 tamenim-

209 624 390 653 mutavimus
405 623 677 659 interpretationem
690 631 802 656 eorum,
819 630 883 658 qua:
898 622 977 649 hunc
991 621 1034 648 lo-

208 677 275 697 cum
288 669 498 705 sequebantur,
515 677 526 691 ι
539 668 626 702 inque
638 667 734 695 medio
745 667 854 695 efﬁcaci
867 667 930 702 ejus
941 667 1034 694 virtu-

207 716 235 742 te
247 715 283 741 ad
297 714 370 741 tinos
383 715 611 749 usquequatuor
622 712 748 748 partium
762 712 864 739 mundi
876 720 906 740 se
917 714 1034 747 proten-

207 759 303 792 dente,
320 769 334 783 n
346 760 374 786 et
397 757 503 793 pagina
520 757 653 792 sequenti
679 756 846 784 addidimus
862 757 1034 791 interprets-

207 803 292 837 tioni,
310 813 323 827 ‹‹
341 810 375 829 ex
391 801 490 835 Israel,
505 801 553 836 qui
571 801 679 828 dicitur
694 801 864 836 Ephraim,»
882 800 1036 836 expunctis

209 847 269 874 illis
284 846 391 878 verbis,
405 858 418 871 ‹‹
435 846 492 873 veri
511 845 658 873 lsraelitzc.
678 856 691 870 ››
708 845 812 873 Decem
834 845 910 873 enim
929 844 1034 879 tribus,

208 899 274 927 quae
291 891 402 918 familia
423 890 539 917 Duvidis
564 890 739 924 defccerant,
757 892 786 917 et
810 889 972 917 Samariam
990 897 1037 915 ur—

207 936 274 963 bem
287 936 367 971 regni
380 935 550 971 primariam
564 934 787 966 constituerant,
797 933 884 962 Israel
896 933 1037 961 vocaban—

1097 943 1118 968 δι
1134 942 1164 968 Α.
1181 939 1346 977 ἀνατροφῆς,
1365 947 1452 974 quam
1476 937 1526 965 illa
1550 937 1582 964 H.
1608 935 1789 972 ἀναστροφῆς,
1805 946 1819 960 ι‹

207 982 257 1007 tur
285 982 314 1007 et
340 979 491 1015 Ephraim,
505 981 533 1006 et
548 979 654 1006 domus
668 978 787 1014 Joseph,
805 981 837 1005 ut
851 978 994 1005 Zachariae
1007 986 1034 1012 x,

213 1025 290 1060 quod
303 1024 441 1052 nimirum
454 1023 541 1059 primi
555 1024 655 1050 decem
668 1023 798 1050 tribuum
810 1031 892 1058 leges
904 1031 937 1050 ex
956 1022 1036 1050 tribu

212 1068 351 1104 Ephraim
385 1068 440 1096 orti
469 1070 576 1095 essent.
607 1067 731 1103 Cyrillus
761 1068 789 1095 in
816 1068 910 1095 [Osee
928 1076 934 1095 :
955 1068 1034 1093 Ὅταν

212 1111 314 1149 ἀκούῃς
352 1114 406 1139 τῶν
446 1111 529 1148 ἁγίων
573 1113 721 1150 προφητῶν
763 1111 952 1148 ὀνομαζόντων
988 1111 1034 1138 τὸν

212 1156 324 1193 Ἰσραὴλ
353 1156 415 1190 ἤτοι
446 1157 492 1183 τὸν
521 1156 651 1194 Ἐφραῖμ,
666 1154 727 1183 τότε
755 1155 788 1191 δή
820 1166 866 1192 μοι
893 1156 948 1183 νόει
973 1155 1037 1187 τοὺς

212 1201 240 1228 ιν
268 1203 302 1237 τῇ
333 1201 481 1237 Σαμαρείᾳ·
498 1213 512 1226 α
538 1203 607 1228 Cum
635 1202 719 1229 audis
741 1204 858 1229 sanctos
880 1201 1036 1236 prophetas

212 1246 398 1274 nominantes
414 1245 502 1273 Israel
518 1245 732 1281 siveEphraim,
743 1245 944 1273 Samaritanus
954 1245 1036 1272 intel—

211 1290 277 1326 lige.
295 1301 310 1315 »

248 1334 373 1362 001.559
393 1335 412 1360 C
434 1334 477 1361 14.
492 1337 620 1362 Ammon.
639 1333 688 1361 llic
703 1333 810 1361 lineam
834 1333 976 1369 integram
999 1333 1036 1361 li-

213 1378 329 1407 brarius
341 1378 420 1413 Regii
430 1377 540 1406 codicis
552 1379 582 1406 F.
592 1379 741 1413 omiserat,
752 1387 840 1414 quam
856 1378 887 1406 Η.
900 1381 928 1406 et
942 1379 975 1405 A.
992 1387 1035 1406 re-

213 1425 380 1459 praesentat.
402 1423 432 1450 ln
454 1422 552 1450 codice
567 1431 623 1450 ms.
646 1422 739 1458 Regia:
759 1423 939 1450 bibliotheca:
956 1423 1036 1450 Lexi-

214 1468 420 1496 cumGrazcum
433 1467 586 1495 nominum
599 1467 805 1495 liebraicorum
818 1467 859 1495 sic
868 1467 1038 1503 interpretu-

214 1514 272 1546 tur,
304 1511 419 1547 Ἀμμὼν
450 1510 480 1538 ἐκ
506 1513 555 1538 τοῦ
580 1510 672 1548 γένους
707 1522 771 1547 μου,
802 1512 940 1547 Ἀμανῖτις
972 1511 1036 1542 λαὸς

214 1557 307 1592 ἡμῶν,
327 1565 338 1580 ε
359 1558 481 1584 Ammon
498 1565 532 1584 ex
547 1564 650 1591 genere
667 1557 896 1590 meo,Amanitis
912 1557 1037 1592 populus

216 1603 331 1634 noster;
345 1611 359 1625 »
370 1603 399 1628 et
409 1601 604 1634 Hieronymus
620 1601 648 1628 in
662 1610 725 1637 cap.
742 1610 774 1628 m
785 1601 909 1635 Nahum,
922 1613 935 1626 ι(
953 1601 1036 1628 Moab

215 1645 426 1681 interpretatur
441 1653 475 1672 ea;
487 1646 685 1680 7:atrc,jnnior
694 1654 760 1673 vero
774 1649 897 1673 Ammon
909 1646 950 1674 vel
962 1647 1037 1681 [ilius

216 1690 326 1725 generis
341 1690 408 1722 mei,
423 1690 466 1717 vel
481 1690 598 1725 populus
614 1694 714 1717 noster.
730 1701 744 1715 υ

251 1742 311 1771 Col.
340 1743 395 1770 562
423 1745 445 1770 D
468 1743 494 1770 5.
525 1743 559 1770 Et
581 1745 640 1777 post
664 1743 720 1770 hac
745 1743 848 1771 educet.
878 1746 1040 1772 Annotarat

216 1788 246 1815 in
258 1787 391 1823 margine
401 1787 585 1822 Tilmannus,
597 1799 611 1812 ‹‹
624 1795 675 1823 pro
688 1786 768 1818 τέλος
782 1787 845 1824 lege
859 1787 890 1814 τὸ
906 1787 973 1826 φῶς,
988 1800 997 1813 ν
1011 1791 1040 1816 et

217 1833 429 1868 Interpretatus
439 1834 511 1867 erat,
526 1842 538 1857 α
550 1831 645 1860 Faciet
655 1832 799 1867 judicium
812 1841 922 1867 meum,
935 1835 963 1860 et
975 1836 1041 1868 post

217 1875 272 1904 hoc
287 1876 391 1904 educet
407 1885 452 1904 me
470 1876 495 1903 in
514 1876 622 1904 lucem:
635 1877 738 1912 nquasi
752 1877 889 1905 nimirum
900 1877 1040 1905 substitui

216 1920 303 1948 vellet
318 1928 361 1954 ea,
379 1928 441 1955 quis
456 1921 534 1956 apud
549 1921 699 1949 Michaaam
716 1921 886 1957 prophetam
904 1921 1042 1958 leguntur

217 1964 305 1992 Mich.
321 1972 372 1998 vn,
388 1965 427 1992 9:
450 1963 494 1990 καὶ
524 1965 633 1999 ποιήσει
661 1964 691 1992 τὸ
716 1964 803 2002 κρῖμά
832 1975 895 2001 μου,
924 1965 970 1992 καὶ
999 1965 1040 2000 ἐξ-

219 2007 274 2043 άξει
292 2018 326 2045 με
341 2007 379 2039 εἷς
394 2007 426 2035 τὸ
441 2010 509 2046 φῶς.
525 2009 583 2037 Nos
599 2011 701 2037 contra
726 2010 859 2037 codicum
884 2010 1040 2046 Regiorum

218 2056 248 2082 et
255 2053 542 2089 Anglic.consensum
553 2053 625 2081 nihil
634 2054 704 2081 imm
711 2054 852 2082 utandum
860 2055 1041 2083 censuimus.

220 2107 286 2126 cum
304 2106 380 2134 saepe
393 2097 484 2126 soleat
499 2097 624 2126 Basilius
640 2098 683 2126 vel
696 2098 813 2126 fallente
831 2099 982 2134 memoria,
998 2099 1042 2127 vel

219 2151 253 2171 ex
283 2143 348 2171 aliis
378 2143 530 2179 prophetis
552 2143 607 2170 alia
629 2143 717 2170 verba
742 2145 893 2176 intercute,
909 2144 1042 2171 nonnihil

220 2188 379 2216 immutata
388 2188 478 2216 unius
491 2187 579 2215 verba
595 2188 733 2223 proferre.
751 2188 823 2216 Nam
845 2191 873 2215 et
896 2189 971 2224 apud
988 2189 1042 2216 Job

224 2232 351 2267 legimus
376 2233 488 2267 xxtll,7
505 2240 511 2260 ζ
530 2231 668 2268 Ἐξάγαιγοι
700 2230 727 2258 δὲ
756 2231 793 2262 εἷς
822 2231 900 2262 τέλος
932 2243 984 2268 μου
1011 2232 1044 2259 τὸ

221 2277 326 2311 κρῖμα·
352 2276 456 2304 Educat
489 2279 586 2304 autem
611 2277 642 2304 in
672 2277 755 2312 ﬁnem
772 2277 912 2312 judicium
940 2286 1042 2311 meum,

1090 316 1147 336 non
1174 305 1402 343 ἔπιτεταγμὲνως,
1428 313 1523 341 neque
1540 304 1781 341 ἐπιτετευγμένως.
1807 304 1916 331 Proco-

1089 353 1157 389 pius
1187 353 1261 379 dixit
1289 351 1497 387 compendiose
1525 359 1552 386 p.
1567 350 1618 377 195
1635 357 1642 377 :
1658 348 1734 379 Ἑνὸς
1751 348 1802 384 νὰρ
1819 346 1915 386 ἄμφω,

1089 397 1171 424 αἰνεῖν
1186 407 1214 424 τε
1228 396 1272 424 καὶ
1289 395 1407 431 δοξάζειν
1423 395 1526 425 καλῶς·
1536 407 1548 420 (ι
1562 395 1656 422 Unius
1664 394 1742 422 enim
1753 396 1917 428 utrumque

1089 446 1144 475 est,
1159 442 1252 478 gloria
1266 444 1295 469 et
1311 441 1397 470 laude
1412 443 1488 469 recte
1505 440 1632 468 afﬁcere.
1649 450 1664 464 »

1125 495 1184 523 Col.
1209 496 1262 522 565
1277 495 1298 522 Β
1320 495 1345 522 lt.
1372 489 1509 522 Subl'evat.
1539 493 1644 529 Aptius
1672 491 1916 528 interpretabere,

1089 540 1223 567 Dominus
1237 539 1344 567 exultat
1364 539 1463 574 justas.
1479 537 1566 573 Atqui
1596 536 1675 572 apud
1697 535 1836 563 Davidem
1860 534 1916 562 ali-

1089 587 1132 612 ter
1148 584 1266 612 effertur
1282 583 1328 610 hic
1342 582 1434 615 locus,
1452 582 1487 609 ad
1504 589 1590 617 quem
1602 579 1917 609 alluderevideturBa-

1090 628 1185 661 silius,
1203 628 1317 663 psalmo
1332 635 1413 662 CXLV,
1428 627 1446 653 8
1465 635 1471 654 :
1489 624 1587 662 Κύριος
1605 625 1715 662 ἀνορθοῖ
1728 622 1918 660 κατερῥαγμὲ-

1088 683 1161 706 νους,
1189 671 1286 708 Κύριος
1316 672 1405 709 ἀγαπᾷ
1433 669 1564 700 δικαίους·
1584 671 1722 698 Dominus
1750 669 1837 704 erigit
1864 669 1917 696 eli-

1089 726 1131 745 sos
1147 727 1156 745 :
1170 718 1299 744 Dominus
1313 716 1410 750 diligit
1430 716 1524 749 iustos.
1545 715 1678 742 Fortasse
1703 713 1919 741 observabatur

1090 762 1181 790 menti
1198 762 1325 790 auctoris
1347 762 1396 789 ille
1420 761 1493 788 alter
1514 760 1648 788 Proverb.
1663 767 1742 791 xvnt,
1759 759 1792 786 10
1809 766 1815 786 :
1833 756 1916 792 Αὐτῷ

1091 805 1119 833 δὲ
1134 805 1354 843 προσδραμόντες
1379 803 1479 832 δίκαιοι
1506 803 1646 840 ὑψοῦν-ται*
1665 806 1845 830 Accan-entes
1864 810 1916 830 au-

1091 854 1143 879 tem
1159 852 1214 887 ipsi
1227 852 1293 884 iusti
1306 850 1476 878 excitantur.

1126 897 1185 924 Col.
1202 896 1254 923 568
1270 895 1292 923 D
1319 896 1344 922 1.
1362 894 1554 921 Educamlum.
1574 892 1677 920 Verior
1697 892 1757 919 haec
1781 890 1870 919 lectio
1885 891 1916 919 F'.

1844 943 1916 962 COD-

1091 987 1264 1013 versatione.
1282 995 1296 1010 »
1314 983 1400 1011 Paulo
1417 985 1483 1019 post
1497 983 1526 1010 in
1542 983 1571 1010 F.
1596 983 1625 1009 et
1649 981 1681 1008 Η.
1706 978 1830 1017 ὀχοῶδες
1857 987 1916 1007 non

1092 1027 1214 1067 ὀχρῶὂες
1232 1028 1373 1064 scriptum
1392 1028 1500 1061 fuit,ut
1513 1027 1542 1054 in
1556 1026 1612 1054 alio
1623 1024 1917 1062 apographo.Proco-

1092 1075 1157 1111 pius
1167 1075 1239 1101 dixit
1250 1083 1277 1109 p.
1289 1074 1360 1100 202:
1373 1072 1420 1106 Μή
1436 1071 1625 1108 ἀπόκρημνον,
1641 1073 1670 1098 et
1684 1071 1748 1106 ejus
1757 1069 1916 1105 interpres,

1094 1130 1107 1146 α
1122 1128 1179 1147 non
1196 1120 1377 1154 praeruptum
1393 1119 1444 1144 aut
1459 1115 1655 1152 praecipitem;
1674 1126 1685 1140 ι
1708 1114 1758 1141 sed
1782 1113 1916 1146 ὑπτιάτη-

1089 1173 1123 1190 τα
1139 1172 1195 1191 non
1210 1163 1283 1190 satis
1298 1165 1366 1198 apte
1380 1161 1475 1195 vertit,
1485 1171 1498 1185 «
1517 1159 1726 1187 humilitatem.
1737 1170 1747 1182 ι
1759 1158 1864 1193 Itaque
1874 1165 1916 1184 νεα

1091 1208 1280 1236 scribendum
1309 1206 1435 1238 videtur,
1453 1216 1466 1230 ι(
1497 1213 1550 1232 sua
1575 1207 1674 1231 tamen
1700 1202 1823 1239 planitie
1838 1201 1868 1228 in
1883 1209 1917 1229 eo

1092 1252 1280 1280 manentibus
1308 1258 1456 1278 securum.
1483 1260 1498 1274 »
1515 1249 1624 1276 Ibidem
1654 1256 1705 1284 pro
1734 1244 1918 1283 ἀκροσφαλεῖς

1091 1297 1267 1324 existimavit
1277 1295 1450 1322 Tilmannus
1465 1301 1496 1321 se
1509 1293 1615 1329 legisse
1624 1289 1763 1329 ἀσφαλεῖς,
1776 1299 1846 1318 cum
1857 1298 1918 1317 ver-

1091 1341 1136 1375 tit,
1156 1351 1166 1365 ι
1184 1339 1280 1368 reddit
1295 1340 1418 1366 tutiores
1433 1337 1546 1373 his,qui
1563 1336 1724 1364 ascendunt
1739 1334 1914 1369 stationes,-

1092 1385 1176 1422 plane
1193 1384 1336 1412 contrario
1352 1391 1451 1411 sensu.
1464 1382 1613 1410 Postremo
1622 1388 1674 1416 pro
1684 1382 1766 1414 νοῆτε
1779 1382 1809 1407 et
1820 1377 1919 1415 διηγῆ-

1092 1430 1146 1464 etis,
1164 1429 1315 1465 legebatur
1329 1428 1359 1455 in
1376 1427 1408 1455 Η.
1423 1428 1495 1453 νοεῖν
1512 1428 1541 1454 et
1557 1424 1713 1461 διηγῆσθαι.

1128 1483 1188 1511 Col.
1205 1483 1257 1510 574
1273 1482 1293 1509 C
1309 1482 1336 1509 3.
1361 1482 1444 1515 Reges
1467 1487 1541 1508 vero.
1573 1479 1718 1514 Interpres
1747 1477 1919 1512 scripserat,

1093 1540 1107 1554 «
1124 1536 1206 1563 reges
1230 1535 1310 1560 vero,
1326 1525 1377 1561 qui
1402 1526 1436 1553 ad
1460 1523 1607 1560 pastorale
1628 1523 1759 1558 regimen
1783 1521 1919 1549 Ecclesia:

1093 1572 1253 1608 eliguntur.
1273 1582 1285 1595 ι»
1302 1569 1387 1606 Atqui
1413 1569 1487 1596 nihil
1513 1568 1569 1596 tale
1585 1568 1620 1595 de
1636 1567 1805 1603 pastoribus
1820 1566 1921 1593 Graeca

1096 1618 1212 1649 sonant,
1225 1624 1278 1643 nec
1288 1615 1372 1642 aliter
1390 1614 1476 1641 habet
1490 1612 1648 1648 Procopius
1664 1611 1752 1647 p.204
1769 1618 1776 1638 :
1792 1610 1840 1636 Ὧν
1855 1607 1922 1640 τοὺς

1095 1659 1239 1690 ἐκλεκτοὺς
1259 1658 1387 1696 βασιλέα(
1401 1657 1489 1685 καλεῖ·
1508 1668 1522 1682 ‹‹
1533 1657 1662 1689 Quorum
1674 1656 1709 1683 de
1720 1662 1856 1689 numero,
1868 1654 1920 1689 qui

1094 1705 1198 1733 delecti
1209 1707 1288 1738 sunt,
1301 1712 1383 1739 reges
1394 1711 1454 1736 eos,
1466 1705 1607 1737 tanquam
1623 1700 1704 1736 regni
1725 1699 1801 1727 ﬁlios
1817 1699 1921 1734 appel-

1095 1751 1146 1778 lat.
1164 1761 1177 1774 η
1195 1750 1307 1777 Rursus
1323 1748 1431 1775 ibidem
1448 1744 1765 1780 immulavimus,quod
1777 1743 1922 1778 sequeba-

1096 1798 1153 1830 tur,
1162 1806 1174 1819 u
1189 1795 1259 1830 quia
1269 1802 1322 1821 vox
1332 1792 1485 1828 gigantum
1498 1792 1599 1827 utique
1614 1789 1745 1826 gentium
1756 1788 1919 1815 multarum

1094 1847 1164 1867 voce
1180 1838 1357 1874 :equipollet.
1376 1848 1389 1862 ››

1131 1883 1256 1911 001.575
1280 1884 1301 1909 A
1324 1882 1367 1909 10.
1385 1881 1570 1917 Inﬁdelitatis.
1589 1878 1752 1914 Legebatur
1777 1877 1807 1904 in
1824 1878 1854 1903 F'.
1871 1886 1922 1902 πο-

1095 1929 1180 1963 νηροῦ
1210 1926 1303 1962 θυρεός
1331 1925 1401 1952 ἐστιν
1430 1923 1551 1951 ἀπιστία.
1581 1923 1754 1951 Tilmannus
1788 1923 1923 1953 verterat,

1098 1984 1108 1998 α
1121 1972 1235 2008 reprobi
1247 1971 1366 2008 clypeos
1377 1969 1535 1998 inﬁdelitas
1549 1971 1594 1996 est
1611 1977 1618 1996 :
1635 1980 1646 1993 ι
1666 1969 1697 1994 at
1708 1967 1738 1994 in
1756 1966 1789 1993 Η.
1805 1968 1880 1998 erat,
1892 1967 1925 1992 ut

1097 2017 1242 2045 edidimus
1256 2025 1261 2044 :
1274 2016 1319 2043 cui
1332 2016 1511 2051 suffragatur
1525 2013 1596 2041 illud
1607 2011 1776 2047 Procopiip.
1786 2011 1924 2039 201ετοῖς

1098 2062 1146 2098 μὶν
1174 2060 1268 2098 θυρεός
1297 2059 1352 2087 ἐστι
1381 2058 1508 2094 πίστεως,
1523 2060 1582 2088 τοῖς
1608 2055 1636 2083 δὲ
1658 2055 1794 2086 ἀπιστίας.
1811 2054 1926 2082 Alludit

1097 2107 1133 2134 ad
1162 2106 1234 2133 illud
1262 2105 1368 2141 Ephes.
1392 2112 1432 2138 v1,
1455 2104 1488 2131 16
1504 2111 1511 2131 :
1528 2098 1725 2130 Ἀναλαϐόντεσ
1753 2099 1800 2126 τὸν
1828 2098 1924 2135 Θυρεόν

1097 2154 1147 2184 τῆς
1159 2149 1285 2180 πίστεως·
1300 2149 1475 2177 Assur/tentes
1501 2149 1609 2175 scutum
1638 2146 1714 2182 ﬁdei.
1732 2146 1804 2172 Item
1837 2142 1924 2179 paulo

1099 2198 1164 2232 post
1179 2196 1208 2223 in
1229 2195 1260 2222 1“.
1278 2196 1340 2222 erat
1355 2191 1517 2230 ἐπαγγελίαν
1531 2192 1632 2225 κακῶν,
1652 2202 1662 2216 ι
1681 2189 1828 2218 malorum
1842 2187 1926 2224 polli-

1098 2241 1273 2273 citationem,
1300 2250 1313 2264 »
1343 2243 1372 2267 at
1401 2238 1435 2266 H.
1465 2234 1643 2274 ἀπαγγελίαν,
1672 2235 1924 2263 denuntiationem.

1099 2285 1186 2312 Porro
1203 2284 1286 2318 illud,
1306 2285 1334 2311 ut
1356 2283 1470 2319 spiritus
1485 2281 1577 2309 salvus
1590 2281 1648 2316 ﬁat,
1664 2281 1710 2307 est
1725 2280 1737 2306 I
1753 2277 1884 2306 Corinth.
1897 2284 1926 2310 ν,

223 2321 252 2348 et
265 2319 411 2348 Habacuc.
432 2321 480 2354 1,11
497 2330 502 2348 :
520 2320 572 2348 Καὶ
593 2319 623 2347 οὐ
649 2319 794 2358 διεξάγεται
825 2320 862 2352 ε”ς
882 2319 961 2352 τέλος
988 2324 1038 2359 κρῖ-

1099 2330 1125 2357 5.
1139 2330 1180 2357 De
1196 2316 1335 2365 Phygcllo
1355 2316 1465 2355 mentio
1480 2327 1514 2353 fit
1533 2326 1558 2353 ιι
1580 2325 1614 2353 ad
1627 2323 1755 2352 Timoth.
1772 2331 1792 2358 ι,
1808 2323 1852 2350 15.
1869 2321 1926 2349 Sed

225 2372 272 2400 μκ·
289 2365 342 2392 Ncc
354 2364 498 2392 deducitur
512 2367 539 2393 in
555 2366 637 2401 ﬁnem
649 2365 795 2401 judicimn.
814 2366 924 2394 Citutnr
939 2367 1045 2394 deinde

223 2408 307 2437 locus
322 2417 357 2437 ex
371 2410 486 2445 psalmo
502 2418 550 2443 cn,
563 2411 590 2444 t-J,
606 2410 654 2437 ubi
672 2411 803 2446 Vulgata,
820 2420 908 2446 ncque
924 2412 952 2439 in
968 2413 1044 2439 mter-

223 2462 291 2481 num
306 2455 527 2482 comminabitur.

260 2505 319 2534 Col.
337 2506 424 2534 564B
441 2507 468 2534 7.
484 2506 523 2534 Ad
543 2507 615 2534 idem
629 2507 712 2534 cnim.
728 2508 757 2535 In
780 2507 854 2535 libro
879 2509 966 2544 Regio
987 2517 1042 2536 ms.

223 2552 420 2588 perscriptum
446 2551 501 2579 fuit
521 2549 641 2586 δοξάζειν
664 2561 693 2578 τε
713 2551 950 2589 ἐπιτετευγμένως,
968 2553 1045 2581 unde

223 2597 368 2632 interpres
380 2596 533 2629 extulerat,
544 2608 556 2621 ιι
567 2596 607 2623 Ad
621 2604 670 2623 cor
683 2596 799 2631 quidem
813 2597 908 2632 ipsum
922 2600 1043 2634 spectat,

222 2643 256 2669 ut
279 2641 422 2677 gloriﬁcet
449 2641 541 2669 Deum
571 2640 705 2674 obnoxie,
721 2649 752 2668 ac
775 2649 925 2669 servorum
941 2642 997 2669 ritu
1014 2642 1044 2669 in

222 2685 385 2722 psalmodis
400 2687 565 2714 concinut.»
581 2684 804 2721 Ἐπιτεταγμένοι
820 2691 888 2714 Sunt
904 2686 932 2714 in
942 2686 1047 2722 Vulga-

222 2730 261 2758 tis
278 2731 388 2759 chicis
406 2743 416 2756 α
434 2731 544 2760 subditi
561 2742 570 2755 ι
587 2729 630 2758 vel
649 2741 663 2754 «
680 2730 819 2763 ministri,
831 2741 841 2756 ι
855 2732 1044 2766 quamobrem

223 2772 439 2812 ἐπι-τεταγμένως
454 2776 569 2804 videtur
584 2774 767 2803 existimasse
781 2775 984 2812 corrigendum
999 2785 1045 2804 es-

224 2826 256 2846 se
270 2818 455 2855 Tilmannus,
471 2823 559 2856 atque
581 2820 621 2848 ita
635 2827 756 2856 prorsus
772 2820 889 2849 exhibet
903 2821 1045 2856 scriptum

223 2862 298 2893 alter
309 2863 419 2900 Regius
429 2865 463 2893 H.
477 2865 683 2893 Verumtamen
691 2865 781 2894 series
793 2866 858 2901 ipsa
868 2866 1044 2895 narrationis

1099 2374 1237 2402 dicuntur
1247 2372 1346 2401 traditi
1359 2374 1473 2400 Satanae
1482 2371 1658 2407 Hymenaeus
1668 2365 1927 2397 etAlexanderIad

1099 2418 1227 2447 'l‘imoth.
1244 2426 1265 2452 1,
1279 2418 1326 2446 20.

1134 2463 1192 2491 Col.
1208 2463 1262 2490 582
1285 2464 1308 2490 Α
1337 2463 1365 2489 2.
1383 2461 1520 2489 Salvator.
1546 2459 1608 2487 Non
1639 2460 1674 2486 ut
1698 2459 1785 2486 antea
1813 2456 1928 2484 editum

1099 2507 1164 2541 fuit,
1180 2508 1212 2535 Et
1235 2507 1312 2535 homo
1338 2507 1433 2542 gratia
1460 2504 1614 2533 Saluatoris
1636 2503 1692 2531 dici
1712 2502 1798 2538 possit
1813 2501 1927 2530 nobilis.

1098 2552 1156 2579 Nec
1185 2552 1270 2579 aliter
1297 2551 1405 2587 legitur
1432 2550 1462 2578 in
1487 2550 1522 2577 H.
1546 2556 1635 2584 quam
1661 2547 1675 2575 ὁ
1700 2545 1769 2574 κατὰ
1788 2545 1836 2572 τὸν
1865 2547 1928 2572 Σω-

1098 2597 1238 2633 τῆραβΕᾱ
1257 2597 1381 2624 fortasse
1400 2594 1508 2623 rectius
1527 2593 1604 2629 apud
1625 2591 1811 2628 Procopium,
1822 2599 1852 2626 p,
1863 2589 1928 2623 208,

1099 2641 1227 2677 ascripta
1247 2642 1292 2669 est
1306 2640 1384 2669 varia
1411 2639 1496 2668 lectio
1519 2637 1563 2665 καὶ
1583 2636 1598 2663 ὁ
1612 2636 1681 2664 κατὰ
1707 2637 1794 2673 σάρκα
1809 2632 1929 2671 ’ἄνθρω-

1099 2696 1162 2720 πος,
1175 2689 1206 2714 et
1229 2686 1339 2714 idcirco
1359 2685 1505 2720 interpres
1529 2682 1680 2710 Curterius
1694 2681 1802 2709 vertit:
1821 2690 1835 2706 ι
1862 2679 1928 2715 Ipse

1100 2733 1254 2767 propterea
1272 2731 1434 2759 secundum
1449 2735 1565 2757 carnem
1580 2727 1670 2755 homo
1686 2725 1778 2755 relato
1794 2725 1831 2753 ad
1840 2723 1930 2752 Davi-

1100 2766 1166 2804 dem
1180 2783 1286 2812 genere
1297 2774 1416 2803 nobilis.
1430 2784 1442 2800 υ
1455 2775 1498 2801 Ita
1510 2779 1586 2808 saepe
1600 2772 1679 2808 apud
1695 2766 1932 2812 Paulumappel-

1100 2820 1158 2848 lari
1183 2810 1298 2848 scimus
1327 2819 1488 2853 Christum,
1505 2815 1535 2844 ἐκ
1564 2815 1721 2853 σπέρματος
1751 2811 1837 2841 Δαϐὶδ
1860 2810 1929 2840 κατὰ

1103 2874 1199 2902 capta,
1226 2865 1351 2893 Roman.
1375 2872 1396 2900 ι,
1421 2864 1458 2899 3;
1488 2864 1517 2891 et
1552 2859 1709 2898 ἐγνώκαμεν
1742 2858 1813 2886 κατὰ
1844 2856 1929 2892 σάρκα
