2029 3143
141 194 219 224 1109

740 193 778 222 ΙΝ
803 191 1007 222 GOMMENT.
1030 192 1069 221 IN
1094 192 1240 223 ISAIAM.

1767 190 1844 221 1110

140 259 268 297 Χριστόν,
299 259 310 286 Ι
338 259 471 287 Corinth.
500 267 534 295 v,
563 260 615 287 16.
645 259 733 287 Paulo
762 261 828 296 post
855 258 951 286 nonni‘

1017 267 1100 295 τρως,
1121 269 1132 283 ι
1149 267 1216 287 cum
1240 266 1389 294 mensura,
1413 258 1573 301 moderate,
1597 269 1612 284 »
1634 257 1680 286 vel
1705 259 1737 286 ut
1751 259 1842 286 estut

138 304 180 333 hil
209 313 316 332 sensus
344 304 522 332 immutatus
551 306 606 339 est,
622 303 684 330 ’ὁταν
701 302 746 330 διὰ
769 303 801 330 τὸ
824 301 965 341 προσεγγί-

139 351 205 384 ζειν,
221 361 236 375 ‹‹
252 349 368 385 quoties
384 358 437 377 nos
451 349 532 385 ipsos
545 349 580 377 ab
596 357 629 377 eo
641 348 887 385 elongaverimus,
900 356 962 384 pro-

138 395 319 431 pinquamus
336 394 491 430 perditioni
505 403 511 428 ;
529 405 543 419 υ
559 396 589 421 at
603 394 632 421 in
649 393 763 430 psalmo
778 402 899 428 Lxxxvu,
918 393 961 426 i9,

139 449 153 463 «
171 438 222 474 qui
238 438 354 474 elogant
367 446 397 466 se
413 447 430 466 a
445 440 483 473 te,
499 438 644 475 peribunt.
662 449 677 463 »

172 483 231 510 Col.
247 483 301 511 586
315 483 336 510 Ο.
352 483 395 511 15.
411 483 541 512 Orionem
555 492 617 519 app.
635 483 732 511 Alium
746 482 880 511 eliciebat
896 490 960 510 sen-

138 536 204 555 sum
220 527 361 562 Tilman.,
378 539 392 553 ‹‹
402 527 451 563 qui
463 527 506 556 vel
519 530 591 556 teste
603 527 754 563 Scriptura
765 527 852 555 Orion
867 526 960 555 nomi-

137 574 225 600 natus
236 574 290 606 est,
302 572 380 608 quod
392 572 422 600 in
435 581 527 600 unum
537 580 642 608 corpus
654 574 823 608 compactus
835 571 899 600 sit»
913 571 960 599 At-

135 617 185 652 qui
197 625 344 652 nusquam
359 616 386 644 id
402 618 528 645 testatur
542 617 701 652 Scriptura,
717 618 832 644 tsntum
843 615 960 643 Orionis

136 661 270 689 meminit
296 661 352 688 Job
376 669 494 694 xxxvm,
521 662 551 688 3i
573 670 579 688 :
606 661 655 688 Καὶ
681 660 804 697 φραγμὸν
831 659 959 697 Ὠρίωνος

132 703 253 741 ἤνοιξας·
271 708 302 733 Ει
316 711 422 741 septum
438 706 547 734 Orionis
563 707 706 741 aperuisti.
728 705 840 733 Rursus
856 706 885 733 in
902 705 958 733 ﬁne

134 750 247 786 paginae
262 749 359 786 μεταξὺ
374 751 428 777 τῶν
447 748 548 787 μεᾷῶν,
565 752 700 783 verterat,
717 750 800 785 quasi
828 752 915 782 esset,
931 748 955 775 ἐν

134 794 208 830 μέσῳ
218 796 271 821 τῶν
289 796 392 831 μερῶν,
408 795 500 822 media
515 796 544 822 in
560 798 640 830 parte
657 795 776 823 Orionis.
804 795 858 822 Sed
885 797 957 822 Ara-

134 842 182 867 tus
197 848 254 867 non
267 839 344 867 inter
360 842 457 875 partes
477 839 604 873 Orionis,
631 847 733 867 verum
757 839 834 866 inter
859 842 956 875 partes

131 883 349 920 Arctophylacis
366 893 414 912 seu
433 884 526 912 Bootze
544 884 666 912 collocat
681 885 847 912 Arcturum.

205 936 257 973 ὐπὸ
274 936 345 973 ζώνῃ
361 935 389 963 δὲ
405 937 430 963 οἱ
447 937 528 973 adeo:

131 972 174 1008 Ἐξ
190 971 283 1000 ἄλλων
299 971 463 1010 Ἀρκτοῦρος
480 971 750 1011 ἐλίσσετίιάμφσιδὸν
767 973 863 1009 ἀστήρ·

129 1027 207 1063 quod
224 1027 321 1055 Cicero
337 1027 379 1055 ita
391 1027 487 1060 vertit,

200 1081 271 1108 Huic
282 1082 374 1108 autem
387 1082 481 1108 subter
495 1081 648 1116 praeordz’a
663 1081 722 1115 [iam
737 1081 848 1108 videtur

201 1117 287 1144 Stella
301 1117 407 1144 micans
422 1117 511 1144 radiis
526 1117 657 1144 Arcturus
672 1118 784 1144 nomine
793 1117 876 1144 dicta.

127 1170 208 1198 Idem
226 1172 331 1197 Aratus
343 1170 378 1197 ab
389 1169 610 1206 Arctophylace,
624 1178 675 1198 seu
688 1172 783 1204 Boote,
796 1170 953 1206 distinguit

124 1213 170 1240 τὸν
190 1213 273 1250 μέγαν
290 1213 434 1250 Ὠρίωνα,α
452 1223 589 1250 magnum
601 1215 762 1249 Orionem,»
773 1223 857 1250 quem
870 1223 951 1242 eum-

126 1260 192 1286 dem
207 1267 272 1286 esse
281 1267 347 1287 cum
358 1261 445 1287 Boote
453 1259 498 1287 hic
510 1259 550 1286 ait
559 1259 695 1286 Basilius.
708 1259 950 1287 NosterveroCla-

126 1303 191 1331 vius
202 1303 229 1330 in
242 1304 465 1332 commentariis
478 1304 506 1331 in
518 1303 656 1340 Sphxram
671 1304 794 1332 Joannis
805 1305 950 1332 deSacro-

127 1348 216 1376 bosco
229 1348 323 1375 Bootae
335 1357 386 1376 seu
398 1348 603 1384 Arctophylaci
615 1348 830 1376 constellationi
842 1349 950 1384 quinta)

125 1393 231 1420 tribuit
251 1392 350 1420 stellas
369 1393 442 1420 duas
460 1396 489 1420 et
503 1393 617 1429 viginti,
634 1394 725 1421 tertias
737 1393 948 1429 magnitudinis

124 1440 262 1473 quatuor,
279 1440 388 1472 quartae
405 1446 519 1473 novem,
537 1438 647 1474 quintae
662 1438 730 1465 item
748 1446 860 1471 novem,
878 1446 948 1473 que-

125 1482 318 1509 madmodum
334 1482 382 1510 hic
397 1482 535 1516 Basilius,
551 1483 602 1510 sed
618 1482 717 1510 Orioni
733 1482 949 1510 constellationi

123 1525 280 1554 tricesimo:
296 1526 406 1562 quinta:
421 1527 540 1562 inpertit
553 1526 654 1554 stellas
680 1535 801 1554 numero
830 1527 950 1563 triginta

124 1572 200 1603 octo,
217 1570 316 1606 primae
333 1571 545 1607 magnitudinis
562 1572 645 1606 duas,
661 1571 796 1598 secundas
812 1574 948 1607 quatuor,

125 1615 218 1642 tertia:
236 1617 312 1650 octo,
328 1618 436 1651 quartae
448 1616 628 1651 quindecim,
644 1617 730 1643 sextae
746 1615 886 1652 quinque.
903 1625 950 1644 ne-
964 1626 984 1659 ρ

123 1659 258 1686 bulosam
276 1668 377 1687 unam.

159 1703 219 1731 Col.
235 1704 288 1730 587
304 1704 328 1730 Α
342 1704 427 1738 2.Qui
442 1705 623 1732 nimirumJn
640 1705 788 1732 F.tnntum
800 1707 872 1739 erat,
884 1702 947 1739 ἔξω-

125 1752 168 1778 θεν
185 1745 364 1782 δηλονότι,εκ
380 1749 488 1784 quibus
504 1749 679 1777 Tilmannus
689 1752 948 1785 expresserat,uas-

124 1794 286 1827 sectantur,
303 1794 375 1828 puta
392 1793 510 1827 llebraai,
528 1793 578 1828 qui
595 1793 696 1821 isthmc
717 1802 824 1821 arcana
837 1798 948 1821 natura:

125 1837 212 1864 anxio
225 1836 325 1864 labore
345 1840 601 1871 commentantur;
618 1848 631 1864 η
650 1841 679 1865 at
694 1838 721 1865 in
739 1838 772 1865 H.
786 1836 880 1872 ἔξωθεν
894 1839 946 1864 τῶν

124 1881 189 1917 παρ’
216 1877 350 1918 Ἐϐραίων
371 1879 501 1916 δηλονότι
527 1880 842 1919 πολυπραγμονοῦντων,
868 1885 896 1910 et
919 1883 948 1910 in

124 1924 241 1960 Anglic.
260 1927 291 1952 ut
306 1925 470 1960 edidimus;
488 1926 586 1961 itaque
607 1927 739 1962 repetitio
753 1926 867 1954 articuli
883 1935 949 1955 sen-

124 1977 192 1996 sum
209 1969 356 2003 immutat.
387 1970 477 1998 Porro
493 1970 571 1998 idem
589 1972 621 1998 tl.
640 1980 691 2006 pro
715 1970 862 2008 ὑπόχιρῥον
877 1971 949 1999 scri-

124 2016 208 2049 ptum
225 2013 358 2042 exhibuit
373 2014 527 2052 ὑπόκειρον,
541 2015 648 2051 Regius
664 2015 736 2043 alter
753 2016 782 2043 F.
799 2014 948 2052 ὑπόκηρον·

124 2058 176 2085 sed
192 2058 336 2093 interpres
349 2061 427 2086 recte
442 2059 516 2087 vidit
535 2059 753 2087 emendandum
781 2058 948 2096 ὑπόπυῤῥον,

124 2110 193 2129 cum
209 2113 224 2127 cr
241 2102 448 2132 subruiescens
460 2112 474 2129 ι
487 2104 663 2139 vertit,quod
679 2105 754 2140 apud
769 2104 949 2132 Aristotelem

125 2146 281 2182 reperitur,
307 2150 335 2175 et
359 2147 569 2184 interpretatur
591 2148 702 2177 Plinius
726 2160 739 2174 ‹‹
757 2149 854 2177 mellei
870 2149 949 2177 colo-

124 2190 175 2218 ris.
194 2203 205 2216 ι
230 2191 353 2220 Pleiadis
369 2192 503 2220 meminit
517 2193 571 2220 Job
587 2201 650 2228 cap.
668 2202 706 2226 ix,
721 2194 749 2221 9.

160 2235 232 2263 lbid.
250 2235 270 2263 C
285 2236 329 2271 12,
346 2237 523 2266 Maledictus.
540 2238 599 2265 Etsi
617 2237 724 2273 Regius
739 2238 769 2266 F.
795 2238 950 2266 exhibebat

126 2277 323 2316 ίπικατάρατος
347 2281 470 2316 Χαναάν,
501 2284 599 2310 tamen
632 2291 729 2310 errore
764 2282 861 2311 nescio
891 2291 948 2318 quo

125 2324 286 2360 scripserat
296 2325 453 2362 interpres,
470 2336 484 2351 «
495 2326 668 2354 Maledictus
680 2326 870 2362 Cham.Atqui
881 2335 947 2355 con-

124 2368 262 2397 tristatus
278 2371 350 2398 erat.
368 2381 383 2396 ››
405 2371 487 2398 Certe
511 2371 632 2399 Genesis
655 2380 693 2405 ix,
714 2373 760 2407 25,
785 2381 842 2400 non
864 2372 948 2400 aliter

123 2411 262 2448 legimus,
278 2411 472 2451 ἐπικατάρατος
488 2414 598 2441 Χαναὰτ
612 2416 685 2448 παῖς,
702 2417 862 2444 Maledictus
876 2416 946 2445 Cha-

123 2465 210 2484 unum
223 2465 302 2492 puer.
318 2458 409 2487 Paulo
419 2461 486 2495 post
500 2459 683 2487 emendanda
698 2463 742 2488 cst
756 2461 851 2488 versio
867 2471 878 2486 ε
895 2461 947 2489 sed

123 2501 250 2536 germini
266 2502 342 2538 ejus,
357 2505 386 2531 et
401 2503 481 2539 operi
505 2503 611 2539 ipsius,
627 2505 704 2539 quod
729 2505 851 2540 ﬁgurate
871 2505 946 2533 Cha-

125 2553 202 2573 naan
218 2546 407 2575 nominatur;
423 2557 437 2573 ιι
457 2556 515 2576 non
529 2548 608 2576 enim
630 2548 726 2576 Graece
741 2551 785 2577 est
799 2546 844 2575 διὰ
857 2548 888 2576 τὸ
904 2546 947 2586 ἔρ-

124 2599 184 2627 γον,
202 2591 252 2618 sed
269 2590 313 2618 καὶ
328 2593 368 2628 τῷ
383 2590 454 2630 ἔργω
464 2591 556 2619 αὐτοῦ·

159 2635 220 2663 Col.
245 2636 298 2664 598
322 2638 347 2664 Α
370 2638 397 2664 2.
425 2637 493 2665 Cum
515 2645 656 2666 mensura.
677 2638 721 2666 Ἐν
739 2638 829 2675 μέτρῳ
847 2638 947 2674 praefe-

123 2679 207 2708 rebat
221 2680 252 2708 F.
279 2680 465 2718 Tilmannus,
486 2692 501 2708 ‹‹
521 2682 558 2710 ad
572 2683 746 2719 exigendam
763 2684 798 2711 de
813 2683 869 2716 his,
896 2683 947 2718 qui

123 2733 278 2761 perperam
289 2725 433 2762 vixerunt,
447 2736 536 2764 pcsnaa
547 2727 752 2756 diversionem.
763 2739 777 2753 ››
789 2728 947 2764 Procopius

123 2768 162 2800 εἰς
189 2769 220 2796 τὸ
244 2768 375 2805 κολάζειν
400 2770 425 2798 ἐν
451 2771 543 2808 μέτρῳ
565 2772 630 2804 τοὺς
651 2774 741 2803 κακῶς
769 2769 947 2809 βεϐιωκότας,

124 2825 138 2839 «ι
155 2816 184 2842 et
198 2815 234 2842 ad
249 2823 350 2851 prsnas
365 2816 452 2853 digne
467 2817 503 2844 de
514 2816 674 2853 sceleratis,
686 2820 716 2845 et
730 2825 796 2845 cum
808 2825 948 2845 mensura

124 2858 293 2895 exigendas.
318 2871 333 2886 ιι
355 2862 392 2890 At
414 2861 445 2889 in
471 2860 561 2898 Regio
580 2860 614 2890 Η.
635 2864 698 2890 erat
713 2862 789 2890 utin
803 2862 836 2890 A.
861 2859 946 2898 ἂμ.μὲ-

1016 303 1123 332 Joann.
1140 303 1184 331 34.
1202 302 1231 330 ἐκ
1248 303 1357 341 μέτρου,
1373 302 1408 331 ad
1421 311 1591 331 mensuram.

1053 347 1113 375 Col.
1128 348 1181 375 599
1197 351 1214 374 Β
1230 349 1255 376 3.
1275 349 1364 383 Quare
1382 348 1513 376 absolute.
1541 347 1686 376 Omiserat
1709 347 1758 375 hic
1781 348 1840 375 tres

1017 393 1110 421 lineas
1121 393 1229 430 Regius
1240 393 1378 421 librarius
1391 393 1419 420 in
1432 395 1472 426 F.,
1485 393 1608 428 ideoque
1619 391 1793 420 Tilmannus
1806 399 1840 419 ex

1017 438 1115 466 codice
1131 438 1235 466 mutilo
1250 440 1385 472 verterat,
1404 448 1418 464 α
1434 446 1526 474 quare
1540 446 1575 466 ea
1590 437 1839 473 vastitas,quauto

1017 485 1095 510 esset
1105 484 1236 519 tempore
1246 483 1399 517 duratura,
1415 482 1549 511 absolute
1564 491 1622 510 non
1637 481 1762 518 aperuit.
1775 481 1838 509 Non

1015 528 1094 555 enim
1110 527 1171 556 illo.
1190 539 1203 552 »
1220 528 1333 556 Rursus
1349 527 1425 556 intra
1440 536 1491 564 pro
1506 525 1709 560 ἀποτελεῖσθαι,
1725 528 1758 554 ut
1770 525 1840 554 seri.

1015 576 1097 608 ptum
1109 572 1202 600 fuitin
1215 573 1259 607 F.,
1273 572 1451 601 existimavit
1467 572 1612 608 interpres
1623 579 1654 600 se
1664 571 1771 608 legisse
1786 569 1838 596 ἀτι-

1015 615 1147 652 ολεῖσθκι,
1163 626 1230 646 cum
1246 617 1343 653 vertit,
1364 627 1375 642 ε
1392 617 1483 646 semel
1496 617 1633 653 disrupta
1648 624 1706 644 non
1729 615 1838 644 sinitur

1013 663 1155 698 deperire.
1174 674 1184 689 ι
1202 663 1351 691 Contrario
1368 662 1453 698 plane
1467 670 1576 690 sensu:
1593 673 1607 687 ‹‹
1625 669 1693 689 nam
1711 660 1739 688 in
1763 659 1836 688 locis

1014 706 1150 735 habitatis
1174 708 1269 743 perire
1291 707 1408 741 dicitur,
1433 709 1465 735 ut
1480 707 1556 742 apud
1573 705 1745 742 Procopium
1770 713 1834 741 pag.

1012 751 1083 779 248:
1102 751 1191 783 Εἳωθε
1205 751 1433 788 παρπθραύεσθαι,
1450 762 1464 777 ‹‹
1481 751 1559 779 unde
1586 750 1668 778 illam
1690 749 1834 786 disrumpi

1013 796 1208 833 dissiparique
1223 797 1375 833 contingit.
1393 807 1404 823 ι

1047 849 1105 877 Col.
1122 850 1176 877 602
1187 851 1210 878 A
1226 851 1270 878 10.
1288 850 1449 878 Obscenum.
1465 853 1519 878 Pro
1534 847 1651 876 κάθυλαν
1667 848 1696 877 ἱιι
1716 857 1772 876 ms.
1790 848 1832 880 F.,

1011 895 1196 923 emendatius
1211 894 1240 922 in
1256 894 1322 923 aliis
1334 893 1452 922 κάθυλον
1468 894 1630 930 legebatur,
1648 893 1724 929 quod
1735 895 1832 920 tamen

972 941 995 974 Β
1011 940 1047 966 ab
1063 937 1200 972 ὑλακτεῖν,
1217 940 1295 975 quod
1307 942 1352 968 est
1366 950 1381 965 (ι
1396 940 1513 973 latrare,
1530 949 1545 964 »
1571 947 1628 966 non
1657 937 1830 966 deducitur:

1012 992 1046 1011 ne
1062 991 1127 1011 cum
1144 984 1300 1012 Tilmanno
1315 984 1363 1012 hic
1379 986 1485 1015 vertas.
1503 995 1517 1009 «
1533 983 1694 1016 oblatrans,
1711 993 1725 1007 υ
1741 982 1792 1010 sed
1800 981 1832 1008 τὸ

1009 1024 1116 1062 ἔνυλον,
1132 1027 1150 1062 ἢ
1168 1027 1273 1062 ὑλικὸν,
1294 1028 1311 1062 ἢ
1330 1027 1436 1062 ὑλαῖον,
1454 1039 1468 1054 ‹‹
1486 1028 1562 1064 quod
1580 1026 1730 1055 materiale
1745 1029 1800 1062 est,
1818 1038 1829 1052 I

1009 1072 1189 1110 utnpbculov
1207 1085 1221 1098 κ
1242 1073 1318 1109 quod
1336 1073 1466 1101 materias
1481 1072 1620 1108 adhaeret,
1634 1071 1712 1108 quod
1727 1079 1832 1099 carna-

1007 1117 1034 1144 le
1045 1120 1100 1150 est,
1116 1129 1130 1143 »
1147 1119 1182 1146 ab
1198 1117 1250 1152 ὕλη
1268 1118 1345 1154 quod
1363 1118 1440 1153 apud
1455 1117 1606 1153 theologos
1621 1116 1723 1144 sordes
1736 1115 1832 1144 faeces-

1007 1170 1064 1198 que
1075 1163 1241 1190 mundanas
1253 1162 1410 1198 signiﬁcat.
1422 1161 1468 1190 Sic
1481 1162 1626 1197 interpres
1637 1160 1769 1196 Procopii
1780 1158 1830 1194 δη-

1007 1204 1063 1233 λῶν
1077 1206 1193 1234 κάθυλον
1207 1205 1251 1233 καὶ
1272 1205 1461 1242 ἐσκοτισμὲνον
1477 1203 1617 1242 ίδαίμονα,
1640 1217 1654 1231 ‹‹
1680 1207 1712 1233 ut
1726 1206 1830 1235 obsce-

1007 1260 1076 1278 num
1088 1254 1117 1279 et
1127 1251 1320 1287 caliginosum
1332 1252 1493 1279 daemonem
1508 1250 1659 1279 indicaret.
1669 1260 1683 1275 n
1695 1250 1741 1278 Sic
1751 1250 1829 1286 apud

1007 1296 1183 1332 Hesychium
1213 1295 1414 1331 χαΟυλομανεῖν
1445 1297 1490 1324 est
1518 1293 1586 1329 ὕλην
1613 1293 1686 1332 ἔχειν
1707 1293 1828 1328 πολλήν.

1005 1340 1086 1372 Quod
1103 1342 1200 1367 autem
1216 1340 1348 1376 sequitur
1361 1341 1397 1368 de
1424 1339 1641 1374 onocentauris,
1668 1339 1742 1367 hanc
1765 1346 1830 1366 esse

1006 1384 1128 1412 alteram
1146 1385 1313 1412 daemonum
1323 1384 1554 1420 speciem,quam
1568 1383 1672 1419 reliqui
1687 1383 1829 1419 interpre—

1005 1431 1049 1456 tes
1064 1429 1255 1457 nominarunt
1278 1429 1421 1456 Hebraica
1445 1437 1511 1456 voce
1535 1428 1620 1463 Siim,
1645 1428 1682 1455 ab
1705 1427 1827 1455 Eusebio

1005 1481 1123 1509 quoque
1151 1473 1291 1501 traditum
1307 1476 1352 1501 est
1366 1474 1453 1501 citato
1478 1473 1507 1500 in
1536 1472 1663 1500 editione
1676 1472 1828 1507 Vaticana,

1004 1516 1063 1543 ἀντὶ
1086 1518 1134 1543 τοῦ
1161 1516 1351 1554 ἀνοκὲνταυροι
1376 1515 1454 1543 σείειν
1480 1515 1643 1553 ἀνέγραψαν,
1669 1527 1683 1541 n
1713 1516 1748 1543 Et
1775 1524 1826 1552 pro

1005 1562 1194 1589 onocentauri
1211 1562 1394 1597 scripserunt
1409 1562 1476 1589 siim
1494 1573 1507 1586 υ
1521 1571 1528 1590 ε
1543 1562 1621 1598 quod
1638 1565 1734 1589 tamen
1758 1569 1827 1588 con-

1005 1606 1108 1634 sistere
1133 1614 1191 1633 non
1217 1608 1312 1642 potest
1327 1614 1393 1634 cum
1409 1614 1453 1640 eo,
1469 1606 1548 1642 quod
1564 1605 1671 1634 ibidem
1694 1605 1735 1632 ait
1749 1605 1826 1632 idem

1004 1650 1157 1685 Eusebius,
1175 1650 1244 1678 Ἀντὶ
1260 1652 1308 1677 τοῦ
1324 1651 1406 1687 θηρία
1422 1650 1500 1677 σείειν
1524 1650 1550 1677 οἱ
1570 1649 1663 1677 λοιποὶ
1692 1649 1826 1687 ἑρμηνευ-

1002 1696 1046 1722 ταὶ
1062 1693 1236 1730 ἐκδεδώκασι,
1256 1708 1265 1720 ι
1281 1698 1332 1723 Pro
1344 1696 1453 1731 bestiae,
1465 1696 1559 1724 ceteri
1575 1695 1750 1731 interpretes
1765 1694 1826 1722 edi-

1003 1741 1110 1768 derunt
1125 1741 1181 1768 siin
1201 1749 1230 1768 νε
1247 1749 1340 1776 neque
1355 1741 1426 1768 adeo
1440 1749 1507 1768 cum
1523 1741 1587 1776 ipso
1603 1742 1681 1768 textu
1695 1740 1824 1775 Hebraeo,

1003 1793 1037 1813 ex
1053 1794 1110 1820 quo
1126 1785 1276 1821 Pagninus
1293 1791 1361 1815 nm:
1375 1786 1452 1813 tsiim
1472 1785 1573 1812 Latine
1594 1784 1707 1819 extulit,
1734 1784 1824 1812 bestiis

1002 1831 1158 1861 silvestres.
1189 1832 1216 1857 et
1255 1838 1306 1865 pro
1345 1834 1456 1862 Dwvw
1497 1829 1641 1864 seghirim,
1678 1828 1826 1861 daemones,

1003 1874 1087 1902 Arias
1101 1875 1255 1902 Montanus
1272 1882 1339 1901 cum
1351 1873 1464 1910 Aquila,
1479 1874 1563 1909 pilosi
1581 1875 1611 1900 at
1634 1873 1828 1909 Septuaginta

1004 1917 1205 1954 ὀνοκὲνταυροι.
1225 1920 1373 1946 Postremo
1396 1918 1478 1951 illud,
1505 1917 1573 1953 μετὰ
1595 1917 1644 1951 τὴν
1675 1915 1826 1954 ἐρήμωσιν,

1003 1962 1156 1996 vertimus,
1172 1966 1314 1998 postquam
1329 1962 1443 1990 redacta
1465 1963 1551 1998 fuerit
1574 1962 1605 1989 in
1634 1962 1827 1994 solitudinem,

1005 2009 1038 2034 ut
1052 2009 1138 2035 antea
1151 2009 1223 2042 erat,
1240 2009 1271 2035 ut
1286 2007 1358 2035 locus
1372 2007 1544 2035 assimiletur
1559 2007 1703 2042 Babyloni
1717 2008 1747 2034 in
1762 2007 1829 2035 soli-

1004 2051 1127 2079 tudinem
1142 2051 1307 2087 redigendae.

1040 2104 1247 2132 001.607A4.
1278 2105 1360 2133 Terra
1388 2104 1454 2132 hac.
1485 2104 1546 2133 Non
1575 2103 1660 2136 dixit,
1690 2103 1741 2130 οὐκ
1767 2101 1826 2140 ἔχει

1007 2147 1112 2186 μερίδα,
1136 2149 1187 2177 sed
1213 2148 1262 2175 οὐχ
1284 2147 1340 2176 ἔστι
1363 2148 1462 2186 μὲροςε
1486 2157 1521 2177 ne
1536 2148 1618 2176 locus
1633 2149 1673 2176 sit
1701 2148 1827 2176 versioni

1004 2193 1127 2229 vulgatae
1143 2196 1240 2227 antea,
1256 2204 1270 2219 ‹‹
1290 2194 1379 2221 Terra
1394 2193 1455 2221 haec
1481 2193 1593 2221 nullam
1609 2193 1698 2221 habet
1714 2196 1825 2229 partem

1005 2245 1071 2265 cum
1087 2246 1132 2272 ea,
1148 2238 1183 2265 de
1197 2246 1256 2273 qua
1271 2238 1405 2273 subjecta
1418 2237 1576 2266 maledicto
1592 2238 1703 2266 dictum
1719 2239 1779 2265 est:
1796 2237 1827 2264 In

1003 2282 1154 2315 doloribus,
1170 2293 1185 2308 »
1201 2285 1254 2310 etc.
1273 2283 1386 2310 Rursus
1403 2285 1528 2311 verterat
1543 2284 1700 2318 interpres,
1716 2279 1826 2316 Ἰακὼϐ,

1002 2325 1030 2353 ὅν
1046 2326 1161 2364 γειώραν
1179 2327 1283 2365 Γραφή,
1308 2327 1400 2361 Jttcob,
1426 2327 1502 2355 dicto
1526 2328 1555 2355 in
1582 2327 1733 2363 Scriptura
1746 2326 1827 2364 γειώ-

1002 2381 1061 2408 ρας,
1077 2371 1161 2407 quasi
1176 2371 1266 2400 Jacob
1283 2371 1344 2407 ipse
1360 2372 1399 2399 sit
1427 2372 1525 2399 dictus
1554 2372 1683 2409 γειώρας.
1701 2374 1761 2399 [mo
1778 2380 1828 2408 per

1001 2416 1092 2445 Jacob
1103 2415 1240 2452 intelligit
1251 2416 1390 2452 populum
1404 2416 1658 2452 lsraeliticum,cui
1675 2417 1722 2452 qui
1736 2425 1766 2444 se
1775 2416 1826 2443 ad-

998 2461 1107 2497 jungit,
1123 2460 1239 2498 γειώρας
1253 2463 1281 2488 et
1296 2459 1482 2497 προσήλυτος,
1499 2472 1513 2486 ‹‹
1536 2462 1659 2494 advena,
1678 2472 1693 2486 »
1719 2461 1828 2488 dicitur

1003 2507 1035 2533 ut
1062 2505 1152 2533 Exodi
1180 2514 1231 2539 xu,
1263 2505 1316 2533 19:
1355 2504 1628 2541 Ἐξολοθρευοήσεται
1657 2501 1683 2532 ἔν
1711 2514 1740 2531 τε
1766 2506 1826 2534 τοῖς

1000 2549 1127 2587 γειώραις
1143 2548 1187 2576 καὶ
1204 2549 1353 2586 αὐτόχθοσι
1377 2549 1427 2583 τῆς
1452 2552 1515 2586 γῆς·
1541 2550 1646 2577 Peribit
1667 2550 1750 2584 inque
1776 2548 1826 2576 ad-

1001 2595 1078 2622 venis
1092 2597 1119 2622 et
1132 2594 1288 2629 indigenis;
1306 2597 1333 2622 et
1349 2595 1378 2622 in
1393 2595 1493 2622 eodem
1507 2595 1691 2630 cupite,vers.
1702 2594 1754 2621 49:
1773 2591 1826 2619 Νό-

1004 2649 1054 2674 μος
1083 2639 1120 2670 εἷς
1147 2637 1220 2666 ἔσται
1250 2640 1290 2674 τῷ
1319 2637 1446 2675 ἐγχωρίῳ
1478 2637 1522 2664 καὶ
1555 2640 1594 2673 τῷ
1631 2635 1826 2675 προσηλύτῳ·

1001 2685 1059 2711 Leu:
1073 2692 1130 2711 una
1144 2685 1197 2712 erit
1213 2684 1349 2719 indigena:
1363 2685 1388 2711 et
1404 2683 1526 2710 advenae.
1543 2678 1702 2718 Utrobique
1717 2685 1762 2710 est
1776 2682 1829 2710 lic-

1002 2728 1078 2756 brasa
1106 2737 1161 2756 vox
1183 2734 1215 2759 ἰλ
1242 2737 1300 2764 ger,
1332 2736 1395 2763 qum
1424 2730 1452 2755 et
1467 2727 1584 2764 γειώρας
1610 2730 1638 2755 et
1652 2725 1828 2764 προσήλυτος

1000 2773 1134 2800 vertitur.
1152 2773 1270 2808 Proprie
1285 2771 1402 2809 γειώρας
1419 2775 1463 2800 est
1478 2772 1491 2799 ὁ
1506 2775 1557 2808 γῆν
1578 2771 1669 2808 ὡρῶν,
1695 2772 1743 2807 qni
1771 2775 1826 2800 ter-

1001 2825 1065 2844 ram
1080 2818 1208 2845 custodit.
1225 2815 1398 2853 Hesychius,
1416 2816 1543 2854 γιιώρας,
1559 2815 1679 2854 γείτονας
1695 2815 1720 2851 ἐξ
1735 2814 1826 2842 ἄλλου

1004 2861 1108 2899 γὲνους,
1123 2861 1319 2899 καλουμένους,
1335 2859 1353 2895 ἢ
1373 2858 1437 2891 τοὺς
1452 2859 1514 2898 περὶ
1528 2860 1577 2895 τὴν
1599 2863 1652 2898 γῆν
1680 2855 1826 2889 διακόνου-
