2029 3143
131 204 210 234 1113

730 204 769 234 ΙΝ
793 202 999 233 COMMENT.
1022 202 1061 231 lN
1084 203 1233 234 ISAIAM.

1756 203 1833 233 HM

129 280 143 294 ι(
163 269 232 303 Dei;
248 278 261 295 ι
280 270 394 297 tantum
410 268 488 297 enim
503 270 547 297 est
559 270 655 297 Graece
670 267 740 295 λέων
757 266 934 306 ἑρμηνεύεται
948 276 954 295 :

1020 268 1190 298 Ecclesiastes
1203 277 1280 298 vers.
1297 270 1331 297 46
1348 277 1353 297 :
1371 269 1402 298 El
1427 268 1455 296 δὲ
1468 270 1535 296 κατᾶ
1557 270 1648 295 κοινοῦ
1663 267 1788 306 ὲκληφθῇ
1803 268 1834 296 τὸ

128 313 158 341 in
175 313 209 341 H.
227 315 257 340 Ε.
280 313 301 341 Ι.
318 315 347 341 et
371 314 449 350 apud
477 314 662 350 Procopium,
683 314 751 342 licet
779 313 808 340 in
826 313 958 348 margine

130 359 330 394 conjecturam
347 368 432 387 suam
448 360 618 396 ascripserit
633 359 874 396 interpres,"Icmq
889 356 958 384 λέων

132 405 209 438 Θεοῦ,
230 414 243 430 ι
259 404 342 432 Forte
358 404 403 432 leo
430 404 490 432 Dei.
508 416 522 429 ››
543 405 737 440 Hieronymus
759 402 884 440 epistola
898 403 932 429 27
950 410 956 430 :

133 460 147 474 ιι
162 448 211 475 Vas
227 449 291 484 tibi,
305 449 408 477 civitas
425 449 513 483 Ariel,
530 450 558 476 id
574 452 630 483 est,
647 450 687 477 [eo
704 449 793 484 Dei,et
808 447 958 483 quondam

132 493 305 530 fortissima,
322 503 409 530 quam
426 494 604 530 expugnavit
620 494 719 521 David.
734 504 747 519 ν
764 492 897 521 Meminit
907 491 960 519 hu-

127 539 180 574 jus
196 538 325 567 civitatis
342 539 418 571 idem
437 539 579 575 propheta
595 540 698 573 Isaias,
715 547 739 566 c.
757 547 833 573 XXIX,
848 539 884 575 27:
900 537 960 564 Cir-

131 584 305 612 cumvallabo
332 584 407 611 Ariet
424 574 508 617 {sed
541 584 582 611 ibi
611 583 675 619 lego
700 582 840 611 Hebraice
869 574 959 612 5mm

132 628 222 661 Ariet,
237 627 285 656 hic
301 635 368 656 vero
387 630 502 656 tantum
528 630 574 656 est
598 633 679 660 una,
697 635 760 663 quas
781 635 835 654 vox
851 627 961 654 leonem

133 674 231 705 sonat,
247 673 326 700 unde
341 672 536 709 Hieronymus
551 673 647 706 vertit,
663 673 706 699 his
729 671 777 708 qui
792 671 916 707 fugerint
928 670 961 697 de

133 717 209 745 Moab
224 717 339 744 leonem.

168 761 230 789 Col.
246 761 300 788 644
314 763 335 789 C
349 761 376 788 ’7.
393 762 554 789 Genuerint.
571 761 732 797 Γεγενῆσθαι
748 759 830 792 dixit,
842 768 900 787 non
914 768 960 796 γι-

132 805 289 842 γεννῆσθαι,
306 805 357 833 sed
384 806 508 833 emenda
533 803 577 831 διὰ
600 804 632 831 τὸ
655 815 744 842 γεγεν.
761 813 795 832 ex
810 803 960 839 Procopio,

134 850 220 885 cujus
237 849 381 885 interpres
396 850 501 883 edidit,
518 860 532 874 «
548 850 666 885 quando
682 858 736 877 sua
751 849 807 884 ipsi
831 847 963 884 nequitia

134 897 306 930 serpentum
325 896 460 922 naturam
476 896 505 922 et
519 894 600 922 virus
616 895 852 929 assumpserunt.
868 904 882 918 »

170 939 234 967 Col.
250 939 301 966 631
320 941 342 965 Α
357 939 384 966 9.
402 939 590 974 lniquitalem.
608 938 682 966 Male
699 940 793 971 antea,
813 949 827 963 ι(
843 945 962 973 persua-

136 984 186 1011 det
203 983 326 1010 antistes
335 983 529 1016 hasresum,ut
540 983 652 1011 excelso
662 983 764 1018 iniqua
774 982 962 1018 loquantur.»

138 1028 231 1055 Locus
246 1030 291 1055 est
306 1027 420 1062 psalmo
443 1036 529 1062 Lxxu,
553 1030 580 1062 8,
607 1028 655 1054 ubi
680 1027 820 1055 Vaticana
843 1026 933 1054 editio
948 1034 963 1054 e

138 1072 237 1100 Graeco
255 1072 337 1107 LXX,
355 1070 459 1098 ἀδικίαν
475 1072 511 1101 εἲς
523 1071 554 1098 τὸ
570 1071 637 1107 ὕψος
660 1070 810 1106 ἐλάλησαν,
826 1072 963 1106 iniquita-

137 1119 192 1144 tem
208 1118 238 1144 in
254 1117 342 1144 altum
370 1117 454 1144 locuti
476 1121 549 1144 sunt.
567 1117 751 1152 Sequebatur
775 1115 813 1146 εἰς
837 1115 962 1150 ζητήσεις

138 1157 387 1197 συγκαταϐαίνοιεν.
403 1161 562 1188 Tilmann.:
580 1161 764 1196 «Siquando
775 1169 808 1188 eo
824 1169 854 1188 se
870 1161 962 1188 demi-

137 1206 242 1240 serint,
259 1208 291 1232 ut
315 1205 517 1234 assentiuntur
540 1206 694 1241 propositae
716 1205 879 1241 quaestioni.
896 1215 910 1230 ››
928 1206 964 1232 At

137 1247 358 1287 συγκαταϐαίνειν
374 1259 430 1278 non
447 1252 491 1278 est
507 1261 521 1275 (ι
536 1250 685 1285 assentiri,
699 1262 712 1275 n
727 1249 777 1278 sed
790 1261 804 1274 «
820 1258 852 1278 eo
867 1257 898 1277 se
913 1249 963 1276 de-

137 1296 266 1323 mittere.
281 1306 296 1320 ››

171 1340 232 1368 Col.
249 1341 302 1367 654
319 1343 339 1367 Α
357 1341 384 1368 lt.
407 1341 594 1375 Nequaquam,
613 1340 649 1367 0b
665 1342 723 1367 hoc.
740 1339 802 1368 Non
827 1339 900 1367 bene
914 1347 962 1366 ex-

137 1385 246 1422 pressit
260 1385 493 1413 emendationem
507 1388 638 1412 nostram
649 1383 965 1421 typographuszrescri-

137 1430 270 1458 bendum
300 1429 399 1465 igitur,
429 1437 603 1464 nequaquam
627 1429 838 1464 confundantur.
857 1428 893 1456 0b
916 1428 965 1456 hoc

137 1474 242 1502 dictum
257 1475 308 1507 est,
325 1473 422 1509 Campi
437 1474 555 1501 Esebon.
575 1473 739 1501 Delevimus
755 1473 833 1500 enim
855 1471 904 1499 illa
918 1471 963 1499 in-

137 1518 306 1554 terpretis,«
319 1526 504 1553 nequaquam
517 1517 663 1553 attingant
674 1519 806 1545 centrum
818 1516 878 1544 sive
890 1524 964 1552 pun-

138 1567 230 1590 ctum.
245 1574 255 1587 ι
274 1562 415 1590 Vitiosum
433 1562 511 1590 enim
528 1561 682 1589 lectionem
699 1561 807 1589 codicis
823 1561 852 1588 F.
869 1562 965 1596 expri-

138 1609 225 1634 munt
239 1606 306 1641 ista,
331 1604 425 1642 λόγοις
441 1604 472 1632 οὐ
496 1604 599 1642 κέντρῳ
624 1605 792 1638 ποιῆσονται.
811 1604 859 1631 Διά
883 1606 963 1631 τοῦτο

136 1651 169 1677 τὰ
194 1649 284 1678 πεδία.
299 1635 514 1686 Corrigendum
537 1635 593 1678 fuit
608 1659 641 1678 ex
657 1635 720 1685 ipso
738 1653 818 1677 textu
837 1652 921 1686 prout
936 1652 964 1678 et
978 1635 1000 1669 δ

137 1697 281 1731 scriptum
311 1695 448 1723 exhibent
475 1697 510 1722 Η.
540 1698 568 1722 et
595 1697 616 1727 Ι,
646 1694 695 1721 οὐκ
725 1693 937 1731 ἐντραπὴσονται
955 1703 962 1710 ·

138 1741 252 1768 dictum
282 1739 360 1767 enim
386 1741 430 1767 est
454 1747 470 1766 a
486 1739 639 1775 propheta,
655 1738 700 1766 καὶ
722 1739 772 1766 οὐκ
796 1739 963 1776 ἑντροιπὴσῃ,

137 1789 163 1812 et
175 1793 230 1812 non
245 1783 432 1819 con/underit.
457 1784 539 1818 Apud
558 1784 697 1820 Cyrillum
714 1783 819 1819 legitur
833 1784 919 1812 etiam
937 1785 965 1811 et

138 1829 216 1865 apud
242 1829 427 1864 prophetam,
451 1827 496 1854 καὶ
522 1827 571 1854 οὐκ
598 1827 809 1865 ἓντραπὴσονται
833 1828 867 1855 τὰ
885 1826 965 1854 πεδία

138 1870 267 1901 Ἐσιϐών.
289 1874 326 1900 Et
348 1881 404 1900 non
424 1872 619 1900 reverebantur
632 1881 739 1908 campos
755 1873 866 1901 Esebon.
883 1873 965 1901 Unde

140 1918 265 1946 fortasse
282 1926 338 1945 non
356 1917 455 1945 minus
479 1919 545 1953 apte
568 1917 638 1944 verti
665 1919 774 1952 posset,
797 1916 841 1943 καὶ
855 1916 905 1943 οὐκ
921 1916 964 1943 ὲν-

138 1962 280 1998 τραπήσῃ,
304 1965 329 1989 et
351 1969 406 1989 non
432 1962 609 1996 revereberis,
639 1963 668 1988 et
695 1961 726 1989 in
749 1961 964 1989 Commentario

140 2007 253 2039 Basilii,
290 2007 344 2032 Ουκ
382 2005 614 2043 ἐντραπήσονται,
643 2013 817 2042 nequaquam
849 2013 965 2034 revere-

140 2052 254 2085 bantur,
271 2053 321 2078 aut
336 2051 504 2078 erubescant.

175 2096 235 2124 Col.
260 2096 314 2124 655
330 2098 350 2122 D
371 2096 396 2124 4.
424 2095 605 2123 Subauditur.
628 2095 802 2123 Tilmannus
821 2095 964 2129 ediderat,

138 2141 157 2168 A
173 2140 314 2168 communi
337 2140 447 2175 quidem
473 2139 506 2166 de
527 2144 647 2175 utraque
673 2144 751 2174 gente
769 2140 882 2174 dicitur,
899 2141 964 2176 quia

138 2186 280 2221 lugebunt,
297 2192 379 2220 seque
393 2185 535 2220 plangant.
554 2185 611 2211 [loc
636 2186 681 2212 est
694 2185 729 2212 de
755 2184 868 2212 Esebon
884 2187 913 2212 et
928 2185 964 2213 de

139 2230 276 2262 Sabama,
293 2229 343 2256 sed
368 2228 418 2256 illa
442 2228 558 2265 phrasis
578 2228 678 2256 Graeca
696 2228 749 2255 ἀπὸ
770 2231 863 2255 κοινοῦ
889 2230 963 2257 nihil

139 2275 220 2302 aliud
232 2275 329 2308 sonat,
341 2282 430 2310 quam
442 2274 563 2302 verbum
573 2274 700 2308 πενθήσει
713 2275 963 2310 subaudiendum,

1011 311 1064 339 ὐπὸ
1078 313 1123 340 τὸν
1139 312 1231 347 ἣλιον·
1249 325 1262 339 ‹‹
1279 315 1359 346 Quod
1386 314 1410 342 si
1435 315 1470 342 ad
1496 317 1655 350 utrumque
1676 313 1784 342 referas
1798 313 1834 340 il—

1011 357 1073 392 lud,
1089 359 1137 386 sub
1148 359 1203 386 sole
1219 367 1225 385 :
1245 370 1258 383 n
1274 361 1303 386 et
1316 359 1391 395 apud
1407 359 1436 387 S.
1453 359 1536 387 Joan.
1550 359 1835 394 Chrysostomum,in

1011 403 1148 438 psalmum
1177 413 1278 439 cxxvu,
1308 413 1334 432 ν.
1369 405 1386 431 6
1417 412 1423 431 :
1454 403 1501 430 Καὶ
1534 401 1573 430 ἴδε
1594 402 1657 433 τοὺς
1681 402 1756 433 υἱοὺς
1779 404 1833 429 τῶν

1013 447 1079 474 υἱῶν
1109 458 1167 484 σου,
1193 447 1303 484 εἰρήνην
1333 447 1377 475 ἐπὶ
1406 448 1450 475 τὸν
1483 447 1592 485 Ἰσραὴλ
1610 469 1616 481 ,
1646 447 1714 474 κατὰ
1741 449 1834 474 κοινειῦ

1013 492 1030 526 ἡ
1047 491 1128 529 εὐχή,
1156 493 1204 521 sed
1222 494 1436 521 emendandum
1462 495 1505 521 est
1530 502 1563 521 ex
1580 494 1686 520 Catena
1701 492 1791 528 Regia
1805 493 1834 519 in

1012 538 1135 565 Psalmos
1152 546 1220 572 ms.,
1233 537 1300 564 κατά
1315 539 1408 565 κοινοῦ
1422 538 1453 565 τὸ
1470 536 1518 564 ἴδε.
1537 538 1624 565 Τοῦτο
1648 536 1699 574 γὰρ
1718 535 1836 572 μάλιστα

1013 582 1153 610 ποθοῦσιν.
1174 592 1187 609 ι
1200 583 1297 610 Pacem
1311 591 1394 619 super
1411 583 1504 610 Israel.
1522 581 1664 617 Subaudi,
1682 581 1760 609 Vide.
1779 581 1837 608 Hoc

1014 627 1093 654 enim
1109 627 1235 655 maxime
1259 627 1437 656 desiderant.
1455 638 1469 652 n
1485 627 1645 660 Librarius,
1669 626 1746 661 quod
1763 625 1838 653 hanc

1013 672 1192 699 locutionem
1211 681 1267 700 non
1284 675 1409 708 caperet,
1426 681 1477 708 pro
1491 671 1523 698 τὸ
1540 669 1579 698 ἴδε
1599 670 1803 702 substituerat,
1818 670 1836 703 ἡ

1015 715 1096 753 εὐχή,
1111 717 1188 744 unde
1203 718 1347 753 interpres
1359 719 1492 751 verterat,
1509 728 1522 747 ‹ς
1540 716 1605 744 Ηεεο
1630 717 1674 743 est
1696 714 1787 742 oratio
1803 715 1838 742 de

1016 761 1174 789 communi.
1193 772 1207 786 ››

1052 806 1111 834 Col.
1125 806 1178 833 659
1193 807 1213 834 C
1229 807 1256 834 4.
1277 807 1318 834 Em
1334 806 1448 842 Spiritu.
1465 808 1539 840 Non,
1555 813 1590 833 ex
1609 805 1702 838 Patre,
1719 805 1751 831 ut
1766 804 1839 832 scri-

1016 853 1115 886 pserat
1130 851 1284 887 interpres,
1302 851 1377 886 quod
1397 851 1534 878 mendose
1550 849 1670 877 essetin
1692 849 1722 876 F.
1739 848 1769 875 ἑκ
1791 846 1840 874 τοῦ

1015 904 1096 932 προς,
1113 904 1164 931 pro
1179 905 1239 925 πνς.
1255 895 1420 931 πνεῦματος.

1053 940 1112 967 Col.
1129 940 1181 967 660
1197 940 1217 967 C
1231 940 1257 967 9.
1281 941 1336 975 Qui
1359 940 1394 967 ad
1409 939 1559 967 evitandas.
1586 937 1838 976 Συμπεριφὲρισθαι

1019 983 1065 1011 hic
1076 986 1109 1011 ut
1121 985 1196 1019 apud
1214 985 1377 1020 Epictetum
1398 984 1474 1011 idem
1495 983 1611 1011 videtur
1630 990 1744 1016 sonare,
1762 982 1840 1017 quod

1019 1029 1306 1065 συναναστρέφεσθαι,‹‹
1320 1037 1378 1057 una
1389 1037 1454 1055 cum
1467 1028 1604 1063 gentibus
1614 1026 1740 1055 versari:
1753 1036 1768 1051 »
1784 1025 1841 1053 nisi

1018 1073 1105 1101 malis
1120 1073 1162 1101 ita
1177 1074 1266 1108 sumi,
1284 1076 1315 1101 ut
1332 1073 1382 1100 lib.
1400 1073 1424 1100 II
1449 1072 1681 1099 Macbabaaorum
1707 1079 1771 1107 cap.
1789 1079 1816 1098 lx
1833 1079 1839 1098 :

1017 1118 1329 1155 συμπεριενεχθήσεσοαι
1356 1116 1432 1153 ὑμῖν,
1449 1117 1635 1144 voluntatibus
1651 1115 1748 1143 vestris
1769 1116 1841 1150 [aci-

1018 1163 1071 1190 lem
1091 1171 1120 1190 se
1142 1163 1328 1199 praebiturum
1351 1167 1431 1198 atque
1456 1162 1657 1190 assentientem.
1682 1159 1841 1195 Procopius

1018 1207 1091 1234 dixit
1115 1216 1143 1243 p.
1170 1208 1223 1235 240
1239 1217 1245 1235 :
1262 1206 1412 1243 συγκαθιεῖς
1436 1205 1528 1232 ἑαυτὸν
1555 1203 1689 1242 δόγμασιν
1713 1203 1839 1235 ἐθνικοῖς·

1020 1263 1030 1277 ι
1049 1252 1238 1280 Ethnicorum
1254 1252 1390 1287 dogmata
1407 1250 1621 1287 amplectendo.
1638 1261 1651 1274 ι)
1667 1249 1842 1277 Tilmannus

1018 1297 1186 1332 scripserat,
1199 1308 1213 1321 «
1226 1305 1299 1332 quos
1316 1295 1402 1323 nullae
1414 1297 1526 1332 gentes,
1540 1294 1653 1322 nullum
1670 1292 1841 1321 temtationis

1018 1349 1111 1377 genus
1127 1341 1322 1377 persequitur,
1339 1341 1368 1368 hi
1385 1340 1642 1368 circumferuntur.
1662 1349 1675 1362 »

1054 1385 1113 1414 Col.
1129 1387 1184 1413 662
1200 1388 1217 1413 Α
1234 1386 1277 1413 Η.
1295 1386 1477 1413 Ascensiones.
1506 1383 1665 1411 Addiderat
1684 1382 1840 1417 interpres.

1022 1442 1032 1455 α
1050 1430 1206 1466 disposuit,
1224 1441 1237 1456 υ
1255 1432 1283 1457 et
1307 1431 1459 1457 annotarat
1480 1428 1509 1454 in
1531 1428 1676 1462 margine,
1692 1437 1706 1451 ι(
1724 1426 1796 1453 Deiit
1812 1425 1840 1452 in

1019 1474 1176 1510 exemplari
1202 1472 1314 1505 διέθετο.
1333 1485 1344 1500 ι
1363 1474 1417 1501 Sed
1441 1481 1507 1500 cum
1536 1473 1564 1499 in
1581 1472 1617 1499 Η.
1645 1473 1674 1498 et
1687 1470 1710 1498 Ι.
1727 1471 1843 1497 deesset

1020 1519 1091 1546 illud
1114 1519 1244 1551 verbum,
1260 1527 1276 1546 Β.
1296 1518 1401 1546 Basilio
1425 1517 1569 1545 omissum
1595 1514 1841 1546 existimavimus,

1019 1563 1214 1591 subaudiente
1226 1561 1287 1597 εἰσί,
1301 1573 1315 1587 (ι
1329 1561 1515 1589 ascensiones
1526 1563 1596 1588 sunt
1608 1569 1636 1587 ι»
1650 1559 1781 1594 alioquin
1793 1558 1843 1585 im-

1020 1607 1144 1635 mutavit
1166 1607 1298 1634 nonnihil
1316 1607 1402 1634 verba
1417 1606 1536 1634 Davidis
1555 1604 1660 1641 psalm.
1681 1611 1784 1635 Lxxxn,
1799 1603 1816 1629 6
1835 1611 1840 1630 :

1021 1649 1160 1682 ἀναϐάσεις
1186 1651 1211 1677 ἐν
1236 1652 1270 1687 τῇ
1294 1649 1391 1687 καρδίᾳ
1415 1650 1499 1677 αὐτοῦ
1525 1648 1637 1680 διέθετο.
1664 1647 1843 1676 Scholiasles

1019 1700 1117 1726 tamen
1133 1697 1251 1724 Graecus
1271 1696 1409 1724 admonet
1434 1695 1576 1731 quosdam
1594 1696 1737 1730 punctum
1754 1692 1842 1727 figere

1020 1744 1085 1778 post
1100 1740 1192 1774 αὐτοῦ,
1205 1749 1238 1768 ac
1249 1741 1369 1768 verbum
1382 1737 1484 1771 διέθετο
1501 1738 1695 1775 sequentibus
1707 1738 1842 1772 jungere,

1019 1789 1107 1822 atque
1121 1786 1162 1814 ita
1177 1793 1294 1822 quoque
1309 1785 1524 1812 Theodoretum
1548 1784 1756 1818 interpungere
1780 1781 1841 1808 Fla-

1020 1831 1131 1859 minius
1146 1830 1280 1859 Nobilius
1301 1829 1459 1857 annotavit.

1055 1875 1117 1904 Col.
1136 1876 1189 1903 666
1205 1877 1224 1901 Α
1243 1876 1269 1901 2.
1286 1875 1319 1901 Et
1340 1874 1392 1901 erit
1413 1875 1443 1900 ut
1466 1873 1656 1900 revereantur.
1674 1870 1839 1898 Emendab-

1020 1921 1089 1948 dum
1106 1922 1162 1954 est,
1181 1929 1192 1942 α
1208 1920 1243 1946 Et
1258 1919 1314 1946 erit
1330 1920 1362 1945 ut
1376 1921 1406 1946 tu
1417 1916 1586 1949 reverearis,
1595 1916 1635 1943 vel
1647 1918 1680 1942 ut
1692 1916 1722 1942 tu
1737 1914 1840 1941 erube-

1019 1973 1095 1992 scas.
1109 1975 1123 1989 n
1139 1965 1170 1991 In
1187 1963 1314 1991 editione
1325 1962 1467 1990 Vaticana
1479 1961 1614 1995 vertitur,
1627 1961 1658 1987 Et
1668 1959 1721 1996 erit
1736 1959 1767 1985 in.
1777 1966 1839 1985 con-

1017 2009 1155 2045 fusionem
1167 2012 1251 2036 luam.
1266 2006 1397 2042 Procopii
1412 2006 1609 2041 interpres,.et
1619 2005 1671 2032 erit
1683 2005 1713 2031 ut
1727 2003 1841 2038 confun-

1017 2053 1094 2081 dart's
1108 2062 1115 2081 :
1132 2053 1182 2081 sed
1198 2052 1268 2088 quia
1283 2050 1410 2079 Basilius
1425 2049 1507 2077 addit
1522 2047 1631 2082 αὐτούς,
1647 2047 1678 2074 in
1701 2045 1774 2073 locis
1789 2045 1840 2080 qui

1018 2099 1194 2134 sequuntur,
1211 2096 1308 2132 aptius
1322 2095 1409 2123 verbo
1426 2106 1440 2119 ‹‹
1457 2092 1592 2125 revereri,
1609 2103 1622 2117 n
1639 2090 1684 2119 vel
1699 2102 1712 2115 ‹‹
1734 2090 1839 2118 erube-

1018 2151 1099 2170 scere
1116 2153 1129 2166 ιι
1146 2141 1246 2170 uteris.
1261 2141 1293 2168 Et
1307 2140 1359 2168 erit
1373 2142 1402 2167 ut
1413 2141 1442 2166 tu
1456 2137 1607 2166 reverearis
1622 2137 1704 2172 ipsos,
1721 2134 1774 2162 hoc
1783 2136 1838 2168 est,

1018 2187 1176 2221 eveniet,ut
1187 2186 1228 2214 illi
1239 2185 1291 2213 tibi
1308 2185 1448 2220 pudorem
1462 2181 1662 2216 incutiant,vel
1674 2180 1838 2215 imponant.

1019 2233 1170 2259 Postremo
1186 2238 1252 2266 pag.
1268 2230 1331 2262 617,
1350 2230 1456 2262 Quanto
1477 2229 1609 2263 majorem
1626 2227 1712 2260 fama?
1725 2223 1840 2252 celebri-

1018 2274 1326 2310 tatem,substituimus
1335 2273 1364 2300 in
1374 2273 1468 2300 locum
1481 2269 1840 2304 illoruminterpretisver-

139 2320 217 2356 quod
233 2327 391 2347 commune
404 2319 452 2352 sit,
467 2321 495 2346 et
506 2319 692 2355 jungendum
709 2327 775 2347 cum
792 2319 850 2347 illis
868 2320 964 2349 verbis
979 2315 1003 2348 D
1019 2321 1122 2348 borum
1138 2329 1144 2348 :
1164 2321 1277 2352 Quanto
1297 2318 1374 2346 enim
1399 2316 1586 2345 existimabat
1603 2322 1758 2351 superesse
1784 2312 1838 2340 sibi

138 2364 171 2390 τὰ
195 2361 276 2390 πεδία
304 2359 433 2398 Ἐσεϐών,
459 2365 488 2390 et
515 2371 581 2390 cum
607 2363 672 2392 istis
697 2362 820 2400 ἄμπελος
844 2360 965 2400 Σεόαμά,

141 2407 215 2436 Nam
231 2407 262 2435 in
278 2407 420 2436 Vaticana
442 2407 579 2442 editione,
596 2409 625 2435 et
648 2408 725 2444 apud
747 2408 921 2445 Procopium
935 2409 966 2436 in

137 2455 220 2481 textu
244 2452 302 2480 ista
325 2452 367 2480 sic
394 2453 643 2487 interpunguntur
659 2460 666 2480 :
682 2451 739 2479 Οὐκ
762 2451 917 2490 ἐντραπήσῃ
933 2452 966 2480 τὰ

139 2494 220 2524 πεδία
262 2493 390 2524 Έσεόών·
435 2496 564 2530 πενθήσει
607 2494 734 2532 ἄμπελος
777 2494 896 2533 Ζεϐαμὰ*
933 2499 966 2526 Et

138 2549 195 2569 non
218 2541 386 2569 revereberis
410 2548 519 2576 campos
543 2540 643 2568 Esebon
660 2549 669 2568 :
685 2542 768 2568 vinea
791 2542 909 2570 Sabama
925 2543 967 2570 tu-

136 2586 222 2620 gebz’t.
239 2585 271 2613 In
288 2585 355 2613 aliis
370 2585 464 2620 libris,
482 2587 515 2612 ut
536 2584 584 2613 hic
600 2585 676 2620 apud
693 2585 843 2620 Basiliam,
860 2586 966 2621 legitur

136 2629 185 2656 Καὶ
216 2629 266 2657 οὐκ
294 2628 449 2666 ἐντραπήσῃ
475 2650 481 2656 .
505 2629 542 2656 Τὰ
570 2628 650 2656 πεδία
679 2626 794 2657 Ἐσεῧὼν
824 2631 963 2665 πενθήσει,

135 2672 262 2711 ἄμπελος
278 2671 397 2711 Ζεϐαιμά,
420 2674 468 2702 Sic
496 2675 573 2711 apud
603 2675 854 2711 Olympiodorum,
881 2676 911 2703 in
933 2684 964 2704 In

1021 2364 1228 2392 luculentiores
1244 2363 1372 2395 divitias,
1389 2363 1471 2388 tanto
1485 2360 1663 2392 merebatur,
1675 2362 1707 2386 ut
1722 2367 1779 2386 non
1796 2365 1840 2385 re-

1020 2408 1122 2437 velatis
1137 2408 1269 2436 arcanis:
1284 2418 1297 2432 ››
1314 2403 1454 2441 ὐπόληψις
1472 2405 1550 2432 enim
1567 2404 1685 2438 famam,
1698 2411 1755 2430 non
1771 2410 1840 2438 opes

1021 2453 1177 2489 signiﬁcat,
1202 2454 1231 2479 et
1252 2449 1488 2478 ἀποκαλύπτεσθαι
1515 2449 1652 2483 revelare,
1678 2456 1736 2475 non
1761 2447 1841 2474 obte-

1021 2505 1099 2534 gere,
1129 2499 1161 2524 ut
1188 2497 1268 2524 Luca
1298 2504 1326 2530 x,
1339 2495 1369 2522 21
1391 2503 1397 2522 :
1423 2493 1473 2522 Καὶ
1499 2491 1674 2528 ἀπεκάλυψας
1698 2490 1766 2518 αὐτὰ
1792 2500 1840 2524 νη-

1021 2541 1104 2572 πίοις·
1122 2543 1158 2569 Et
1172 2541 1303 2569 revelasti
1327 2548 1359 2567 ea
1382 2538 1508 2575 parvulis
1524 2540 1569 2565 :et
1585 2537 1595 2564 Ι
1614 2539 1675 2564 Cor.
1703 2544 1760 2567 XIV,
1782 2535 1818 2561 25
1834 2542 1840 2561 :

1020 2586 1060 2614 Τὰ
1074 2586 1181 2623 κρυπτὰ
1194 2588 1244 2619 τῆς
1261 2583 1372 2622 καρδίας
1388 2583 1489 2621 φανερὰ
1502 2581 1611 2619 γίνεται·
1629 2581 1736 2609 Occulta
1753 2578 1842 2607 cordis

1020 2633 1168 2667 manifesta
1182 2631 1263 2667 ﬁunt.
