2029 3143
143 207 221 237 1117

930 206 1058 237 NOTE.

1770 202 1847 233 1118

153 274 264 308 igmala
291 274 384 300 vatum
406 273 499 300 vocat.
517 272 624 300 Mirum
654 274 698 301 est
727 274 786 301 tam
817 272 964 309 insignem
979 272 1120 308 Aitaque
1135 272 1171 299 ad
1187 271 1388 299 maturitatem
1400 270 1495 299 ducit:
1509 270 1583 298 nhoc
1597 269 1844 298 insectumGrzcci

142 317 240 346 Basilii
256 317 348 346 nostri
358 314 648 345 animadversionem
669 317 792 345 latuisse
815 317 965 345 eruditiss.

141 370 175 390 ac
197 361 440 398 diligentissimos
463 361 608 398 quosdam
632 361 710 390 viros
726 360 966 400 φιλιερογράφους.

299 451 335 471 AD
355 451 373 470 V
392 451 535 471 HOMILIAM
556 451 585 471 IN
606 451 806 470 HEXAEMEBON.

176 514 236 542 Col.
256 514 308 542 103
321 514 341 542 G
356 514 381 541 4.
397 513 477 542 Idem
505 515 624 542 notatur
651 522 668 541 a
694 513 741 541 Jo.
758 513 910 548 Chrysost.
938 512 968 540 in

142 559 284 595 Panegyri
298 559 328 586 in
343 560 373 586 S.
386 558 541 586 Thomam.

178 604 253 631 Ibid.
269 603 290 631 Ο
318 603 409 631 4.’¹Ιν’
436 602 466 630 ἐκ
493 604 542 629 τοῦ
567 601 683 641 ἀφανοῦς
704 602 752 634 τὰς
777 601 841 639 παρ’
866 601 967 629 ἑαυτῶν

142 645 250 686 βλάϐας
281 649 339 678 τοῖς
383 646 582 684 ἀκεραιοτὲροις
612 644 779 683 ἐμϐάλωσιν.
811 649 869 675 Hoc
890 647 967 676 idem

140 693 242 728 Basil.,
257 695 329 721 tom.
347 692 382 726 ll,
400 693 486 728 epist.
504 693 566 728 410,
583 692 711 729 appellat
725 691 898 726 καταπαίζειν
912 693 965 718 τῶν

139 735 347 774 ἀκεραιοτέρων,
366 737 484 765 eludere
501 737 624 764 minime
641 737 747 764 malos.

176 781 238 809 Col.
256 782 308 809 105
323 782 380 809 Β8.
397 781 479 809 Corr.
497 779 626 818 ροδωνιαὶ
639 791 666 809 κ.
685 781 781 816 Virgil.
794 793 808 806 «
827 782 967 809 rosaria.»

141 828 176 854 Et
191 826 269 862 apud
284 826 335 854 Rei
352 828 426 854 rust.
443 826 556 862 script.,
573 828 605 853 ut
620 826 677 859 hic,
694 837 707 851 «
727 829 833 861 roseta,
847 825 967 862 myrthi,

142 871 256 898 laurus.
275 881 289 894 ››

176 914 237 943 Col.
255 915 306 942 108
320 917 340 941 Δ
358 916 385 943 3.
401 914 432 942 Ὁ
449 913 630 950 ὑποκείμενος
645 915 684 950 τῷ
699 913 797 953 φύλλῳ
812 914 921 948 κόκκος,
938 914 966 941 ὃν

142 958 242 997 μίσχον
269 959 339 990 τινὲς
368 969 394 986 τ.
421 959 494 987 Hinc
523 959 700 994 Hesychium
743 960 785 987 sic
820 960 968 988 emenda:

141 1003 260 1040 Μίσχος·
273 1002 344 1030 οὕτω
360 1002 496 1040 λέγουσιν,
513 1001 536 1038 ᾧ
553 1003 718 1039 συνήρτηται
742 1003 810 1040 πρὸς
830 1003 861 1030 τὸ
887 1004 968 1042 φυτὸν

139 1047 186 1074 καὶ
203 1047 217 1074 ὁ
233 1048 336 1085 καρπὸς
349 1047 394 1074 καὶ
405 1047 436 1074 τὸ
453 1046 572 1086 φύλλον.
585 1047 690 1085 Μίσχος
703 1048 717 1075 ὁ
732 1048 804 1083 παρὰ
819 1049 857 1084 τῷ
871 1047 970 1086 φύλλῳ

141 1091 250 1123 κόκκος.
267 1103 281 1117 ‹‹
299 1092 445 1120 Mischum
463 1092 628 1128 indigetant
643 1101 766 1128 granum
785 1093 852 1120 folio
873 1093 970 1120 adhic.

143 1146 226 1170 rens;
249 1137 278 1164 id
305 1136 440 1164 videlicet
465 1145 523 1173 quo
554 1137 666 1164 fructus
682 1140 710 1164 et
725 1137 826 1165 lolium
843 1145 972 1165 connexa

142 1184 212 1210 sunt
237 1182 355 1218 plantas.
378 1193 392 1207 ι)
407 1182 510 1210 Nonne
527 1182 587 1210 haec
604 1191 670 1210 cum
698 1183 854 1211 Basilianis
878 1183 971 1210 amice

150 1228 308 1262 conjurant
318 1227 332 1255 ‘I
618 1225 626 1230 ⁸

179 1271 252 1299 Ibid.
271 1274 291 1298 A
319 1271 362 1298 M.
380 1270 460 1299 Οἶνον
488 1273 608 1308 γεννῶσα
637 1272 698 1310 εὖφ.
715 1272 751 1300 ΧΙ
779 1272 847 1299 Jud.
864 1272 893 1299 in
921 1280 971 1307 pa-

144 1315 245 1344 rabole.
272 1316 410 1344 Joathau.
442 1315 514 1342 εἶπεν
542 1314 676 1351 ἄμπελος,
704 1316 800 1352 ἀφεῖσα
829 1316 876 1343 τὸν
898 1315 969 1343 οἶνόν

145 1370 209 1396 μου,
231 1360 281 1394 τὴν
302 1359 474 1397 εὐφροσύνην
499 1362 553 1387 τῶν
581 1360 740 1397 ἀνθρώπων.
758 1363 869 1389 Fremat
893 1364 970 1389 Ana-

145 1405 261 1433 charsis
285 1405 364 1440 licet,
381 1403 454 1432 οῖνον
485 1404 552 1432 εἶναι
577 1404 649 1443 ὕδωρ
679 1405 760 1432 σαπὶν
786 1405 836 1432 ὑπὸ
861 1406 969 1444 φλοιοῦ.

148 1461 162 1475 ‹‹
176 1453 292 1485 Aquam
308 1450 363 1477 sub
379 1450 487 1478 cortice
503 1452 629 1486 putrem.
647 1461 661 1475 ι)

180 1493 308 1522 Col.109
330 1494 352 1522 D
369 1495 395 1523 3.
412 1494 554 1531 Ἐρέψιμα.
580 1494 742 1531 Hesychius
771 1496 889 1532 exponit
911 1505 970 1522 στε-

146 1537 260 1574 γάσιμα,
277 1550 291 1564 ‹‹
308 1539 343 1566 ad
360 1540 428 1567 teet.
445 1547 519 1575 opus
549 1539 652 1575 tigilla,
673 1539 800 1575 tignave.
819 1552 829 1566 ι
849 1540 922 1567 Ibid.
940 1540 968 1567 (I.

144 1584 172 1611 Ω.
189 1583 227 1609 Τὰ
244 1582 291 1619 μὶν
310 1582 454 1619 μονόλοπα
468 1582 511 1610 αὖ.
529 1584 606 1611 Idem
631 1584 792 1620 Hesychius
809 1582 967 1620 μονόλωπα,

145 1625 334 1676 pavo-Scopa“.
355 1626 548 1665 μονοχίτωνα,
578 1628 714 1664 explicat.
745 1627 838 1660 Λοπός
875 1629 1006 1676 eidemc

143 1672 311 1709 mquipollet
326 1671 463 1708 λεπισμῷ.
485 1674 585 1708 Itaque
599 1673 788 1701 scribendum
803 1673 899 1709 potius
917 1683 969 1709 μο-

142 1716 260 1750 νόλοπα,
276 1717 313 1744 de
329 1716 437 1753 plantis
453 1717 540 1745 unica
555 1718 727 1746 membrana
751 1718 884 1746 tunicave
909 1719 970 1745 cin-

144 1762 201 1789 ctis
218 1761 336 1794 Fabius,
353 1761 382 1788 in
407 1762 526 1788 Daciam.
542 1770 593 1789 xm
618 1762 718 1797 Paup.,
736 1762 856 1790 ﬂoribus
882 1763 970 1790 etiam

144 1805 260 1833 tunicas
277 1805 389 1833 tribuit.
407 1805 507 1836 Δῶπος
523 1809 620 1834 tamen
635 1807 762 1834 amictus
781 1807 876 1843 quivis
900 1808 971 1834 dici-

143 1852 204 1882 tur,
220 1849 342 1886 pallium
359 1849 476 1885 proprie
494 1859 500 1878 :
519 1851 595 1878 unde
615 1848 772 1878 )ωποδύται
799 1851 970 1888 nuncupati.

179 1894 238 1922 Col.
267 1895 319 1922 112
347 1895 366 1921 Α
397 1895 440 1922 15.
467 1893 613 1931 Σπέρματα
649 1897 704 1922 τῶν
731 1895 790 1933 ἀρῥ.
817 1895 882 1928 τοὺς
911 1895 970 1933 λεγ.

142 1939 243 1974 ψῆνας.
259 1938 383 1975 Hesych.
399 1938 427 1966 id
444 1939 485 1967 ita
500 1939 608 1973 ﬁrmat,
624 1942 657 1968 ut
671 1940 739 1968 hinc
755 1941 973 1976 deprompsisse

145 1983 301 2011 videatur:
320 1983 406 2019 ψῆνας
431 1983 465 2010 τὰ
491 1983 633 2021 σπέρματα
659 1986 712 2011 τῶν
743 1984 862 2022 assam
886 1985 971 2023 φοινί-

147 2037 215 2054 κων.
242 2027 306 2055 Mox
328 2027 506 2065 ἀνορθοῦσθαι
534 2027 602 2056 πάλ.
621 2029 760 2057 Libanius
790 2029 819 2058 in
844 2031 973 2059 Encomz'o

149 2073 259 2108 palmae,
276 2081 303 2108 p.
321 2072 338 2099 3
351 2072 399 2100 Gr.
420 2073 489 2100 edit.
508 2075 613 2100 nostra:
630 2082 637 2100 :
654 2073 684 2101 '0
701 2073 789 2112 φοίνιξ
814 2073 884 2111 ὑψοῦ
908 2074 972 2112 πρό-

146 2115 212 2151 stat,
241 2115 286 2143 καὶ
315 2119 366 2153 γῆς
392 2115 483 2153 ἀνέχει
513 2116 547 2143 τὰ
581 2116 708 2153 μάλιστα⁸
725 2117 770 2145 καὶ
798 2119 861 2157 παρ’
880 2118 971 2154 αὐτὸν,

144 2159 182 2191 ὠς
215 2159 310 2195 simia,
327 2159 394 2187 ίέναι
420 2158 528 2187 σπεύδει
556 2160 604 2188 τὸν
634 2161 757 2199 οὐρανόν·
777 2172 790 2189 α
811 2165 913 2191 Palma
940 2163 971 2191 in

144 2205 238 2233 altum
264 2213 295 2233 se
324 2205 420 2241 erigit,
437 2205 587 2242 humoque
603 2206 715 2234 extollit
741 2207 901 2235 admodum
920 2217 927 2235 :
944 2210 972 2236 et

144 2249 180 2277 ad
205 2249 315 2286 ipsum,
331 2252 364 2277 ut
386 2250 428 2278 ita
455 2250 563 2286 dicam,
578 2251 684 2279 coelum
708 2259 828 2288 pergere
852 2255 970 2281 conten-

144 2293 198 2322 dit.
215 2305 229 2319 ››
246 2294 336 2321 Addit
350 2294 429 2322 idem
446 2294 540 2323 solam
557 2296 686 2331 palmam
700 2297 851 2325 surculum
868 2297 897 2325 in
923 2306 970 2325 ca-

1023 317 1095 352 ψῆνα
1107 319 1211 344 vocant
1227 325 1233 344 :
1249 316 1301 344 hoc
1312 315 1471 344 etiamnum
1488 315 1517 342 in
1533 323 1601 350 agro
1624 314 1847 349 Constantinop.

1024 362 1059 389 ad
1076 370 1162 389 usum
1179 361 1321 396 adhiberi,
1337 360 1467 387 αὐτόπται
1491 358 1642 395 ἀξιόπιστοι
1667 359 1739 387 mihi
1764 362 1846 386 retu-

1024 406 1135 434 lerunt.

1059 451 1118 479 Col.
1137 451 1227 478 113Α
1254 452 1294 478 10.
1319 450 1372 484 Τήν
1397 449 1569 487 ιντιριώνην.
1595 448 1745 485 Ilesychio,
1775 446 1846 474 ἔντε-

1024 495 1122 532 ριώνη,
1151 495 1182 522 τὸ
1211 494 1285 526 ivro:
1312 496 1360 522 τοῦ
1390 493 1487 532 ἅγρίου
1516 493 1622 527 σικύου,
1647 493 1664 527 ἢ
1694 492 1728 520 τὰ
1756 490 1845 519 ἔνδον.

1023 540 1102 567 Ἤτοι
1130 538 1161 566 τὸ
1193 539 1272 576 μέσον
1298 541 1346 567 τοῦ
1370 538 1453 575 ξύλου
1468 537 1574 576 καρδία·
1592 538 1617 565 οἳ
1633 536 1662 565 δὶ
1680 535 1790 574 μυιλός.
1806 537 1847 564 De

1024 584 1187 612 meditullio
1215 585 1312 619 corde,
1342 584 1530 620 medullaque
1563 583 1676 611 fructus
1705 584 1735 611 et
1762 581 1846 618 ligni,

1024 631 1194 666 usurpatur.

1060 675 1132 702 Ibid.
1150 674 1169 701 Ο
1197 675 1223 701 8.
1251 673 1357 710 Leg.tv
1387 672 1502 709 ἀψινθίῳ
1521 672 1538 706 ἢ
1560 682 1602 700 ex.
1632 671 1741 700 Festive
1771 670 1847 698 ἀπίν-

1024 723 1080 749 οιον
1095 719 1172 754 apud
1188 719 1315 746 comicos
1330 718 1390 749 Gr..
1408 719 1484 753 quod
1504 718 1640 744 bibentes
1665 716 1737 743 illud
1766 715 1847 743 fasti-

1023 763 1113 796 diant,
1129 763 1165 791 ob
1182 763 1327 799 insignem
1345 762 1523 796 amaritiem,
1541 770 1629 797 quam
1658 760 1705 788 hic
1730 759 1846 797 ἐσχάτην

1024 806 1175 844 πικρότητα
1216 808 1299 839 dixit,
1331 807 1408 834 unde
1441 805 1606 841 βαθύπικρον
1641 807 1847 840 nuncupatur;

1024 853 1100 888 quod
1116 852 1303 880 scammonia:
1321 859 1436 887 quoque
1453 850 1589 886 congruit
1606 858 1612 876 :
1630 850 1665 877 de
1679 857 1736 885 qua
1753 848 1846 876 Diosc.

1026 897 1048 924 Ι.
1070 905 1107 929 IV,
1123 905 1187 932 cap.
1214 897 1276 923 261.
1293 896 1350 923 Cic.
1367 904 1375 922 1
1391 896 1428 923 De
1442 895 1510 928 diu,
1536 895 1569 922 Et
1596 894 1698 929 Georg.
1728 893 1847 925 Pisides,

1025 941 1192 975 Cosmurgz‘ae
1208 949 1284 968 vers.
1296 940 1359 975 929,
1376 937 1570 975 ἀσκαμμωνίαν
1588 942 1688 968 vocat:

1095 1001 1193 1040 Τράγοι
1206 1002 1251 1030 καὶ
1267 1003 1316 1040 τὴν
1338 1000 1455 1040 ἄπεπτον
1472 1000 1670 1040 ᾆσκοιμμῳνίαν

1097 1037 1277 1073 Δὲιπνοῦντες,
1294 1038 1437 1065 ἐκπτύουσι
1452 1037 1502 1072 τὴν
1519 1037 1648 1073 ἀπεψίαν.

1026 1102 1108 1134 Quod
1126 1101 1336 1136 interpretatus
1352 1100 1420 1128 olim
1438 1108 1518 1134 sum,

1096 1165 1180 1192 Haadi
1194 1172 1277 1199 usque
1289 1163 1432 1198 difﬁcilem
1445 1170 1507 1189 cum
1522 1161 1615 1199 rodant
1636 1160 1847 1193 scammoniam,

1098 1200 1161 1228 Cibo
1174 1198 1344 1227 hoc’dolores
1359 1199 1504 1226 cruditatis
1518 1198 1639 1225 leniunt.

1061 1262 1135 1290 Ibid.
1165 1262 1209 1290 11.
1227 1261 1268 1288 Ἐν
1295 1252 1556 1298 ταῖςΤερεϐίνοοις.
1586 1259 1624 1286 Ex
1653 1258 1785 1294 Tbeopb.
1816 1267 1847 1286 111

1025 1308 1061 1334 De
1077 1307 1147 1341 h.p.
1166 1307 1227 1334 Lat.
1259 1305 1346 1333 scrib.
1377 1305 1404 1332 in
1436 1304 1614 1332 Tereln’nlhis.
1643 1303 1748 1335 Diosc.,
1779 1303 1800 1329 I.
1828 1311 1847 1335 ι,

1024 1350 1169 1388 τέρμινθον
1200 1353 1332 1386 usurpat.
1359 1350 1392 1377 Et
1421 1349 1545 1385 Hesych.
1562 1347 1737 1384 Τερὲμινθος,
1768 1346 1849 1384 φυτὸν

1025 1394 1139 1434 ἐμφερὲς
1155 1397 1194 1430 τῷ
1211 1393 1290 1430 λίνῳ,
1307 1393 1332 1429 ἐξ
1354 1394 1384 1421 οὗ
1410 1392 1555 1421 πλέκουσιν
1582 1392 1725 1426 Ἀθηναῖοι
1744 1399 1848 1428 παρορτ

1026 1439 1101 1476 μίας.
1114 1451 1128 1466 ‹‹
1144 1440 1238 1475 Stirps
1254 1442 1299 1467 est
1315 1438 1455 1466 assimilis
1470 1437 1549 1470 lino;
1567 1437 1643 1464 unde
1656 1435 1847 1462 Athenienses

1025 1485 1179 1512 nectebant
1195 1483 1349 1511 monilium
1366 1481 1627 1518 appendices.nSic
1637 1480 1714 1507 enim
1727 1481 1848 1506 autumo

1023 1528 1178 1566 παρορμίιις
1195 1528 1242 1556 hic
1255 1528 1359 1564 accipi,
1376 1527 1495 1555 tametsi
1511 1525 1600 1553 dictio
1617 1533 1683 1552 rara
1697 1526 1726 1551 et
1741 1532 1846 1559 suspe-

1023 1576 1070 1602 ctu
1085 1573 1132 1601 sit.
1148 1576 1168 1599 Δ
1185 1573 1330 1600 Nicandro
1344 1571 1473 1609 τρίμιοος
1489 1571 1577 1598 etiam
1593 1571 1728 1597 vocatur.

1061 1618 1120 1646 Col.
1140 1618 1191 1646 115
1205 1619 1225 1645 C
1239 1618 1266 1644 5.
1283 1617 1362 1649 Quod
1394 1616 1428 1643 ad
1455 1616 1551 1643 locum
1576 1613 1708 1642 Jeremia:
1731 1612 1847 1647 attinet,

1025 1671 1088 1699 cap.
1105 1671 1173 1695 xvu,
1189 1671 1216 1690 ν.
1233 1663 1260 1694 6,
1279 1670 1335 1688 non
1362 1659 1461 1696 μυρίκη
1479 1660 1508 1687 in
1535 1668 1610 1686 vers.
1628 1658 1699 1685 LXX
1726 1658 1846 1693 Interp.,

1026 1708 1076 1736 sed
1105 1705 1286 1744 ἀγριομυρίκη
1319 1705 1435 1742 legitur,
1452 1703 1524 1730 ἔσται
1554 1703 1592 1733 ὡς
1616 1703 1634 1737 ἡ
1663 1701 1846 1739 ἀγριομυρίκη

1025 1752 1043 1786 ἡ
1060 1751 1085 1778 ἐν
1099 1750 1133 1787 τῇ
1152 1750 1259 1788 ἐρήμῳ.
1277 1751 1316 1778 De
1340 1750 1478 1786 junipcro
1507 1748 1652 1776 Hebraica:
1680 1747 1786 1783 lingua:
1803 1755 1849 1781 pe-

1027 1797 1142 1825 ritiores
1156 1795 1304 1831 accipiunt
1316 1794 1348 1821 τὸ
1369 1799 1461 1826 ἰν-τηε
1489 1801 1547 1828 qua
1563 1792 1689 1820 dictione
1704 1800 1752 1819 rex
1769 1791 1848 1818 Psal-

1027 1841 1206 1877 mographus
1223 1848 1293 1868 usus
1310 1841 1353 1867 est
1370 1839 1442 1874 psal.
1459 1846 1496 1871 Cl,
1512 1837 1556 1865 vel
1586 1839 1617 1864 ut
1643 1836 1727 1863 llebr.
1745 1843 1847 1863 nume-

1027 1889 1091 1914 rant
1107 1894 1155 1918 cu,
1170 1884 1218 1912 ubi
1234 1884 1380 1912 contrario
1396 1891 1483 1911 sensu
1501 1881 1627 1909 humiles
1649 1880 1775 1916 myricas
1800 1888 1848 1916 ap-

1028 1930 1117 1966 pellat
1154 1927 1297 1958 ταπεινοὺς
1335 1927 1379 1954 καὶ
1409 1925 1562 1963 ἀκεραίους,
1592 1933 1717 1961 quorum
1748 1932 1848 1960 preces

1028 1975 1105 2003 Deus
1120 1973 1258 2002 exaudire
1267 1971 1506 2008 solet,quomodo
1523 1970 1592 1998 olim
1609 1977 1725 1997 versum
1740 1969 1776 1997 57
1789 1971 1850 1997 Sta-

1027 2019 1060 2047 tii
1074 2018 1265 2055 exposuimus
1280 2025 1295 2045 e
1310 2017 1404 2053 Sylvia
1419 2017 1450 2044 in.
1464 2015 1582 2051 Epulum
1596 2014 1770 2042 Domitiani:

1079 2091 1203 2154 ﬁamque
1216 2089 1328 2117 animas
1345 2087 1457 2124 (superi)
1472 2094 1545 2122 saepe
1569 2085 1704 2114 ewaudire
1728 2085 1850 2113 minores

1104 2131 1261 2154 manium...

1104 2131 1224 2154 zcunlur.
1231 2146 1261 2153 ...

1062 2197 1135 2229 Quid
1151 2197 1243 2233 igitur
1257 2195 1286 2223 in
1303 2203 1390 2223 causa
1406 2196 1516 2222 est'cur
1530 2195 1632 2221 auctor
1647 2193 1744 2220 uoster
1763 2199 1849 2219 accu-

1026 2242 1124 2270 ratiss.
1143 2242 1172 2268 in
1187 2240 1346 2277 Scripturis
1362 2239 1454 2267 sacris
1469 2237 1602 2265 Jeremias
1619 2236 1738 2273 quidem
1749 2237 1848 2263 aucto-

1025 2286 1140 2314 ritatem
1157 2285 1334 2319 adhibuerit,
1346 2283 1473 2312 Davidici
1487 2291 1553 2310 vero
1570 2281 1671 2318 hymni
1683 2289 1739 2308 non
1750 2280 1850 2307 memi-

145 2338 204 2374 pite
232 2346 417 2372 conservare,
435 2337 518 2374 μόνος
547 2325 606 2366 κατ’
628 2339 689 2367 εὐθὺ
716 2341 820 2378 προϊὼν
850 2341 894 2368 ἐπὶ
922 2345 969 2376 τῆς

1031 2331 1120 2359 nerit?
1135 2331 1208 2363 Quia
1225 2330 1363 2357 nimirum
1391 2328 1457 2356 LXX
1484 2328 1605 2363 interpr.
1622 2326 1736 2354 Graecos
1760 2325 1852 2353 duces

144 2380 271 2421 κεφαλῆς
300 2381 441 2417 διασώζειν
469 2383 517 2417 τήν
542 2383 672 2423 κεφαλήν·
689 2394 723 2414 ex
751 2386 897 2422 Theophr.
919 2386 970 2415 lib.

145 2435 175 2455 ιν
190 2428 270 2462 Ηίειη
288 2435 312 2455 c.
328 2428 373 2463 23,
391 2428 440 2456 ubi
466 2430 564 2456 tamen
591 2428 739 2468 ἰγκὲφαλος
765 2431 881 2467 legitur,
912 2440 971 2460 non

144 2470 262 2509 κεφαλή.
279 2471 371 2508 Philo,
387 2481 396 2500 ι
411 2473 449 2500 De
472 2473 528 2500 υἰιίι
552 2473 630 2508 Mat,
646 2472 768 2511 καρδίαν,
785 2484 844 2506 cor.
875 2476 970 2504 nomi-

144 2518 196 2544 nat
212 2525 218 2544 :
237 2515 331 2552 Φοίνιξ
344 2517 394 2551 τήν
412 2517 529 2551 ζωτικὴν
546 2514 606 2554 ἔχει
623 2516 749 2554 δύναμιν,
764 2519 816 2546 οὐκ
831 2518 856 2546 ἐν
872 2519 968 2557 ῥίζαις,

146 2559 237 2599 ὥσπερ
261 2561 306 2589 καὶ
333 2561 367 2588 τὰ
393 2560 466 2590 ἄλλα
494 2562 573 2601 φυτὰ,
589 2561 663 2590 ἀλλὰ
689 2562 841 2602 ἀνώφυτον,
855 2563 970 2602 καρδίας

143 2606 255 2642 τρόπον,
270 2605 296 2633 ἐν
320 2608 360 2642 τῷ
389 2606 541 2643 μεσαιτάτῳ
569 2609 623 2635 τῶν
639 2607 796 2645 ἀκρεμόνων
813 2607 968 2645 ἱδρυμένην.

145 2650 236 2679 Paulo
251 2653 318 2686 post
333 2651 368 2679 de
383 2651 469 2679 ﬁcub.
487 2652 513 2678 οἱ
541 2650 570 2679 δὲ
592 2651 657 2683 τοὺς
687 2651 818 2683 ὀλύνθους
839 2651 969 2688 ἐκδήσαν-

143 2704 199 2729 τις,
214 2705 240 2723 τ.
257 2695 398 2723 Effectum
417 2696 507 2731 hujus
533 2697 649 2724 artiﬁcii
679 2697 714 2726 ad
745 2705 864 2726 causam
880 2698 968 2726 etiam

145 2739 312 2768 naturalem
339 2740 428 2768 refert
455 2741 618 2777 Hesychius
645 2743 673 2770 in
698 2740 830 2778 ψηνίζων.
847 2742 937 2769 Ἔστιν
954 2741 968 2768 ὁ

145 2784 199 2820 ψὴν
225 2782 295 2814 εἶδος
322 2783 392 2818 ζώου
416 2784 512 2820 ὅμοιον
535 2785 659 2822 κώνωπι,
675 2785 689 2813 ὃ
705 2784 837 2813 ιῖσδύεται
853 2786 891 2816 εἷς
905 2785 969 2817 τοὺς

146 2827 278 2860 ὀλύνθους
306 2830 361 2856 τῶν
387 2828 486 2865 σύκων,
501 2829 680 2858 καὶίπεπαίνει
704 2829 812 2861 αὐτούς.
829 2841 844 2856 α
860 2831 968 2859 Insonti

145 2873 258 2910 species
273 2873 379 2903 similis
394 2873 481 2903 culiei
494 2875 630 2912 penetrat
652 2875 682 2904 in
703 2883 822 2912 grossos
845 2875 966 2910 ﬂauum.

1026 2375 1212 2410 sequebatur,
1230 2374 1369 2402 hiiautem
1387 2373 1415 2400 in
1430 2372 1558 2400 Jeremia
1571 2371 1631 2399 vim
1648 2369 1781 2398 vocabuli
1796 2369 1850 2397 He-

1026 2419 1095 2448 bran
1111 2421 1331 2455 expresserant;
1347 2417 1373 2444 in
1393 2417 1499 2444 Davide
1514 2424 1580 2444 vero
1596 2423 1653 2443 non
1683 2415 1766 2444 item.
1782 2422 1850 2441 cum

1025 2463 1089 2492 loco
1106 2464 1238 2500 μυρικῶν,
1257 2462 1464 2490 substituerint
1491 2460 1522 2487 τὸ
1548 2461 1692 2487 ταπεινῶν.
1708 2459 1848 2486 (la-terum

1026 2509 1103 2545 quod
1123 2511 1151 2536 Β.
1169 2507 1297 2536 Basilius
1312 2506 1359 2534 hic
1385 2505 1548 2543 proposuit,
1565 2503 1614 2538 τὴν
1643 2502 1761 2540 μυρίκην
1791 2504 1850 2532 τοῖς

1026 2551 1169 2592 φιλύδροις
1198 2552 1431 2589 συναριθμεῖσθαι,
1463 2551 1607 2582 lirmatur,
1638 2548 1667 2575 in
1697 2555 1753 2575 m9.
1783 2555 1848 2575 meo

1025 2591 1088 2628 cod.
1105 2599 1145 2634 τῷ
1165 2596 1234 2624 πάνυ
1263 2593 1388 2622 παλαιῶν
1416 2591 1709 2629 λέξεωνλωλυεωοόί
1737 2592 1848 2619 descri-

1024 2643 1133 2680 ptione,
1150 2640 1271 2678 Μυρίκη,
1296 2640 1397 2678 βοτάνη
1428 2638 1577 2676 ἄχρηστος,
1606 2634 1846 2673 κυπαρισσοειδής,

1022 2688 1221 2724 περιπεφυκυῖα
1249 2685 1274 2712 ἐν
1298 2685 1449 2720 ποταμοῖς*
1466 2696 1476 2709 σ
1510 2683 1626 2719 Myrice,
1643 2681 1743 2717 planta
1769 2680 1846 2716 vilis,

1022 2732 1153 2769 cupressi
1170 2730 1277 2767 specie,
1293 2728 1456 2757 innascitur
1472 2730 1589 2764 propter
1609 2726 1742 2754 ﬂumina.
1759 2736 1773 2750 »

1173 2816 1210 2835 AD
1228 2814 1257 2834 VI
1277 2813 1420 2834 HOMILIAM
1441 2813 1471 2833 ΙΝ
1491 2811 1692 2833 ΗΕΧΛΕΜΕΒΟΝ-

1057 2875 1116 2904 Col.
1147 2875 1198 2902 117
1227 2873 1259 2902 Β.
1289 2872 1440 2910 ’Δκροατὴν
1469 2874 1604 2910 προσῆκεν
1633 2868 1737 2902 οὶίκοθιν
1766 2866 1843 2907 ἕχοιν
