2029 3143
119 140 194 171 1121

116 261 182 287 των⁷
206 251 371 289 σφηνοῦνται
396 248 444 280 τὰς
469 246 598 286 κεφαλάς·
623 257 637 272 (ι
661 246 719 274 Cur
742 245 896 281 vigilantes
912 244 942 271 il1

117 297 194 324 lunae
210 294 456 328 luminc,tamctsi
469 292 572 329 perdiu
588 291 618 319 in
629 299 661 319 eo
674 292 947 325 versentur,nequa-

120 349 210 377 quam
226 340 263 369 ab
280 340 329 367 illo
342 339 508 367 laeduntur:
526 337 577 373 qui
592 344 658 364 vero
668 334 858 363 dormiuntin
869 333 945 361 lunae

120 385 222 420 radiis,
239 385 344 420 capitis
361 383 547 420 gravedinem
559 382 741 417 comparant.
756 391 766 404 ιι

154 430 271 459 ΟΟΙΛΗ
287 430 307 456 Β
326 428 424 456 li.Hic
439 428 586 462 interpres
601 422 761 461 ἀμπώτιδας
778 431 846 452 voce
857 423 945 451 etiam

121 473 293 511 πλημμύραν
319 471 529 508 comprehendi
549 469 734 504 existimavit,
751 468 946 503 reciprocalos

123 521 222 547 motus
238 518 364 546 al‘lluxus
379 520 406 545 et
423 517 562 544 reﬂuxus.
580 515 666 542 Poeta
680 513 850 549 Georgicus,

268 584 274 590 .
293 584 300 590 .
318 583 324 590 .
341 571 395 598 qua
411 563 437 589 vi
453 562 544 589 maria
561 560 619 588 alla
635 560 798 598 tumescant,

209 593 457 634 Obicibus-ruptis,
479 603 630 631 rursusque
643 596 674 622 in
688 603 717 622 sc
732 595 796 630 ipsa
811 593 947 622 residant.

433 659 469 678 AD
485 657 587 677 HOMIL.
605 656 642 676 VII

160 696 222 725 Col.
240 696 292 724 148
321 695 401 722 A13.
431 693 550 732 Οὐρανὸς
580 694 632 719 τῶν
659 689 775 727 ἀστέρων
802 690 836 718 τὰ
870 687 948 723 ὀὶνθη.

123 742 231 770 Eadem
249 741 374 776 ﬁgurata
389 739 476 767 verba
492 737 660 766 notavimus
677 736 807 772 insuper.
821 735 948 763 hom.v1.

124 787 273 821 Interpres
289 783 403 812 addidit
418 782 660 818 Grmc.epitheton
670 789 728 808 non
740 779 950 817 φορτικόν,ουω

123 831 205 866 ﬂores
222 837 315 858 roseos
330 828 415 862 dixit,
433 830 466 855 ut
480 827 552 857 Ἡώς
578 827 614 854 ab
636 825 760 854 Homero
774 822 950 863 eoscum—

126 873 174 905 λος
201 872 329 902 canitur.
797 889 802 893 -

159 919 234 947 Ibid.
250 921 269 946 G
284 919 310 946 3.
327 918 420 946 Scrib.
438 918 492 944 τῶν
508 916 676 953 ἐρπυπικῶν
701 915 722 944 ἐ.
750 916 894 944 Homerus
921 915 952 940 τὸ

125 962 217 1001 ἕρπειν
231 963 335 991 tribuit
350 961 530 990 animalibus
546 961 736 990 terrestribus
749 969 756 988 :

408 1004 483 1033 οὐδὲν
490 1028 494 1033 .
550 1005 733 1044 ὀϊζυριρτερον
744 1003 845 1044 alapa;

202 1042 311 1070 Πάντων
329 1041 395 1070 ὅσσα
408 1052 437 1069 τε
456 1044 533 1079 γαῖαν
560 1037 698 1079 ἐτξιῤῥὲπέι
720 1039 770 1076 ἠδὲ
793 1037 837 1068 iani
866 1037 951 1076 ἕρπει.

168 1087 229 1116 C01.
246 1088 332 1115 149Δ
360 1088 403 1115 11.
434 1087 671 1124 Ἀπαριομεῖσθαι,
698 1086 715 1120 ἢ
740 1087 798 1116 ταῖς
826 1083 955 1115 κοτύλαις

132 1135 273 1170 πειρᾶσθαι
315 1132 346 1159 τὸ
389 1130 461 1169 ὕδωρ
493 1141 517 1160 τ.
549 1131 730 1159 Proverbiale
759 1128 820 1167 περί
857 1127 954 1155 ἀδυνά-

130 1187 196 1205 των.
213 1177 247 1205 Ut
260 1178 337 1214 apud
353 1177 513 1204 Pindarum
530 1176 559 1203 iu
578 1175 709 1204 clausula
731 1176 792 1203 odm
815 1175 833 1201 2
856 1173 954 1209 Olym.

132 1222 259 1258 pionic.:

274 1264 331 1293 ἐπεὶ
344 1265 457 1302 ψάμμος
473 1265 587 1304 ἀριθμὸν
604 1263 810 1302 περιπέφευγεν.

168 1312 229 1340 Col.
247 1313 298 1340 149
327 1313 357 1340 C.
388 1311 481 1338 Δίαιτα
506 1320 608 1348 κεχωρ.
638 1310 861 1345 Theophrastus
891 1307 955 1345 Περὶ

133 1356 248 1394 ἰχθύων,
267 1357 316 1384 ubi
332 1354 433 1382 δίαιταν
450 1357 538 1383 etiam
557 1354 696 1392 διαγωγήν
722 1357 813 1382 vocat.
839 1354 956 1381 Plutar-

132 1402 206 1429 chus
221 1402 251 1429 in
283 1403 409 1429 tractatu
433 1401 470 1428 De
492 1401 611 1428 solertia
631 1400 758 1434 animat.,
786 1399 816 1426 Ὁ
838 1399 890 1424 τῶν
911 1397 956 1424 ἕνα

134 1446 201 1474 λίων
221 1446 291 1484 βίος⁵
309 1445 378 1476 ἴδιός
393 1445 448 1473 ἐστι
467 1445 511 1472 καὶ
528 1445 682 1482 αὐθιγενής.
699 1445 738 1472 Ex
763 1444 799 1471 iis
814 1451 880 1471 vero
892 1451 956 1479 qua:

135 1500 199 1520 mox
215 1494 390 1528 sequuntur,
407 1489 456 1517 Διὸ.
470 1491 550 1516 τοῦτο
566 1487 629 1516 οὐδὲ
644 1487 846 1520 τιθασσεύεσθαί
860 1498 885 1514 τι
901 1488 954 1514 τῶν

133 1538 240 1571 νηκτῶν
254 1534 443 1572 καταδέχεται,
467 1534 603 1571 colligere
621 1536 665 1562 est
682 1534 717 1561 ad
734 1541 840 1561 manus
856 1532 957 1560 Basilii

135 1581 228 1609 nostri
243 1589 300 1608 non
311 1579 620 1616 porvenisselibellum
632 1579 752 1607 citatum
765 1577 955 1610 Plutarchi,in
972 1579 992 1612 ί]

134 1634 192 1662 quo
209 1633 359 1653 sacrarum
375 1628 404 1652 et
419 1625 615 1652 cicuratarum
632 1623 827 1659 anguillarum
838 1622 866 1650 in
879 1622 959 1650 fonte

133 1669 294 1705 Arethusa,
311 1673 339 1697 et
355 1669 479 1697 aliorum
496 1668 620 1704 piscium
641 1667 708 1694 alibi
725 1667 857 1703 gentium
874 1674 958 1694 man-

134 1715 330 1742 suefactorum
348 1713 502 1741 historiam
519 1712 679 1747 didicisset,
696 1714 725 1739 et
739 1720 867 1739 murenaa
878 1711 958 1738 illius

135 1767 224 1795 quam
240 1757 364 1786 Crassus
379 1759 524 1785 mortuam
540 1757 650 1785 luxisse
666 1756 782 1784 dicitur.
800 1756 835 1783 Et
849 1756 899 1792 qui
916 1755 957 1783 la-

134 1807 196 1831 tere
211 1802 346 1840 πάνσοφον
363 1802 511 1830 doctorem
523 1802 628 1838 potuit,
641 1802 718 1838 quod
736 1801 958 1829 celeberrimum

134 1849 190 1876 luit
204 1849 233 1876 in
250 1848 372 1883 piscinis
388 1848 509 1875 Caesaris
520 1847 757 1882 Domitiani,quaa
773 1848 856 1874 erant
871 1845 958 1879 Baiis,

134 1893 231 1929 pisces
247 1892 386 1920 nimirum
404 1895 520 1919 vocatos
535 1892 570 1919 ad
587 1899 693 1918 nomen
710 1891 847 1918 venisse?
864 1893 959 1926 Atque

134 1938 189 1965 hoc
205 1939 377 1972 argumento
394 1935 568 1969 Plinius,lib.
583 1944 610 1969 x,
628 1936 853 1971 cap.70,probat
864 1935 959 1971 pisces

134 1982 244 2010 habere
260 1981 405 2016 auditum,
429 1981 479 2008 sed
506 1980 650 2017 praecipue
665 1979 815 2015 mugilem,
832 1979 957 2014 salpam,

134 2025 450 2062 chromim,lupum.De
462 2025 632 2053 eorumdem
639 2023 957 2058 mansuetudine,idem

133 2071 184 2104 lib,
201 2079 290 2104 xxxii,
307 2078 369 2106 cap.
395 2071 422 2097 2.
448 2073 490 2097 Ac
505 2069 592 2105 lupus
608 2069 726 2104 quidem
745 2068 876 2096 marinus
900 2077 958 2096 aevo

134 2117 234 2143 nostro
249 2115 278 2141 in
295 2113 388 2142 Caroli
407 2113 480 2141 Noni
505 2114 583 2149 regis
611 2113 813 2141 Christianiss.
844 2113 959 2148 piscina

130 2160 217 2195 juxta
231 2159 351 2195 Regiam
362 2158 482 2194 Luparae
503 2158 644 2192 nutritus,
661 2158 697 2185 ad
708 2166 818 2191 vocem,
836 2158 956 2193 Lupule,

133 2203 245 2240 lupule,
273 2202 477 2237 clamantium,
503 2204 531 2230 et
547 2203 582 2230 ad
599 2210 705 2230 manus
721 2202 805 2237 panis
831 2202 958 2230 frustula

133 2248 352 2284 projicientium
372 2248 399 2282 (e
420 2255 546 2282 quorum
568 2254 690 2274 numero
707 2246 877 2274 adolescens
903 2247 955 2283 fui)

133 2293 315 2320 accurrebat.
329 2292 368 2319 De
384 2291 482 2319 Baiani
498 2291 578 2318 illius
589 2291 668 2319 lacus
686 2291 848 2319 mansuetis
858 2294 886 2319 et
897 2292 957 2319 Ca:-

135 2345 200 2365 sare
215 2336 360 2364 dedicatis
377 2336 509 2372 piscibus
521 2335 588 2363 audi
599 2336 743 2370 festivum,
761 2336 881 2371 morale,
897 2336 957 2364 his-

135 2381 263 2409 toricum
279 2379 421 2408 Martialis
437 2380 529 2416 epigr.
546 2380 591 2414 30,
608 2380 658 2407 lib.
673 2389 718 2408 IV:

205 2427 313 2453 Baiano
328 2424 428 2460 procul
441 2433 460 2452 a
475 2424 548 2457 lacu,
564 2433 720 2458 monemus,

205 2462 340 2494 Piscator,
354 2463 430 2496 luge,
446 2468 481 2487 ne
496 2467 599 2487 nocens
613 2461 738 2487 recedas.

207 2497 299 2524 Sacris
313 2497 433 2532 piscibus
448 2497 492 2524 hae
507 2498 644 2523 natantur
659 2495 749 2530 undae,

204 2533 257 2566 Qui
270 2531 373 2559 norunt
387 2532 540 2564 dominum,
555 2539 723 2566 manumque
740 2531 864 2559 lambunt

205 2569 285 2596 Illam
301 2576 355 2604 qua
369 2569 442 2595 nihil
457 2573 497 2595 est
507 2569 541 2604 Vin
555 2567 618 2594 orbe
632 2567 732 2602 majus,

203 2605 287 2639 Quid,
304 2604 374 2640 quod
389 2612 488 2631 nomen
503 2603 614 2637 habent,
632 2607 661 2630 ut
676 2603 710 2630 ad
725 2605 854 2638 magistri

206 2641 296 2668 Vocem
311 2640 425 2675 quisque
439 2640 482 2666 sui
497 2640 571 2666 venit
585 2642 696 2666 citatus.

203 2677 256 2703 Hoc
271 2675 407 2711 quondam
425 2675 506 2710 Libys
522 2675 624 2709 impias
636 2675 778 2710 profundo

202 2712 272 2739 Dum
285 2711 416 2747 prwdam
426 2711 536 2738 calamo
554 2712 689 2738 tremente
703 2712 788 2744 ducit,

204 2748 297 2782 Raptis
313 2747 466 2774 luminibus
480 2750 588 2782 repente
603 2754 692 2774 carus

204 2785 320 2819 Captum
334 2791 387 2810 non
404 2783 494 2817 potuit
509 2782 599 2810 videre
610 2783 714 2819 piscem
727 2790 734 2810 :

204 2820 235 2847 Et
246 2827 319 2847 nunc
334 2819 482 2854 sacrilegos
495 2825 609 2854 perasus
625 2818 718 2846 hamos

907 133 1036 164 NOTAE.

119 205 285 244 βλάπτονται
311 204 378 242 ὑπὲρ
403 203 515 231 τούτουι
537 202 564 230 οἱ
586 200 614 229 δὲ
629 199 804 233 καθεύδοντες
819 198 862 226 ἐπὶ
879 198 942 226 τού-
957 207 985 240 Α

1747 139 1825 169 1122

1071 200 1191 237 Baianos
1204 199 1278 228 sedet
1297 200 1333 228 ad
1348 201 1424 229 lacus
1440 205 1562 237 rogator.

1072 235 1102 275 {lt
1113 237 1154 275 tu,
1169 236 1233 275 dum
1244 238 1329 275 poles,
1345 235 1483 275 innocens
1490 240 1594 275 recede,

1070 271 1154 310 {actis
1168 272 1340 306 simplicibus
1355 273 1423 300 cibis
1439 275 1469 301 in
1484 275 1582 310 aridas,

1071 307 1102 334 Et
1114 307 1201 342 pisces
1215 315 1346 336 venerare
1361 309 1508 338 dedicatos.

1002 351 1094 384 Idem,
1111 351 1161 378 lib.
1180 360 1206 384 x,
1223 352 1398 387 epigramm,
1419 355 1465 387 30,
1482 355 1516 382 de
1533 357 1784 393 murenamugile
1799 359 1829 385 et

1002 395 1113 423 mullis.
1131 395 1226 423 Adisis
1242 397 1535 430 Athenaeum,lib.vm
1550 403 1654 433 Δειπν.,
1666 401 1827 430 Lucianum

1007 440 1026 468 l.
1046 441 1082 467 De
1097 440 1148 468 dea
1162 441 1254 476 Syria.
1281 441 1386 472 Quidni
1405 451 1473 471 vero
1494 445 1622 473 Basilius
1639 448 1737 482 regius
1763 455 1828 474 vere

1002 485 1241 516 doctoreamdem
1253 485 1336 519 plane
1343 486 1371 513 in
1381 489 1596 517 assertionibus
1604 490 1734 526 physicis
1742 491 1826 518 ratio-

1003 537 1069 557 nem
1081 529 1225 564 habuerit,
1243 538 1331 565 quam
1347 531 1568 568 Theophrastus
1583 535 1613 562 in
1629 536 1717 563 rebus
1733 535 1827 563 civili-

1003 573 1078 600 bus?
1094 581 1161 600 cum
1187 584 1200 598 α
1221 574 1289 609 jura
1311 576 1451 604 constitui
1467 580 1600 612 oportere
1619 579 1702 612 dixit,
1719 578 1749 606 in
1780 579 1828 606 his

1004 626 1067 653 quae
1083 616 1119 647 ὡς
1135 616 1178 644 ἐπὶ
1193 618 1224 644 τὸ
1239 616 1367 652 πλεῖᾳτον
1382 622 1519 649 accidunt
1534 630 1540 649 :
1557 634 1570 647 »
1588 621 1727 651 laudante
1742 625 1827 651 Pom-

1004 661 1090 698 ponio
1105 662 1132 690 J.
1147 662 1189 697 C.,
1205 663 1224 690 l.
1241 672 1272 691 III
1288 665 1332 697 D.,
1354 665 1388 692 De
1403 666 1518 701 legibus,
1540 670 1568 694 et
1590 667 1678 695 Paulo
1695 668 1704 695 l
1731 677 1758 696 v1
1784 669 1828 700 D..

1003 707 1126 734 eodem:
1142 707 1177 733 Τὸ
1191 707 1240 744 γὰρ
1256 707 1324 742 ἀπαξ
1349 708 1366 742 ἢ
1393 707 1433 740 δὶς
1455 707 1665 747 παραϐαίνουσιν
1692 711 1717 737 oi.
1742 720 1830 747 νομο-

1005 750 1088 782 οέται.
1100 751 1161 783 Quo
1171 760 1259 779 sensu
1270 752 1372 781 Celsus
1386 754 1530 790 interpres
1547 755 1622 782 ﬁdus
1634 755 1830 791 Theophrasti

1005 796 1046 823 ait
1058 796 1077 823 1.
1093 805 1120 824 ιν
1135 799 1179 829 D,,
1197 797 1280 825 eod.:
1299 809 1312 822 α
1326 798 1365 825 Ex
1380 798 1426 826 his
1444 807 1508 834 quae
1538 800 1610 827 forte
1641 808 1699 827 uno
1730 800 1829 836 aliquo

1006 848 1074 868 casu
1091 841 1221 868 accidere
1242 845 1367 876 possunt
1382 843 1451 877 jura
1476 852 1534 871 non
1565 844 1796 879 constituuntur,
1817 856 1826 870 ιι

941 913 951 929 λ
967 898 991 929 Β
1008 884 1126 919 proinde
1142 892 1194 911 nec
1210 885 1398 914 assertiones.

1042 928 1101 955 Col.
1120 928 1170 955 153
1184 930 1213 955 C.
1230 930 1291 959 Τοῖς
1320 929 1433 961 οἰκείοις
1463 931 1557 967 ἀραιοῦ·
1580 932 1659 959 πενία
1685 933 1752 968 μετὰ
1780 933 1830 960 αὒ-

1007 971 1132 1008 ταρκείας
1147 971 1191 1000 ἀλ.
1208 973 1344 1008 Λιρὴεευε
1361 975 1452 1011 Mytil.
1470 977 1502 1003 ia
1517 976 1597 1004 l'hat.
1615 979 1752 1012 epigram.
1764 987 1773 1005 :

1060 1019 1218 1059 Αὐτάριιους
1236 1018 1333 1059 ἔραμαι
1353 1022 1423 1059 βίου,
1440 1020 1549 1056 Σαϐῖνε,

1062 1056 1114 1082 Καὶ
1132 1056 1182 1093 γὰρ
1201 1056 1376 1094 μηόὶνᾶγαν,
1394 1057 1459 1095 ἄγαν
1476 1070 1509 1095 με
1521 1059 1624 1097 τέρπει.

1009 1105 1088 1131 Mart.
1105 1103 1261 1132 aemulatur
1275 1105 1326 1132 lib.
1343 1114 1370 1133 ιν
1385 1107 1526 1142 Epigram.
1540 1116 1545 1135 :

1080 1153 1226 1189 Nunquam
1241 1153 1353 1182 divitias
1368 1155 1454 1182 Deum
1470 1158 1577 1189 rogavi,

1083 1188 1226 1216 Contentus
1242 1190 1356 1225 modico,
1372 1199 1483 1227 meoque
1498 1188 1590 1220 iactus.

1046 1237 1118 1265 ibid.
1144 1237 1166 1265 υ
1197 1238 1221 1265 1.
1252 1238 1296 1264 Ἐν
1324 1240 1365 1274 τῷ
1388 1241 1568 1277 προσχήματι
1596 1244 1647 1275 τῆς
1676 1239 1831 1273 εὐλαϐείας.

1012 1282 1206 1309 Demosthen.
1232 1282 1300 1318 πρὸς
1328 1283 1463 1318 Λεπτίνην
1491 1286 1593 1313 eadem
1623 1287 1682 1313 fere
1711 1289 1830 1315 mente:

1011 1326 1083 1362 Χρὴ,
1113 1325 1150 1356 ὡς
1178 1323 1274 1364 ἔμοιγε
1297 1326 1382 1361 δοκεῖ,
1411 1328 1497 1355 πάντα
1523 1328 1572 1356 ὅσα
1587 1339 1627 1361 τις
1643 1330 1754 1366 πράττει
1769 1330 1832 1362 τοὺς

1010 1369 1086 1401 θεοὺς
1115 1369 1299 1408 ἐπιφημίζων.
1328 1374 1442 1399 τοιαῦτα
1466 1373 1615 1411 φαίνεσθαι,
1646 1375 1690 1401 οἱα
1722 1373 1787 1410 μηδ’
1803 1374 1833 1402 ἄν

1011 1415 1052 1442 ἐπ’
1080 1414 1224 1452 ἀνθρώπου
1248 1416 1403 1453 πραχθέντα
1427 1417 1534 1454 πονηρὰ
1559 1418 1664 1456 φανείη.
1688 1419 1753 1447 Mox
1783 1418 1833 1447 λύ-

1010 1469 1074 1490 κους
1091 1458 1210 1496 ὄέρπαγας
1223 1459 1426 1496 ὶν,Μᾶι1.1ῑι.νιῐ,
1443 1463 1493 1490 15:
1511 1463 1658 1499 Ἔρχονται
1675 1463 1745 1500 πρὸς
1763 1464 1833 1499 ὑμᾶς

1012 1503 1037 1530 ἐν
1054 1501 1183 1539 ἐνδύμασι
1197 1502 1353 1541 προϐάτων,
1370 1504 1466 1532 ἔσῶοεν
1494 1505 1522 1533 δέ
1552 1507 1601 1533 εἱσι
1633 1505 1712 1534 λύκοι
1747 1509 1832 1545 ἁρπα-

1012 1558 1068 1585 γες.
1085 1551 1116 1575 Β.
1132 1549 1215 1577 Joan.
1231 1550 1454 1586 Chrysostom.,l
1474 1553 1547 1579 orat.
1565 1553 1594 1579 in
1611 1552 1674 1580 Gen.
1687 1562 1696 1579 :
1711 1552 1739 1579 Ὀ
1751 1551 1833 1584 λύκος

1012 1592 1091 1619 εἰκὼν
1107 1595 1155 1619 τοῦ
1170 1593 1349 1630 ἁρπακτικοῦ.

1048 1638 1121 1665 Ibid.
1139 1638 1160 1665 D
1187 1639 1213 1665 5.
1245 1640 1331 1676 Φεῦγε
1358 1639 1389 1665 τὸ
1410 1638 1581 1667 παντοδαπὸν
1597 1651 1622 1669 κ.
1639 1641 1733 1670 Calles
1764 1651 1835 1670 aure

1013 1690 1102 1717 quam
1118 1683 1260 1710 concinna
1271 1685 1299 1711 et
1314 1681 1446 1720 εὔρυθμος
1463 1684 1501 1712 sit
1513 1684 1617 1720 oratio,
1635 1689 1666 1713 ut
1681 1695 1715 1714 ex
1738 1686 1832 1714 hemi-

1012 1727 1119 1754 stichio
1134 1727 1218 1755 facile
1234 1728 1272 1755 sit
1287 1731 1502 1764 peutametrum
1519 1730 1669 1758 absolvere
1693 1732 1718 1759 si
1743 1731 1834 1759 ascri-

1013 1773 1116 1808 pseris,
1134 1770 1314 1800 πολλαπλόον
1330 1783 1359 1800 τε
1370 1773 1482 1810 τρόπου.
1500 1774 1622 1803 Proteus
1638 1775 1749 1809 animo,

1089 1821 1188 1850 Omnia
1204 1824 1407 1858 trans/armaris
1417 1831 1474 1885 δξὶςε
1490 1824 1519 1851 in
1535 1824 1671 1852 miracula
1685 1822 1799 1852 rerum:

1455 1867 1556 1887 mou...
1571 1868 1599 1887 ιν
1614 1862 1710 1887 Geora.

1455 1867 1556 1894 mciL.,
1571 1868 1599 1887 ιν
1614 1867 1710 1895 Georg.

1049 1905 1190 1934 lbidD7.
1220 1906 1249 1934 Ὀ
1278 1903 1338 1944 ὅφις
1366 1906 1503 1938 ποικίλος,
1535 1908 1615 1936 Idem
1643 1908 1728 1936 Joan.
1745 1909 1836 1944 Chry-

1013 1952 1147 1984 sostom.,
1164 1950 1235 1978 ibid.
1251 1950 1264 1977 ὁ
1280 1948 1340 1988 ὄφις
1357 1950 1435 1978 εἰκὼν
1452 1953 1499 1978 τοῦ
1516 1951 1628 1979 σχολιοῦ
1644 1952 1689 1980 καὶ
1713 1955 1761 1980 τοῦ
1786 1964 1836 1980 πο-

1012 1994 1163 2032 νηροτάτου
1175 1995 1221 2022 τὸν
1236 1995 1350 2032 τρόπον.
1367 1997 1509 2032 Georgius
1524 1998 1595 2033 Pis.,
1611 2006 1685 2026 vers.
1711 1999 1775 2033 758,
1800 2000 1835 2027 de

1013 2042 1078 2067 astu
1097 2040 1208 2067 Satanae
1222 2049 1228 2068 :

1083 2084 1176 2122 ’Όφεις
1189 2082 1218 2122 Si:
1232 2083 1345 2122 mupob:
1361 2083 1464 2111 ἐκτελεῖ
1478 2084 1540 2122 τοὺς
1553 2085 1720 2122 βασκάνους,

1083 2119 1135 2146 Τὸν
1153 2119 1192 2146 ἰὸν
1205 2119 1289 2151 ἐνθεὶς
1304 2122 1337 2157 τῇ
1353 2122 1423 2157 κακῇ
1439 2119 1611 2158 περιπλοῖσει.

1084 2165 1133 2202 Hic
1145 2165 1251 2202 luridas
1266 2173 1300 2193 ea:
1311 2165 1403 2202 lividis
1417 2174 1520 2200 angues
1535 2167 1622 2202 parit,

1084 2201 1211 2228 Fundens
1224 2209 1360 2229 venenum
1372 2201 1479 2236 ﬁctione
1490 2204 1621 2238 pessima.

1047 2250 1108 2278 Col;
1127 2251 1177 2278 156
1194 2250 1213 2277 Β
1231 2250 1274 2278 10.
1292 2248 1355 2278 Οἵδε
1370 2250 1403 2277 τὰ
1415 2251 1497 2285 κήτη.
1516 2252 1557 2279 Ab
1572 2251 1619 2280 his
1639 2252 1711 2280 cetis
1727 2252 1836 2280 orcisve

1011 2295 1159 2331 Theognis
1177 2295 1332 2332 μεγακήτεα
1347 2295 1445 2322 πόντον
1462 2296 1539 2323 canit
1565 2298 1773 2332 μετωνυμικῶς.
1804 2299 1834 2325 In

1012 2341 1144 2368 versione
1159 2340 1220 2367 Lat.
1239 2340 1406 2376 legendum,
1421 2341 1530 2368 Norant
1542 2341 1626 2376 plane
1644 2343 1716 2370 Cela.
1733 2341 1773 2369 Dc
1789 2342 1836 2370 his

1012 2384 1088 2412 idem
1105 2384 1207 2420 Georg.
1226 2384 1327 2418 Pisid.,
1343 2392 1419 2412 vers.
1435 2385 1488 2412 969
1504 2385 1578 2421 Opi].
1595 2387 1710 2414 mundi:

1082 2433 1130 2474 fili:
1144 2432 1189 2474 καὶ
1205 2432 1238 2474 τὰ
1252 2433 1334 2474 urire,
1349 2436 1398 2467 τῆς
1411 2432 1553 2474 galliam];
1566 2434 1629 2474 τοὺς
1646 2434 1759 2474 λόφους,

1082 2469 1124 2496 Ἐν
1140 2471 1198 2499 τοῖς
1212 2467 1326 2505 ἐρήμοις
1342 2472 1390 2503 τῆς
1406 2467 1664 2509 ἀὸὖσςουουλΛέγίι
1678 2485 1685 2505 ;

1083 2514 1149 2552 (fele
1164 2514 1226 2552 quis
1236 2513 1301 2552 iure
1314 2516 1439 2552 portenta
1454 2517 1553 2549 maris,
1570 2517 1628 2543 alla
1642 2518 1672 2543 ut
1680 2516 1763 2552 juga,

1083 2551 1113 2577 la
1129 2551 1256 2577 vastitate
1270 2552 1397 2577 immeasi
1412 2551 1505 2586 abyssi
1518 2551 1660 2579 continet?

1047 2599 1119 2626 Ibid.
1138 2601 1157 2625 C
1173 2599 1216 2625 11.
1233 2599 1349 2634 Corrigc
1363 2601 1414 2632 τῆς
1429 2600 1550 2633 κυήσεως
1566 2610 1624 2627 κατ.
1642 2599 1747 2628 Gencs.
1765 2609 1835 2633 xxx,

1010 2651 1043 2670 cx
1058 2642 1131 2670 LXX
1147 2643 1270 2678 Interpr.
1288 2652 1373 2678 vers.,
1390 2643 1421 2669 τὸ
1445 2642 1568 2679 ὲγκιτσᾷν
1591 2645 1710 2671 denotat
1739 2645 1836 2680 καιρὸν

1008 2690 1059 2721 τῆς
1085 2687 1227 2721 κυήσεως.
1255 2687 1307 2714 Hic
1332 2686 1474 2714 ἐνεκίσσων
1500 2687 1534 2714 τὰ
1561 2685 1686 2724 πλεόϐατκ
1715 2688 1753 2719 τίς
1784 2689 1836 2719 τὰς

1010 2728 1138 2769 ῥάϐδους,

1043 2775 1103 2803 Col.
1134 2777 1185 2803 157
1214 2778 1235 2802 Β
1265 2776 1308 2802 14.
1341 2775 1528 2811 Legendum:
1557 2776 1639 2803 ὑπτία
1659 2778 1832 2815 προκειμένη

1007 2820 1060 2845 τῶν
1089 2819 1131 2855 ἀν,
1160 2821 1219 2849 ταῖς
1250 2818 1330 2855 βίαις,
1367 2817 1461 2855 ὀλίγας
1491 2820 1573 2852 ἀκτὰς
1599 2821 1643 2848 καὶ
1662 2821 1836 2859 ὑποὸρόμους
