  <div class='ocr_page' id='page_1' title='image "/cluster/home/n/w/nwhite01/storage/ocr_20150623/30/njp.32101013202591/579.png"; bbox 0 0 2029 3143; ppageno 0'>
   <div class='ocr_carea' id='block_1_1' title="bbox 219 108 294 137">
    <p class='ocr_par' dir='ltr' id='par_1_1' title="bbox 219 108 294 137">
     <span class='ocr_line' id='line_1_1' title="bbox 219 108 294 137; baseline 0 0"><span class='ocrx_word' id='word_1_1' title='bbox 219 108 294 137; x_wconf 87' lang='grc'><strong>1131</strong></span> 
     </span>
    </p>
   </div>
   <div class='ocr_carea' id='block_1_2' title="bbox 891 104 1260 136">
    <p class='ocr_par' dir='ltr' id='par_1_2' title="bbox 891 104 1260 136">
     <span class='ocr_line' id='line_1_2' title="bbox 891 104 1260 136; baseline -0.003 -1"><span class='ocrx_word' id='word_1_2' title='bbox 891 105 1024 136; x_wconf 76' lang='lat' dir='ltr'><strong>VARi/E</strong></span> <span class='ocrx_word' id='word_1_3' title='bbox 1044 104 1117 136; x_wconf 75' lang='lat' dir='ltr'><strong>LEC</strong></span> <span class='ocrx_word' id='word_1_4' title='bbox 1123 105 1210 135; x_wconf 82' lang='lat' dir='ltr'><strong>I‘ION</strong></span> <span class='ocrx_word' id='word_1_5' title='bbox 1216 105 1260 134; x_wconf 86' lang='lat' dir='ltr'><strong>ES</strong></span> 
     </span>
    </p>
   </div>
   <div class='ocr_carea' id='block_1_3' title="bbox 1842 106 1919 135">
    <p class='ocr_par' dir='ltr' id='par_1_3' title="bbox 1842 106 1919 135">
     <span class='ocr_line' id='line_1_3' title="bbox 1842 106 1919 135; baseline 0.013 -1"><span class='ocrx_word' id='word_1_6' title='bbox 1842 106 1919 135; x_wconf 74' lang='lat' dir='ltr'><strong>H32</strong></span> 
     </span>
    </p>
   </div>
   <div class='ocr_carea' id='block_1_4' title="bbox 215 167 1037 209">
    <p class='ocr_par' dir='ltr' id='par_1_4' title="bbox 215 171 1037 209">
     <span class='ocr_line' id='line_1_4' title="bbox 215 171 1037 209; baseline -0.002 -9"><span class='ocrx_word' id='word_1_7' title='bbox 215 172 290 201; x_wconf 84' lang='grc' dir='ltr'>πώλ.</span> <span class='ocrx_word' id='word_1_8' title='bbox 307 172 474 209; x_wconf 77' lang='grc' dir='ltr'>ὑπάρχοντα,</span> <span class='ocrx_word' id='word_1_9' title='bbox 491 172 534 199; x_wconf 81' lang='grc' dir='ltr'>καί</span> <span class='ocrx_word' id='word_1_10' title='bbox 553 171 577 200; x_wconf 81' lang='grc' dir='ltr'><strong>ὃ.</strong></span> <span class='ocrx_word' id='word_1_11' title='bbox 607 173 673 200; x_wconf 82' lang='lat' dir='ltr'><strong>Mox</strong></span> <span class='ocrx_word' id='word_1_12' title='bbox 686 171 730 199; x_wconf 80' lang='grc' dir='ltr'><strong>καὶ</strong></span> <span class='ocrx_word' id='word_1_13' title='bbox 751 171 793 199; x_wconf 77' lang='grc' dir='ltr'>ἐάν</span> <span class='ocrx_word' id='word_1_14' title='bbox 820 181 861 203; x_wconf 86' lang='grc' dir='ltr'><strong>τις</strong></span> <span class='ocrx_word' id='word_1_15' title='bbox 885 181 909 200; x_wconf 85' lang='grc' dir='ltr'><strong>σ.</strong></span> <span class='ocrx_word' id='word_1_16' title='bbox 936 171 1037 200; x_wconf 82' lang='lat' dir='ltr'><strong>Matth.</strong></span> 
     </span>
    </p>
   </div>
   <div class='ocr_carea' id='block_1_5' title="bbox 1106 167 1918 209">
    <p class='ocr_par' dir='ltr' id='par_1_5' title="bbox 1132 167 1918 207">
     <span class='ocr_line' id='line_1_5' title="bbox 1132 167 1918 207; baseline 0 -9"><span class='ocrx_word' id='word_1_17' title='bbox 1132 170 1205 198; x_wconf 79' lang='lat' dir='ltr'><strong>ibid.</strong></span> <span class='ocrx_word' id='word_1_18' title='bbox 1222 170 1243 198; x_wconf 75' lang='grc' dir='ltr'>Ο</span> <span class='ocrx_word' id='word_1_19' title='bbox 1258 170 1300 197; x_wconf 88' lang='grc'><strong>13.</strong></span> <span class='ocrx_word' id='word_1_20' title='bbox 1318 168 1474 196; x_wconf 80' lang='grc' dir='ltr'>Δοναστείαν</span> <span class='ocrx_word' id='word_1_21' title='bbox 1486 167 1735 207; x_wconf 65' lang='grc' dir='ltr'>περιϐεϐλημένον,</span> <span class='ocrx_word' id='word_1_22' title='bbox 1746 169 1764 203; x_wconf 75' lang='grc' dir='ltr'><strong>ἢ</strong></span> <span class='ocrx_word' id='word_1_23' title='bbox 1781 169 1820 201; x_wconf 58' lang='lat' dir='ltr'><strong>te.</strong></span> <span class='ocrx_word' id='word_1_24' title='bbox 1839 171 1918 199; x_wconf 87' lang='lat' dir='ltr'><strong>Idem</strong></span> 
     </span>
    </p>
   </div>
   <div class='ocr_carea' id='block_1_6' title="bbox 215 215 1040 254">
    <p class='ocr_par' dir='ltr' id='par_1_6' title="bbox 215 215 1040 254">
     <span class='ocr_line' id='line_1_6' title="bbox 215 215 1040 254; baseline -0.002 -9"><span class='ocrx_word' id='word_1_25' title='bbox 215 226 246 253; x_wconf 80' lang='grc' dir='ltr'>ν,</span> <span class='ocrx_word' id='word_1_26' title='bbox 262 217 377 254; x_wconf 75' lang='lat' dir='ltr'><strong>legitur,</strong></span> <span class='ocrx_word' id='word_1_27' title='bbox 395 215 421 243; x_wconf 73' lang='grc' dir='ltr'><strong>ιῖ¹</strong></span> <span class='ocrx_word' id='word_1_28' title='bbox 431 227 472 247; x_wconf 85' lang='grc' dir='ltr'><strong>τις</strong></span> <span class='ocrx_word' id='word_1_29' title='bbox 489 227 517 243; x_wconf 80' lang='grc' dir='ltr'><strong>σε</strong></span> <span class='ocrx_word' id='word_1_30' title='bbox 532 216 680 254; x_wconf 74' lang='grc' dir='ltr'>ἀγγαρεύοῃ</span> <span class='ocrx_word' id='word_1_31' title='bbox 710 228 739 253; x_wconf 83' lang='grc' dir='ltr'>μ.</span> <span class='ocrx_word' id='word_1_32' title='bbox 767 219 797 244; x_wconf 91' lang='grc' dir='ltr'><strong>Β.</strong></span> <span class='ocrx_word' id='word_1_33' title='bbox 823 217 921 253; x_wconf 66' lang='grc' dir='ltr'><strong>Ογρῑ.,</strong></span> <span class='ocrx_word' id='word_1_34' title='bbox 948 216 1040 244; x_wconf 86' lang='lat' dir='ltr'><strong>Simus</strong></span> 
     </span>
    </p>
   </div>
   <div class='ocr_carea' id='block_1_7' title="bbox 215 259 1040 297">
    <p class='ocr_par' dir='ltr' id='par_1_7' title="bbox 215 259 1040 297">
     <span class='ocr_line' id='line_1_7' title="bbox 215 259 1040 297; baseline -0.004 -8"><span class='ocrx_word' id='word_1_35' title='bbox 215 263 276 290; x_wconf 84' lang='lat' dir='ltr'><strong>sine</strong></span> <span class='ocrx_word' id='word_1_36' title='bbox 289 262 405 297; x_wconf 79' lang='lat' dir='ltr'><strong>angaria</strong></span> <span class='ocrx_word' id='word_1_37' title='bbox 428 262 518 297; x_wconf 87' lang='lat' dir='ltr'><strong>bajuli</strong></span> <span class='ocrx_word' id='word_1_38' title='bbox 544 262 642 289; x_wconf 85' lang='lat' dir='ltr'><strong>crucis.</strong></span> <span class='ocrx_word' id='word_1_39' title='bbox 672 261 761 289; x_wconf 84' lang='lat' dir='ltr'><strong>Paulo</strong></span> <span class='ocrx_word' id='word_1_40' title='bbox 790 263 866 297; x_wconf 86' lang='lat' dir='ltr'><strong>post,</strong></span> <span class='ocrx_word' id='word_1_41' title='bbox 898 260 911 287; x_wconf 85' lang='grc' dir='ltr'>ὁ</span> <span class='ocrx_word' id='word_1_42' title='bbox 942 259 1040 297; x_wconf 73' lang='grc' dir='ltr'>Κύριος</span> 
     </span>
    </p>
   </div>
   <div class='ocr_carea' id='block_1_8' title="bbox 216 304 1039 342">
    <p class='ocr_par' dir='ltr' id='par_1_8' title="bbox 216 304 1039 342">
     <span class='ocr_line' id='line_1_8' title="bbox 216 304 1039 342; baseline -0.001 -9"><span class='ocrx_word' id='word_1_43' title='bbox 216 304 319 337; x_wconf 72' lang='grc' dir='ltr'>ἔνδοθὲν</span> <span class='ocrx_word' id='word_1_44' title='bbox 350 315 431 342; x_wconf 75' lang='grc' dir='ltr'>φησιν</span> <span class='ocrx_word' id='word_1_45' title='bbox 464 305 530 332; x_wconf 73' lang='grc' dir='ltr'>εἶναι</span> <span class='ocrx_word' id='word_1_46' title='bbox 558 305 591 332; x_wconf 71' lang='grc' dir='ltr'><strong>τὰ</strong></span> <span class='ocrx_word' id='word_1_47' title='bbox 616 307 760 332; x_wconf 75' lang='grc' dir='ltr'><strong>κοινοῦντα</strong></span> <span class='ocrx_word' id='word_1_48' title='bbox 786 315 811 332; x_wconf 84' lang='grc' dir='ltr'><strong>τ.</strong></span> <span class='ocrx_word' id='word_1_49' title='bbox 848 306 949 333; x_wconf 81' lang='lat' dir='ltr'><strong>Matth.</strong></span> <span class='ocrx_word' id='word_1_50' title='bbox 982 313 1039 332; x_wconf 89' lang='lat' dir='ltr'><strong>xv:</strong></span> 
     </span>
    </p>
   </div>
   <div class='ocr_carea' id='block_1_9' title="bbox 215 349 1042 387">
    <p class='ocr_par' dir='ltr' id='par_1_9' title="bbox 215 349 1042 387">
     <span class='ocr_line' id='line_1_9' title="bbox 215 349 1042 387; baseline -0.001 -11"><span class='ocrx_word' id='word_1_51' title='bbox 215 349 246 377; x_wconf 79' lang='grc' dir='ltr'>τὸ</span> <span class='ocrx_word' id='word_1_52' title='bbox 279 349 492 387; x_wconf 71' lang='grc' dir='ltr'><strong>ἐκπορευόμενον</strong></span> <span class='ocrx_word' id='word_1_53' title='bbox 517 349 546 376; x_wconf 76' lang='grc' dir='ltr'><strong>ἐκ</strong></span> <span class='ocrx_word' id='word_1_54' title='bbox 572 351 621 376; x_wconf 78' lang='grc' dir='ltr'><strong>τοῦ</strong></span> <span class='ocrx_word' id='word_1_55' title='bbox 651 350 807 385; x_wconf 76' lang='grc' dir='ltr'>στόματος,</span> <span class='ocrx_word' id='word_1_56' title='bbox 845 351 925 376; x_wconf 74' lang='grc' dir='ltr'>τοῦτο</span> <span class='ocrx_word' id='word_1_57' title='bbox 955 351 1042 376; x_wconf 73' lang='grc' dir='ltr'>κοινοῖ</span> 
     </span>
    </p>
   </div>
   <div class='ocr_carea' id='block_1_10' title="bbox 215 390 1041 430">
    <p class='ocr_par' dir='ltr' id='par_1_10' title="bbox 215 390 1041 430">
     <span class='ocr_line' id='line_1_10' title="bbox 215 390 1041 430; baseline -0.002 -9"><span class='ocrx_word' id='word_1_58' title='bbox 215 394 261 421; x_wconf 83' lang='grc' dir='ltr'>τὸν</span> <span class='ocrx_word' id='word_1_59' title='bbox 277 393 418 428; x_wconf 72' lang='grc' dir='ltr'>ἄνθρωπον</span> <span class='ocrx_word' id='word_1_60' title='bbox 434 397 582 430; x_wconf 77' lang='lat' dir='ltr'><strong>Interpres</strong></span> <span class='ocrx_word' id='word_1_61' title='bbox 598 395 639 422; x_wconf 83' lang='lat' dir='ltr'><strong>its.</strong></span> <span class='ocrx_word' id='word_1_62' title='bbox 660 394 756 430; x_wconf 97' lang='lat' dir='ltr'><strong>vertit,</strong></span> <span class='ocrx_word' id='word_1_63' title='bbox 786 403 819 422; x_wconf 84' lang='lat' dir='ltr'><strong>ac</strong></span> <span class='ocrx_word' id='word_1_64' title='bbox 843 394 868 422; x_wconf 88' lang='lat' dir='ltr'><strong>si</strong></span> <span class='ocrx_word' id='word_1_65' title='bbox 899 393 969 421; x_wconf 90' lang='lat' dir='ltr'><strong>illud</strong></span> <span class='ocrx_word' id='word_1_66' title='bbox 1000 390 1041 419; x_wconf 73' lang='grc' dir='ltr'><strong>ἕν-</strong></span> 
     </span>
    </p>
   </div>
   <div class='ocr_carea' id='block_1_11' title="bbox 217 437 1042 474">
    <p class='ocr_par' dir='ltr' id='par_1_11' title="bbox 217 437 1042 474">
     <span class='ocr_line' id='line_1_11' title="bbox 217 437 1042 474; baseline 0.001 -10"><span class='ocrx_word' id='word_1_67' title='bbox 217 437 293 470; x_wconf 79' lang='grc' dir='ltr'>ὃοθεν</span> <span class='ocrx_word' id='word_1_68' title='bbox 320 437 385 465; x_wconf 78' lang='grc' dir='ltr'>εἶναι</span> <span class='ocrx_word' id='word_1_69' title='bbox 409 448 434 466; x_wconf 81' lang='grc' dir='ltr'><strong>τ.</strong></span> <span class='ocrx_word' id='word_1_70' title='bbox 451 447 534 466; x_wconf 74' lang='lat' dir='ltr'><strong>verna</strong></span> <span class='ocrx_word' id='word_1_71' title='bbox 551 439 666 466; x_wconf 82' lang='lat' dir='ltr'><strong>Domini</strong></span> <span class='ocrx_word' id='word_1_72' title='bbox 682 441 792 474; x_wconf 86' lang='lat' dir='ltr'><strong>essent,</strong></span> <span class='ocrx_word' id='word_1_73' title='bbox 822 446 889 466; x_wconf 88' lang='lat' dir='ltr'><strong>cum</strong></span> <span class='ocrx_word' id='word_1_74' title='bbox 913 437 1042 466; x_wconf 72' lang='lat' dir='ltr'><strong>Basilius</strong></span> 
     </span>
    </p>
   </div>
   <div class='ocr_carea' id='block_1_12' title="bbox 215 482 1042 518">
    <p class='ocr_par' dir='ltr' id='par_1_12' title="bbox 215 482 1042 518">
     <span class='ocr_line' id='line_1_12' title="bbox 215 482 1042 518; baseline 0 -8"><span class='ocrx_word' id='word_1_75' title='bbox 215 484 347 511; x_wconf 83' lang='lat' dir='ltr'><strong>oratione</strong></span> <span class='ocrx_word' id='word_1_76' title='bbox 358 482 477 518; x_wconf 85' lang='lat' dir='ltr'><strong>obliqua</strong></span> <span class='ocrx_word' id='word_1_77' title='bbox 492 491 564 511; x_wconf 89' lang='lat' dir='ltr'><strong>usus</strong></span> <span class='ocrx_word' id='word_1_78' title='bbox 580 483 739 517; x_wconf 77' lang='lat' dir='ltr'><strong>fuerit,non</strong></span> <span class='ocrx_word' id='word_1_79' title='bbox 755 485 852 511; x_wconf 87' lang='lat' dir='ltr'><strong>recta:</strong></span> <span class='ocrx_word' id='word_1_80' title='bbox 868 482 976 510; x_wconf 85' lang='lat' dir='ltr'><strong>rectius</strong></span> <span class='ocrx_word' id='word_1_81' title='bbox 992 482 1042 510; x_wconf 86' lang='lat' dir='ltr'><strong>ita-</strong></span> 
     </span>
    </p>
   </div>
   <div class='ocr_carea' id='block_1_13' title="bbox 216 527 1043 563">
    <p class='ocr_par' dir='ltr' id='par_1_13' title="bbox 216 527 1043 563">
     <span class='ocr_line' id='line_1_13' title="bbox 216 527 1043 563; baseline 0 -9"><span class='ocrx_word' id='word_1_82' title='bbox 216 535 272 563; x_wconf 91' lang='lat' dir='ltr'><strong>que</strong></span> <span class='ocrx_word' id='word_1_83' title='bbox 284 529 454 555; x_wconf 74' lang='lat' dir='ltr'><strong>verteretur:</strong></span> <span class='ocrx_word' id='word_1_84' title='bbox 467 527 550 555; x_wconf 93' lang='lat' dir='ltr'><strong>Dom.</strong></span> <span class='ocrx_word' id='word_1_85' title='bbox 561 527 602 555; x_wconf 89' lang='lat' dir='ltr'><strong>ait</strong></span> <span class='ocrx_word' id='word_1_86' title='bbox 611 528 692 555; x_wconf 88' lang='lat' dir='ltr'><strong>intus</strong></span> <span class='ocrx_word' id='word_1_87' title='bbox 703 536 766 555; x_wconf 88' lang='lat' dir='ltr'><strong>esse</strong></span> <span class='ocrx_word' id='word_1_88' title='bbox 777 527 1043 563; x_wconf 64' lang='lat' dir='ltr'><strong>qumcoinquinant</strong></span> 
     </span>
    </p>
   </div>
   <div class='ocr_carea' id='block_1_14' title="bbox 215 570 1040 606">
    <p class='ocr_par' dir='ltr' id='par_1_14' title="bbox 215 570 1040 606">
     <span class='ocr_line' id='line_1_14' title="bbox 215 570 1040 606; baseline -0.001 -8"><span class='ocrx_word' id='word_1_89' title='bbox 215 571 375 599; x_wconf 81' lang='lat' dir='ltr'><strong>hominem.</strong></span> <span class='ocrx_word' id='word_1_90' title='bbox 400 571 440 598; x_wconf 78' lang='lat' dir='ltr'><strong>Ab</strong></span> <span class='ocrx_word' id='word_1_91' title='bbox 468 571 523 599; x_wconf 92' lang='lat' dir='ltr'><strong>hoc</strong></span> <span class='ocrx_word' id='word_1_92' title='bbox 547 572 634 599; x_wconf 86' lang='lat' dir='ltr'><strong>verbo</strong></span> <span class='ocrx_word' id='word_1_93' title='bbox 649 572 767 606; x_wconf 78' lang='grc' dir='ltr'>χοινοῦν,</span> <span class='ocrx_word' id='word_1_94' title='bbox 797 571 841 599; x_wconf 87' lang='lat' dir='ltr'><strong>vel</strong></span> <span class='ocrx_word' id='word_1_95' title='bbox 869 570 1040 604; x_wconf 80' lang='grc' dir='ltr'>ἀναχοινοῦν,</span> 
     </span>
    </p>
   </div>
   <div class='ocr_carea' id='block_1_15' title="bbox 216 615 986 651">
    <p class='ocr_par' dir='ltr' id='par_1_15' title="bbox 216 615 986 651">
     <span class='ocr_line' id='line_1_15' title="bbox 216 615 986 651; baseline -0.001 -8"><span class='ocrx_word' id='word_1_96' title='bbox 216 615 333 643; x_wconf 85' lang='lat' dir='ltr'><strong>Latinos</strong></span> <span class='ocrx_word' id='word_1_97' title='bbox 349 623 437 643; x_wconf 88' lang='lat' dir='ltr'><strong>suum</strong></span> <span class='ocrx_word' id='word_1_98' title='bbox 453 617 602 651; x_wconf 82' lang='lat' dir='ltr'><strong>inquinare</strong></span> <span class='ocrx_word' id='word_1_99' title='bbox 616 615 735 643; x_wconf 81' lang='lat' dir='ltr'><strong>ﬁnxisse</strong></span> <span class='ocrx_word' id='word_1_100' title='bbox 750 615 819 643; x_wconf 91' lang='lat' dir='ltr'><strong>olim</strong></span> <span class='ocrx_word' id='word_1_101' title='bbox 836 615 986 643; x_wconf 82' lang='lat' dir='ltr'><strong>admonui.</strong></span> 
     </span>
    </p>
   </div>
   <div class='ocr_carea' id='block_1_16' title="bbox 252 657 1042 696">
    <p class='ocr_par' dir='ltr' id='par_1_16' title="bbox 252 657 1042 696">
     <span class='ocr_line' id='line_1_16' title="bbox 252 657 1042 696; baseline -0.001 -9"><span class='ocrx_word' id='word_1_102' title='bbox 252 659 326 687; x_wconf 83' lang='lat' dir='ltr'><strong>Ibid.</strong></span> <span class='ocrx_word' id='word_1_103' title='bbox 342 660 362 687; x_wconf 88' lang='lat' dir='ltr'>C</span> <span class='ocrx_word' id='word_1_104' title='bbox 378 660 420 687; x_wconf 87' lang='grc'><strong>13.</strong></span> <span class='ocrx_word' id='word_1_105' title='bbox 437 657 516 689; x_wconf 81' lang='grc' dir='ltr'><strong>Ὁδὸς</strong></span> <span class='ocrx_word' id='word_1_106' title='bbox 535 659 581 695; x_wconf 70' lang='grc' dir='ltr'><strong>μὲν</strong></span> <span class='ocrx_word' id='word_1_107' title='bbox 607 659 652 686; x_wconf 74' lang='grc' dir='ltr'>οὖν</span> <span class='ocrx_word' id='word_1_108' title='bbox 674 660 687 686; x_wconf 82' lang='grc' dir='ltr'>ὁ</span> <span class='ocrx_word' id='word_1_109' title='bbox 714 658 771 696; x_wconf 86' lang='grc' dir='ltr'>βίος</span> <span class='ocrx_word' id='word_1_110' title='bbox 794 657 844 695; x_wconf 74' lang='grc' dir='ltr'><strong>ε’ίρ.</strong></span> <span class='ocrx_word' id='word_1_111' title='bbox 874 660 953 687; x_wconf 88' lang='lat' dir='ltr'><strong>Idem</strong></span> <span class='ocrx_word' id='word_1_112' title='bbox 977 659 1042 686; x_wconf 85' lang='lat' dir='ltr'><strong>Tul—</strong></span> 
     </span>
    </p>
   </div>
   <div class='ocr_carea' id='block_1_17' title="bbox 217 703 1041 739">
    <p class='ocr_par' dir='ltr' id='par_1_17' title="bbox 217 703 1041 739">
     <span class='ocr_line' id='line_1_17' title="bbox 217 703 1041 739; baseline 0 -9"><span class='ocrx_word' id='word_1_113' title='bbox 217 703 276 731; x_wconf 90' lang='lat' dir='ltr'><strong>lius</strong></span> <span class='ocrx_word' id='word_1_114' title='bbox 290 712 318 731; x_wconf 83' lang='lat' dir='ltr'><strong>v1</strong></span> <span class='ocrx_word' id='word_1_115' title='bbox 334 707 373 732; x_wconf 81' lang='lat' dir='ltr'><strong>De</strong></span> <span class='ocrx_word' id='word_1_116' title='bbox 389 712 448 739; x_wconf 80' lang='lat' dir='ltr'><strong>rep.</strong></span> <span class='ocrx_word' id='word_1_117' title='bbox 465 704 555 731; x_wconf 81' lang='lat' dir='ltr'><strong>Basil.</strong></span> <span class='ocrx_word' id='word_1_118' title='bbox 571 703 708 732; x_wconf 64' lang='lat' dir='ltr'><strong>Seleuciae</strong></span> <span class='ocrx_word' id='word_1_119' title='bbox 723 704 784 731; x_wconf 90' lang='lat' dir='ltr'><strong>loco</strong></span> <span class='ocrx_word' id='word_1_120' title='bbox 803 703 933 738; x_wconf 70' lang='lat' dir='ltr'><strong>laudato,</strong></span> <span class='ocrx_word' id='word_1_121' title='bbox 949 703 987 734; x_wconf 72' lang='lat' dir='ltr'><strong>sic</strong></span> <span class='ocrx_word' id='word_1_122' title='bbox 1009 703 1041 730; x_wconf 83' lang='grc' dir='ltr'>τὰ</span> 
     </span>
    </p>
   </div>
   <div class='ocr_carea' id='block_1_18' title="bbox 218 746 1042 785">
    <p class='ocr_par' dir='ltr' id='par_1_18' title="bbox 218 746 1042 785">
     <span class='ocr_line' id='line_1_18' title="bbox 218 746 1042 785; baseline -0.004 -9"><span class='ocrx_word' id='word_1_123' title='bbox 218 746 289 783; x_wconf 87' lang='grc' dir='ltr'>Ὀλ.,</span> <span class='ocrx_word' id='word_1_124' title='bbox 310 751 338 776; x_wconf 80' lang='lat' dir='ltr'><strong>et</strong></span> <span class='ocrx_word' id='word_1_125' title='bbox 363 748 534 776; x_wconf 76' lang='lat' dir='ltr'><strong>Gennadius</strong></span> <span class='ocrx_word' id='word_1_126' title='bbox 554 748 628 776; x_wconf 92' lang='lat' dir='ltr'><strong>libro</strong></span> <span class='ocrx_word' id='word_1_127' title='bbox 655 747 796 784; x_wconf 75' lang='lat' dir='ltr'><strong>singulari</strong></span> <span class='ocrx_word' id='word_1_128' title='bbox 825 747 887 785; x_wconf 81' lang='grc' dir='ltr'>περί</span> <span class='ocrx_word' id='word_1_129' title='bbox 902 746 1042 785; x_wconf 70' lang='grc' dir='ltr'>προδιορί-</span> 
     </span>
    </p>
   </div>
   <div class='ocr_carea' id='block_1_19' title="bbox 217 792 1041 828">
    <p class='ocr_par' dir='ltr' id='par_1_19' title="bbox 217 792 1041 828">
     <span class='ocr_line' id='line_1_19' title="bbox 217 792 1041 828; baseline 0.001 -10"><span class='ocrx_word' id='word_1_130' title='bbox 217 793 287 827; x_wconf 83' lang='grc' dir='ltr'><strong>σμοῦ</strong></span> <span class='ocrx_word' id='word_1_131' title='bbox 302 792 398 828; x_wconf 88' lang='lat' dir='ltr'><strong>(cujus</strong></span> <span class='ocrx_word' id='word_1_132' title='bbox 427 792 590 820; x_wconf 85' lang='lat' dir='ltr'><strong>versionem</strong></span> <span class='ocrx_word' id='word_1_133' title='bbox 621 793 680 820; x_wconf 85' lang='lat' dir='ltr'><strong>Lat.</strong></span> <span class='ocrx_word' id='word_1_134' title='bbox 710 792 1041 828; x_wconf 63' lang='lat' dir='ltr'><strong>AppendiciBeeilianw</strong></span> 
     </span>
    </p>
   </div>
   <div class='ocr_carea' id='block_1_20' title="bbox 216 836 1041 873">
    <p class='ocr_par' dir='ltr' id='par_1_20' title="bbox 216 836 1041 873">
     <span class='ocr_line' id='line_1_20' title="bbox 216 836 1041 873; baseline 0 -9"><span class='ocrx_word' id='word_1_135' title='bbox 216 836 455 872; x_wconf 81' lang='lat' dir='ltr'><strong>adjecimus,tum</strong></span> <span class='ocrx_word' id='word_1_136' title='bbox 473 837 550 872; x_wconf 86' lang='lat' dir='ltr'><strong>quod</strong></span> <span class='ocrx_word' id='word_1_137' title='bbox 568 837 794 873; x_wconf 76' lang='lat' dir='ltr'><strong>sapientissimis</strong></span> <span class='ocrx_word' id='word_1_138' title='bbox 806 837 961 864; x_wconf 79' lang='lat' dir='ltr'><strong>sententiis</strong></span> <span class='ocrx_word' id='word_1_139' title='bbox 977 845 1041 873; x_wconf 81' lang='lat' dir='ltr'><strong>gra-</strong></span> 
     </span>
    </p>
   </div>
   <div class='ocr_carea' id='block_1_21' title="bbox 215 881 1040 916">
    <p class='ocr_par' dir='ltr' id='par_1_21' title="bbox 215 881 1040 916">
     <span class='ocr_line' id='line_1_21' title="bbox 215 881 1040 916; baseline 0 -8"><span class='ocrx_word' id='word_1_140' title='bbox 215 881 362 916; x_wconf 85' lang='lat' dir='ltr'><strong>vibusque</strong></span> <span class='ocrx_word' id='word_1_141' title='bbox 377 881 474 909; x_wconf 82' lang='lat' dir='ltr'><strong>verbis</strong></span> <span class='ocrx_word' id='word_1_142' title='bbox 489 881 611 909; x_wconf 85' lang='lat' dir='ltr'><strong>ordatus</strong></span> <span class='ocrx_word' id='word_1_143' title='bbox 628 881 676 914; x_wconf 85' lang='lat' dir='ltr'><strong>sit,</strong></span> <span class='ocrx_word' id='word_1_144' title='bbox 693 883 757 908; x_wconf 85' lang='lat' dir='ltr'><strong>tum</strong></span> <span class='ocrx_word' id='word_1_145' title='bbox 786 881 862 916; x_wconf 90' lang='lat' dir='ltr'><strong>quod</strong></span> <span class='ocrx_word' id='word_1_146' title='bbox 886 881 985 908; x_wconf 80' lang='lat' dir='ltr'><strong>Basilii</strong></span> <span class='ocrx_word' id='word_1_147' title='bbox 1002 882 1040 914; x_wconf 82' lang='grc' dir='ltr'><strong>Μ,</strong></span> 
     </span>
    </p>
   </div>
   <div class='ocr_carea' id='block_1_22' title="bbox 218 925 1043 961">
    <p class='ocr_par' dir='ltr' id='par_1_22' title="bbox 218 925 1043 961">
     <span class='ocr_line' id='line_1_22' title="bbox 218 925 1043 961; baseline -0.001 -8"><span class='ocrx_word' id='word_1_148' title='bbox 218 933 338 953; x_wconf 80' lang='lat' dir='ltr'><strong>causam</strong></span> <span class='ocrx_word' id='word_1_149' title='bbox 354 927 431 961; x_wconf 77' lang='lat' dir='ltr'><strong>aget,</strong></span> <span class='ocrx_word' id='word_1_150' title='bbox 444 927 474 953; x_wconf 86' lang='lat' dir='ltr'><strong>et</strong></span> <span class='ocrx_word' id='word_1_151' title='bbox 489 925 740 961; x_wconf 82' lang='lat' dir='ltr'><strong>Bssiliomastigas</strong></span> <span class='ocrx_word' id='word_1_152' title='bbox 756 925 912 961; x_wconf 81' lang='lat' dir='ltr'><strong>concidat),</strong></span> <span class='ocrx_word' id='word_1_153' title='bbox 928 926 1043 961; x_wconf 84' lang='lat' dir='ltr'><strong>pag.29,</strong></span> 
     </span>
    </p>
   </div>
   <div class='ocr_carea' id='block_1_23' title="bbox 217 968 1041 1007">
    <p class='ocr_par' dir='ltr' id='par_1_23' title="bbox 217 968 1041 1007">
     <span class='ocr_line' id='line_1_23' title="bbox 217 968 1041 1007; baseline -0.001 -11"><span class='ocrx_word' id='word_1_154' title='bbox 217 972 250 1003; x_wconf 81' lang='grc' dir='ltr'><strong>Β,</strong></span> <span class='ocrx_word' id='word_1_155' title='bbox 280 969 418 997; x_wconf 83' lang='lat' dir='ltr'><strong>editionis</strong></span> <span class='ocrx_word' id='word_1_156' title='bbox 450 972 567 1005; x_wconf 63' lang='lat' dir='ltr'><strong>nostris,</strong></span> <span class='ocrx_word' id='word_1_157' title='bbox 597 969 645 997; x_wconf 88' lang='lat' dir='ltr'><strong>hic</strong></span> <span class='ocrx_word' id='word_1_158' title='bbox 672 970 688 1004; x_wconf 79' lang='grc' dir='ltr'>ἡ</span> <span class='ocrx_word' id='word_1_159' title='bbox 719 969 765 1005; x_wconf 70' lang='grc' dir='ltr'><strong>μὲν</strong></span> <span class='ocrx_word' id='word_1_160' title='bbox 792 969 843 1007; x_wconf 76' lang='grc' dir='ltr'>γὰρ</span> <span class='ocrx_word' id='word_1_161' title='bbox 859 968 969 996; x_wconf 76' lang='grc' dir='ltr'>ἐντκῦθα</span> <span class='ocrx_word' id='word_1_162' title='bbox 986 969 1041 1003; x_wconf 76' lang='grc' dir='ltr'><strong>ζωὴ</strong></span> 
     </span>
    </p>
   </div>
   <div class='ocr_carea' id='block_1_24' title="bbox 224 1012 988 1051">
    <p class='ocr_par' dir='ltr' id='par_1_24' title="bbox 224 1012 988 1051">
     <span class='ocr_line' id='line_1_24' title="bbox 224 1012 988 1051; baseline 0.001 -11"><span class='ocrx_word' id='word_1_163' title='bbox 224 1012 367 1051; x_wconf 79' lang='grc' dir='ltr'><strong>ὁδοιπορία</strong></span> <span class='ocrx_word' id='word_1_164' title='bbox 381 1013 422 1044; x_wconf 81' lang='grc' dir='ltr'><strong>τίς</strong></span> <span class='ocrx_word' id='word_1_165' title='bbox 438 1013 491 1041; x_wconf 68' lang='grc' dir='ltr'>ἔστι</span> <span class='ocrx_word' id='word_1_166' title='bbox 507 1013 574 1049; x_wconf 81' lang='grc' dir='ltr'>πρὸς</span> <span class='ocrx_word' id='word_1_167' title='bbox 587 1013 618 1040; x_wconf 88' lang='grc' dir='ltr'>τὸ</span> <span class='ocrx_word' id='word_1_168' title='bbox 633 1013 812 1050; x_wconf 78' lang='grc' dir='ltr'>προκείμενον</span> <span class='ocrx_word' id='word_1_169' title='bbox 825 1012 916 1048; x_wconf 73' lang='grc' dir='ltr'>τέλος,</span> <span class='ocrx_word' id='word_1_170' title='bbox 933 1015 988 1042; x_wconf 84' lang='lat' dir='ltr'><strong>etc.</strong></span> 
     </span>
    </p>
   </div>
   <div class='ocr_carea' id='block_1_25' title="bbox 259 1056 1043 1096">
    <p class='ocr_par' dir='ltr' id='par_1_25' title="bbox 259 1056 1043 1096">
     <span class='ocr_line' id='line_1_25' title="bbox 259 1056 1043 1096; baseline -0.003 -10"><span class='ocrx_word' id='word_1_171' title='bbox 259 1059 333 1086; x_wconf 83' lang='lat' dir='ltr'><strong>Ibid.</strong></span> <span class='ocrx_word' id='word_1_172' title='bbox 363 1061 384 1086; x_wconf 92' lang='lat' dir='ltr'><strong>D</strong></span> <span class='ocrx_word' id='word_1_173' title='bbox 416 1059 443 1085; x_wconf 90' lang='lat'><strong><em>7.</em></strong></span> <span class='ocrx_word' id='word_1_174' title='bbox 467 1056 619 1092; x_wconf 79' lang='grc' dir='ltr'>Καθεύὸεις,</span> <span class='ocrx_word' id='word_1_175' title='bbox 646 1058 690 1085; x_wconf 83' lang='grc' dir='ltr'><strong>καὶ</strong></span> <span class='ocrx_word' id='word_1_176' title='bbox 716 1058 730 1084; x_wconf 87' lang='grc' dir='ltr'><strong>ὁ</strong></span> <span class='ocrx_word' id='word_1_177' title='bbox 754 1057 852 1095; x_wconf 85' lang='grc' dir='ltr'>χρόνος</span> <span class='ocrx_word' id='word_1_178' title='bbox 868 1067 896 1084; x_wconf 84' lang='grc' dir='ltr'><strong>σε</strong></span> <span class='ocrx_word' id='word_1_179' title='bbox 910 1058 1043 1096; x_wconf 71' lang='grc' dir='ltr'>παρατρέ-</span> 
     </span>
    </p>
   </div>
   <div class='ocr_carea' id='block_1_26' title="bbox 223 1102 1043 1139">
    <p class='ocr_par' dir='ltr' id='par_1_26' title="bbox 223 1102 1043 1139">
     <span class='ocr_line' id='line_1_26' title="bbox 223 1102 1043 1139; baseline -0.001 -10"><span class='ocrx_word' id='word_1_180' title='bbox 223 1111 278 1139; x_wconf 75' lang='grc' dir='ltr'>χιι.</span> <span class='ocrx_word' id='word_1_181' title='bbox 295 1103 374 1130; x_wconf 88' lang='lat' dir='ltr'><strong>Idem</strong></span> <span class='ocrx_word' id='word_1_182' title='bbox 391 1102 515 1130; x_wconf 81' lang='lat' dir='ltr'><strong>Basilius</strong></span> <span class='ocrx_word' id='word_1_183' title='bbox 540 1102 676 1130; x_wconf 75' lang='lat' dir='ltr'><strong>Seleuciae</strong></span> <span class='ocrx_word' id='word_1_184' title='bbox 703 1111 748 1138; x_wconf 87' lang='lat' dir='ltr'><strong>ep.</strong></span> <span class='ocrx_word' id='word_1_185' title='bbox 774 1102 857 1130; x_wconf 86' lang='lat' dir='ltr'><strong>initio</strong></span> <span class='ocrx_word' id='word_1_186' title='bbox 871 1104 919 1128; x_wconf 80' lang='grc' dir='ltr'><strong>τοῦ</strong></span> <span class='ocrx_word' id='word_1_187' title='bbox 945 1102 982 1132; x_wconf 80' lang='grc' dir='ltr'><strong>εἷς</strong></span> <span class='ocrx_word' id='word_1_188' title='bbox 1010 1102 1043 1128; x_wconf 76' lang='grc' dir='ltr'><strong>τὰ</strong></span> 
     </span>
    </p>
   </div>
   <div class='ocr_carea' id='block_1_27' title="bbox 223 1145 1041 1184">
    <p class='ocr_par' dir='ltr' id='par_1_27' title="bbox 223 1145 1041 1184">
     <span class='ocr_line' id='line_1_27' title="bbox 223 1145 1041 1184; baseline 0 -11"><span class='ocrx_word' id='word_1_189' title='bbox 223 1145 341 1182; x_wconf 82' lang='grc' dir='ltr'>Ὀλυμ.ὶ</span> <span class='ocrx_word' id='word_1_190' title='bbox 358 1146 406 1173; x_wconf 81' lang='grc' dir='ltr'><strong>Καὶ</strong></span> <span class='ocrx_word' id='word_1_191' title='bbox 421 1146 534 1183; x_wconf 86' lang='grc' dir='ltr'>τιρπνὸς</span> <span class='ocrx_word' id='word_1_192' title='bbox 549 1146 727 1184; x_wconf 67' lang='grc' dir='ltr'><strong>παρατρέχων</strong></span> <span class='ocrx_word' id='word_1_193' title='bbox 751 1147 764 1173; x_wconf 85' lang='grc' dir='ltr'>ὁ</span> <span class='ocrx_word' id='word_1_194' title='bbox 788 1145 898 1184; x_wconf 77' lang='grc' dir='ltr'>χρόνος,</span> <span class='ocrx_word' id='word_1_195' title='bbox 918 1146 962 1173; x_wconf 70' lang='grc' dir='ltr'><strong>καὶ</strong></span> <span class='ocrx_word' id='word_1_196' title='bbox 991 1157 1041 1184; x_wconf 82' lang='grc' dir='ltr'>φο-</span> 
     </span>
    </p>
   </div>
   <div class='ocr_carea' id='block_1_28' title="bbox 221 1189 1043 1227">
    <p class='ocr_par' dir='ltr' id='par_1_28' title="bbox 221 1189 1043 1227">
     <span class='ocr_line' id='line_1_28' title="bbox 221 1189 1043 1227; baseline 0.002 -10"><span class='ocrx_word' id='word_1_197' title='bbox 221 1189 310 1227; x_wconf 82' lang='grc' dir='ltr'>ϐερός.</span> <span class='ocrx_word' id='word_1_198' title='bbox 326 1193 357 1218; x_wconf 88' lang='grc' dir='ltr'><strong>Β.</strong></span> <span class='ocrx_word' id='word_1_199' title='bbox 382 1191 506 1226; x_wconf 81' lang='lat' dir='ltr'><strong>August.</strong></span> <span class='ocrx_word' id='word_1_200' title='bbox 530 1192 557 1218; x_wconf 82' lang='lat' dir='ltr'><strong>in</strong></span> <span class='ocrx_word' id='word_1_201' title='bbox 580 1192 651 1226; x_wconf 89' lang='lat' dir='ltr'><strong>psal.</strong></span> <span class='ocrx_word' id='word_1_202' title='bbox 676 1199 714 1225; x_wconf 87' lang='lat' dir='ltr'><strong>CI,</strong></span> <span class='ocrx_word' id='word_1_203' title='bbox 735 1191 770 1218; x_wconf 87' lang='lat' dir='ltr'><strong>de</strong></span> <span class='ocrx_word' id='word_1_204' title='bbox 785 1191 998 1227; x_wconf 80' lang='lat' dir='ltr'><strong>temporalibus</strong></span> <span class='ocrx_word' id='word_1_205' title='bbox 1014 1193 1043 1219; x_wconf 84' lang='lat' dir='ltr'><strong>et</strong></span> 
     </span>
    </p>
   </div>
   <div class='ocr_carea' id='block_1_29' title="bbox 220 1233 1043 1271">
    <p class='ocr_par' dir='ltr' id='par_1_29' title="bbox 220 1233 1043 1271">
     <span class='ocr_line' id='line_1_29' title="bbox 220 1233 1043 1271; baseline 0 -8"><span class='ocrx_word' id='word_1_206' title='bbox 220 1235 337 1263; x_wconf 59' lang='lat' dir='ltr'><strong>aeternis</strong></span> <span class='ocrx_word' id='word_1_207' title='bbox 352 1235 466 1262; x_wconf 81' lang='lat' dir='ltr'><strong>diebus.</strong></span> <span class='ocrx_word' id='word_1_208' title='bbox 481 1237 545 1262; x_wconf 83' lang='lat' dir='ltr'><strong>Mox</strong></span> <span class='ocrx_word' id='word_1_209' title='bbox 559 1237 655 1265; x_wconf 78' lang='grc' dir='ltr'>πάντες</span> <span class='ocrx_word' id='word_1_210' title='bbox 671 1234 749 1271; x_wconf 73' lang='grc' dir='ltr'>ἐσμὲν</span> <span class='ocrx_word' id='word_1_211' title='bbox 762 1233 789 1261; x_wconf 73' lang='grc' dir='ltr'>ἄν</span> <span class='ocrx_word' id='word_1_212' title='bbox 805 1233 870 1270; x_wconf 81' lang='grc' dir='ltr'><strong>ὁδῷ.</strong></span> <span class='ocrx_word' id='word_1_213' title='bbox 890 1235 969 1263; x_wconf 87' lang='lat' dir='ltr'><strong>Idem</strong></span> <span class='ocrx_word' id='word_1_214' title='bbox 986 1238 1043 1263; x_wconf 83' lang='lat' dir='ltr'><strong>Au-</strong></span> 
     </span>
    </p>
   </div>
   <div class='ocr_carea' id='block_1_30' title="bbox 220 1278 504 1315">
    <p class='ocr_par' dir='ltr' id='par_1_30' title="bbox 220 1278 504 1315">
     <span class='ocr_line' id='line_1_30' title="bbox 220 1278 504 1315; baseline -0.004 -9"><span class='ocrx_word' id='word_1_215' title='bbox 220 1281 299 1315; x_wconf 87' lang='lat' dir='ltr'><strong>gust.</strong></span> <span class='ocrx_word' id='word_1_216' title='bbox 316 1279 346 1305; x_wconf 93' lang='lat' dir='ltr'><strong>in</strong></span> <span class='ocrx_word' id='word_1_217' title='bbox 362 1278 482 1306; x_wconf 85' lang='lat' dir='ltr'><strong>Meditat.</strong></span> <span class='ocrx_word' id='word_1_218' title='bbox 494 1288 504 1306; x_wconf 85' lang='lat'><em>:</em></span> 
     </span>
    </p>
   </div>
   <div class='ocr_carea' id='block_1_31' title="bbox 255 1323 1004 1360">
    <p class='ocr_par' dir='ltr' id='par_1_31' title="bbox 255 1323 1004 1360">
     <span class='ocr_line' id='line_1_31' title="bbox 255 1323 1004 1360; baseline 0 -9"><span class='ocrx_word' id='word_1_219' title='bbox 255 1326 323 1352; x_wconf 70' lang='lat' dir='ltr'><strong>Haec</strong></span> <span class='ocrx_word' id='word_1_220' title='bbox 336 1324 383 1351; x_wconf 86' lang='lat' dir='ltr'><strong>via</strong></span> <span class='ocrx_word' id='word_1_221' title='bbox 397 1331 451 1359; x_wconf 85' lang='lat' dir='ltr'><strong>qua</strong></span> <span class='ocrx_word' id='word_1_222' title='bbox 460 1323 551 1357; x_wconf 84' lang='lat' dir='ltr'><strong>vadis,</strong></span> <span class='ocrx_word' id='word_1_223' title='bbox 568 1324 613 1351; x_wconf 92' lang='lat' dir='ltr'><strong>via</strong></span> <span class='ocrx_word' id='word_1_224' title='bbox 626 1324 745 1359; x_wconf 81' lang='lat' dir='ltr'><strong>pessima</strong></span> <span class='ocrx_word' id='word_1_225' title='bbox 759 1324 893 1360; x_wconf 83' lang='lat' dir='ltr'><strong>plenaque</strong></span> <span class='ocrx_word' id='word_1_226' title='bbox 907 1324 1004 1352; x_wconf 84' lang='lat' dir='ltr'><strong>cladis.</strong></span> 
     </span>
    </p>
   </div>
   <div class='ocr_carea' id='block_1_32' title="bbox 254 1366 1040 1405">
    <p class='ocr_par' dir='ltr' id='par_1_32' title="bbox 254 1366 1040 1405">
     <span class='ocr_line' id='line_1_32' title="bbox 254 1366 1040 1405; baseline 0 -9"><span class='ocrx_word' id='word_1_227' title='bbox 254 1367 373 1396; x_wconf 73' lang='lat'><strong>(301.221</strong></span> <span class='ocrx_word' id='word_1_228' title='bbox 392 1368 425 1396; x_wconf 91' lang='lat' dir='ltr'><strong>D.</strong></span> <span class='ocrx_word' id='word_1_229' title='bbox 443 1366 499 1394; x_wconf 72' lang='grc' dir='ltr'>Λῦο</span> <span class='ocrx_word' id='word_1_230' title='bbox 513 1367 564 1405; x_wconf 79' lang='grc' dir='ltr'><strong>γάρ</strong></span> <span class='ocrx_word' id='word_1_231' title='bbox 580 1367 646 1394; x_wconf 68' lang='lat' dir='ltr'><strong>slew</strong></span> <span class='ocrx_word' id='word_1_232' title='bbox 663 1366 732 1396; x_wconf 79' lang='grc' dir='ltr'>ὁδοί.</span> <span class='ocrx_word' id='word_1_233' title='bbox 759 1368 903 1396; x_wconf 86' lang='lat' dir='ltr'><strong>Hesiodus</strong></span> <span class='ocrx_word' id='word_1_234' title='bbox 932 1369 945 1396; x_wconf 89' lang='grc'><strong>1</strong></span> <span class='ocrx_word' id='word_1_235' title='bbox 976 1370 1040 1404; x_wconf 82' lang='grc' dir='ltr'><strong>Ἔρ-</strong></span> 
     </span>
    </p>
   </div>
   <div class='ocr_carea' id='block_1_33' title="bbox 218 1410 1040 1450">
    <p class='ocr_par' dir='ltr' id='par_1_33' title="bbox 218 1410 1040 1450">
     <span class='ocr_line' id='line_1_33' title="bbox 218 1410 1040 1450; baseline 0.001 -12"><span class='ocrx_word' id='word_1_236' title='bbox 218 1422 285 1448; x_wconf 88' lang='grc' dir='ltr'><strong>γων,</strong></span> <span class='ocrx_word' id='word_1_237' title='bbox 315 1414 344 1440; x_wconf 80' lang='lat' dir='ltr'><strong>et</strong></span> <span class='ocrx_word' id='word_1_238' title='bbox 373 1412 511 1440; x_wconf 84' lang='lat' dir='ltr'><strong>Prodicus</strong></span> <span class='ocrx_word' id='word_1_239' title='bbox 537 1410 655 1447; x_wconf 74' lang='grc' dir='ltr'>Διαλέξει</span> <span class='ocrx_word' id='word_1_240' title='bbox 685 1411 747 1449; x_wconf 78' lang='grc' dir='ltr'><strong>περὶ</strong></span> <span class='ocrx_word' id='word_1_241' title='bbox 783 1411 948 1450; x_wconf 62' lang='grc' dir='ltr'>Ἡρακλέους</span> <span class='ocrx_word' id='word_1_242' title='bbox 975 1423 1040 1439; x_wconf 82' lang='grc' dir='ltr'>παι-</span> 
     </span>
    </p>
   </div>
   <div class='ocr_carea' id='block_1_34' title="bbox 219 1455 1039 1492">
    <p class='ocr_par' dir='ltr' id='par_1_34' title="bbox 219 1455 1039 1492">
     <span class='ocr_line' id='line_1_34' title="bbox 219 1455 1039 1492; baseline 0.001 -10"><span class='ocrx_word' id='word_1_243' title='bbox 219 1455 345 1490; x_wconf 75' lang='grc' dir='ltr'><strong>δεύσεως,</strong></span> <span class='ocrx_word' id='word_1_244' title='bbox 362 1457 437 1492; x_wconf 85' lang='lat' dir='ltr'><strong>apud</strong></span> <span class='ocrx_word' id='word_1_245' title='bbox 462 1456 695 1492; x_wconf 81' lang='lat' dir='ltr'><strong>Xenophontem,</strong></span> <span class='ocrx_word' id='word_1_246' title='bbox 726 1457 745 1484; x_wconf 87' lang='lat' dir='ltr'><strong>iI</strong></span> <span class='ocrx_word' id='word_1_247' title='bbox 775 1456 1039 1492; x_wconf 63' lang='grc' dir='ltr'>Ἀπομνημονευμάτ</span> 
     </span>
    </p>
   </div>
   <div class='ocr_carea' id='block_1_35' title="bbox 217 1500 1040 1538">
    <p class='ocr_par' dir='ltr' id='par_1_35' title="bbox 217 1500 1040 1538">
     <span class='ocr_line' id='line_1_35' title="bbox 217 1500 1040 1538; baseline 0.004 -11"><span class='ocrx_word' id='word_1_248' title='bbox 217 1502 282 1528; x_wconf 80' lang='grc' dir='ltr'>τῶν.</span> <span class='ocrx_word' id='word_1_249' title='bbox 300 1501 450 1528; x_wconf 86' lang='lat' dir='ltr'><strong>Emblema</strong></span> <span class='ocrx_word' id='word_1_250' title='bbox 465 1500 690 1537; x_wconf 81' lang='lat' dir='ltr'><strong>Pythagoricum</strong></span> <span class='ocrx_word' id='word_1_251' title='bbox 706 1501 770 1536; x_wconf 77' lang='lat' dir='ltr'><strong>fuit,</strong></span> <span class='ocrx_word' id='word_1_252' title='bbox 783 1502 889 1530; x_wconf 88' lang='lat' dir='ltr'><strong>Littera</strong></span> <span class='ocrx_word' id='word_1_253' title='bbox 903 1501 1040 1538; x_wconf 80' lang='lat' dir='ltr'><strong>Pythago-</strong></span> 
     </span>
    </p>
   </div>
   <div class='ocr_carea' id='block_1_36' title="bbox 217 1539 1077 1582">
    <p class='ocr_par' dir='ltr' id='par_1_36' title="bbox 217 1539 1077 1582">
     <span class='ocr_line' id='line_1_36' title="bbox 217 1539 1077 1582; baseline 0.001 -11"><span class='ocrx_word' id='word_1_254' title='bbox 217 1553 266 1572; x_wconf 72' lang='lat' dir='ltr'><strong>rae.</strong></span> <span class='ocrx_word' id='word_1_255' title='bbox 283 1545 338 1573; x_wconf 88' lang='lat' dir='ltr'><strong>Sed</strong></span> <span class='ocrx_word' id='word_1_256' title='bbox 355 1545 463 1581; x_wconf 74' lang='lat' dir='ltr'><strong>Evang.</strong></span> <span class='ocrx_word' id='word_1_257' title='bbox 480 1545 567 1573; x_wconf 84' lang='lat' dir='ltr'><strong>etiam</strong></span> <span class='ocrx_word' id='word_1_258' title='bbox 583 1545 711 1573; x_wconf 78' lang='lat' dir='ltr'><strong>uraculis</strong></span> <span class='ocrx_word' id='word_1_259' title='bbox 727 1546 900 1582; x_wconf 88' lang='lat' dir='ltr'><strong>proponitur</strong></span> <span class='ocrx_word' id='word_1_260' title='bbox 912 1543 1039 1582; x_wconf 77' lang='grc' dir='ltr'>ἔκφρασις</span> <span class='ocrx_word' id='word_1_261' title='bbox 1056 1539 1077 1572; x_wconf 90' lang='lat' dir='ltr'>C</span> 
     </span>
    </p>
   </div>
   <div class='ocr_carea' id='block_1_37' title="bbox 217 1589 1040 1625">
    <p class='ocr_par' dir='ltr' id='par_1_37' title="bbox 217 1589 1040 1625">
     <span class='ocr_line' id='line_1_37' title="bbox 217 1589 1040 1625; baseline 0.001 -9"><span class='ocrx_word' id='word_1_262' title='bbox 217 1589 271 1616; x_wconf 72' lang='lat' dir='ltr'><strong>xiaa</strong></span> <span class='ocrx_word' id='word_1_263' title='bbox 286 1589 433 1625; x_wconf 75' lang='lat' dir='ltr'><strong>ancipitis,</strong></span> <span class='ocrx_word' id='word_1_264' title='bbox 463 1591 547 1616; x_wconf 61' lang='lat' dir='ltr'><strong>arcte</strong></span> <span class='ocrx_word' id='word_1_265' title='bbox 571 1592 599 1617; x_wconf 89' lang='lat' dir='ltr'><strong>et</strong></span> <span class='ocrx_word' id='word_1_266' title='bbox 626 1590 709 1617; x_wconf 68' lang='lat' dir='ltr'><strong>latae:</strong></span> <span class='ocrx_word' id='word_1_267' title='bbox 740 1592 770 1618; x_wconf 84' lang='grc' dir='ltr'><strong>Β.</strong></span> <span class='ocrx_word' id='word_1_268' title='bbox 800 1590 901 1618; x_wconf 80' lang='lat' dir='ltr'><strong>Matth.</strong></span> <span class='ocrx_word' id='word_1_269' title='bbox 930 1599 981 1624; x_wconf 87' lang='lat' dir='ltr'><strong>vu,</strong></span> <span class='ocrx_word' id='word_1_270' title='bbox 1011 1593 1040 1617; x_wconf 87' lang='lat' dir='ltr'><strong>et</strong></span> 
     </span>
    </p>
   </div>
   <div class='ocr_carea' id='block_1_38' title="bbox 217 1633 1038 1670">
    <p class='ocr_par' dir='ltr' id='par_1_38' title="bbox 217 1633 1038 1670">
     <span class='ocr_line' id='line_1_38' title="bbox 217 1633 1038 1670; baseline 0.001 -9"><span class='ocrx_word' id='word_1_271' title='bbox 217 1633 302 1661; x_wconf 68' lang='lat' dir='ltr'><strong>Lucas</strong></span> <span class='ocrx_word' id='word_1_272' title='bbox 316 1642 378 1661; x_wconf 83' lang='lat' dir='ltr'><strong>xm.</strong></span> <span class='ocrx_word' id='word_1_273' title='bbox 395 1634 462 1665; x_wconf 62' lang='lat' dir='ltr'><strong>Qum</strong></span> <span class='ocrx_word' id='word_1_274' title='bbox 477 1634 624 1662; x_wconf 87' lang='lat' dir='ltr'><strong>Juvencus</strong></span> <span class='ocrx_word' id='word_1_275' title='bbox 640 1634 760 1670; x_wconf 87' lang='lat' dir='ltr'><strong>Hispan.</strong></span> <span class='ocrx_word' id='word_1_276' title='bbox 791 1636 945 1670; x_wconf 81' lang='lat' dir='ltr'><strong>presbyter</strong></span> <span class='ocrx_word' id='word_1_277' title='bbox 969 1634 1038 1662; x_wconf 87' lang='lat' dir='ltr'><strong>olim</strong></span> 
     </span>
    </p>
   </div>
   <div class='ocr_carea' id='block_1_39' title="bbox 218 1678 1037 1715">
    <p class='ocr_par' dir='ltr' id='par_1_39' title="bbox 218 1678 1037 1715">
     <span class='ocr_line' id='line_1_39' title="bbox 218 1678 1037 1715; baseline 0.001 -10"><span class='ocrx_word' id='word_1_278' title='bbox 218 1678 290 1705; x_wconf 85' lang='lat' dir='ltr'><strong>scite</strong></span> <span class='ocrx_word' id='word_1_279' title='bbox 307 1678 411 1713; x_wconf 84' lang='lat' dir='ltr'><strong>pieque</strong></span> <span class='ocrx_word' id='word_1_280' title='bbox 425 1678 569 1714; x_wconf 81' lang='lat' dir='ltr'><strong>expressit</strong></span> <span class='ocrx_word' id='word_1_281' title='bbox 584 1679 638 1707; x_wconf 88' lang='lat' dir='ltr'><strong>sub</strong></span> <span class='ocrx_word' id='word_1_282' title='bbox 653 1679 740 1707; x_wconf 85' lang='lat' dir='ltr'><strong>ﬁnem</strong></span> <span class='ocrx_word' id='word_1_283' title='bbox 755 1679 806 1706; x_wconf 88' lang='lat' dir='ltr'><strong>lib.</strong></span> <span class='ocrx_word' id='word_1_284' title='bbox 824 1687 913 1707; x_wconf 83' lang='lat' dir='ltr'><strong>carm.</strong></span> <span class='ocrx_word' id='word_1_285' title='bbox 930 1680 1037 1715; x_wconf 84' lang='lat' dir='ltr'><strong>Evang.</strong></span> 
     </span>
    </p>
   </div>
   <div class='ocr_carea' id='block_1_40' title="bbox 220 1721 376 1750">
    <p class='ocr_par' dir='ltr' id='par_1_40' title="bbox 220 1721 376 1750">
     <span class='ocr_line' id='line_1_40' title="bbox 220 1721 376 1750; baseline 0 -1"><span class='ocrx_word' id='word_1_286' title='bbox 220 1721 267 1750; x_wconf 89' lang='lat' dir='ltr'><strong>his</strong></span> <span class='ocrx_word' id='word_1_287' title='bbox 282 1729 357 1750; x_wconf 86' lang='lat' dir='ltr'><strong>vers.</strong></span> <span class='ocrx_word' id='word_1_288' title='bbox 369 1731 376 1749; x_wconf 89' lang='lat'><strong><em>:</em></strong></span> 
     </span>
    </p>
   </div>
   <div class='ocr_carea' id='block_1_41' title="bbox 292 1767 829 1802">
    <p class='ocr_par' dir='ltr' id='par_1_41' title="bbox 292 1767 829 1802">
     <span class='ocr_line' id='line_1_41' title="bbox 292 1767 829 1802; baseline 0 -7"><span class='ocrx_word' id='word_1_289' title='bbox 292 1767 387 1795; x_wconf 81' lang='lat' dir='ltr'><strong>Vilalis</strong></span> <span class='ocrx_word' id='word_1_290' title='bbox 401 1767 488 1794; x_wconf 84' lang='lat' dir='ltr'><strong>vastis</strong></span> <span class='ocrx_word' id='word_1_291' title='bbox 503 1768 624 1802; x_wconf 75' lang='lat' dir='ltr'><strong>stipatur</strong></span> <span class='ocrx_word' id='word_1_292' title='bbox 637 1767 736 1795; x_wconf 86' lang='lat' dir='ltr'><strong>semita</strong></span> <span class='ocrx_word' id='word_1_293' title='bbox 750 1768 829 1795; x_wconf 71' lang='lat' dir='ltr'><strong>saxis</strong></span> 
     </span>
    </p>
   </div>
   <div class='ocr_carea' id='block_1_42' title="bbox 290 1811 1004 1847">
    <p class='ocr_par' dir='ltr' id='par_1_42' title="bbox 290 1811 1004 1847">
     <span class='ocr_line' id='line_1_42' title="bbox 290 1811 1004 1847; baseline 0.001 -9"><span class='ocrx_word' id='word_1_294' title='bbox 290 1811 421 1846; x_wconf 82' lang='lat' dir='ltr'><strong>Celsaque</strong></span> <span class='ocrx_word' id='word_1_295' title='bbox 434 1812 482 1838; x_wconf 76' lang='lat' dir='ltr'><strong>vix</strong></span> <span class='ocrx_word' id='word_1_296' title='bbox 494 1819 595 1846; x_wconf 86' lang='lat' dir='ltr'><strong>paucos</strong></span> <span class='ocrx_word' id='word_1_297' title='bbox 609 1811 689 1840; x_wconf 81' lang='lat' dir='ltr'><strong>ducet</strong></span> <span class='ocrx_word' id='word_1_298' title='bbox 702 1819 750 1847; x_wconf 80' lang='lat' dir='ltr'><strong>per</strong></span> <span class='ocrx_word' id='word_1_299' title='bbox 764 1819 880 1846; x_wconf 83' lang='lat' dir='ltr'><strong>scrupea</strong></span> <span class='ocrx_word' id='word_1_300' title='bbox 894 1813 984 1840; x_wconf 83' lang='lat' dir='ltr'><strong>virtus</strong></span> <span class='ocrx_word' id='word_1_301' title='bbox 995 1822 1004 1840; x_wconf 95' lang='lat'><em>:</em></span> 
     </span>
    </p>
   </div>
   <div class='ocr_carea' id='block_1_43' title="bbox 290 1855 968 1892">
    <p class='ocr_par' dir='ltr' id='par_1_43' title="bbox 290 1855 968 1892">
     <span class='ocr_line' id='line_1_43' title="bbox 290 1855 968 1892; baseline 0.001 -9"><span class='ocrx_word' id='word_1_302' title='bbox 290 1856 323 1883; x_wconf 81' lang='lat' dir='ltr'><strong>At</strong></span> <span class='ocrx_word' id='word_1_303' title='bbox 336 1856 362 1883; x_wconf 76' lang='lat' dir='ltr'><strong>si</strong></span> <span class='ocrx_word' id='word_1_304' title='bbox 376 1863 442 1891; x_wconf 89' lang='lat' dir='ltr'><strong>quos</strong></span> <span class='ocrx_word' id='word_1_305' title='bbox 455 1855 575 1883; x_wconf 84' lang='lat' dir='ltr'><strong>nimium</strong></span> <span class='ocrx_word' id='word_1_306' title='bbox 588 1857 683 1892; x_wconf 71' lang='lat' dir='ltr'><strong>fallax</strong></span> <span class='ocrx_word' id='word_1_307' title='bbox 697 1857 819 1892; x_wconf 75' lang='lat' dir='ltr'><strong>illexque</strong></span> <span class='ocrx_word' id='word_1_308' title='bbox 833 1857 968 1884; x_wconf 86' lang='lat' dir='ltr'><strong>malorum</strong></span> 
     </span>
    </p>
   </div>
   <div class='ocr_carea' id='block_1_44' title="bbox 290 1900 899 1936">
    <p class='ocr_par' dir='ltr' id='par_1_44' title="bbox 290 1900 899 1936">
     <span class='ocr_line' id='line_1_44' title="bbox 290 1900 899 1936; baseline 0.003 -9"><span class='ocrx_word' id='word_1_309' title='bbox 290 1900 431 1928; x_wconf 72' lang='lat' dir='ltr'><strong>Planities</strong></span> <span class='ocrx_word' id='word_1_310' title='bbox 445 1901 534 1928; x_wconf 75' lang='lat' dir='ltr'><strong>suasit</strong></span> <span class='ocrx_word' id='word_1_311' title='bbox 551 1901 670 1936; x_wconf 77' lang='lat' dir='ltr'><strong>deformi</strong></span> <span class='ocrx_word' id='word_1_312' title='bbox 686 1901 794 1929; x_wconf 77' lang='lat' dir='ltr'><strong>lubrica</strong></span> <span class='ocrx_word' id='word_1_313' title='bbox 809 1901 899 1936; x_wconf 82' lang='lat' dir='ltr'><strong>lapsu,</strong></span> 
     </span>
    </p>
   </div>
   <div class='ocr_carea' id='block_1_45' title="bbox 290 1945 469 1978">
    <p class='ocr_par' dir='ltr' id='par_1_45' title="bbox 290 1945 469 1978">
     <span class='ocr_line' id='line_1_45' title="bbox 290 1945 469 1978; baseline 0 -7"><span class='ocrx_word' id='word_1_314' title='bbox 290 1945 398 1978; x_wconf 86' lang='lat' dir='ltr'><strong>Arripit</strong></span> <span class='ocrx_word' id='word_1_315' title='bbox 413 1945 469 1972; x_wconf 86' lang='lat' dir='ltr'><strong>hos.</strong></span> 
     </span>
    </p>
   </div>
   <div class='ocr_carea' id='block_1_46' title="bbox 255 1987 1039 2025">
    <p class='ocr_par' dir='ltr' id='par_1_46' title="bbox 255 1987 1039 2025">
     <span class='ocr_line' id='line_1_46' title="bbox 255 1987 1039 2025; baseline 0.001 -10"><span class='ocrx_word' id='word_1_316' title='bbox 255 1987 316 2022; x_wconf 87' lang='lat' dir='ltr'><strong>Col,</strong></span> <span class='ocrx_word' id='word_1_317' title='bbox 331 1989 384 2015; x_wconf 83' lang='lat'><strong>225</strong></span> <span class='ocrx_word' id='word_1_318' title='bbox 399 1989 419 2016; x_wconf 88' lang='lat' dir='ltr'>B</span> <span class='ocrx_word' id='word_1_319' title='bbox 435 1989 478 2016; x_wconf 87' lang='grc'><strong>11.</strong></span> <span class='ocrx_word' id='word_1_320' title='bbox 499 1987 573 2015; x_wconf 85' lang='grc' dir='ltr'>Εἰσὶν</span> <span class='ocrx_word' id='word_1_321' title='bbox 600 1989 626 2015; x_wconf 74' lang='grc' dir='ltr'>οἱ</span> <span class='ocrx_word' id='word_1_322' title='bbox 648 1987 744 2025; x_wconf 80' lang='grc' dir='ltr'>λοιμοὶ</span> <span class='ocrx_word' id='word_1_323' title='bbox 766 1989 791 2016; x_wconf 87' lang='grc' dir='ltr'>οἱ</span> <span class='ocrx_word' id='word_1_324' title='bbox 814 1989 846 2016; x_wconf 83' lang='grc' dir='ltr'>τὸ</span> <span class='ocrx_word' id='word_1_325' title='bbox 865 1988 937 2017; x_wconf 69' lang='grc' dir='ltr'>ἵδιον</span> <span class='ocrx_word' id='word_1_326' title='bbox 958 1990 1039 2017; x_wconf 73' lang='grc' dir='ltr'>κακὸν</span> 
     </span>
    </p>
   </div>
   <div class='ocr_carea' id='block_1_47' title="bbox 219 2030 1040 2071">
    <p class='ocr_par' dir='ltr' id='par_1_47' title="bbox 219 2030 1040 2071">
     <span class='ocr_line' id='line_1_47' title="bbox 219 2030 1040 2071; baseline 0.007 -14"><span class='ocrx_word' id='word_1_327' title='bbox 219 2030 263 2058; x_wconf 78' lang='grc' dir='ltr'>ἐπὶ</span> <span class='ocrx_word' id='word_1_328' title='bbox 278 2032 340 2059; x_wconf 85' lang='grc' dir='ltr'>πάν.</span> <span class='ocrx_word' id='word_1_329' title='bbox 358 2032 431 2060; x_wconf 84' lang='lat' dir='ltr'><strong>Huic</strong></span> <span class='ocrx_word' id='word_1_330' title='bbox 446 2038 661 2061; x_wconf 86' lang='lat' dir='ltr'><strong>consentaneus</strong></span> <span class='ocrx_word' id='word_1_331' title='bbox 676 2033 758 2062; x_wconf 87' lang='lat' dir='ltr'><strong>locus</strong></span> <span class='ocrx_word' id='word_1_332' title='bbox 778 2037 823 2062; x_wconf 87' lang='lat' dir='ltr'><strong>est</strong></span> <span class='ocrx_word' id='word_1_333' title='bbox 833 2035 910 2070; x_wconf 85' lang='lat' dir='ltr'><strong>apud</strong></span> <span class='ocrx_word' id='word_1_334' title='bbox 922 2035 1040 2071; x_wconf 83' lang='lat' dir='ltr'><strong>Gregur.</strong></span> 
     </span>
    </p>
   </div>
   <div class='ocr_carea' id='block_1_48' title="bbox 219 2076 712 2106">
    <p class='ocr_par' dir='ltr' id='par_1_48' title="bbox 219 2076 712 2106">
     <span class='ocr_line' id='line_1_48' title="bbox 219 2076 712 2106; baseline 0.004 -3"><span class='ocrx_word' id='word_1_335' title='bbox 219 2076 287 2104; x_wconf 81' lang='lat' dir='ltr'><strong>Naz.</strong></span> <span class='ocrx_word' id='word_1_336' title='bbox 303 2077 379 2105; x_wconf 89' lang='lat' dir='ltr'><strong>Orat.</strong></span> <span class='ocrx_word' id='word_1_337' title='bbox 398 2077 460 2105; x_wconf 74' lang='lat' dir='ltr'><strong>tun.</strong></span> <span class='ocrx_word' id='word_1_338' title='bbox 477 2078 505 2105; x_wconf 92' lang='lat' dir='ltr'><strong>in</strong></span> <span class='ocrx_word' id='word_1_339' title='bbox 519 2077 661 2106; x_wconf 84' lang='lat' dir='ltr'><strong>Basilium</strong></span> <span class='ocrx_word' id='word_1_340' title='bbox 674 2078 712 2106; x_wconf 92' lang='lat' dir='ltr'><strong>M.</strong></span> 
     </span>
    </p>
   </div>
   <div class='ocr_carea' id='block_1_49' title="bbox 1096 215 1918 251">
    <p class='ocr_par' dir='ltr' id='par_1_49' title="bbox 1096 215 1918 251">
     <span class='ocr_line' id='line_1_49' title="bbox 1096 215 1918 251; baseline 0.002 -9"><span class='ocrx_word' id='word_1_341' title='bbox 1096 215 1198 243; x_wconf 86' lang='lat' dir='ltr'><strong>scribit</strong></span> <span class='ocrx_word' id='word_1_342' title='bbox 1212 215 1249 242; x_wconf 82' lang='lat' dir='ltr'><strong>ad</strong></span> <span class='ocrx_word' id='word_1_343' title='bbox 1273 215 1424 243; x_wconf 84' lang='lat' dir='ltr'><strong>Julianurn</strong></span> <span class='ocrx_word' id='word_1_344' title='bbox 1444 215 1615 251; x_wconf 79' lang='lat' dir='ltr'><strong>Apostatsm</strong></span> <span class='ocrx_word' id='word_1_345' title='bbox 1632 215 1717 251; x_wconf 87' lang='lat' dir='ltr'><strong>epist,</strong></span> <span class='ocrx_word' id='word_1_346' title='bbox 1734 223 1792 243; x_wconf 84' lang='lat' dir='ltr'><strong>ccc.</strong></span> <span class='ocrx_word' id='word_1_347' title='bbox 1810 215 1918 244; x_wconf 90' lang='lat' dir='ltr'><strong>Eodem</strong></span> 
     </span>
    </p>
   </div>
   <div class='ocr_carea' id='block_1_50' title="bbox 1097 259 1902 294">
    <p class='ocr_par' dir='ltr' id='par_1_50' title="bbox 1097 259 1902 294">
     <span class='ocr_line' id='line_1_50' title="bbox 1097 259 1902 294; baseline 0 -7"><span class='ocrx_word' id='word_1_348' title='bbox 1097 259 1191 288; x_wconf 82' lang='lat' dir='ltr'><strong>tendit</strong></span> <span class='ocrx_word' id='word_1_349' title='bbox 1206 259 1276 287; x_wconf 89' lang='lat' dir='ltr'><strong>illud</strong></span> <span class='ocrx_word' id='word_1_350' title='bbox 1293 259 1420 294; x_wconf 87' lang='lat' dir='ltr'><strong>Homeri,</strong></span> <span class='ocrx_word' id='word_1_351' title='bbox 1431 267 1533 287; x_wconf 86' lang='lat' dir='ltr'><strong>omnes</strong></span> <span class='ocrx_word' id='word_1_352' title='bbox 1553 259 1650 287; x_wconf 80' lang='lat' dir='ltr'><strong>clades</strong></span> <span class='ocrx_word' id='word_1_353' title='bbox 1670 259 1740 286; x_wconf 90' lang='lat' dir='ltr'><strong>oriri</strong></span> <span class='ocrx_word' id='word_1_354' title='bbox 1756 261 1902 293; x_wconf 82' lang='lat' dir='ltr'><strong>canentis,</strong></span> 
     </span>
    </p>
   </div>
   <div class='ocr_carea' id='block_1_51' title="bbox 1131 302 1787 341">
    <p class='ocr_par' dir='ltr' id='par_1_51' title="bbox 1131 302 1787 341">
     <span class='ocr_line' id='line_1_51' title="bbox 1131 302 1787 341; baseline -0.002 -11"><span class='ocrx_word' id='word_1_355' title='bbox 1131 303 1285 340; x_wconf 71' lang='grc' dir='ltr'><strong>Ἡγεμόνων</strong></span> <span class='ocrx_word' id='word_1_356' title='bbox 1301 303 1443 338; x_wconf 76' lang='grc' dir='ltr'><strong>κακότητι,</strong></span> <span class='ocrx_word' id='word_1_357' title='bbox 1457 302 1644 341; x_wconf 75' lang='grc' dir='ltr'>ἐφημοσύνησὶ</span> <span class='ocrx_word' id='word_1_358' title='bbox 1657 313 1687 330; x_wconf 78' lang='grc' dir='ltr'>τε</span> <span class='ocrx_word' id='word_1_359' title='bbox 1703 302 1787 336; x_wconf 79' lang='grc' dir='ltr'>λαῖον,</span> 
     </span>
    </p>
   </div>
   <div class='ocr_carea' id='block_1_52' title="bbox 1096 349 1848 384">
    <p class='ocr_par' dir='ltr' id='par_1_52' title="bbox 1096 349 1848 384">
     <span class='ocr_line' id='line_1_52' title="bbox 1096 349 1848 384; baseline 0.001 -9"><span class='ocrx_word' id='word_1_360' title='bbox 1096 349 1184 376; x_wconf 77' lang='lat' dir='ltr'><strong>Mente</strong></span> <span class='ocrx_word' id='word_1_361' title='bbox 1199 349 1298 376; x_wconf 87' lang='lat' dir='ltr'><strong>ducum</strong></span> <span class='ocrx_word' id='word_1_362' title='bbox 1309 356 1408 384; x_wconf 85' lang='lat' dir='ltr'><strong>prava,</strong></span> <span class='ocrx_word' id='word_1_363' title='bbox 1426 350 1451 375; x_wconf 90' lang='lat' dir='ltr'><strong>et</strong></span> <span class='ocrx_word' id='word_1_364' title='bbox 1464 349 1629 384; x_wconf 87' lang='lat' dir='ltr'><strong>populorum</strong></span> <span class='ocrx_word' id='word_1_365' title='bbox 1643 352 1748 384; x_wconf 81' lang='lat' dir='ltr'><strong>pectore</strong></span> <span class='ocrx_word' id='word_1_366' title='bbox 1762 356 1848 382; x_wconf 71' lang='lat' dir='ltr'><strong>team.</strong></span> 
     </span>
    </p>
   </div>
   <div class='ocr_carea' id='block_1_53' title="bbox 1410 401 1603 420">
    <p class='ocr_par' dir='ltr' id='par_1_53' title="bbox 1410 401 1603 420">
     <span class='ocr_line' id='line_1_53' title="bbox 1410 401 1603 420; baseline -0.005 0"><span class='ocrx_word' id='word_1_367' title='bbox 1410 401 1439 420; x_wconf 82' lang='lat' dir='ltr'><strong>IN</strong></span> <span class='ocrx_word' id='word_1_368' title='bbox 1458 401 1537 420; x_wconf 74' lang='lat' dir='ltr'><strong>PSAL.</strong></span> <span class='ocrx_word' id='word_1_369' title='bbox 1554 401 1603 420; x_wconf 85' lang='lat' dir='ltr'><strong>VII.</strong></span> 
     </span>
    </p>
   </div>
   <div class='ocr_carea' id='block_1_54' title="bbox 1132 435 1918 472">
    <p class='ocr_par' dir='ltr' id='par_1_54' title="bbox 1132 435 1918 472">
     <span class='ocr_line' id='line_1_54' title="bbox 1132 435 1918 472; baseline -0.001 -7"><span class='ocrx_word' id='word_1_370' title='bbox 1132 437 1192 465; x_wconf 87' lang='lat' dir='ltr'><strong>Col.</strong></span> <span class='ocrx_word' id='word_1_371' title='bbox 1208 437 1261 464; x_wconf 74' lang='lat'><strong>229</strong></span> <span class='ocrx_word' id='word_1_372' title='bbox 1277 439 1298 464; x_wconf 89' lang='lat' dir='ltr'>B</span> <span class='ocrx_word' id='word_1_373' title='bbox 1311 437 1338 464; x_wconf 85' lang='lat'><strong>5.</strong></span> <span class='ocrx_word' id='word_1_374' title='bbox 1357 435 1471 471; x_wconf 75' lang='grc' dir='ltr'>Συλλιξ.</span> <span class='ocrx_word' id='word_1_375' title='bbox 1488 437 1665 472; x_wconf 82' lang='lat' dir='ltr'><strong>Interpunge</strong></span> <span class='ocrx_word' id='word_1_376' title='bbox 1687 439 1715 464; x_wconf 89' lang='lat' dir='ltr'><strong>et</strong></span> <span class='ocrx_word' id='word_1_377' title='bbox 1734 438 1818 464; x_wconf 81' lang='lat' dir='ltr'><strong>muta</strong></span> <span class='ocrx_word' id='word_1_378' title='bbox 1835 445 1918 472; x_wconf 85' lang='lat' dir='ltr'><strong>pros-</strong></span> 
     </span>
    </p>
   </div>
   <div class='ocr_carea' id='block_1_55' title="bbox 1097 479 1919 517">
    <p class='ocr_par' dir='ltr' id='par_1_55' title="bbox 1097 479 1919 517">
     <span class='ocr_line' id='line_1_55' title="bbox 1097 479 1919 517; baseline -0.001 -8"><span class='ocrx_word' id='word_1_379' title='bbox 1097 482 1206 516; x_wconf 74' lang='lat' dir='ltr'><strong>odiam,</strong></span> <span class='ocrx_word' id='word_1_380' title='bbox 1230 480 1278 511; x_wconf 77' lang='grc' dir='ltr'><strong>τὰς</strong></span> <span class='ocrx_word' id='word_1_381' title='bbox 1305 479 1446 517; x_wconf 79' lang='grc' dir='ltr'>δυνάμεις·</span> <span class='ocrx_word' id='word_1_382' title='bbox 1472 479 1531 512; x_wconf 73' lang='grc' dir='ltr'>εθιν</span> <span class='ocrx_word' id='word_1_383' title='bbox 1557 479 1602 507; x_wconf 79' lang='grc' dir='ltr'><strong>καὶ</strong></span> <span class='ocrx_word' id='word_1_384' title='bbox 1625 479 1772 511; x_wconf 76' lang='grc' dir='ltr'>ἀπόδεκτος</span> <span class='ocrx_word' id='word_1_385' title='bbox 1800 481 1833 514; x_wconf 83' lang='grc' dir='ltr'>ἦν</span> <span class='ocrx_word' id='word_1_386' title='bbox 1860 490 1919 515; x_wconf 81' lang='grc' dir='ltr'>ποι.,</span> 
     </span>
    </p>
   </div>
   <div class='ocr_carea' id='block_1_56' title="bbox 1097 523 1609 562">
    <p class='ocr_par' dir='ltr' id='par_1_56' title="bbox 1097 523 1609 562">
     <span class='ocr_line' id='line_1_56' title="bbox 1097 523 1609 562; baseline -0.004 -9"><span class='ocrx_word' id='word_1_387' title='bbox 1097 526 1174 562; x_wconf 93' lang='lat' dir='ltr'><strong>quod</strong></span> <span class='ocrx_word' id='word_1_388' title='bbox 1194 528 1320 553; x_wconf 82' lang='lat' dir='ltr'><strong>Homero</strong></span> <span class='ocrx_word' id='word_1_389' title='bbox 1335 528 1390 560; x_wconf 87' lang='lat' dir='ltr'><strong>est,</strong></span> <span class='ocrx_word' id='word_1_390' title='bbox 1406 523 1504 560; x_wconf 73' lang='grc' dir='ltr'>ἥνδανε</span> <span class='ocrx_word' id='word_1_391' title='bbox 1519 527 1609 561; x_wconf 79' lang='grc' dir='ltr'>θυμῷ.</span> 
     </span>
    </p>
   </div>
   <div class='ocr_carea' id='block_1_57' title="bbox 1132 568 1919 607">
    <p class='ocr_par' dir='ltr' id='par_1_57' title="bbox 1132 568 1919 607">
     <span class='ocr_line' id='line_1_57' title="bbox 1132 568 1919 607; baseline -0.003 -9"><span class='ocrx_word' id='word_1_392' title='bbox 1132 570 1192 598; x_wconf 87' lang='lat' dir='ltr'><strong>Col.</strong></span> <span class='ocrx_word' id='word_1_393' title='bbox 1208 571 1261 597; x_wconf 82' lang='grc'><strong>248</strong></span> <span class='ocrx_word' id='word_1_394' title='bbox 1275 572 1296 598; x_wconf 95' lang='lat' dir='ltr'>C</span> <span class='ocrx_word' id='word_1_395' title='bbox 1312 570 1339 598; x_wconf 87' lang='lat'><strong><em>8.</em></strong></span> <span class='ocrx_word' id='word_1_396' title='bbox 1365 569 1414 596; x_wconf 83' lang='grc' dir='ltr'>Διά</span> <span class='ocrx_word' id='word_1_397' title='bbox 1440 571 1494 596; x_wconf 82' lang='grc' dir='ltr'>τῶν</span> <span class='ocrx_word' id='word_1_398' title='bbox 1518 571 1647 607; x_wconf 79' lang='grc' dir='ltr'>πονηρῶν</span> <span class='ocrx_word' id='word_1_399' title='bbox 1670 568 1792 606; x_wconf 79' lang='grc' dir='ltr'>πράξεων</span> <span class='ocrx_word' id='word_1_400' title='bbox 1821 568 1919 606; x_wconf 70' lang='grc' dir='ltr'><strong>ἐγκαύ-</strong></span> 
     </span>
    </p>
   </div>
   <div class='ocr_carea' id='block_1_58' title="bbox 1097 614 1918 647">
    <p class='ocr_par' dir='ltr' id='par_1_58' title="bbox 1097 614 1918 647">
     <span class='ocr_line' id='line_1_58' title="bbox 1097 614 1918 647; baseline 0 -6"><span class='ocrx_word' id='word_1_401' title='bbox 1097 624 1153 645; x_wconf 79' lang='grc' dir='ltr'><strong>σας.</strong></span> <span class='ocrx_word' id='word_1_402' title='bbox 1170 616 1299 642; x_wconf 82' lang='lat' dir='ltr'><strong>Manusc.</strong></span> <span class='ocrx_word' id='word_1_403' title='bbox 1315 616 1346 643; x_wconf 89' lang='lat' dir='ltr'><strong>C.</strong></span> <span class='ocrx_word' id='word_1_404' title='bbox 1360 614 1515 642; x_wconf 87' lang='lat' dir='ltr'><strong>lectionem</strong></span> <span class='ocrx_word' id='word_1_405' title='bbox 1540 614 1633 642; x_wconf 82' lang='lat' dir='ltr'><strong>secuti</strong></span> <span class='ocrx_word' id='word_1_406' title='bbox 1653 622 1768 647; x_wconf 90' lang='lat' dir='ltr'><strong>sumus,</strong></span> <span class='ocrx_word' id='word_1_407' title='bbox 1785 614 1834 642; x_wconf 88' lang='lat' dir='ltr'><strong>cui</strong></span> <span class='ocrx_word' id='word_1_408' title='bbox 1851 622 1918 642; x_wconf 91' lang='lat' dir='ltr'><strong>con-</strong></span> 
     </span>
    </p>
   </div>
   <div class='ocr_carea' id='block_1_59' title="bbox 1096 657 1919 695">
    <p class='ocr_par' dir='ltr' id='par_1_59' title="bbox 1096 657 1919 695">
     <span class='ocr_line' id='line_1_59' title="bbox 1096 657 1919 695; baseline 0 -9"><span class='ocrx_word' id='word_1_409' title='bbox 1096 660 1175 695; x_wconf 81' lang='lat' dir='ltr'><strong>gruit</strong></span> <span class='ocrx_word' id='word_1_410' title='bbox 1203 659 1296 687; x_wconf 86' lang='lat' dir='ltr'><strong>versio</strong></span> <span class='ocrx_word' id='word_1_411' title='bbox 1322 659 1353 686; x_wconf 90' lang='lat' dir='ltr'><strong>L.</strong></span> <span class='ocrx_word' id='word_1_412' title='bbox 1369 658 1404 685; x_wconf 89' lang='grc' dir='ltr'>Τὸ</span> <span class='ocrx_word' id='word_1_413' title='bbox 1424 657 1552 694; x_wconf 75' lang='grc' dir='ltr'>ἐγκαίειν,</span> <span class='ocrx_word' id='word_1_414' title='bbox 1576 659 1700 693; x_wconf 80' lang='lat' dir='ltr'><strong>inurere,</strong></span> <span class='ocrx_word' id='word_1_415' title='bbox 1718 667 1769 694; x_wconf 88' lang='lat' dir='ltr'><strong>per</strong></span> <span class='ocrx_word' id='word_1_416' title='bbox 1791 658 1919 686; x_wconf 79' lang='lat' dir='ltr'><strong>transla-</strong></span> 
     </span>
    </p>
   </div>
   <div class='ocr_carea' id='block_1_60' title="bbox 1096 702 1919 738">
    <p class='ocr_par' dir='ltr' id='par_1_60' title="bbox 1096 702 1919 738">
     <span class='ocr_line' id='line_1_60' title="bbox 1096 702 1919 738; baseline -0.002 -7"><span class='ocrx_word' id='word_1_417' title='bbox 1096 705 1206 732; x_wconf 84' lang='lat' dir='ltr'><strong>tionem</strong></span> <span class='ocrx_word' id='word_1_418' title='bbox 1222 712 1239 731; x_wconf 87' lang='lat' dir='ltr'><strong>a</strong></span> <span class='ocrx_word' id='word_1_419' title='bbox 1255 703 1333 730; x_wconf 87' lang='lat' dir='ltr'><strong>notis</strong></span> <span class='ocrx_word' id='word_1_420' title='bbox 1349 711 1411 738; x_wconf 68' lang='lat' dir='ltr'><strong>quae</strong></span> <span class='ocrx_word' id='word_1_421' title='bbox 1428 702 1786 738; x_wconf 86' lang='lat' dir='ltr'><strong>inuruntur,velagenere</strong></span> <span class='ocrx_word' id='word_1_422' title='bbox 1797 703 1919 738; x_wconf 70' lang='lat' dir='ltr'><strong>pictura</strong></span> 
     </span>
    </p>
   </div>
   <div class='ocr_carea' id='block_1_61' title="bbox 1096 747 1919 785">
    <p class='ocr_par' dir='ltr' id='par_1_61' title="bbox 1096 747 1919 785">
     <span class='ocr_line' id='line_1_61' title="bbox 1096 747 1919 785; baseline 0 -11"><span class='ocrx_word' id='word_1_423' title='bbox 1096 747 1283 785; x_wconf 65' lang='grc' dir='ltr'>ἐ-μαυπικῆς,</span> <span class='ocrx_word' id='word_1_424' title='bbox 1300 748 1334 774; x_wconf 87' lang='lat' dir='ltr'><strong>ad</strong></span> <span class='ocrx_word' id='word_1_425' title='bbox 1352 755 1441 783; x_wconf 87' lang='lat' dir='ltr'><strong>quam</strong></span> <span class='ocrx_word' id='word_1_426' title='bbox 1458 747 1633 774; x_wconf 83' lang='lat' dir='ltr'><strong>ﬁrmandam</strong></span> <span class='ocrx_word' id='word_1_427' title='bbox 1658 747 1734 783; x_wconf 82' lang='lat' dir='ltr'><strong>ignis</strong></span> <span class='ocrx_word' id='word_1_428' title='bbox 1749 747 1919 781; x_wconf 87' lang='lat' dir='ltr'><strong>adhibetur,</strong></span> 
     </span>
    </p>
   </div>
   <div class='ocr_carea' id='block_1_62' title="bbox 1097 791 1598 827">
    <p class='ocr_par' dir='ltr' id='par_1_62' title="bbox 1097 791 1598 827">
     <span class='ocr_line' id='line_1_62' title="bbox 1097 791 1598 827; baseline 0 -8"><span class='ocrx_word' id='word_1_429' title='bbox 1097 793 1176 820; x_wconf 89' lang='lat' dir='ltr'><strong>unde</strong></span> <span class='ocrx_word' id='word_1_430' title='bbox 1191 792 1267 827; x_wconf 88' lang='lat' dir='ltr'><strong>apud</strong></span> <span class='ocrx_word' id='word_1_431' title='bbox 1283 793 1367 819; x_wconf 79' lang='lat' dir='ltr'><strong>Mart.</strong></span> <span class='ocrx_word' id='word_1_432' title='bbox 1385 793 1405 819; x_wconf 91' lang='grc' dir='ltr'><strong>Ι.</strong></span> <span class='ocrx_word' id='word_1_433' title='bbox 1424 800 1461 826; x_wconf 84' lang='grc' dir='ltr'>ιν,</span> <span class='ocrx_word' id='word_1_434' title='bbox 1479 800 1524 827; x_wconf 89' lang='lat' dir='ltr'><strong>ep.</strong></span> <span class='ocrx_word' id='word_1_435' title='bbox 1540 791 1574 818; x_wconf 81' lang='grc'><strong>47</strong></span> <span class='ocrx_word' id='word_1_436' title='bbox 1592 800 1598 819; x_wconf 88' lang='lat'>:</span> 
     </span>
    </p>
   </div>
   <div class='ocr_carea' id='block_1_63' title="bbox 1133 835 1846 871">
    <p class='ocr_par' dir='ltr' id='par_1_63' title="bbox 1133 835 1846 871">
     <span class='ocr_line' id='line_1_63' title="bbox 1133 835 1846 871; baseline -0.001 -7"><span class='ocrx_word' id='word_1_437' title='bbox 1133 837 1284 864; x_wconf 73' lang='lat' dir='ltr'><strong>Encaustus</strong></span> <span class='ocrx_word' id='word_1_438' title='bbox 1294 836 1438 864; x_wconf 80' lang='lat' dir='ltr'><strong>Phaethon</strong></span> <span class='ocrx_word' id='word_1_439' title='bbox 1453 836 1550 864; x_wconf 87' lang='lat' dir='ltr'><strong>tabula</strong></span> <span class='ocrx_word' id='word_1_440' title='bbox 1564 835 1684 871; x_wconf 82' lang='lat' dir='ltr'><strong>depictus</strong></span> <span class='ocrx_word' id='word_1_441' title='bbox 1698 837 1727 863; x_wconf 81' lang='lat' dir='ltr'><strong>in</strong></span> <span class='ocrx_word' id='word_1_442' title='bbox 1742 838 1793 863; x_wconf 79' lang='lat' dir='ltr'><strong>hac</strong></span> <span class='ocrx_word' id='word_1_443' title='bbox 1805 837 1846 863; x_wconf 80' lang='lat' dir='ltr'><strong>est</strong></span> 
     </span>
    </p>
   </div>
   <div class='ocr_carea' id='block_1_64' title="bbox 1136 880 1820 916">
    <p class='ocr_par' dir='ltr' id='par_1_64' title="bbox 1136 880 1820 916">
     <span class='ocr_line' id='line_1_64' title="bbox 1136 880 1820 916; baseline -0.001 -8"><span class='ocrx_word' id='word_1_444' title='bbox 1136 881 1206 916; x_wconf 82' lang='lat' dir='ltr'><strong>Quid</strong></span> <span class='ocrx_word' id='word_1_445' title='bbox 1221 881 1273 908; x_wconf 85' lang='lat' dir='ltr'><strong>tibi</strong></span> <span class='ocrx_word' id='word_1_446' title='bbox 1285 881 1335 915; x_wconf 83' lang='lat' dir='ltr'><strong>vis,</strong></span> <span class='ocrx_word' id='word_1_447' title='bbox 1351 881 1467 916; x_wconf 82' lang='lat' dir='ltr'><strong>dipyron</strong></span> <span class='ocrx_word' id='word_1_448' title='bbox 1484 881 1533 916; x_wconf 85' lang='lat' dir='ltr'><strong>qui</strong></span> <span class='ocrx_word' id='word_1_449' title='bbox 1547 880 1717 908; x_wconf 72' lang='lat' dir='ltr'><strong>Phaethonta</strong></span> <span class='ocrx_word' id='word_1_450' title='bbox 1730 880 1820 915; x_wconf 79' lang='lat' dir='ltr'><strong>facis?</strong></span> 
     </span>
    </p>
   </div>
   <div class='ocr_carea' id='block_1_65' title="bbox 1135 923 1922 961">
    <p class='ocr_par' dir='ltr' id='par_1_65' title="bbox 1135 923 1922 961">
     <span class='ocr_line' id='line_1_65' title="bbox 1135 923 1922 961; baseline 0 -8"><span class='ocrx_word' id='word_1_451' title='bbox 1135 925 1217 953; x_wconf 88' lang='lat' dir='ltr'><strong>Prior</strong></span> <span class='ocrx_word' id='word_1_452' title='bbox 1230 928 1328 953; x_wconf 89' lang='lat' dir='ltr'><strong>tamen</strong></span> <span class='ocrx_word' id='word_1_453' title='bbox 1345 925 1429 952; x_wconf 85' lang='lat' dir='ltr'><strong>lectio</strong></span> <span class='ocrx_word' id='word_1_454' title='bbox 1441 923 1571 961; x_wconf 71' lang='grc' dir='ltr'><strong>ἐκχεύσας</strong></span> <span class='ocrx_word' id='word_1_455' title='bbox 1581 924 1625 952; x_wconf 85' lang='lat' dir='ltr'><strong>vel</strong></span> <span class='ocrx_word' id='word_1_456' title='bbox 1636 923 1733 961; x_wconf 70' lang='grc' dir='ltr'><strong>ἐκχιας</strong></span> <span class='ocrx_word' id='word_1_457' title='bbox 1749 925 1785 952; x_wconf 84' lang='lat' dir='ltr'><strong>ad</strong></span> <span class='ocrx_word' id='word_1_458' title='bbox 1800 925 1860 953; x_wconf 80' lang='lat' dir='ltr'><strong>late</strong></span> <span class='ocrx_word' id='word_1_459' title='bbox 1869 925 1922 953; x_wconf 84' lang='lat' dir='ltr'><strong>dif-</strong></span> 
     </span>
    </p>
   </div>
   <div class='ocr_carea' id='block_1_66' title="bbox 1099 969 1921 1006">
    <p class='ocr_par' dir='ltr' id='par_1_66' title="bbox 1099 969 1921 1006">
     <span class='ocr_line' id='line_1_66' title="bbox 1099 969 1921 1006; baseline 0 -8"><span class='ocrx_word' id='word_1_460' title='bbox 1099 970 1197 998; x_wconf 85' lang='lat' dir='ltr'><strong>fusum</strong></span> <span class='ocrx_word' id='word_1_461' title='bbox 1215 970 1412 1006; x_wconf 84' lang='lat' dir='ltr'><strong>improbitatis</strong></span> <span class='ocrx_word' id='word_1_462' title='bbox 1427 969 1509 997; x_wconf 90' lang='lat' dir='ltr'><strong>virus</strong></span> <span class='ocrx_word' id='word_1_463' title='bbox 1524 969 1625 997; x_wconf 79' lang='lat' dir='ltr'><strong>referri</strong></span> <span class='ocrx_word' id='word_1_464' title='bbox 1649 971 1750 1005; x_wconf 84' lang='lat' dir='ltr'><strong>posset</strong></span> <span class='ocrx_word' id='word_1_465' title='bbox 1765 977 1772 997; x_wconf 86' lang='lat'>:</span> <span class='ocrx_word' id='word_1_466' title='bbox 1787 977 1847 1005; x_wconf 75' lang='lat' dir='ltr'><strong>quo</strong></span> <span class='ocrx_word' id='word_1_467' title='bbox 1864 970 1921 998; x_wconf 80' lang='lat' dir='ltr'><strong>fere</strong></span> 
     </span>
    </p>
   </div>
   <div class='ocr_carea' id='block_1_67' title="bbox 1099 1013 1919 1050">
    <p class='ocr_par' dir='ltr' id='par_1_67' title="bbox 1099 1013 1919 1050">
     <span class='ocr_line' id='line_1_67' title="bbox 1099 1013 1919 1050; baseline -0.001 -8"><span class='ocrx_word' id='word_1_468' title='bbox 1099 1022 1188 1042; x_wconf 87' lang='lat' dir='ltr'><strong>sensu</strong></span> <span class='ocrx_word' id='word_1_469' title='bbox 1204 1017 1236 1042; x_wconf 89' lang='grc' dir='ltr'><strong>Β.</strong></span> <span class='ocrx_word' id='word_1_470' title='bbox 1247 1014 1393 1042; x_wconf 88' lang='lat' dir='ltr'><strong>Eusebius</strong></span> <span class='ocrx_word' id='word_1_471' title='bbox 1408 1015 1514 1041; x_wconf 85' lang='lat' dir='ltr'><strong>Emiss.</strong></span> <span class='ocrx_word' id='word_1_472' title='bbox 1523 1014 1603 1041; x_wconf 87' lang='lat' dir='ltr'><strong>hom.</strong></span> <span class='ocrx_word' id='word_1_473' title='bbox 1613 1022 1621 1041; x_wconf 88' lang='lat'>1</span> <span class='ocrx_word' id='word_1_474' title='bbox 1631 1014 1668 1041; x_wconf 90' lang='lat' dir='ltr'><strong>de</strong></span> <span class='ocrx_word' id='word_1_475' title='bbox 1679 1013 1761 1041; x_wconf 88' lang='lat' dir='ltr'><strong>initio</strong></span> <span class='ocrx_word' id='word_1_476' title='bbox 1772 1014 1919 1050; x_wconf 84' lang='lat' dir='ltr'><strong>Quadrag.</strong></span> 
     </span>
    </p>
   </div>
   <div class='ocr_carea' id='block_1_68' title="bbox 1099 1058 1920 1094">
    <p class='ocr_par' dir='ltr' id='par_1_68' title="bbox 1099 1058 1920 1094">
     <span class='ocr_line' id='line_1_68' title="bbox 1099 1058 1920 1094; baseline 0 -8"><span class='ocrx_word' id='word_1_477' title='bbox 1099 1059 1201 1086; x_wconf 86' lang='lat' dir='ltr'><strong>scribit</strong></span> <span class='ocrx_word' id='word_1_478' title='bbox 1215 1059 1276 1086; x_wconf 70' lang='lat' dir='ltr'><strong>haec</strong></span> <span class='ocrx_word' id='word_1_479' title='bbox 1293 1067 1299 1086; x_wconf 91' lang='lat'><strong>:</strong></span> <span class='ocrx_word' id='word_1_480' title='bbox 1318 1059 1395 1086; x_wconf 82' lang='lat' dir='ltr'><strong>Sicut</strong></span> <span class='ocrx_word' id='word_1_481' title='bbox 1420 1058 1531 1094; x_wconf 81' lang='lat' dir='ltr'><strong>quando</strong></span> <span class='ocrx_word' id='word_1_482' title='bbox 1550 1059 1653 1093; x_wconf 79' lang='lat' dir='ltr'><strong>aliquis</strong></span> <span class='ocrx_word' id='word_1_483' title='bbox 1666 1062 1758 1093; x_wconf 80' lang='lat' dir='ltr'><strong>peccat</strong></span> <span class='ocrx_word' id='word_1_484' title='bbox 1776 1058 1829 1085; x_wconf 70' lang='lat' dir='ltr'><strong>sub</strong></span> <span class='ocrx_word' id='word_1_485' title='bbox 1854 1067 1920 1086; x_wconf 80' lang='lat' dir='ltr'><strong>con-</strong></span> 
     </span>
    </p>
   </div>
   <div class='ocr_carea' id='block_1_69' title="bbox 1097 1102 1920 1138">
    <p class='ocr_par' dir='ltr' id='par_1_69' title="bbox 1097 1102 1920 1138">
     <span class='ocr_line' id='line_1_69' title="bbox 1097 1102 1920 1138; baseline 0 -8"><span class='ocrx_word' id='word_1_486' title='bbox 1097 1104 1215 1130; x_wconf 79' lang='lat' dir='ltr'><strong>scientia</strong></span> <span class='ocrx_word' id='word_1_487' title='bbox 1229 1111 1262 1130; x_wconf 88' lang='lat' dir='ltr'><strong>ac</strong></span> <span class='ocrx_word' id='word_1_488' title='bbox 1276 1103 1455 1131; x_wconf 80' lang='lat' dir='ltr'><strong>destructione</strong></span> <span class='ocrx_word' id='word_1_489' title='bbox 1468 1103 1666 1138; x_wconf 83' lang='lat' dir='ltr'><strong>plurimorum,</strong></span> <span class='ocrx_word' id='word_1_490' title='bbox 1683 1102 1719 1130; x_wconf 87' lang='lat' dir='ltr'><strong>de</strong></span> <span class='ocrx_word' id='word_1_491' title='bbox 1733 1102 1861 1138; x_wconf 83' lang='lat' dir='ltr'><strong>pluribus</strong></span> <span class='ocrx_word' id='word_1_492' title='bbox 1876 1104 1920 1130; x_wconf 85' lang='lat' dir='ltr'><strong>in-</strong></span> 
     </span>
    </p>
   </div>
   <div class='ocr_carea' id='block_1_70' title="bbox 1097 1147 1920 1183">
    <p class='ocr_par' dir='ltr' id='par_1_70' title="bbox 1097 1147 1920 1183">
     <span class='ocr_line' id='line_1_70' title="bbox 1097 1147 1920 1183; baseline -0.001 -8"><span class='ocrx_word' id='word_1_493' title='bbox 1097 1148 1187 1175; x_wconf 80' lang='lat' dir='ltr'><strong>currit</strong></span> <span class='ocrx_word' id='word_1_494' title='bbox 1201 1149 1329 1175; x_wconf 83' lang='lat' dir='ltr'><strong>reatum:</strong></span> <span class='ocrx_word' id='word_1_495' title='bbox 1345 1149 1370 1175; x_wconf 84' lang='lat' dir='ltr'><strong>et</strong></span> <span class='ocrx_word' id='word_1_496' title='bbox 1384 1151 1515 1183; x_wconf 83' lang='lat' dir='ltr'><strong>quantum</strong></span> <span class='ocrx_word' id='word_1_497' title='bbox 1527 1155 1577 1182; x_wconf 83' lang='lat' dir='ltr'><strong>per</strong></span> <span class='ocrx_word' id='word_1_498' title='bbox 1591 1148 1674 1174; x_wconf 86' lang='lat' dir='ltr'><strong>unius</strong></span> <span class='ocrx_word' id='word_1_499' title='bbox 1689 1147 1805 1174; x_wconf 87' lang='lat' dir='ltr'><strong>membri</strong></span> <span class='ocrx_word' id='word_1_500' title='bbox 1819 1148 1920 1175; x_wconf 84' lang='lat' dir='ltr'><strong>vitium</strong></span> 
     </span>
    </p>
   </div>
   <div class='ocr_carea' id='block_1_71' title="bbox 1096 1191 1919 1227">
    <p class='ocr_par' dir='ltr' id='par_1_71' title="bbox 1096 1191 1919 1227">
     <span class='ocr_line' id='line_1_71' title="bbox 1096 1191 1919 1227; baseline 0 -8"><span class='ocrx_word' id='word_1_501' title='bbox 1096 1192 1181 1227; x_wconf 84' lang='lat' dir='ltr'><strong>serpit</strong></span> <span class='ocrx_word' id='word_1_502' title='bbox 1205 1193 1259 1220; x_wconf 82' lang='lat' dir='ltr'><strong>late</strong></span> <span class='ocrx_word' id='word_1_503' title='bbox 1282 1192 1411 1227; x_wconf 67' lang='lat' dir='ltr'><strong>diﬁusum</strong></span> <span class='ocrx_word' id='word_1_504' title='bbox 1428 1192 1538 1226; x_wconf 86' lang='lat' dir='ltr'><strong>reliqua</strong></span> <span class='ocrx_word' id='word_1_505' title='bbox 1550 1199 1599 1227; x_wconf 80' lang='lat' dir='ltr'><strong>per</strong></span> <span class='ocrx_word' id='word_1_506' title='bbox 1612 1191 1734 1219; x_wconf 82' lang='lat' dir='ltr'><strong>membra</strong></span> <span class='ocrx_word' id='word_1_507' title='bbox 1747 1193 1919 1227; x_wconf 86' lang='lat' dir='ltr'><strong>contagium,</strong></span> 
     </span>
    </p>
   </div>
   <div class='ocr_carea' id='block_1_72' title="bbox 1097 1235 1920 1271">
    <p class='ocr_par' dir='ltr' id='par_1_72' title="bbox 1097 1235 1920 1271">
     <span class='ocr_line' id='line_1_72' title="bbox 1097 1235 1920 1271; baseline 0 -8"><span class='ocrx_word' id='word_1_508' title='bbox 1097 1238 1205 1264; x_wconf 84' lang='lat' dir='ltr'><strong>tantum</strong></span> <span class='ocrx_word' id='word_1_509' title='bbox 1229 1237 1257 1264; x_wconf 83' lang='lat' dir='ltr'><strong>in</strong></span> <span class='ocrx_word' id='word_1_510' title='bbox 1281 1240 1419 1264; x_wconf 83' lang='lat' dir='ltr'><strong>auctorem</strong></span> <span class='ocrx_word' id='word_1_511' title='bbox 1437 1243 1520 1263; x_wconf 87' lang='lat' dir='ltr'><strong>suum</strong></span> <span class='ocrx_word' id='word_1_512' title='bbox 1534 1235 1705 1271; x_wconf 82' lang='lat' dir='ltr'><strong>multiplicis</strong></span> <span class='ocrx_word' id='word_1_513' title='bbox 1717 1236 1787 1263; x_wconf 85' lang='lat' dir='ltr'><strong>mali</strong></span> <span class='ocrx_word' id='word_1_514' title='bbox 1800 1237 1920 1263; x_wconf 83' lang='lat' dir='ltr'><strong>recurrit</strong></span> 
     </span>
    </p>
   </div>
   <div class='ocr_carea' id='block_1_73' title="bbox 1096 1285 1286 1316">
    <p class='ocr_par' dir='ltr' id='par_1_73' title="bbox 1096 1285 1286 1316">
     <span class='ocr_line' id='line_1_73' title="bbox 1096 1285 1286 1316; baseline -0.005 -8"><span class='ocrx_word' id='word_1_515' title='bbox 1096 1285 1286 1316; x_wconf 80' lang='lat' dir='ltr'><strong>augmentum.</strong></span> 
     </span>
    </p>
   </div>
   <div class='ocr_carea' id='block_1_74' title="bbox 1133 1323 1916 1361">
    <p class='ocr_par' dir='ltr' id='par_1_74' title="bbox 1133 1323 1916 1361">
     <span class='ocr_line' id='line_1_74' title="bbox 1133 1323 1916 1361; baseline -0.003 -9"><span class='ocrx_word' id='word_1_516' title='bbox 1133 1325 1234 1353; x_wconf 89' lang='lat' dir='ltr'><strong>Ibid.C</strong></span> <span class='ocrx_word' id='word_1_517' title='bbox 1250 1325 1292 1352; x_wconf 89' lang='grc'><strong>11.</strong></span> <span class='ocrx_word' id='word_1_518' title='bbox 1305 1324 1420 1361; x_wconf 85' lang='lat' dir='ltr'><strong>Legitur</strong></span> <span class='ocrx_word' id='word_1_519' title='bbox 1434 1324 1464 1352; x_wconf 92' lang='lat' dir='ltr'><strong>in</strong></span> <span class='ocrx_word' id='word_1_520' title='bbox 1480 1324 1544 1353; x_wconf 90' lang='lat' dir='ltr'><strong>cod.</strong></span> <span class='ocrx_word' id='word_1_521' title='bbox 1561 1332 1710 1352; x_wconf 85' lang='lat' dir='ltr'><strong>manuscr.</strong></span> <span class='ocrx_word' id='word_1_522' title='bbox 1727 1323 1786 1356; x_wconf 68' lang='grc' dir='ltr'>υἱὸς</span> <span class='ocrx_word' id='word_1_523' title='bbox 1801 1323 1916 1358; x_wconf 73' lang='grc' dir='ltr'>ἒκιῖνος,</span> 
     </span>
    </p>
   </div>
   <div class='ocr_carea' id='block_1_75' title="bbox 1096 1367 1187 1404">
    <p class='ocr_par' dir='ltr' id='par_1_75' title="bbox 1096 1367 1187 1404">
     <span class='ocr_line' id='line_1_75' title="bbox 1096 1367 1187 1404; baseline 0.022 -8"><span class='ocrx_word' id='word_1_524' title='bbox 1096 1369 1119 1404; x_wconf 85' lang='grc' dir='ltr'>ᾦ</span> <span class='ocrx_word' id='word_1_525' title='bbox 1133 1367 1187 1398; x_wconf 84' lang='grc' dir='ltr'>διά.</span> 
     </span>
    </p>
   </div>
   <div class='ocr_carea' id='block_1_76' title="bbox 1380 1421 1624 1441">
    <p class='ocr_par' dir='ltr' id='par_1_76' title="bbox 1380 1421 1624 1441">
     <span class='ocr_line' id='line_1_76' title="bbox 1380 1421 1624 1441; baseline -0.004 -1"><span class='ocrx_word' id='word_1_526' title='bbox 1380 1422 1408 1441; x_wconf 81' lang='grc' dir='ltr'><strong>ΙΝ</strong></span> <span class='ocrx_word' id='word_1_527' title='bbox 1427 1421 1504 1440; x_wconf 76' lang='lat' dir='ltr'><strong>PSAL-</strong></span> <span class='ocrx_word' id='word_1_528' title='bbox 1526 1421 1624 1440; x_wconf 76' lang='lat' dir='ltr'><strong>XXVIII.</strong></span> 
     </span>
    </p>
   </div>
   <div class='ocr_carea' id='block_1_77' title="bbox 1131 1455 1917 1494">
    <p class='ocr_par' dir='ltr' id='par_1_77' title="bbox 1131 1455 1917 1494">
     <span class='ocr_line' id='line_1_77' title="bbox 1131 1455 1917 1494; baseline -0.004 -8"><span class='ocrx_word' id='word_1_529' title='bbox 1131 1457 1191 1486; x_wconf 88' lang='lat' dir='ltr'><strong>Col.</strong></span> <span class='ocrx_word' id='word_1_530' title='bbox 1217 1458 1268 1485; x_wconf 76' lang='grc'><strong>284</strong></span> <span class='ocrx_word' id='word_1_531' title='bbox 1297 1459 1320 1484; x_wconf 83' lang='grc' dir='ltr'><strong>Α</strong></span> <span class='ocrx_word' id='word_1_532' title='bbox 1347 1458 1390 1486; x_wconf 88' lang='grc'><strong>15.</strong></span> <span class='ocrx_word' id='word_1_533' title='bbox 1421 1458 1463 1493; x_wconf 77' lang='grc' dir='ltr'><strong>Τῇ</strong></span> <span class='ocrx_word' id='word_1_534' title='bbox 1492 1455 1661 1494; x_wconf 73' lang='grc' dir='ltr'>ἐπιχορηγίᾳ</span> <span class='ocrx_word' id='word_1_535' title='bbox 1687 1458 1735 1484; x_wconf 78' lang='grc' dir='ltr'><strong>τοῦ</strong></span> <span class='ocrx_word' id='word_1_536' title='bbox 1759 1456 1917 1492; x_wconf 77' lang='grc' dir='ltr'>Πνεύματος</span> 
     </span>
    </p>
   </div>
   <div class='ocr_carea' id='block_1_78' title="bbox 1095 1501 1917 1539">
    <p class='ocr_par' dir='ltr' id='par_1_78' title="bbox 1095 1501 1917 1539">
     <span class='ocr_line' id='line_1_78' title="bbox 1095 1501 1917 1539; baseline 0.002 -11"><span class='ocrx_word' id='word_1_537' title='bbox 1095 1501 1155 1539; x_wconf 69' lang='lat' dir='ltr'><strong>aps.</strong></span> <span class='ocrx_word' id='word_1_538' title='bbox 1173 1503 1279 1531; x_wconf 89' lang='lat' dir='ltr'><strong>Eodem</strong></span> <span class='ocrx_word' id='word_1_539' title='bbox 1296 1504 1429 1538; x_wconf 82' lang='lat' dir='ltr'><strong>spectant</strong></span> <span class='ocrx_word' id='word_1_540' title='bbox 1443 1501 1493 1529; x_wconf 85' lang='lat' dir='ltr'><strong>illa</strong></span> <span class='ocrx_word' id='word_1_541' title='bbox 1508 1502 1585 1537; x_wconf 89' lang='lat' dir='ltr'><strong>apud</strong></span> <span class='ocrx_word' id='word_1_542' title='bbox 1601 1502 1783 1530; x_wconf 88' lang='lat' dir='ltr'><strong>Clementem</strong></span> <span class='ocrx_word' id='word_1_543' title='bbox 1798 1502 1917 1530; x_wconf 82' lang='lat' dir='ltr'><strong>Alex.in</strong></span> 
     </span>
    </p>
   </div>
   <div class='ocr_carea' id='block_1_79' title="bbox 1097 1547 1890 1583">
    <p class='ocr_par' dir='ltr' id='par_1_79' title="bbox 1097 1547 1890 1583">
     <span class='ocr_line' id='line_1_79' title="bbox 1097 1547 1890 1583; baseline -0.006 -8"><span class='ocrx_word' id='word_1_544' title='bbox 1097 1547 1209 1583; x_wconf 81' lang='lat' dir='ltr'><strong>Hymno</strong></span> <span class='ocrx_word' id='word_1_545' title='bbox 1225 1547 1259 1574; x_wconf 76' lang='lat' dir='ltr'><strong>ad</strong></span> <span class='ocrx_word' id='word_1_546' title='bbox 1276 1548 1439 1580; x_wconf 76' lang='lat' dir='ltr'><strong>Csars&#39;rUM,</strong></span> <span class='ocrx_word' id='word_1_547' title='bbox 1883 1548 1890 1555; x_wconf 88' lang='lat'><em>&#39;</em></span> 
     </span>
    </p>
   </div>
   <div class='ocr_carea' id='block_1_80' title="bbox 1324 1588 1544 1627">
    <p class='ocr_par' dir='ltr' id='par_1_80' title="bbox 1324 1588 1544 1627">
     <span class='ocr_line' id='line_1_80' title="bbox 1324 1588 1544 1627; baseline 0 -11"><span class='ocrx_word' id='word_1_548' title='bbox 1324 1589 1412 1625; x_wconf 79' lang='grc' dir='ltr'>θηλῆς</span> <span class='ocrx_word' id='word_1_549' title='bbox 1428 1588 1544 1627; x_wconf 77' lang='grc' dir='ltr'>λογικῆς</span> 
     </span>
    </p>
   </div>
   <div class='ocr_carea' id='block_1_81' title="bbox 1254 1632 1528 1671">
    <p class='ocr_par' dir='ltr' id='par_1_81' title="bbox 1254 1632 1528 1671">
     <span class='ocr_line' id='line_1_81' title="bbox 1254 1632 1528 1671; baseline -0.011 -9"><span class='ocrx_word' id='word_1_550' title='bbox 1254 1633 1389 1670; x_wconf 77' lang='grc' dir='ltr'>ΙΙνεύματι</span> <span class='ocrx_word' id='word_1_551' title='bbox 1406 1632 1528 1671; x_wconf 76' lang='grc' dir='ltr'>δροσερῷ</span> 
     </span>
    </p>
   </div>
   <div class='ocr_carea' id='block_1_82' title="bbox 1255 1678 1485 1714">
    <p class='ocr_par' dir='ltr' id='par_1_82' title="bbox 1255 1678 1485 1714">
     <span class='ocr_line' id='line_1_82' title="bbox 1255 1678 1485 1714; baseline -0.009 -8"><span class='ocrx_word' id='word_1_552' title='bbox 1255 1678 1485 1714; x_wconf 81' lang='grc' dir='ltr'>Ἐμπιπλάμενοι.</span> 
     </span>
    </p>
   </div>
   <div class='ocr_carea' id='block_1_83' title="bbox 1253 1723 1650 1759">
    <p class='ocr_par' dir='ltr' id='par_1_83' title="bbox 1253 1723 1650 1759">
     <span class='ocr_line' id='line_1_83' title="bbox 1253 1723 1650 1759; baseline 0.003 -8"><span class='ocrx_word' id='word_1_553' title='bbox 1253 1724 1376 1751; x_wconf 73' lang='grc' dir='ltr'><strong>Ματηγηω</strong></span> <span class='ocrx_word' id='word_1_554' title='bbox 1391 1724 1496 1751; x_wconf 87' lang='lat' dir='ltr'><strong>ratione</strong></span> <span class='ocrx_word' id='word_1_555' title='bbox 1509 1723 1650 1759; x_wconf 59' lang='lat' dir='ltr'><strong>praedictar</strong></span> 
     </span>
    </p>
   </div>
   <div class='ocr_carea' id='block_1_84' title="bbox 1253 1767 1498 1796">
    <p class='ocr_par' dir='ltr' id='par_1_84' title="bbox 1253 1767 1498 1796">
     <span class='ocr_line' id='line_1_84' title="bbox 1253 1767 1498 1796; baseline 0 -1"><span class='ocrx_word' id='word_1_556' title='bbox 1253 1768 1378 1796; x_wconf 78' lang='lat' dir='ltr'><strong>Flumine</strong></span> <span class='ocrx_word' id='word_1_557' title='bbox 1392 1767 1498 1796; x_wconf 84' lang='lat' dir='ltr'><strong>roscido</strong></span> 
     </span>
    </p>
   </div>
   <div class='ocr_carea' id='block_1_85' title="bbox 1256 1813 1462 1847">
    <p class='ocr_par' dir='ltr' id='par_1_85' title="bbox 1256 1813 1462 1847">
     <span class='ocr_line' id='line_1_85' title="bbox 1256 1813 1462 1847; baseline -0.01 -6"><span class='ocrx_word' id='word_1_558' title='bbox 1256 1813 1342 1847; x_wconf 82' lang='lat' dir='ltr'><strong>Usque</strong></span> <span class='ocrx_word' id='word_1_559' title='bbox 1357 1813 1462 1847; x_wconf 83' lang='lat' dir='ltr'><strong>referti.</strong></span> 
     </span>
    </p>
   </div>
   <div class='ocr_carea' id='block_1_86' title="bbox 1379 1864 1629 1884">
    <p class='ocr_par' dir='ltr' id='par_1_86' title="bbox 1379 1864 1629 1884">
     <span class='ocr_line' id='line_1_86' title="bbox 1379 1864 1629 1884; baseline -0.004 0"><span class='ocrx_word' id='word_1_560' title='bbox 1379 1865 1408 1884; x_wconf 79' lang='lat' dir='ltr'><strong>XN</strong></span> <span class='ocrx_word' id='word_1_561' title='bbox 1428 1864 1506 1884; x_wconf 77' lang='lat' dir='ltr'><strong>PSAL.</strong></span> <span class='ocrx_word' id='word_1_562' title='bbox 1522 1865 1629 1884; x_wconf 74' lang='lat' dir='ltr'><strong>XXXVII.</strong></span> 
     </span>
    </p>
   </div>
   <div class='ocr_carea' id='block_1_87' title="bbox 1131 1899 1919 1939">
    <p class='ocr_par' dir='ltr' id='par_1_87' title="bbox 1131 1899 1919 1939">
     <span class='ocr_line' id='line_1_87' title="bbox 1131 1899 1919 1939; baseline -0.003 -10"><span class='ocrx_word' id='word_1_563' title='bbox 1131 1904 1212 1929; x_wconf 87' lang='lat' dir='ltr'><strong>Tom.</strong></span> <span class='ocrx_word' id='word_1_564' title='bbox 1228 1902 1264 1936; x_wconf 85' lang='grc' dir='ltr'><strong>ΙΙ,</strong></span> <span class='ocrx_word' id='word_1_565' title='bbox 1281 1900 1334 1929; x_wconf 88' lang='lat' dir='ltr'><strong>col.</strong></span> <span class='ocrx_word' id='word_1_566' title='bbox 1350 1901 1386 1928; x_wconf 84' lang='lat'>92</span> <span class='ocrx_word' id='word_1_567' title='bbox 1411 1901 1433 1928; x_wconf 91' lang='lat' dir='ltr'>D</span> <span class='ocrx_word' id='word_1_568' title='bbox 1455 1901 1481 1928; x_wconf 89' lang='lat'><strong>3.</strong></span> <span class='ocrx_word' id='word_1_569' title='bbox 1500 1903 1553 1928; x_wconf 80' lang='grc' dir='ltr'><strong>Πᾶν</strong></span> <span class='ocrx_word' id='word_1_570' title='bbox 1580 1899 1731 1937; x_wconf 66' lang='grc' dir='ltr'>ἁμάρτημα</span> <span class='ocrx_word' id='word_1_571' title='bbox 1759 1901 1817 1928; x_wconf 73' lang='grc' dir='ltr'><strong>κατ’</strong></span> <span class='ocrx_word' id='word_1_572' title='bbox 1834 1900 1919 1939; x_wconf 76' lang='grc' dir='ltr'>ἀφρο-</span> 
     </span>
    </p>
   </div>
   <div class='ocr_carea' id='block_1_88' title="bbox 1095 1945 1921 1983">
    <p class='ocr_par' dir='ltr' id='par_1_88' title="bbox 1095 1945 1921 1983">
     <span class='ocr_line' id='line_1_88' title="bbox 1095 1945 1921 1983; baseline 0.002 -11"><span class='ocrx_word' id='word_1_573' title='bbox 1095 1945 1176 1980; x_wconf 84' lang='grc' dir='ltr'>σύνην</span> <span class='ocrx_word' id='word_1_574' title='bbox 1192 1955 1218 1983; x_wconf 89' lang='grc' dir='ltr'><strong>γ.</strong></span> <span class='ocrx_word' id='word_1_575' title='bbox 1234 1946 1357 1974; x_wconf 83' lang='lat' dir='ltr'><strong>Axioma</strong></span> <span class='ocrx_word' id='word_1_576' title='bbox 1379 1945 1489 1973; x_wconf 84' lang='lat' dir='ltr'><strong>morale</strong></span> <span class='ocrx_word' id='word_1_577' title='bbox 1515 1947 1559 1973; x_wconf 88' lang='lat' dir='ltr'><strong>est</strong></span> <span class='ocrx_word' id='word_1_578' title='bbox 1583 1954 1600 1973; x_wconf 79' lang='grc' dir='ltr'>ει</span> <span class='ocrx_word' id='word_1_579' title='bbox 1623 1945 1723 1973; x_wconf 81' lang='lat' dir='ltr'><strong>Flacco</strong></span> <span class='ocrx_word' id='word_1_580' title='bbox 1745 1945 1787 1973; x_wconf 83' lang='lat' dir='ltr'><strong>sic</strong></span> <span class='ocrx_word' id='word_1_581' title='bbox 1803 1954 1921 1982; x_wconf 84' lang='lat' dir='ltr'><strong>expres-</strong></span> 
     </span>
    </p>
   </div>
   <div class='ocr_carea' id='block_1_89' title="bbox 1096 1999 1163 2019">
    <p class='ocr_par' dir='ltr' id='par_1_89' title="bbox 1096 1999 1163 2019">
     <span class='ocr_line' id='line_1_89' title="bbox 1096 1999 1163 2019; baseline -0.015 0"><span class='ocrx_word' id='word_1_582' title='bbox 1096 1999 1163 2019; x_wconf 84' lang='lat' dir='ltr'><strong>eum</strong></span> 
     </span>
    </p>
   </div>
   <div class='ocr_carea' id='block_1_90' title="bbox 1135 2035 1815 2070">
    <p class='ocr_par' dir='ltr' id='par_1_90' title="bbox 1135 2035 1815 2070">
     <span class='ocr_line' id='line_1_90' title="bbox 1135 2035 1815 2070; baseline 0.001 -8"><span class='ocrx_word' id='word_1_583' title='bbox 1135 2036 1224 2063; x_wconf 85' lang='lat' dir='ltr'><strong>Virtus</strong></span> <span class='ocrx_word' id='word_1_584' title='bbox 1238 2039 1278 2063; x_wconf 82' lang='lat' dir='ltr'><strong>est</strong></span> <span class='ocrx_word' id='word_1_585' title='bbox 1294 2035 1390 2063; x_wconf 86' lang='lat' dir='ltr'><strong>vitium</strong></span> <span class='ocrx_word' id='word_1_586' title='bbox 1403 2035 1509 2070; x_wconf 79' lang='lat' dir='ltr'><strong>fugere,</strong></span> <span class='ocrx_word' id='word_1_587' title='bbox 1524 2035 1549 2062; x_wconf 85' lang='lat' dir='ltr'><strong>et</strong></span> <span class='ocrx_word' id='word_1_588' title='bbox 1563 2035 1701 2070; x_wconf 74' lang='lat' dir='ltr'><strong>sapientia</strong></span> <span class='ocrx_word' id='word_1_589' title='bbox 1719 2035 1815 2070; x_wconf 87' lang='lat' dir='ltr'><strong>prima</strong></span> 
     </span>
    </p>
   </div>
   <div class='ocr_carea' id='block_1_91' title="bbox 1131 2079 1405 2108">
    <p class='ocr_par' dir='ltr' id='par_1_91' title="bbox 1131 2079 1405 2108">
     <span class='ocr_line' id='line_1_91' title="bbox 1131 2079 1405 2108; baseline 0 -1"><span class='ocrx_word' id='word_1_590' title='bbox 1131 2079 1257 2107; x_wconf 85' lang='lat' dir='ltr'><strong>Stultitia</strong></span> <span class='ocrx_word' id='word_1_591' title='bbox 1272 2081 1405 2108; x_wconf 81' lang='lat' dir='ltr'><strong>caruisse.</strong></span> 
     </span>
    </p>
   </div>
   <div class='ocr_carea' id='block_1_92' title="bbox 670 2262 1470 2324">
    <p class='ocr_par' dir='ltr' id='par_1_92' title="bbox 670 2262 1470 2324">
     <span class='ocr_line' id='line_1_92' title="bbox 670 2262 1470 2324; baseline 0.001 -2"><span class='ocrx_word' id='word_1_592' title='bbox 670 2262 966 2323; x_wconf 60' lang='lat' dir='ltr'><strong>VARUS</strong></span> <span class='ocrx_word' id='word_1_593' title='bbox 1016 2262 1470 2324; x_wconf 82' lang='lat' dir='ltr'><strong>LECTIONES</strong></span> 
     </span>
    </p>
   </div>
   <div class='ocr_carea' id='block_1_93' title="bbox 809 2378 1321 2424">
    <p class='ocr_par' dir='ltr' id='par_1_93' title="bbox 809 2378 1321 2424">
     <span class='ocr_line' id='line_1_93' title="bbox 809 2378 1321 2424; baseline -0.002 -2"><span class='ocrx_word' id='word_1_594' title='bbox 809 2380 866 2422; x_wconf 86' lang='lat' dir='ltr'><strong>IN</strong></span> <span class='ocrx_word' id='word_1_595' title='bbox 900 2378 1321 2424; x_wconf 83' lang='lat' dir='ltr'><strong>HEXAEMERON.</strong></span> 
     </span>
    </p>
   </div>
   <div class='ocr_carea' id='block_1_94' title="bbox 218 2469 1919 2509">
    <p class='ocr_par' dir='ltr' id='par_1_94' title="bbox 218 2469 1919 2509">
     <span class='ocr_line' id='line_1_94' title="bbox 218 2469 1919 2509; baseline 0.002 -12"><span class='ocrx_word' id='word_1_596' title='bbox 218 2470 299 2505; x_wconf 88' lang='lat' dir='ltr'><strong>(Cod.</strong></span> <span class='ocrx_word' id='word_1_597' title='bbox 315 2470 385 2506; x_wconf 78' lang='lat' dir='ltr'><strong>Reg.</strong></span> <span class='ocrx_word' id='word_1_598' title='bbox 401 2469 472 2498; x_wconf 90' lang='lat' dir='ltr'><strong>olim</strong></span> <span class='ocrx_word' id='word_1_599' title='bbox 488 2471 566 2505; x_wconf 84' lang='grc'><strong>1824,</strong></span> <span class='ocrx_word' id='word_1_600' title='bbox 583 2471 671 2500; x_wconf 84' lang='lat' dir='ltr'><strong>hodie</strong></span> <span class='ocrx_word' id='word_1_601' title='bbox 684 2472 747 2500; x_wconf 75' lang='grc'><strong>476.</strong></span> <span class='ocrx_word' id='word_1_602' title='bbox 765 2488 798 2494; x_wconf 90' lang='grc'><strong>-</strong></span> <span class='ocrx_word' id='word_1_603' title='bbox 812 2473 875 2501; x_wconf 89' lang='lat' dir='ltr'><strong>Non</strong></span> <span class='ocrx_word' id='word_1_604' title='bbox 892 2473 991 2509; x_wconf 81' lang='lat' dir='ltr'><strong>magni</strong></span> <span class='ocrx_word' id='word_1_605' title='bbox 1009 2473 1148 2501; x_wconf 88' lang='lat' dir='ltr'><strong>momenti</strong></span> <span class='ocrx_word' id='word_1_606' title='bbox 1163 2473 1290 2501; x_wconf 81' lang='lat' dir='ltr'><strong>varietas</strong></span> <span class='ocrx_word' id='word_1_607' title='bbox 1302 2473 1481 2508; x_wconf 85' lang='lat' dir='ltr'><strong>lectionum;</strong></span> <span class='ocrx_word' id='word_1_608' title='bbox 1499 2473 1549 2501; x_wconf 86' lang='lat' dir='ltr'><strong>sed</strong></span> <span class='ocrx_word' id='word_1_609' title='bbox 1575 2473 1669 2501; x_wconf 83' lang='lat' dir='ltr'><strong>multa</strong></span> <span class='ocrx_word' id='word_1_610' title='bbox 1693 2472 1728 2500; x_wconf 85' lang='lat' dir='ltr'><strong>ed</strong></span> <span class='ocrx_word' id='word_1_611' title='bbox 1755 2473 1919 2509; x_wconf 80' lang='lat' dir='ltr'><strong>marginem</strong></span> 
     </span>
    </p>
   </div>
   <div class='ocr_carea' id='block_1_95' title="bbox 715 2517 1412 2554">
    <p class='ocr_par' dir='ltr' id='par_1_95' title="bbox 715 2517 1412 2554">
     <span class='ocr_line' id='line_1_95' title="bbox 715 2517 1412 2554; baseline 0 -10"><span class='ocrx_word' id='word_1_612' title='bbox 715 2519 830 2544; x_wconf 81' lang='lat' dir='ltr'><strong>exstant</strong></span> <span class='ocrx_word' id='word_1_613' title='bbox 845 2517 956 2545; x_wconf 82' lang='lat' dir='ltr'><strong>scholia</strong></span> <span class='ocrx_word' id='word_1_614' title='bbox 971 2526 1036 2553; x_wconf 68' lang='lat' dir='ltr'><strong>quae</strong></span> <span class='ocrx_word' id='word_1_615' title='bbox 1051 2517 1210 2546; x_wconf 84' lang='lat' dir='ltr'><strong>Garnerius</strong></span> <span class='ocrx_word' id='word_1_616' title='bbox 1223 2518 1412 2554; x_wconf 85' lang='lat' dir='ltr'><strong>neglexerat.)</strong></span> 
     </span>
    </p>
   </div>
   <div class='ocr_carea' id='block_1_96' title="bbox 252 2692 714 2730">
    <p class='ocr_par' dir='ltr' id='par_1_96' title="bbox 252 2692 714 2730">
     <span class='ocr_line' id='line_1_96' title="bbox 252 2692 714 2730; baseline 0.004 -10"><span class='ocrx_word' id='word_1_617' title='bbox 252 2693 312 2721; x_wconf 89' lang='lat' dir='ltr'><strong>Col.</strong></span> <span class='ocrx_word' id='word_1_618' title='bbox 328 2694 356 2730; x_wconf 57' lang='grc'><strong>4.</strong></span> <span class='ocrx_word' id='word_1_619' title='bbox 370 2694 422 2720; x_wconf 76' lang='grc' dir='ltr'>Τοῦ</span> <span class='ocrx_word' id='word_1_620' title='bbox 437 2692 464 2720; x_wconf 79' lang='grc' dir='ltr'>ἐν</span> <span class='ocrx_word' id='word_1_621' title='bbox 489 2692 580 2730; x_wconf 78' lang='grc' dir='ltr'>ἁγίοις</span> <span class='ocrx_word' id='word_1_622' title='bbox 610 2694 714 2730; x_wconf 58' lang='lat' dir='ltr'><strong>Harpe;</strong></span> 
     </span>
    </p>
   </div>
   <div class='ocr_carea' id='block_1_97' title="bbox 216 2727 1035 2790">
    <p class='ocr_par' dir='ltr' id='par_1_97' title="bbox 216 2727 1035 2790">
     <span class='ocr_line' id='line_1_97' title="bbox 216 2727 1035 2790; baseline 0.006 -36"><span class='ocrx_word' id='word_1_623' title='bbox 216 2727 398 2790; x_wconf 46' lang='grc' dir='ltr'>Ἕιπισκόπου</span> <span class='ocrx_word' id='word_1_624' title='bbox 415 2727 572 2765; x_wconf 77' lang='grc' dir='ltr'>Καισαρίίας</span> <span class='ocrx_word' id='word_1_625' title='bbox 594 2727 785 2760; x_wconf 69' lang='grc' dir='ltr'>Καππαδοκίὰς</span> <span class='ocrx_word' id='word_1_626' title='bbox 809 2730 906 2767; x_wconf 83' lang='grc' dir='ltr'><strong>ὁμιλία</strong></span> <span class='ocrx_word' id='word_1_627' title='bbox 927 2732 964 2763; x_wconf 78' lang='grc' dir='ltr'><strong>εἷς</strong></span> <span class='ocrx_word' id='word_1_628' title='bbox 987 2727 1035 2767; x_wconf 76' lang='grc' dir='ltr'>τῆν</span> 
     </span>
     <span class='ocr_line' id='line_1_98' title="bbox 235 2763 807 2790; baseline 0 0"><span class='ocrx_word' id='word_1_629' title='bbox 235 2763 383 2790; x_wconf 73' lang='grc' dir='ltr'>*ξαῆιιεοον</span> <span class='ocrx_word' id='word_1_630' title='bbox 399 2765 506 2790; x_wconf 72' lang='grc' dir='ltr'>πρώτη.</span> <span class='ocrx_word' id='word_1_631' title='bbox 522 2765 564 2790; x_wconf 82' lang='grc' dir='ltr'>Ἐν</span> <span class='ocrx_word' id='word_1_632' title='bbox 581 2765 653 2790; x_wconf 76' lang='grc' dir='ltr'>ἆονῆ</span> <span class='ocrx_word' id='word_1_633' title='bbox 671 2765 807 2790; x_wconf 71' lang='grc' dir='ltr'>ὲποίνισεν.</span> 
     </span>
    </p>
   </div>
   <div class='ocr_carea' id='block_1_98' title="bbox 250 2764 807 2803">
    <p class='ocr_par' dir='ltr' id='par_1_98' title="bbox 250 2764 807 2803">
     <span class='ocr_line' id='line_1_99' title="bbox 250 2764 807 2803; baseline 0.007 -13"><span class='ocrx_word' id='word_1_634' title='bbox 250 2764 383 2801; x_wconf 79' lang='grc' dir='ltr'>ξαήμερον</span> <span class='ocrx_word' id='word_1_635' title='bbox 399 2764 506 2801; x_wconf 61' lang='grc' dir='ltr'>πρώτη.</span> <span class='ocrx_word' id='word_1_636' title='bbox 522 2765 564 2793; x_wconf 81' lang='grc' dir='ltr'>Ἐν</span> <span class='ocrx_word' id='word_1_637' title='bbox 581 2765 654 2803; x_wconf 82' lang='grc' dir='ltr'>ἀρχῇ</span> <span class='ocrx_word' id='word_1_638' title='bbox 671 2765 807 2801; x_wconf 75' lang='grc' dir='ltr'>ἐποίησεν.</span> 
     </span>
    </p>
   </div>
   <div class='ocr_carea' id='block_1_99' title="bbox 738 2694 1779 2736">
    <p class='ocr_par' dir='ltr' id='par_1_99' title="bbox 738 2694 1779 2736">
     <span class='ocr_line' id='line_1_100' title="bbox 738 2694 1779 2736; baseline 0 -15"><span class='ocrx_word' id='word_1_639' title='bbox 738 2694 819 2736; x_wconf 62' lang='grc' dir='ltr'>ἡμῶν</span> <span class='ocrx_word' id='word_1_640' title='bbox 833 2694 978 2736; x_wconf 56' lang='grc' dir='ltr'>Βᾳοιλεζου</span> <span class='ocrx_word' id='word_1_641' title='bbox 993 2696 1040 2736; x_wconf 82' lang='grc' dir='ltr'><strong>ἀρ·</strong></span> <span class='ocrx_word' id='word_1_642' title='bbox 1054 2703 1077 2736; x_wconf 86' lang='lat' dir='ltr'><strong>D</strong></span> <span class='ocrx_word' id='word_1_643' title='bbox 1203 2697 1221 2724; x_wconf 85' lang='lat'>5</span> <span class='ocrx_word' id='word_1_644' title='bbox 1236 2697 1258 2724; x_wconf 87' lang='lat' dir='ltr'>A</span> <span class='ocrx_word' id='word_1_645' title='bbox 1314 2696 1349 2736; x_wconf 68' lang='grc' dir='ltr'><strong>τῇ</strong></span> <span class='ocrx_word' id='word_1_646' title='bbox 1363 2697 1407 2732; x_wconf 86' lang='grc' dir='ltr'><strong>(γε</strong></span> <span class='ocrx_word' id='word_1_647' title='bbox 1423 2695 1597 2731; x_wconf 83' lang='lat' dir='ltr'><strong>interlitum)</strong></span> <span class='ocrx_word' id='word_1_648' title='bbox 1611 2694 1779 2730; x_wconf 75' lang='grc' dir='ltr'>ἀξιοπιστίᾳ.</span> 
     </span>
    </p>
   </div>
   <div class='ocr_carea' id='block_1_100' title="bbox 1128 2729 1443 2767">
    <p class='ocr_par' dir='ltr' id='par_1_100' title="bbox 1128 2729 1443 2767">
     <span class='ocr_line' id='line_1_101' title="bbox 1128 2729 1443 2767; baseline -0.003 -7"><span class='ocrx_word' id='word_1_649' title='bbox 1128 2736 1151 2760; x_wconf 81' lang='grc' dir='ltr'><strong>Α</strong></span> <span class='ocrx_word' id='word_1_650' title='bbox 1166 2734 1194 2760; x_wconf 92' lang='grc'><strong>8.</strong></span> <span class='ocrx_word' id='word_1_651' title='bbox 1209 2729 1443 2767; x_wconf 77' lang='grc' dir='ltr'>χαταϐαλόμένος.</span> 
     </span>
    </p>
   </div>
   <div class='ocr_carea' id='block_1_101' title="bbox 1127 2766 1919 2804">
    <p class='ocr_par' dir='ltr' id='par_1_101' title="bbox 1127 2766 1919 2804">
     <span class='ocr_line' id='line_1_102' title="bbox 1127 2766 1919 2804; baseline -0.003 -8"><span class='ocrx_word' id='word_1_652' title='bbox 1127 2772 1149 2796; x_wconf 85' lang='grc' dir='ltr'>Α</span> <span class='ocrx_word' id='word_1_653' title='bbox 1163 2769 1189 2796; x_wconf 91' lang='lat'><strong>7.</strong></span> <span class='ocrx_word' id='word_1_654' title='bbox 1207 2769 1323 2802; x_wconf 80' lang='grc' dir='ltr'><strong>Μωσῆς,</strong></span> <span class='ocrx_word' id='word_1_655' title='bbox 1347 2766 1361 2795; x_wconf 71' lang='grc'>6</span> <span class='ocrx_word' id='word_1_656' title='bbox 1392 2767 1649 2804; x_wconf 83' lang='lat' dir='ltr'><strong>suprascriptum;</strong></span> <span class='ocrx_word' id='word_1_657' title='bbox 1674 2766 1746 2795; x_wconf 87' lang='lat' dir='ltr'><strong>item</strong></span> <span class='ocrx_word' id='word_1_658' title='bbox 1766 2766 1846 2794; x_wconf 82' lang='lat' dir='ltr'><strong>linea</strong></span> <span class='ocrx_word' id='word_1_659' title='bbox 1874 2773 1919 2794; x_wconf 81' lang='lat' dir='ltr'><strong>se-</strong></span> 
     </span>
    </p>
   </div>
  </div>
