3998 6198
1655 280 1668 285 “
1748 280 1876 288 ““
1896 281 2803 294 ³·
2828 288 2975 297 ’

1347 455 2336 586 ΡΒλἘΕΑΤΙΟ.

275 798 934 879 Hieronymianorum
981 797 1250 860 editioni
1297 814 1566 876 operum
1596 814 1831 861 novem
1879 796 2011 858 fere
2055 801 2204 859 ante
2236 812 2442 860 annos
2472 797 2772 861 adornari
2830 803 3072 880 eceptae,
3117 805 3479 882 temporum

193 901 404 962 deinde
439 901 932 963 difficultatibus
965 947 982 976 ,
1044 901 1450 978 privatisque
1501 899 1840 960 oculorum
1889 899 2314 961 incommodis
2342 943 2358 971 ,
2390 901 2728 962 retardata:
2758 902 2993 963 diutius
3021 903 3251 980 paulo,
3283 920 3481 980 quam

192 1000 508 1060 facturum
544 1020 650 1062 me
695 1018 1062 1082 receperam
1090 1045 1106 1075 ,
1135 1008 1487 1061 extremam
1534 1000 1812 1076 denique
1850 1015 2114 1060 manum
2172 999 2432 1078 impono
2471 1022 2484 1060 :
2520 1004 2582 1060 et
2618 1001 2669 1060 si
2704 1002 2847 1078 quis
2881 1007 2974 1060 est
3004 1002 3184 1061 locus
3217 1019 3488 1061 excusa-

194 1100 350 1160 tioni
397 1101 565 1179 apud
621 1119 844 1178 aequos
873 1119 1088 1162 rerum
1139 1117 1432 1161 mearum
1477 1100 1924 1177 aestimatores,
1961 1099 2098 1158 dari
2136 1099 2404 1160 obsecro
2431 1145 2445 1172 ,
2476 1108 2538 1161 et
2563 1104 2818 1162 veniam
2852 1120 2970 1179 pro
3006 1105 3212 1181 gratia
3262 1103 3486 1163 studiis

191 1199 349 1259 meis
380 1215 455 1260 ac
494 1200 830 1261 laboribus
859 1217 1108 1279 precor.
1141 1199 1420 1277 Quippe,
1449 1199 1622 1277 quod
1655 1202 1791 1277 ipse
1819 1199 1970 1259 olim
2013 1200 2076 1259 S.
2112 1201 2301 1261 Pater
2330 1208 2635 1263 causatus
2671 1221 2788 1280 pro
2824 1221 2892 1264 se
2924 1209 3044 1276 est,
3077 1207 3276 1282 probe
3315 1205 3491 1278 novi,

190 1300 489 1364 Naturam
533 1301 965 1381 hujuscemodi
1008 1301 1328 1362 hominum
1376 1321 1518 1375 esse,
1551 1311 1771 1363 utnon
1802 1309 2042 1363 tantam
2079 1304 2352 1381 gratiam
2407 1302 2667 1364 habeant
2704 1321 2828 1382 pro
2857 1304 2974 1376 his,
3001 1325 3136 1384 qua?
3167 1303 3491 1380 (rib'ueris,

191 1411 481 1482 quantum
513 1401 796 1463 dolorem
824 1420 1013 1483 super
1052 1402 1148 1464 his
1183 1421 1318 1483 qua
1343 1405 1800 1480 negaveris.....
1838 1404 2098 1464 Minore
2128 1403 2289 1464 enim
2337 1403 2549 1464 studio
2586 1405 2853 1465 virtutes
2889 1403 3214 1464 laudamus
3239 1450 3254 1478 ,
3302 1425 3487 1485 quam

194 1501 345 1561 citia
370 1501 1116 1582 reprehendimusXPraaf.
1145 1501 1258 1564 lib.
1284 1520 1378 1562 xu
1401 1503 1466 1563 in
1493 1500 1774 1581 Ezech.).
1808 1502 1924 1564 Sed
1949 1503 2082 1565 haec
2101 1505 2300 1565 missa
2321 1503 2652 1566 faciamus.
2678 1505 2914 1566 Eccum
2943 1506 3178 1584 ipsum,
3209 1523 3341 1584 quo
3361 1510 3493 1568 col-

202 1607 379 1669 lectio
406 1611 630 1669 nostra
660 1606 870 1667 omnis
902 1607 1067 1667 libro
1097 1604 1531 1681 concluditur,
1563 1609 1625 1664 et
1647 1603 1862 1666 datam
1887 1606 2148 1684 publico
2185 1605 2371 1666 fidem
2404 1606 2828 1667 exsolvimus.

264 1706 728 1785 Complectitur
753 1713 962 1768 tomus
990 1706 1108 1767 iste
1140 1706 1408 1767 ultimus
1447 1723 1905 1778 SUPPOSITITIA,
1965 1707 2103 1770 sive
2127 1726 2271 1787 qua:
2300 1708 2452 1769 olim
2481 1708 2723 1786 scripta
2774 1717 2997 1772 sancto
3027 1709 3288 1786 quidem
3328 1711 3488 1774 Hie-

193 1825 464 1888 ronymo
493 1807 804 1868 attributa
838 1812 989 1867 sunt
1018 1851 1034 1881 ,
1066 1806 1424 1885 junctaque
1451 1851 1466 1877 ,
1497 1812 1608 1867 aut
1642 1807 1834 1867 etiam
1886 1810 2178 1871 immixta
2213 1809 2378 1870 veris
2417 1810 2658 1888 ingenii
2693 1810 2831 1887 ejus
2868 1812 3138 1888 fetibus;
3173 1830 3242 1872 re
3270 1819 3490 1875 autem

197 1929 338 1976 vera
370 1912 459 1973 ab
487 1910 629 1971 aliis
669 1916 863 1982 sunt,
899 1925 1029 1969 non
1078 1908 1160 1969 ab
1192 1908 1330 1985 ipso
1358 1907 1697 1969 adornata.
1740 1910 1897 1981 Quae
1949 1927 2093 1970 cum
2140 1927 2407 1988 prorsus
2443 1911 2784 1972 eliminare
2817 1959 2832 1987 ,
2861 1913 3066 1991 deque
3097 1920 3315 1977 vetere
3345 1934 3495 1994 pos-

196 2011 483 2072 sessione
513 2007 816 2086 dejicere,
848 2007 1435 2086 imprmsentiarum
1470 2025 1596 2067 non
1648 2007 1840 2068 liceat
1885 2008 2194 2086 (quodam
2222 2009 2393 2068 enim
2444 2008 2632 2085 quasi
2665 2011 2926 2071 vernilis
2974 2015 3211 2074 sobolis
3241 2016 3386 2093 jure
3416 2019 3494 2079 ad

205 2131 344 2176 eum
381 2111 736 2190 spectant),
770 2110 1094 2188 reliquum
1132 2127 1332 2170 unum
1363 2116 1456 2170 est
1487 2109 1698 2187 nobis,
1737 2109 2045 2170 familiam
2097 2109 2264 2170 hanc
2302 2108 2507 2170 facere
2543 2109 2781 2170 alicubi
2810 2129 2892 2171 ex
2929 2115 3098 2176 mala
3147 2117 3496 2181 meliuscu-

204 2220 352 2291 lam,
385 2233 480 2278 ex
513 2214 731 2294 ignota
756 2215 910 2276 alibi
945 2218 1188 2287 notam,
1219 2232 1298 2274 ex
1355 2212 1784 2290 incomposita
1830 2211 2318 2274 ordinatiorem.
2353 2214 2508 2276 Cum
2549 2214 2770 2292 primis
2804 2232 2960 2275 vero
2993 2215 3277 2278 delectus
3325 2223 3502 2299 capi-

197 2332 320 2387 tum
355 2324 702 2387 habendus
733 2345 747 2385 :
781 2331 914 2384 tum
944 2325 1020 2386 de
1046 2322 1319 2402 singulis
1350 2321 1611 2383 ferenda
1636 2321 1980 2382 sententia.
2012 2320 2260 2397 Scripta
2290 2321 2507 2398 itaque
2541 2321 2678 2396 illa,
2701 2336 2846 2397 quae
2876 2337 3002 2380 non
3035 2321 3224 2383 modo
3255 2331 3505 2386 certum

200 2445 454 2506 german
477 2446 715 2506 umque
774 2433 1107 2489 auctorem
1163 2443 1356 2486 suum
1409 2427 1720 2500 nossent,
1767 2424 2282 2503 inscriptumque
2314 2422 2500 2483 titulo
2547 2440 2780 2483 nomen
2834 2423 3251 2500 praeferrent:
3293 2429 3401 2488 sed
3440 2428 3508 2490 in

204 2526 486 2605 ejusmet
540 2527 732 2588 etiam
771 2525 1052 2586 editione
1100 2541 1371 2604 operum
1403 2523 1600 2602 vulgo
1631 2528 2000 2603 prostarent
2030 2566 2046 2596 ,
2077 2521 2282 2600 gradu
2329 2523 2797 2582 submovimus.
2856 2523 3292 2602 Praeterquam
3335 2529 3510 2590 enim

199 2629 357 2708 quod
388 2630 681 2691 otiosum
720 2628 908 2706 plane
939 2631 1135 2704 atque
1161 2626 1451 2704 ineptum
1481 2630 1616 2701 est,
1649 2625 1888 2686 centies
1932 2622 2238 2684 recudere
2276 2639 2405 2682 non
2455 2639 2574 2684 suo
2604 2623 2786 2696 loco,
2821 2640 2967 2700 qua:
2997 2641 3117 2685 suo
3148 2625 3410 2704 habeas,
3449 2635 3513 2690 et

202 2729 648 2792 collectionem
683 2743 958 2789 onerare
992 2727 1202 2786 inutili
1237 2727 1658 2806 scriptionum
1692 2733 1868 2786 strue
1902 2745 1917 2785 :
1954 2743 2145 2786 nemo
2189 2725 2300 2786 illa
2331 2743 2638 2804 umquam
2671 2728 2840 2804 apud
2867 2727 3360 2807 Hieronymum,
3393 2731 3509 2792 sed

210 2831 372 2910 apud
405 2834 748 2892 auctorem
781 2845 970 2887 suum
1007 2827 1297 2905 requirat
1334 2847 1348 2884 :
1383 2843 1591 2904 eaque
1627 2825 1883 2887 laudem
1919 2823 2180 2901 quidem
2213 2824 2499 2901 aliquam
2523 2869 2541 2900 ,
2578 2843 2704 2885 non
2736 2843 2817 2885 ex
2853 2825 3132 2903 quadam
3162 2828 3258 2886 sui
3300 2836 3508 2906 parte,

195 2934 301 2994 sed
329 2950 410 2995 ex
441 2933 705 3009 integro
732 2937 1038 2992 contextu
1069 2945 1339 3007 Operum
1367 2928 1668 2989 habeant.
1703 2928 1780 2987 Et
1810 2942 1969 2988 sane
1999 2928 2109 3004 qui
2134 2927 2270 2987 haec
2303 2926 2508 2987 editor
2539 2928 2844 3006 negligat,
2880 2935 2988 2990 aut
3039 2930 3103 2989 in
3135 2930 3254 2992 hac
3282 2934 3498 2993 erudi-

197 3036 386 3097 tionis
420 3041 611 3115 parte
643 3036 966 3105 laborare,
996 3039 1109 3095 aut
1144 3033 1279 3094 suis
1305 3036 1475 3094 certe
1501 3031 1752 3098 studiis,
1780 3031 2233 3107 lectorumqne
2264 3030 2523 3091 utilitati
2559 3047 2788 3108 parum
2817 3031 3158 3092 consulere
3190 3031 3503 3094 videatur.

197 3139 375 3200 Beda:
409 3143 599 3218 puta,
628 3144 690 3199 et
715 3137 1039 3212 Rhabani,
1073 3153 1358 3215 quorum
1385 3139 1574 3195 erant
1608 3133 1892 3194 maxima
1925 3149 2006 3192 ex
2033 3137 2240 3209 parte,
2275 3150 2420 3211 qum
2469 3132 2620 3192 hinc
2657 3132 3177 3208 amandavimus,
3207 3150 3403 3210 opera
3443 3136 3510 3196 in

198 3255 397 3300 unum
439 3240 707 3301 collecta
739 3238 900 3299 nulli
933 3255 1061 3299 non
1101 3245 1254 3297 sunt
1302 3237 1363 3295 in
1407 3239 1706 3314 promptu
1736 3277 1751 3303 ,
1780 3235 1855 3293 ut
1887 3232 2178 3309 quaedam
2225 3251 2304 3294 ex
2353 3251 2580 3294 eorum
2628 3233 3123 3296 Commentariis
3176 3234 3510 3309 particulze

205 3343 374 3402 inter
406 3342 789 3421 Hieronymi
824 3339 1153 3401 subdititia
1199 3339 1434 3417 scripta
1461 3337 1588 3397 sint
1619 3334 2015 3398 recudendm.
2047 3335 2286 3396 Contra
2327 3335 2500 3395 hunc
2536 3334 2680 3412 jure
2731 3335 2851 3394 sibi
2891 3333 3219 3394 vindicant
3256 3333 3498 3410 locum,

198 3459 341 3519 qua:
371 3442 627 3506 tametsi
661 3447 908 3503 certum
938 3446 1266 3501 auctorem
1297 3438 1602 3509 habeant,
1636 3441 1747 3497 aut
1779 3435 1932 3495 alibi
1964 3439 2210 3512 tamen,
2239 3451 2440 3514 quam
2496 3434 2666 3511 apud
2693 3435 3025 3506 Nostrum,
3059 3436 3342 3512 reperire
3376 3454 3508 3498 non

196 3551 312 3617 est,
350 3553 466 3608 aut
497 3545 939 3626 peregrinisin
970 3543 1128 3604 locis
1160 3542 1328 3620 apud
1359 3542 1550 3617 alios,
1585 3547 1643 3602 et
1674 3559 1820 3618 quae
1850 3539 2001 3600 hinc
2035 3541 2339 3601 exsulare
2378 3540 2430 3600 si
2469 3538 2729 3617 jubeas,
2765 3540 2948 3602 facile
2976 3559 3120 3602 cum
3147 3543 3234 3602 rei
3268 3543 3514 3608 littera-

196 3646 304 3708 riae
329 3645 680 3726 dispendio
709 3645 1117 3708 intercidant.
1149 3645 1529 3724 Hujusmodi
1561 3652 1712 3705 sunt
1750 3643 2042 3724 ingentes
2077 3642 2142 3702 in
2171 3642 2352 3702 Pauli
2382 3641 2702 3720 Epistolas
2745 3643 2984 3721 Pelagii
3025 3645 3509 3724 Commentarii,

196 3746 480 3810 hominis
515 3748 827 3821 haeretici,
862 3750 923 3808 et
957 3747 1358 3825 Hieronymo
1395 3745 1817 3806 infensissimi
1849 3792 1866 3824 ,
1913 3749 1984 3805 ut
2024 3743 2228 3821 magis
2262 3740 2544 3814 mireris,
2585 3740 2808 3804 haberi
2845 3759 3158 3821 umquam
3192 3761 3308 3824 pro
3352 3746 3506 3810 Hie-

195 3851 606 3930 ronymianis
635 3850 954 3929 potuisse.
990 3849 1132 3911 Alia
1161 3848 1223 3910 id
1267 3867 1471 3927 genus
1503 3855 1655 3909 sunt
1685 3849 2020 3927 pleraque.

272 3951 392 4013 Sed
427 3957 494 4012 et
531 3952 737 4014 multa
765 3956 973 4027 erant,
1004 3969 1149 4012 cum
1178 3964 1212 4010 e
1243 3968 1428 4027 mss.,
1461 3952 1596 4010 tum
1628 3967 1708 4010 ex
1741 3946 1923 4009 editis
1951 3947 2132 4008 libris
2170 3946 2350 4018 aliis,
2400 3945 2528 4006 huc
2569 3944 3012 4008 transferenda
3035 3992 3050 4020 ,
3084 3964 3226 4024 quae
3258 3949 3322 4010 in
3360 3951 3505 4013 aliis

196 4051 598 4116 editionibus
631 4053 920 4128 deerant,
952 4059 1013 4114 et
1045 4052 1122 4115 ad
1149 4053 1725 4134 Hieronymianam
1758 4054 2026 4128 hancce,
2059 4069 2255 4131 quam
2291 4052 2597 4127 diximus,
2633 4052 2938 4114 familiam
2961 4053 3106 4132 jure
3140 4056 3502 4133 meritoque

195 4157 649 4231 pertinebant;
673 4174 790 4218 nec
813 4155 1145 4217 ferendum
1172 4162 1332 4228 erat,
1363 4163 1430 4216 ut
1449 4157 1592 4217 aliis
1622 4160 1814 4233 atque
1833 4156 1974 4217 aliis
1994 4174 2071 4217 ex
2105 4157 2280 4216 libris
2306 4160 2774 4233 repeterentur.
2793 4156 2889 4216 Ex
2913 4156 3009 4217 his
3039 4175 3186 4218 cum
3208 4158 3506 4236 Epistolze

195 4260 562 4331 nonnullae,
603 4259 985 4321 necinﬁma:
1020 4263 1134 4321 aut
1168 4259 1390 4327 aetatis,
1431 4265 1544 4321 aut
1579 4264 1746 4320 notaa
1774 4304 1790 4334 ,
1838 4264 1973 4320 tum
2023 4258 2529 4322 vetustissimum
2581 4256 3122 4336 Martyrologium
3168 4258 3508 4334 Hierony-

192 4359 497 4431 mianum,
535 4364 598 4420 et
622 4360 830 4432 home,
864 4361 915 4420 si
947 4361 1091 4438 quis
1121 4379 1434 4438 umquam
1467 4361 1632 4421 alius
1665 4359 1892 4439 frugis,
1928 4360 2086 4422 liber
2119 4364 2241 4435 est,
2276 4359 2385 4437 qui
2422 4358 2626 4420 Comes
2663 4359 3058 4421 inscribitur.
3096 4362 3507 4440 Quamquam

195 4477 316 4520 non
348 4461 461 4521 hic
492 4461 740 4540 agitur,
777 4477 972 4539 quam
997 4462 1148 4522 boni
1187 4461 1335 4522 libri
1384 4461 1536 4535 sint,
1568 4477 1732 4538 quos
1763 4456 2134 4521 suifecimus
2158 4503 2174 4534 ,
2202 4457 2311 4521 sed
2343 4474 2425 4520 an
2460 4457 2686 4520 referri
2719 4457 2845 4520 huc
2872 4462 3065 4537 atque
3096 4458 3316 4520 eodem
3355 4476 3504 4520 cum

199 4560 470 4638 reliquis
509 4561 942 4640 supposititiis
973 4562 1110 4624 lare
1135 4564 1227 4624 uti
1263 4562 1560 4624 debeant.

268 4660 553 4724 Delectu
583 4660 663 4723 ad
696 4661 871 4723 hunc
906 4663 1165 4723 modum
1196 4663 1441 4736 habito,
1475 4671 1536 4724 et
1573 4668 1802 4742 parata
1831 4663 2179 4726 voluminis
2218 4663 2515 4738 materia,
2547 4663 2612 4725 in
2652 4669 2865 4742 partes
2895 4681 2978 4724 ex
3005 4664 3144 4740 ipso
3197 4659 3510 4739 Scriptio-

198 4777 344 4823 num
374 4762 659 4842 ingenio
687 4763 1026 4828 tribuenda
1063 4764 1204 4825 fuit.
1260 4765 1573 4828 Erasmus
1626 4766 1778 4827 olim
1825 4768 2041 4830 omnia
2093 4767 2157 4827 in
2190 4767 2478 4846 quinque
2505 4768 2702 4830 veluti
2736 4768 2978 4828 classes
3027 4763 3315 4841 digessit,
3345 4781 3508 4843 qua-

195 4880 334 4925 rum
391 4865 621 4945 prima
654 4866 1143 4927 continerentur
1173 4873 1239 4926 τά
1267 4873 1566 4946 ἀμφιϐολῶς
1589 4873 1728 4941 νόθα,

1961 4868 2100 4945 illa,
2129 4868 2205 4929 de
2252 4869 2490 4949 quibus
2545 4868 2783 4946 ambigi
2832 4868 3073 4943 posset,
3122 4863 3503 4946 Hieronymi

197 4970 440 5042 essent,
475 4982 690 5026 necne
758 4988 772 5027 :
806 4965 1011 5028 altera
1048 4967 1454 5048 ψευδεπίγραφοι
1495 4968 1708 5044 docta,
1754 4967 1816 5028 id
1858 4972 1975 5044 est,
2009 4986 2152 5046 quaa
2184 4968 2344 5030 falso
2379 4966 2638 5044 quidem
2688 4965 2998 5041 inscripta
3047 4965 3140 5025 illi
3177 4972 3350 5040 sunt,
3397 4970 3510 5030 sed

198 5064 648 5126 eruditionem
678 5070 890 5126 tamen
931 5066 1221 5145 aliquam
1254 5083 1384 5145 pra:
1422 5084 1489 5127 se
1537 5066 1790 5144 ferunt;
1847 5068 2034 5128 tertia
2068 5083 2215 5143 quae
2245 5084 2362 5127 nec
2406 5065 2575 5126 lectu
2611 5065 2803 5144 digna
2835 5063 3243 5143 videbantur,
3275 5068 3382 5129 sed
3414 5069 3510 5128 in-

200 5159 379 5225 docta
415 5179 701 5242 prorsus
734 5168 930 5242 atque
959 5164 1283 5228 infantia:
1324 5170 1560 5244 quarta
1613 5165 1956 5228 manifesto
1986 5165 2203 5228 aliena
2232 5210 2251 5246 ,
2295 5172 2700 5242 suorumque
2751 5170 3092 5228 auctorum
3131 5168 3509 5229 nominibus

201 5272 600 5343 praenotata,
628 5271 784 5346 puta
816 5269 1149 5349 epistolas,
1186 5287 1349 5349 quas
1385 5269 1464 5331 ad
1490 5269 1957 5349 Hieronymum
1985 5268 2216 5331 dedere
2252 5269 2592 5336 Damasus,
2630 5269 3056 5348 Augustinus,
3085 5270 3517 5349 Epiphanius,

203 5370 392 5445 atque
423 5369 583 5443 alii,
617 5367 1000 5450 Catalogum
1037 5373 1188 5434 item
1227 5373 1628 5452 Scriptorum
1677 5372 2028 5434 illustrium
2061 5371 2373 5435 Gennadii
2406 5414 2421 5443 ,
2471 5376 2531 5431 et
2560 5373 2853 5450 quasdam
2906 5374 3116 5434 Ruﬁni
3151 5373 3462 5451 opuscula
3492 5394 3509 5434 :

202 5479 570 5550 postrema,
612 5491 756 5552 quae
793 5493 922 5536 non
957 5477 1152 5538 unius
1180 5477 1463 5539 auctoris
1493 5477 1734 5554 stylum
1762 5476 2151 5548 redolerent,
2186 5474 2466 5537 maxime
2493 5491 2646 5538 vero
2676 5484 3064 5555 apparerent
3090 5496 3172 5539 ex
3202 5477 3523 5559 Hierony-

204 5573 435 5636 mianis
466 5574 739 5652 scriptis
771 5577 1061 5640 collecta.
1097 5579 1303 5652 Quam
1337 5584 1549 5640 tamen
1586 5578 1902 5653 Classem,
1934 5596 2076 5638 cum
2108 5579 2170 5638 in
2207 5578 2377 5640 hanc
2412 5578 2750 5640 maluisset
2783 5580 2845 5638 in
2879 5581 3323 5658 superioribus
3361 5600 3519 5659 pec-

206 5689 348 5734 care
382 5681 652 5755 partem
685 5721 699 5749 ,
730 5684 797 5736 ut
830 5696 974 5756 quae
1021 5679 1223 5758 magis
1261 5678 1342 5739 ad
1396 5679 1772 5741 inferiorem
1813 5677 2105 5740 ordinem
2148 5680 2599 5755 pertinebant,
2640 5679 2700 5738 in
2742 5682 3033 5757 proxime
3065 5684 3528 5763 prmcedentem

209 5775 518 5857 referret,
561 5793 696 5837 uno
728 5778 854 5839 fere
886 5781 1363 5844 Commentario
1391 5781 1458 5842 in
1487 5780 1777 5846 Psalmos
1810 5777 2112 5844 absolvit.
2144 5779 2360 5859 Neque
2386 5798 2540 5845 vero
2581 5779 2713 5842 haec
2745 5785 3008 5860 proprio
3038 5785 3362 5848 volumine
3391 5801 3530 5845 om-

673 5883 948 5946 ΡΑτιιοι.
999 5883 1214 5946 XXX.

3016 5888 3049 5953 1
