4000 6306
516 268 580 326 ll
740 318 745 323 .
1994 269 2096 327 ΡΒ⁴

2238 266 2388 324 ιτιο.
3737 252 3765 309 1
3776 248 3818 307 2

516 382 626 442 nia
658 376 1177 460 comprehendit,
1216 377 1325 441 sed
1377 380 1796 444 materiarum
1834 383 2122 445 ordinem
2170 386 2429 442 secutus
2456 424 2474 457 ,
2520 392 2817 439 seorsum
2863 370 3118 453 quidem
3162 386 3201 434 a
3244 367 3543 450 genuinis
3575 372 3813 447 quarto

523 485 697 540 tomo
730 478 1047 558 Epistolas
1077 483 1141 539 et
1182 478 1488 542 breviora
1516 480 1833 558 opuscula
1863 480 2081 561 edidit,
2108 474 2618 547 Commentarios
2665 480 2880 535 autem
2911 472 3185 552 septimo
3208 515 3227 547 ,
3263 472 3518 541 octavo,
3548 470 3613 529 et
3640 483 3819 547 nono

521 582 736 654 tomis,
766 580 1004 641 lectore
1035 584 1286 642 tantum
1324 579 1680 655 admonito,
1714 579 2240 661 Hieronymianis
2291 576 2663 639 immiscuit.
2694 576 2878 637 Hanc
2905 572 3230 635 Victorius
3287 568 3691 630 sortitionem
3733 585 3818 628 ex

517 682 773 762 integro
796 688 1056 744 secutus
1094 688 1190 743 est
1221 704 1236 743 :
1266 682 1781 746 Martianieusex
1813 691 2022 764 parte,
2044 680 2557 743 Commentarios
2586 676 2902 756 siquidem
2940 673 3112 736 haud
3146 689 3413 751 paucos,
3434 675 3503 730 ut
3534 673 3597 730 et
3620 686 3818 729 unam

522 792 719 866 atque
740 786 1017 857 alteram
1046 785 1447 866 exegeticam
1478 786 1817 865 epistolam
1856 786 1923 848 in
1952 784 2307 865 appendice
2338 781 2598 844 secundi
2632 780 2784 853 torni
2808 778 3115 857 digessit,
3141 774 3221 837 ad
3248 790 3449 839 sacrm
3475 772 3820 849 Scriptura:

520 888 1022 969 cXplicationem
1054 888 1183 959 fere
1214 890 1651 955 continentem
1677 933 1694 963 ,
1723 890 1965 968 quibus
2002 888 2158 950 locis
2193 886 2325 949 veri
2367 880 2863 961 Hieronymiani
2902 883 3211 946 tractatus
3238 874 3550 951 deerant,
3580 889 3822 951 suppo-

518 990 732 1051 sititiis
764 988 1213 1068 supplendam.
1245 989 1590 1067 Reliquam
1621 989 1950 1068 ingentem
1994 987 2433 1066 Epistolarum
2478 1001 2660 1060 teque
2692 988 2888 1060 atque
2914 975 3539 1043 Commentariorum
3574 980 3821 1037 struem

526 1089 590 1157 in
621 1091 779 1151 duas
816 1088 1012 1159 veluti
1046 1094 1261 1167 partes
1310 1106 1388 1155 ex
1430 1088 1572 1165 ipso
1623 1089 2051 1167 scriptionum
2083 1086 2348 1165 ingenio
2384 1083 2719 1151 distinctas
2774 1080 3004 1158 quinto
3034 1124 3050 1154 ,
3082 1079 3218 1140 sive
3258 1076 3486 1145 ultimo
3519 1073 3820 1135 editionis

518 1205 654 1253 suae
692 1195 863 1251 tomo
890 1188 1399 1267 comprehendit.
1453 1187 1575 1250 Sed
1625 1191 1795 1255 enim
1826 1188 2282 1254 Erasmianum
2318 1185 2652 1265 exemplar
2686 1184 2748 1245 in
2788 1182 2885 1255 bis
2920 1180 3335 1260 descripsisse
3379 1179 3535 1242 satis
3568 1177 3816 1247 habuit,

520 1308 641 1353 nec
675 1308 828 1353 mss.
854 1290 1149 1352 codicum
1180 1289 1459 1367 auxilio,
1498 1307 1619 1361 nec
1656 1290 2094 1360 litteratorum
2112 1288 2246 1366 jam
2278 1286 2426 1347 inde
2467 1285 2548 1346 ab
2578 1283 2851 1346 Erasmo
2900 1280 3294 1348 felicioribus
3320 1277 3597 1341 inventis
3626 1294 3701 1339 ac
3729 1275 3827 1354 ju-

521 1391 706 1452 dieiis
748 1391 813 1450 in
846 1408 982 1455 rem
1036 1406 1223 1463 suam
1262 1406 1419 1451 usus
1451 1397 1570 1459 est.
1604 1389 2010 1469 Opuscnlnm
2039 1389 2296 1469 quidem
2337 1405 2535 1451 unum
2569 1389 2768 1463 atque
2795 1384 3074 1455 alterum
3112 1399 3353 1449 novum
3396 1378 3656 1452 addidit,
3683 1376 3827 1440 Ca-

520 1508 740 1566 nones,
774 1491 1073 1568 inquam,
1108 1490 1567 1569 panitentiales
1606 1494 1811 1574 juxta
1847 1492 2300 1570 Hieronymum
2328 1535 2345 1564 ,
2376 1498 2439 1551 et
2482 1487 2981 1566 Expositionem
3014 1483 3509 1563 Evangeliorum
3543 1479 3615 1544 de
3654 1479 3828 1543 brevi

522 1590 905 1661 Proverbio;
942 1592 1047 1663 sed
1081 1593 1214 1665 haec
1252 1584 1390 1672 ipsa
1421 1599 1591 1661 nota)
1635 1594 1875 1659 intimas
1903 1594 2143 1673 scripta
2170 1638 2189 1667 ,
2219 1598 2311 1657 tot
2344 1590 2645 1657 vitiorum
2694 1588 2999 1649 monstris
3028 1586 3265 1658 obsita,
3306 1594 3566 1661 tainque
3604 1580 3825 1642 multis

522 1695 687 1763 locis
724 1698 1055 1774 corrupta,
1089 1712 1165 1759 ac
1220 1712 1421 1765 sensu
1468 1697 1783 1773 carentia,
1815 1701 1883 1759 ut
1937 1694 2032 1759 rei
2077 1693 2409 1761 litterariae
2447 1690 2653 1771 magis
2680 1688 3089 1752 consuluisse
3131 1686 3325 1750 videri
3371 1688 3624 1765 posset,
3660 1684 3711 1743 si
3744 1682 3827 1745 ab

530 1797 913 1877 evulgandis
946 1796 1392 1867 abstinuisset.
1434 1798 1677 1863 Caetera
1714 1798 1898 1863 caacis
1926 1842 1942 1871 ,
1975 1802 2047 1859 ut
2078 1796 2292 1874 aiunt,
2327 1794 2533 1856 oculis
2587 1793 2925 1857 Erasmum
2971 1795 3258 1864 secutus,
3295 1794 3359 1853 et
3388 1789 3623 1871 seriem
3651 1786 3828 1849 illam

525 1898 919 1977 tripertitam
972 1897 1271 1976 religiose
1302 1898 1695 1972 observavit,
1728 1897 1990 1977 etquod
2036 1897 2127 1959 rei
2170 1901 2365 1977 caput
2397 1900 2516 1969 est,
2547 1912 2858 1961 censuras
2893 1894 3069 1972 ipsas
3098 1891 3518 1955 Erasmianas
3549 1890 3617 1950 in
3648 1891 3829 1953 tanta

524 2000 885 2071 litterarum
923 2001 1090 2073 luce,
1124 2002 1199 2063 de
1238 2019 1356 2063 suo
1387 2002 1547 2062 nihil
1574 2019 1802 2076 ausus,
1838 2000 2103 2064 totidem
2132 2002 2346 2065 verbis
2379 2000 2671 2063 retinuit.

602 2102 716 2163 His
754 2103 1067 2169 medelam
1095 2101 1427 2174 adhibere,
1460 2108 1833 2167 nostrarum
1860 2118 1977 2163 nos
2014 2100 2296 2180 partium
2334 2099 2661 2160 duximus.
2699 2098 2907 2174 Atque
2943 2093 3106 2156 adeo
3134 2094 3378 2167 omnia,
3412 2096 3526 2156 aut
3552 2108 3630 2156 ea
3655 2096 3829 2156 certe

522 2204 779 2281 scripta,
825 2220 1106 2280 quorum
1140 2207 1355 2271 vetera
1390 2221 1541 2262 mss.
1577 2202 1983 2278 exemplaria
2016 2200 2287 2278 reperiri
2318 2202 2692 2277 potuerunt,
2727 2195 3065 2274 exegimus
3096 2195 3173 2257 ad
3202 2212 3433 2257 eorum
3461 2194 3675 2271 (idem,
3712 2194 3830 2257 im-

524 2302 794 2378 probum
820 2302 1133 2378 laborem,
1167 2300 1276 2379 qui
1317 2298 1571 2360 cederet
1604 2301 1668 2359 in
1702 2300 1961 2361 lectoris
1997 2298 2368 2371 utilitatem,
2402 2314 2591 2374 aequo
2625 2296 2845 2359 animo
2894 2295 3314 2365 sustinentes.
3350 2295 3517 2365 Tum
3554 2294 3829 2373 singulis

520 2403 596 2469 ad
633 2403 940 2471 trutinam
983 2402 1331 2478 revocatis,
1365 2418 1511 2479 quae
1548 2401 1626 2461 ad
1656 2403 1828 2462 hanc
1862 2400 2351 2469 instaurandam
2388 2398 2913 2476 Hieronymianie
2941 2394 3170 2463 domus
3206 2390 3677 2472 supellectilem
3704 2410 3828 2453 ne-

521 2502 828 2575 cessaria,
865 2509 972 2565 aut
1008 2508 1379 2587 opportuna
1414 2500 1815 2575 viderentur,
1844 2505 1906 2561 et
1936 2516 2317 2577 quiescens,
2357 2498 2806 2577 espendimus.
2840 2497 2978 2557 Prae
3006 2494 3251 2567 caeteris
3288 2511 3502 2573 operte
3549 2493 3830 2573 pretium

531 2610 698 2679 erat,
732 2603 896 2671 ferre
935 2602 1012 2663 de
1043 2602 1318 2679 singulis
1360 2602 1794 2665 sententiam:
1832 2605 2031 2679 atque
2074 2601 2243 2665 hanc
2289 2615 2601 2678 perquam
2645 2615 2802 2660 sane
2852 2596 3175 2667 difﬁcilem
3226 2596 3629 2676 provinciam
3661 2598 3830 2676 cepi-

528 2719 698 2773 mus,
728 2700 802 2761 de
837 2700 1031 2785 stylo,
1060 2706 1122 2765 et
1157 2700 1489 2778 personati
1527 2698 1863 2777 scriptoris
1893 2699 2153 2778 ingenio
2178 2698 2420 2767 tamdiu
2448 2697 2935 2775 investigantes,
2960 2695 3167 2760 donec
3189 2702 3303 2771 aut
3325 2697 3517 2759 certis
3547 2696 3826 2770 indiciis,

533 2806 645 2867 aut
679 2818 807 2869 non
839 2800 1377 2879 improbabilibus
1405 2800 1822 2879 conjecturis,
1856 2802 2002 2880 quis
2036 2801 2143 2862 ille
2174 2800 2390 2874 fuerit,
2420 2800 2739 2873 detexisse
2771 2800 2889 2862 visi
2924 2818 3168 2867 sumus.
3203 2799 3527 2863 Censuras
3559 2798 3829 2878 proinde

536 2901 601 2963 in
629 2902 890 2982 singula
916 2902 1154 2987 scripta
1183 2919 1387 2967 novas
1425 2903 1886 2971 adornavimus
1914 2951 1931 2981 ,
1977 2905 2215 2985 quibus
2254 2909 2316 2965 et
2343 2904 2510 2966 ratio
2538 2903 2908 2983 scriptionis
2935 2903 3247 2982 redditur,
3274 2909 3337 2967 et
3364 2920 3553 2971 suum
3590 2901 3828 2980 cuique

535 3022 699 3091 opus
740 3004 1073 3082 tribuitur,
1101 3005 1379 3084 denique
1411 3006 1546 3068 sive
1581 3004 1822 3071 fraudis
1877 2990 2201 3079 librarian,
2239 3008 2377 3068 sive
2414 3023 2605 3069 casus
2634 3051 2649 3081 ,
2683 3011 2880 3085 atque
2913 3009 3411 3071 amanuensium
3448 3007 3828 3075 temeritatis

535 3108 790 3180 occasio
823 3108 964 3197 ipsa
1016 3106 1420 3190 intelligitur.
1460 3107 1540 3180 Et
1595 3108 1945 3171 maximam
1982 3114 2153 3181 certe
2181 3113 2429 3188 partem
2476 3104 2819 3184 auctorum
2846 3155 2865 3186 ,
2909 3110 3021 3187 qui
3057 3110 3523 3189 propemodum
3562 3111 3831 3189 ignora-

530 3211 789 3289 bantur,
827 3210 893 3270 in
930 3217 1223 3290 apertam
1260 3210 1470 3281 lucem
1497 3209 1907 3288 protulimus,
1950 3208 2213 3290 proprio
2242 3211 2419 3273 cultu
2451 3216 2745 3289 ornatos,
2779 3209 3267 3291 ellecimusque,
3304 3220 3377 3277 ut
3408 3230 3643 3293 magno
3677 3214 3832 3281 Hie-

481 3375 485 3379 .
535 3331 815 3397 ronymo
845 3313 1145 3376 ancillari
1178 3312 1373 3385 etiam
1404 3329 1553 3374 cum
1582 3310 1890 3391 dignitate
1925 3316 2205 3388 possent.

563 3492 571 3502 .
601 3418 720 3487 Sed
750 3423 811 3480 et
833 3416 963 3479 alia
992 3416 1432 3495 priestitimus,
1465 3432 1611 3493 quae
1646 3415 1726 3476 ad
1762 3412 2136 3485 universam
2166 3412 2827 3493 Hieronymianorum
2861 3429 3133 3490 aperum
3164 3413 3509 3485 editionem
3541 3418 3832 3488 numeris

476 3552 481 3565 κ
524 3520 825 3587 omnibus
856 3517 1318 3589 absolvendam
1354 3521 1667 3596 spectant.
1717 3515 1925 3589 Vitam
1970 3513 2039 3587 S.
2082 3514 2457 3594 Hieronymi
2511 3513 2599 3597 (α)
2632 3533 2715 3587 ex
2767 3513 2909 3593 ejus
2948 3514 3269 3595 praecipue
3314 3516 3568 3596 scriptis
3608 3518 3835 3581 novisq

527 3626 693 3686 sime
717 3622 1255 3691 concinnavimus
1294 3640 1308 3680 :
1340 3639 1471 3699 qua
1507 3620 1665 3685 nihil
1697 3622 1795 3682 est
1839 3616 1918 3680 ad
1947 3618 2084 3697 ejus
2115 3617 2404 3697 Operam
2437 3618 2671 3678 seriem
2725 3624 3134 3697 mentemque
3167 3618 3446 3696 penitius
3479 3637 3834 3699 assequen.

527 3725 679 3793 dam
706 3725 1217 3793 consentaneum
1251 3721 1452 3798 magis
1481 3728 1557 3795 ac
1587 3720 2051 3789 necessarium.
2088 3720 2300 3798 Atque
2339 3719 2458 3781 hac
2496 3725 2709 3781 tamen
2744 3720 2960 3793 laudo,
2991 3738 3137 3798 quas
3162 3726 3453 3791 nostram
3483 3740 3833 3800 princesses

528 3829 706 3895 runt,
743 3823 1057 3883 editiones
1091 3836 1350 3893 omnes,
1378 3825 1495 3881 aut
1532 3820 1799 3881 meliore
1843 3822 1906 3880 et
1939 3821 2225 3883 maxima
2263 3839 2344 3883 ex
2402 3825 2607 3900 parte,
2644 3828 2755 3883 aut
2791 3839 3056 3900 prorsus
3089 3829 3467 3893 caruerunt.
3520 3825 3833 3895 Erasmus

532 3940 762 4001 nempe
798 3930 858 3993 et
887 3920 1209 3991 Victorius
1236 3938 1366 3991 non
1404 3926 1533 3995 tam
1568 3920 1784 3987 Vitam
1826 3920 1889 3989 S.
1926 3921 2245 3999 Doctoris,
2278 3938 2474 4000 quam
2511 3924 2966 4004 panegyricam
3005 3925 3441 3995 laudationem
3472 3926 3612 4006 ejus
3643 3930 3834 3991 ador-

532 4033 769 4088 narunt
797 4043 810 4083 :
848 4022 1267 4085 Martianazus
1294 4020 1541 4095 nullam
1566 4021 1641 4085 de
1673 4039 1792 4089 suo
1827 4024 2128 4092 attexuit,
2165 4040 2281 4084 nec
2312 4023 2469 4085 tanti
2502 4024 2724 4096 habuit
2749 4041 2914 4103 quas
2947 4024 3185 4097 laudati
3220 4026 3503 4095 editores
3537 4031 3835 4107 presseri-

535 4134 820 4211 pserant.
859 4124 1068 4195 Edidit
1100 4124 1360 4203 quidem
1393 4130 1611 4209 postea
1642 4124 1704 4186 la
1744 4124 1851 4187 Via
1876 4123 1948 4185 de
1978 4125 2146 4193 saint
2178 4126 2459 4197 ,Ιώ-ωηεν,
2492 4124 2760 4198 Gallica,
2791 4129 2865 4197 ut
2902 4126 3101 4202 vides,
3133 4145 3263 4199 non
3298 4126 3526 4195 Latina
3558 4130 3779 4209 lingua
3811 4153 3830 4207 ;

536 4216 643 4293 sed
674 4245 818 4291 eam
845 4232 905 4289 et
932 4242 1231 4297 seorsum
1262 4226 1568 4306 peculiari
1620 4225 1792 4287 libro
1815 4271 1832 4301 ,
1860 4242 1991 4285 non
2020 4226 2286 4286 editioni
2322 4244 2459 4299 suae
2489 4228 3036 4307 subjungendam,
3072 4236 3134 4299 et
3184 4231 3439 4308 pietatis
3470 4234 3830 4303 cultoribus

531 4332 759 4411 magis,
795 4345 992 4407 quam
1023 4326 1268 4409 cupidis
1300 4326 1684 4391 eruditionis
1715 4324 2086 4389 hominibus
2137 4328 2381 4388 utilem.
2419 4328 2613 4389 Nobis
2644 4329 2709 4388 in
2743 4346 2819 4391 ea
2842 4329 3336 4409 conscribenda,
3366 4330 3687 4401 historicas
3711 4352 3834 4404 ve-

533 4434 739 4505 ritatis
768 4435 937 4496 ratio
970 4433 1293 4513 praecipua
1329 4430 1446 4501 fuit
1476 4449 1492 4491 :
1522 4447 1764 4515 perque
1789 4447 1998 4491 annos
2031 4430 2321 4508 singulos
2350 4437 2679 4510 gestorum
2708 4431 3227 4510 scriptorumque
3261 4431 3324 4494 S.
3352 4433 3557 4505 Patris
3590 4439 3831 4501 seriem

530 4537 605 4598 ad
643 4536 924 4598 sanioris
958 4535 1211 4596 critiees
1241 4532 1497 4610 regulas
1529 4531 2005 4592 contexuimns.
2054 4532 2277 4610 Neque
2313 4550 2463 4593 vero
2510 4534 2744 4612 privati
2791 4535 3070 4603 hominis
3114 4536 3365 4599 erudita
3410 4541 3669 4617 negotia
3720 4558 3834 4605 re-

526 4639 850 4709 censenda
886 4645 1098 4712 erant,
1137 4636 1246 4709 sed
1276 4635 1706 4712 insigniorum
1741 4634 1808 4695 in
1842 4634 2129 4709 Ecclesia
2163 4680 2179 4710 ,
2212 4635 2395 4715 cujus
2429 4636 2535 4698 ille
2572 4638 2950 4716 cumprimis
2982 4638 3256 4717 gloriam
3293 4656 3405 4717 per
3426 4639 3485 4705 id
3520 4645 3827 4722 temporis

529 4743 861 4817 sustinuit,
894 4758 1116 4811 rerum
1145 4737 1788 4827 disputationumque
1826 4738 2135 4811 memoria
2165 4740 2406 4818 saepius
2441 4742 2813 4822 repetenda.
2864 4742 3203 4804 Breviores
3237 4744 3398 4806 alias
3435 4745 3642 4821 Vitas,
3676 4748 3831 4808 olim

532 4845 612 4907 ab
644 4843 938 4923 Antiquis
976 4841 1275 4929 scriptas,
1310 4855 1590 4925 quorum
1625 4843 1837 4907 tamen
1875 4839 2139 4914 nomina
2194 4840 2584 4920 ignorantur
2614 4886 2629 4914 ,
2669 4843 3113 4913 subnectimus
3143 4888 3159 4915 ,
3202 4862 3331 4906 non
3359 4846 3503 4909 sine
3540 4848 3832 4912 animad-

539 4946 943 5013 versionibns
976 4950 1038 5017 et
1097 4943 1306 5016 notis,
1338 4940 1749 5029 aliorumque
1800 4942 2174 5017 accessione
2216 4941 2726 5023 Opusculorum,
2754 4961 2901 5022 quas
2936 4959 3012 5006 eo
3064 4946 3407 5022 pertinent,
3441 4954 3505 5011 et
3534 4952 3829 5027 proxima

538 5044 790 5125 pagella
850 5045 1182 5108 indicabit.
1216 5044 1291 5105 In
1316 5041 1439 5104 ﬁne
1469 5042 1853 5117 instruimus
1887 5042 2315 5124 Conspectum
2352 5043 2676 5108 universa)
2703 5043 3004 5113 editionis
3042 5053 3306 5123 nostrae,
3335 5065 3485 5110 cum
3523 5049 3831 5115 distribu-

536 5148 710 5221 tione
759 5147 1201 5224 antiquarum,
1232 5149 1322 5231 iet
1373 5144 1785 5217 Benedictina
1840 5146 2332 5226 comparatum:
2388 5146 2576 5227 cuius
2625 5166 2775 5229 0pc,
2814 5166 2949 5213 uno
3005 5149 3279 5225 intuitu,
3318 5153 3832 5230 unumquodque

530 5251 592 5319 5.,
614 5250 816 5323 Patris
835 5250 1173 5327 scriptum,
1198 5254 1325 5320 tam
1348 5248 1518 5328 apud
1553 5266 1695 5323 nos,
1722 5264 1919 5329 quam
1946 5247 2118 5327 apud
2144 5247 2308 5310 alios
2346 5250 2657 5325 reperias.
2686 5248 2980 5327 Denique
3012 5249 3250 5313 iudices
3276 5252 3611 5329 generales
3642 5254 3831 5333 duos,

529 5361 725 5434 atque
756 5370 865 5415 eos
899 5351 1157 5431 quidem
1188 5348 1391 5423 multo
1424 5350 1880 5430 locupletiores
1929 5349 2040 5429 iis,
2076 5350 2185 5429 qui
2232 5349 2507 5431 singulis
2560 5353 2750 5414 tomis
2789 5352 3115 5431 subiuncti
3153 5358 3304 5414 sunt
3334 5373 3351 5413 :
3388 5356 3666 5417 alterum
3697 5374 3834 5417 om-

531 5456 715 5527 nium
747 5471 997 5532 rerum,
1028 5470 1174 5533 quae
1198 5453 1264 5526 in
1303 5452 1611 5532 Operibus
1660 5451 2192 5529 Hieronymianis
2227 5453 2527 5527 omnibus
2558 5457 2785 5525 natatu
2812 5452 3139 5532 digniores
3172 5454 3470 5518 videntur
3498 5475 3514 5515 :
3553 5458 3831 5522 alterum

536 5725 545 5733 ,
601 5668 681 5798 (ἴ)
723 5669 852 5800 illaml
881 5670 1002 5797 Vi'la
1020 5671 1145 5752 Ovisa
1173 5676 1259 5726 est
1287 5669 1449 5728 nobis
1473 5667 1671 5727 melius
1697 5668 2066 5744 praeponenda
2091 5668 2149 5727 S.
2172 5668 2346 5731 Patris
2375 5687 2603 5745 operum
2633 5683 2778 5730 tome
2808 5672 2982 5747 primo
3006 5672 3096 5744 qui
3119 5672 3416 5746 vigesimus
3449 5678 3718 5736 secundus
3749 5691 3833 5740 est

536 5758 625 5800 nos
655 5757 730 5800 rae
800 5757 829 5797 a
858 5757 919 5799 ro
950 5756 1107 5800 υιξιιιξ.

528 5756 730 5801 nostrae
759 5756 1107 5814 ratromgue.
