4000 6374
148 391 217 451 13
1186 389 1246 449 S.
1290 389 1679 448 lllERONYMI
1718 390 2007 450 OPERUM
2046 391 2409 451 MANTISSA.
3392 396 3461 458 ﬂ-

143 509 439 573 omnium
482 509 826 595 Scriptura:
857 528 1058 578 sacrae
1084 510 1658 580 Testimoniorum,
1692 527 1837 592 quae
1864 510 1932 585 in
1968 510 2193 585 iisdem
2223 512 2568 594 Operibus,
2596 512 2795 601 locis,
2823 522 2897 589 ut
2922 513 3127 594 aint“,
3161 516 3456 603 peregri-

156 615 253 687 nis
292 615 763 691 edisseruntur.
2784 600 2787 601 ν
3166 600 3189 605 γ’

224 717 431 780 Unum
460 725 822 801 supererat,
854 728 926 787 ut
979 739 1055 786 ea
1084 739 1233 802 quae
1283 735 1587 800 peccasse
1633 736 1752 789 nos
1796 719 1864 780 in
1902 720 2209 791 universo
2255 724 2865 801 cperum‘contex_tu
2901 721 3450 807 recognoscendo,

153 818 246 885 rel
277 818 422 882 aliis
455 827 675 891 notata
704 823 834 886 sint
868 830 1096 904 postea
1122 872 1140 903 ,
1172 822 1279 892 vel
1313 822 1440 901 ipsi
1490 838 1607 884 nos
1651 820 2315 887 animadverterimus
2346 870 2364 901 ,
2396 826 2694 895 secundis
2723 827 2899 890 curis
2927 812 3451 893 mandaremus.

143 920 354 997 Atque
382 920 436 983 is
468 922 728 999 quidem
760 925 1021 988 animus
1050 924 1239 991 nobis
1287 922 1601 985 continuo
1631 918 1752 981 fuit
1774 965 1791 997 ,
1828 937 1950 983 nec
1992 922 2304 1002 majorem
2342 925 2626 1004 profecto
2658 926 2827 988 inire
2855 944 2890 989 a
2922 925 3108 987 nobis
3138 926 3285 1006 quis
3314 941 3460 1005 gra-

145 1018 304 1080 tiam
330 1025 611 1100 poterat,
640 1041 841 1101 quam
873 1025 1082 1086 sicubi
1119 1023 1285 1102 lapsi
1324 1040 1572 1090 sumus,
1608 1031 2029 1099 coargueret;
2074 1040 2193 1085 nos
2231 1026 2404 1091 enim
2443 1044 2803 1106 numquam
2851 1029 3062 1108 magis
3098 1008 3459 1107 placuimus

149 1119 276 1197 ipsi
327 1122 540 1196 nobis,
572 1141 769 1201 quam
795 1143 939 1185 cum
969 1141 1258 1186 errorem
1295 1124 1625 1190 exuimus,
1657 1124 1720 1180 et
1746 1119 2273 1201 Hieronymiante
2300 1125 2610 1188 doctrinae
2637 1127 2943 1189 studiosis
2986 1127 3256 1201 meliora
3287 1144 3453 1204 sup-

146 1221 606 1299 peditavimus.
645 1223 880 1286 Verum
917 1226 1078 1287 alios
1112 1224 1282 1302 quod
1313 1226 1586 1299 spectat,
1614 1219 1742 1278 duo
1775 1220 2188 1301 exstiterunt,
2228 1223 2418 1303 longe
2449 1224 2687 1304 dispari
2718 1245 2867 1301 cum
2914 1226 3300 1301 eruditione,
3325 1231 3462 1286 tum

144 1325 373 1386 animo
398 1328 774 1408 scriptores,
800 1328 913 1405 qui
949 1328 1134 1387 nobis
1164 1332 1697 1388 succensuerunt.
1715 1327 1893 1388 Unus
1918 1342 1953 1385 e
1978 1324 2408 1387 Benedictinis
2432 1327 2932 1401 Parisiensibus,
2958 1329 3153 1390 homo
3179 1327 3463 1403 familia),

143 1429 251 1488 cui
277 1429 596 1505 ascriptus
631 1435 752 1503 est,
780 1433 838 1489 et
872 1427 973 1488 cui
1008 1432 1237 1488 caatera
1268 1432 1516 1505 egomet
1538 1443 1791 1488 summa
1820 1424 2037 1486 omnia
2067 1422 2311 1499 defero,
2340 1423 2527 1487 valde
2561 1430 2955 1515 praepostero
2992 1424 3205 1497 studio
3242 1426 3465 1491 favens

146 1525 238 1607 (et
272 1543 403 1587 non
438 1529 571 1587 tam
601 1526 757 1586 mihi
800 1527 1032 1593 iratus,
1066 1542 1265 1603 quam
1298 1525 1675 1586 doctissimo
1706 1524 1848 1585 viro
1878 1568 1897 1599 ,
1928 1522 2039 1601 qui
2075 1531 2297 1584 nostra
2345 1523 2407 1583 in
2448 1522 2675 1585 Galliis
2713 1530 2943 1602 sponte
2970 1540 3094 1589 sua
3125 1542 3465 1604 promove.

144 1624 314 1703 bat),
345 1633 525 1689 ratus
560 1625 959 1705 monopolio,
990 1624 1253 1703 quodin
1287 1626 1548 1687 edendis
1572 1626 1675 1687 SS.
1703 1627 1963 1688 Patrum
1994 1626 2250 1703 scriptis
2279 1625 2400 1686 sibi
2433 1632 2766 1706 arrOgant,
2794 1625 3132 1705 dispendio
3166 1625 3453 1691 futuram

148 1726 495 1788 editionem
529 1743 759 1799 meam,
799 1726 1140 1789 detrahere
1166 1725 1259 1787 illi
1286 1733 1349 1788 et
1377 1725 1976 1809 dicamjmpingere
2005 1726 2273 1797 conatus
2304 1732 2400 1787 est
2430 1728 2744 1805 peculiari
2773 1729 3040 1807 scripto,
3074 1726 3249 1805 quod
3292 1726 3459 1789 varii

147 1828 563 1907 argumenti,
618 1828 1027 1906 multumque
1076 1829 1156 1889 ab
1200 1828 1475 1890 invicem
1523 1828 1757 1890 diversi
1807 1829 1974 1901 libro
2027 1828 2425 1890 intersernit.
2472 1829 2609 1907 Ego
2650 1830 2920 1908 pignore
2946 1838 3197 1891 certare
3223 1830 3462 1904 ausim,

150 1928 315 1988 nihil
349 1944 606 2001 eorum,
639 1944 786 2005 quae
815 1928 893 1989 de
924 1943 1070 1989 mea
1100 1926 1414 1988 industria
1442 1927 1786 1990 oblocutus
1811 1934 1932 2003 est,
1963 1927 2217 1997 sibimet
2246 1929 2311 1987 in
2345 1929 2636 1989 animum
2670 1930 2974 1994 inducere
3001 1932 3285 2008 potuisse
3314 1935 3468 1997 tan-

149 2032 382 2109 tisper,
415 2048 644 2092 verum
695 2036 765 2091 ut
802 2031 1114 2092 crederet.
1150 2031 1221 2092 ld
1266 2032 1600 2093 enimvero
1649 2033 1857 2112 egisse
1882 2032 2158 2103 videtur,
2212 2038 2286 2092 ut
2327 2048 2472 2091 cum
2522 2031 2655 2092 fore
2691 2036 3110 2107 cognosceret
3138 2050 3312 2094 cum
3356 2051 3469 2094 ne-

154 2132 347 2209 mini,
374 2148 640 2195 causam
673 2134 954 2211 penitius
978 2139 1046 2195 ut
1072 2141 1315 2213 nosset,
1348 2136 1608 2196 interim
1636 2151 1756 2197 sua
1789 2133 2055 2196 lecturis
2096 2134 2479 2211 imponeret.
2511 2131 2649 2191 Hoc
2676 2131 2807 2208 aio,
2831 2137 2892 2191 et
2925 2137 3145 2203 sancte
3166 2131 3459 2217 dejcrare

157 2233 331 2296 haud
371 2250 625 2311 vereor,
655 2251 756 2296 me
787 2236 839 2295 si
894 2235 1047 2314 quid
1080 2239 1251 2298 esset
1301 2237 1384 2298 ab
1414 2254 1492 2297 eo
1524 2236 1764 2298 rectius
1802 2241 2137 2311 notatum,
2170 2233 2297 2295 huc
2348 2231 2589 2299 referre
2625 2249 2772 2293 cum
2807 2230 3064 2302 vellem,
3104 2232 3264 2299 nihil
3295 2231 3469 2310 quod

150 2338 323 2399 scire
360 2336 675 2398 lectorum
720 2337 1084 2414 interesset,
1114 2338 1496 2401 invenisset.
1530 2338 1966 2401 Obtrectatori
2021 2353 2360 2419 reponere,
2389 2351 2602 2414 neque
2634 2351 2753 2395 nos
2785 2333 2988 2410 decet,
3026 2349 3239 2411 neque
3264 2333 3457 2415 hujus

155 2435 434 2499 estlocL

240 2537 420 2598 Alter
450 2540 510 2598 et
548 2534 795 2599 amicus
838 2542 1059 2601 noster
1087 2544 1207 2618 est,
1243 2545 1307 2601 et
1339 2539 1793 2603 ecclesiastica;
1847 2538 2255 2620 antiquitatis
2285 2539 2380 2599 vir
2404 2537 2685 2600 litterate
2714 2538 2985 2618 peritus,
3014 2537 3447 2618 Hieronymus

152 2635 235 2695 de.
268 2637 460 2697 Prato
512 2639 794 2710 nostras,
833 2638 942 2715 qui
975 2639 1228 2700 dissert.
1264 2657 1327 2700 γι
1355 2637 1434 2701 ad
1482 2637 1744 2717 Sulpicii
1782 2639 2002 2702 Severi
2051 2641 2393 2719 Dialogum
2420 2685 2437 2717 ,
2469 2642 2699 2702 contra
2744 2644 2940 2719 atque
2972 2659 3087 2703 nos
3120 2641 3345 2705 statuit
3381 2640 3463 2702 de

154 2737 498 2816 TheOphili
528 2737 799 2821 epistola
826 2737 961 2809 illa,
994 2756 1189 2818 quam
1215 2741 1441 2804 Latine
1472 2743 1588 2804 abs
1620 2742 2026 2823 Hieronymo
2053 2742 2369 2805 redditam
2398 2742 2584 2820 primi
2622 2741 2688 2803 in
2718 2742 2929 2804 lucem
2958 2743 3371 2822 protulimus,
3401 2748 3467 2805 et

150 2842 535 2921 synodicam
558 2841 863 2902 diximus.
918 2842 1102 2911 Pene,
1155 2844 1290 2920 ait,
1338 2861 1458 2923 pro
1497 2850 1668 2905 certo
1709 2843 1925 2918 habeo,
1960 2843 2285 2923 Theophili
2342 2844 2668 2924 epistolam
2701 2860 2902 2923 nuper
2935 2844 3253 2923 vulgatam
3278 2844 3471 2906 aliam

154 2940 416 3002 ωηηὶηο
450 2959 573 3001 esse
603 2939 677 3001 ab
709 2959 777 3002 eu
806 2943 1133 3022 synodica,
1164 2961 1349 3023 quam
1383 2964 1445 3005 se
1482 2945 1916 3025 Hieronymus
1954 2964 2034 3007 ex
2062 2944 2277 3008 erco
2316 2946 2800 3024 interpretatum
2848 2948 3071 3010 tradit.
3102 2949 3474 3010 Ratiocina-

153 3046 357 3106 tionis
397 3046 537 3124 ejus
595 3045 731 3105 hinc
759 3062 1057 3105 summa:
1091 3052 1391 3107 constare
1423 3045 1783 3124 Epistolam
1808 3062 2016 3124 neque
2043 3062 2122 3106 ex
2149 3047 2420 3125 synodo,
2455 3045 2591 3107 sive
2614 3045 2782 3125 apud
2815 3048 3305 3127 Alexandriam,
3335 3048 3471 3111 sive

153 3150 222 3210 in
262 3150 483 3211 Nitriae
512 3156 751 3222 monte,
782 3165 992 3227 neque
1032 3149 1292 3209 Patrum
1326 3148 1609 3219 nomine,
1647 3148 1757 3207 sed
1795 3146 2044 3225 privato
2073 3145 2413 3225 TheOphili
2450 3146 2789 3225 scriptam;
2823 3153 2885 3208 et
2917 3147 3259 3225 generalem
3295 3150 3473 3211 illam

159 3253 459 3332 quidem,
495 3258 563 3312 ut
599 3251 753 3313 alihi
783 3251 846 3311 S.
878 3252 1013 3329 ipse
1039 3251 1229 3310 Pater
1256 3254 1466 3320 vocat,
1506 3247 1641 3308 sive
1669 3246 2062 3325 encyclicam
2121 3243 2358 3321 videri;
2401 3244 2669 3305 minime
2700 3262 2855 3308 vero
2890 3247 3290 3325 synodicam,
3326 3264 3472 3323 qum

153 3364 217 3417 et
250 3357 382 3417 alia
412 3354 680 3414 omnino
716 3353 929 3427 fuerit,
960 3359 1019 3412 et
1042 3350 1288 3430 jamdiu
1319 3349 1475 3409 olim
1504 3347 1919 3408 interciderit.
1957 3346 2073 3407 Cui
2108 3363 2225 3425 ego
2258 3343 2925 3424 paucis-satisfaciam.
2965 3346 3140 3406 Dabo
3166 3389 3181 3417 ,
3229 3345 3283 3404 si
3326 3361 3462 3407 ma-

149 3459 329 3534 vult,
362 3461 856 3539 Hieronymum,
890 3472 1036 3517 cum
1078 3471 1146 3514 se
1196 3454 1287 3513 ait
1315 3448 1657 3528 Theophili
1714 3446 2101 3528 Synodicam
2131 3445 2205 3506 de
2238 3445 2460 3506 Greece
2515 3444 3046 3523 interpretatum,
3092 3459 3220 3503 non
3260 3459 3473 3520 usque

152 3561 330 3622 adeo
360 3560 645 3620 locutum
675 3562 1003 3632 accurate,
1033 3553 1139 3616 sed
1165 3552 1294 3613 alio
1324 3557 1521 3629 atque
1549 3549 1677 3611 alio
1704 3566 1905 3609 unam
1939 3546 2364 3624 eamdemque
2387 3543 2731 3623 epistolam
2759 3544 3076 3605 vocabulo
3105 3542 3471 3613 denotasse.

150 3666 330 3726 Tum
372 3679 525 3725 vero
557 3659 929 3740 provocabo
963 3655 1290 3719 rationum
1339 3656 1689 3725 momenta,
1723 3665 1867 3726 qua:
1895 3665 2011 3728 pro
2043 3646 2214 3709 illius
2250 3643 2680 3724 germanitate
2724 3643 2856 3711 suis
2884 3642 3043 3704 locis
3077 3642 3281 3706 multa
3315 3660 3469 3707 con-

150 3766 367 3849 gessi,
404 3773 466 3826 ct
502 3766 764 3844 quibus,
799 3761 921 3821 nisi
953 3757 1300 3821 admodum
1331 3752 1546 3828 fallor,
1578 3749 1770 3826 evici,
1800 3766 1930 3809 non
1986 3747 2183 3849 aliam
2226 3746 2394 3808 hanc
2424 3761 2563 3805 esse
2586 3742 2971 3849 epistolam,
3001 3760 3198 3849 quam
3232 3743 3479 3822 primus

151 3842 219 3930 in
257 3868 474 3929 lucem
506 3842 700 3938 edidi,
733 3862 814 3922 ab
846 3876 945 3931 ea,
976 3874 1172 3935 quam
1202 3860 1390 3919 vocat
1419 3852 1480 3913 S.
1506 3850 1832 3928 Interpres
1857 3843 2263 3925 Synadicam.
2295 3842 2668 3908 Provocabo
2704 3842 2856 3903 item
2890 3844 3288 3906 eruditorum
3316 3852 3479 3923 quot

152 3975 341 4039 sunt,
379 3966 617 4044 quibus
657 3964 792 4023 haec
829 3962 1284 4032 innatuerunt,
1317 3954 1561 4035 judicia
1593 3972 1608 4013 :
1640 3950 1922 4027 denique
1959 3948 2298 4028 ipsiusmet
2337 3946 2693 4009 adversarii
2717 3945 3125 4022 sententiam,
3158 3949 3211 4009 si
3247 3949 3331 4011 ab
3361 3963 3477 4012 ca-

152 4072 432 4141 villandi
466 4069 675 4131 studio
705 4066 782 4129 ad
812 4082 950 4127 rem
976 4064 1182 4149 ipsam
1211 4060 1497 4138 mquiore
1527 4056 1747 4120 animo
1784 4052 2273 4134 expendendam
2312 4068 2382 4112 se
2412 4050 2724 4124 conterat,
2759 4051 3149 4128 provocabo.

2864 4202 3001 4210 ...ρ-...η

721 4357 871 4472 s.
953 4300 1672 4468 ausast:
1750 4335 2838 4453 nummum:
2877 4408 2925 4484 ,

1253 4511 1825 4583 STRIDONENSIS
1868 4508 2389 4585 PRESBYTERI,

468 4640 1604 4824 OPERUM
1774 4631 3181 4799 MANTISSA

1648 4886 2009 4944 CONTINENS

749 5019 1504 5159 SCRIPTA
1595 5009 2863 5149 ΞΠΡΡΟΞΙΤΙΤΙΑς

678 5336 1098 5449 PARS
1176 5329 1765 5443 PRIMA.
1842 5358 1916 5397 -
1982 5312 2907 5425 EPISTOLIE.

1145 5542 2010 5660 nonnufmmsroun
2048 5542 2499 5658 SEQUENTEM.

232 5755 347 5809 om
385 5748 721 5814 manumque
755 5754 857 5811 εει,
904 5743 1040 5817 quod
1079 5757 1268 5817 ηιαςηρ
1320 5737 1649 5817 acroama
1676 5733 1783 5813 ιιατε
1888 5730 2073 5817 "meo,
2103 5725 2269 5817 inquit
2298 5720 3370 5817 zunarerum}:sagittam
3409 5727 3494 5788 ιε-

146 5787 347 5901 o'."
379 5787 1216 5901 ιῗῑἿῖιᾙξῖὗιεῖῖτέιῧῖεῖιῐίέἓίνῖῖί
1242 5811 1404 5901 tet“
1432 5787 1783 5901 Ρεζειθίὶξξίῖ
1888 5807 2115 5901 βξξὶξθέηι
2143 5787 3491 5901 ηῗέξξξὲὲίησὶξ.,9³ίὲὲίξὲξὶῖ.ἐοὲὲῖζίξδξίὲῗξέηνὲξὲηεξξῖ

148 5860 341 5965 337a,,
379 5860 1215 5946 Eii-{iiiis}"355ii6aii57'iiéiiii
1242 5860 1399 5939 '66.};
1426 5881 1481 5933 in
1524 5860 1738 5930 cauea
1763 5887 1782 5924 :
1889 5860 2110 5926 Temere
2143 5868 2501 5940 arbitrantur,
2549 5869 2773 5927 minime
2818 5860 3165 5938 pervidentcs
3189 5860 3401 5938 ,'quod
3431 5860 3494 5931 ei

1290 4200 3001 4220 WWM_,

172 4203 3463 4282 MV
478 4253 1383 4271 7________________________________..__..._
