3998 6198
533 238 603 294 iii
1579 228 1638 285 S.
1681 221 2072 283 IIlERONYMl
2110 218 2393 278 OPERUM
2435 214 2797 278 MANTISSA.
3429 210 3433 214 ’
3762 212 3832 271 16

529 352 770 409 suavitas
814 346 1140 421 eloquentiae
1183 344 1580 421 demulceatis,
1612 353 1667 399 et
1688 343 1968 421 haereseos
1997 352 2121 409 per-
2150 335 2205 398 Α
2230 335 2511 407 magisque
2556 334 2821 405 reliquam
2867 329 3123 388 ordinare
3173 330 3338 387 vitam
3365 371 3380 398 ,
3425 343 3605 421 quam,
3633 342 3835 386 ornare

528 424 763 482 versitas
791 412 1099 479 sedueentis
1119 417 1408 475 manifeste
1427 414 1791 487 probant,hoc
1815 412 1960 467 illius
1986 423 2120 476 Opil-

528 496 740 550 sculum
766 507 873 548 non
902 506 1044 547 esse.
1098 489 1242 545 Satis
1271 486 1507 561 equidem
1534 486 1761 561 erudite,
1793 490 1980 561 nam_et
2002 490 2116 561 aly.-

533 566 619 619 tus
645 564 823 637 palam
849 562 1021 637 arguit
1060 577 1166 637 non
1206 553 1322 637 esse
1340 557 1697 637 Hieronymi,
1719 563 1770 637 el
1787 553 1923 637 quod
1948 553 2117 637 conti:-

524 626 706 691 nent'er
758 626 1019 699 insinuat,
1069 633 1369 704 hteretieum
1414 626 1613 704 dogma
1637 626 1770 704 illud
1818 626 1987 704 ipsum
2033 630 2107 676 est

532 695 1130 788 Ρειαθίαηονιιηιηάιιοά
1143 700 1411 788 ,διηριξεεν
1435 695 1866 788 ρίιῖρτετῖρρςῖξτ
1888 695 2025 788 ‘Rfif.
2053 708 2118 788 ετξ

530 777 630 831 hac
666 763 796 848 ipsa,
819 763 1411 848 scriptibne__indicati_s,_
1435 763 1703 848 subvertit.
1722 763 1732 769 ’
1751 766 1867 821 Hac
1892 773 2025 848 certe
2054 763 2119 816 de

529 837 699 902 causa'
729 846 846 900 aliis
882 837 1034 915 atque
1072 844 1190 898 aliis
1216 842 1444 915 Aemilia
1486 841 1871 915 hwreticorum‘
1891 837 2123 915 factione

524 917 876 988 scriptoribus!
916 903 1107 988 tributa
1142 913 1376 988 subinde
1406 923 1478 988 est
1513 929 1533 967 :
1577 903 1971 988 _et_cuntprimis
2021 903 2124 958 Ju-

527 980 715 1055 liano;
757 996 815 1041 ut
842 985 1039 1041 dudum
1060 983 1305 1037 laudatus
1331 981 1477 1037 Beda
1505 980 1963 1055 existintabat__,_et
1988 991 2124 1055 non-

526 1058 661 1113 nulli
688 1045 891 1112 codices
920 1072 1069 1125 mss.,
1093 1071 1119 1107 e
1138 1055 1333 1125 quibus,
1351 1057 1599 1125 vetustior
1622 1068 1758 1107 unus
1782 1045 2126 1125 Bibliotheca:

523 1127 589 1186 S.
616 1125 860 1196 Victoris,
877 1116 1274 1200 asseru:nt,'tu_t_n
1295 1123 1557 1200 Caelestis,
1587 1125 1737 1200 cujus
1759 1136 1949 1200 nomen
1975 1116 2126 1200 ill-flar-

522 1200 743 1255 tiancus
789 1189 1006 1253 testatur
1050 1189 1298 1256 in’aliis,
1332 1211 1461 1261 quos
1488 1189 1695 1259 laudat,
1722 1190 1951 1262 antiquis
1980 1189 2126 1242 libris

522 1270 887 1341 prescriptum
930 1268 1208 1341 inuenisse.
1271 1265 1497 1341 Verum,
1532 1265 1671 1338 quod
1699 1263 2028 1341 dicebamus,
2060 1275 2125 1341 ex

521 1335 795 1411 ipsiusm'et
844 1338 1056 1411 Pelagii
1111 1338 1320 1411 calamo
1361 1335 1594 1411 projecta
1626 1335 1946 1411 est:__idque
1984 1339 2124 1384 certo

519 1406 651 1481 scire
696 1412 813 1465 licet
841 1425 908 1464 ea:
934 1406 1213 1481 Augustini
1259 1406 1367 1462 lib.
1395 1406 1463 1461 de
1498 1407 1683 1463 Gratia
1720 1406 1969 1481 Christi,
2002 1419 2118 1474 cap.

520 1480 595 1537 30
621 1489 670 1535 et
695 1496 863 1552 seqq.,
887 1488 935 1534 et
953 1478 1272 1552 luculentius
1292 1495 1355 1534 ea;
1374 1480 1604 1552 ejusdem
1627 1479 1745 1552 libri
1766 1494 1880 1552 cap.
1902 1478 2000 1552 '57,
2022 1491 2125 1552 quo

523 1552 638 1606 loco
660 1545 1000 1623 seductorem
1022 1552 1133 1623 ipse
1156 1545 1672 1623 declarat'Pelagius
1698 1551 1751 1603 in
1786 1550 1895 1623 suis
1933 1546 2000 1601 ad
2029 1545 2123 1600 In-

520 1621 812 1692 nocentium
843 1618 1287 1692 litteris'scribens
1311 1636 1329 1675 :
1356 1618 1584 1692 Legant',
1615 1635 1777 1692 quam
1810 1618 1877 1674 ad
1908 1632 2119 1673 sacram

519 1691 722 1748 Christi
750 1691 1009 1763 virginem
1042 1691 1454 1748 Demetriadem
1476 1694 1529 1748 in
1573 1691 1797 1748 Oriente
1834 1692 2118 1761 conscrip-

520 1763 713 1830 simus,
739 1772 793 1819 et
822 1763 1098 1819 invenient
1126 1776 1221 1817 nos
1250 1764 1320 1817 ita
1348 1763 1583 1819 hominis
1608 1765 1827 1818 laudare
1851 1769 2121 1830 naturam,

518 1843 581 1889 ut
623 1833 718 1890 Dei
750 1849 965 1905 semper
1006 1834 1194 1904 gratiae
1243 1834 1503 1890 addamus
1552 1836 1841 1890 auxilium;
1902 1834 2039 1891 Sunt
2076 1846 2126 1893 et

519 1906 759 1973 quadam
802 1905 1163 1977 ex_ltttjusmet
1200 1906 1431 1977 epistola:
1458 1915 1695 1961 contextu
1720 1907 1814 1961 sub
1842 1923 1962 1975 cap.
1998 1908 2025 1961 i
2059 1909 2125 1977 ﬁ-

518 1992 637 2049 nem
662 2020 677 2045 ,
709 1991 841 2049 quin
863 1974 1139 2049 Pelagium
1178 1977 1231 2049 in
1270 1974 1506 2049 Epistula
1544 1977 1615 2049 ad
1642 1974 1999 2033 Constantium
2026 1974 2123 2049 pro

518 2048 630 2118 suis
659 2044 956 2118 agnovisse,
997 2044 1137 2101 idem
1173 2044 1649 2118 Augustinusloco
1681 2050 1899 2102 laudato
1920 2044 2118 2104 scribit.

524 2115 742 2190 Orosius
768 2131 967 2187 quoque
983 2115 1390 2190 ejusauctorem
1426 2116 1705 2190 Pelagium
1732 2120 1892 2190 facit:
1921 2128 2123 2174 tantum

517 2186 660 2257 quod
702 2186 885 2263 notat,
914 2186 1080 2263 fuisse
1103 2186 1185 2263 illi
1212 2187 1364 2263 verba
1385 2188 1449 2242 ab
1471 2186 1578 2244 alio
1614 2186 1949 2263 suppeditata
1973 2205 1991 2242 :
2034 2191 2125 2263 ille

518 2274 637 2330 ζετο
680 2258 817 2330 alius
850 2258 1005 2330 facile
1054 2260 1208 2330 fuerit
1253 2258 1492 2314 Atrianus
1538 2258 1991 2330 pseudodiaconus
2027 2259 2123 2317 Ce-

516 2327 775 2400 ledemis,
823 2327 879 2383 ut
910 2327 1234 2400 Hieronymo
1261 2330 1450 2384 dicitur
1476 2327 1629 2399 epist.
1661 2332 1716 2385 in
1746 2340 1923 2386 nostra
1948 2348 2124 2387 recen-

516 2398 828 2470 sionc‘ﬂS,
870 2400 987 2470 qui,
1016 2398 1130 2470 ait;
1151 2398 1530 2470 copiosissime
1553 2402 1812 2469 pascitur,
1841 2411 1900 2458 ut
1929 2403 2123 2459 aliena:

512 2467 1081 2538 blasphemiaa'verba
1112 2467 1304 2525 frivola
1351 2467 1751 2527 subministret.
1807 2473 2122 2538 Scriptionis

514 2550 714 2610 tempus
750 2540 890 2610 quod
929 2548 1154 2610 spectat,
1186 2549 1418 2594 nofatuut
1455 2550 1582 2595 ante
1623 2558 1716 2597 nos
1749 2542 1870 2597 Pl’.
1895 2540 2119 2598 Benedi-

519 2612 672 2664 ctinis
702 2610 1205 2679 Augustinianorum
1230 2627 1445 2679 Operam
1472 2613 1779 2679 editoribus,
1824 2614 2002 2667 datam
2031 2632 2119 2670 an.

517 2679 626 2753 μδ
646 2721 660 2743 .
713 2677 832 2753 quo
855 2677 1173 2735 Demetriadi
1206 2677 1519 2753 virginitatis
1557 2677 1789 2739 velamen
1819 2685 2124 2753 suscipienti

519 2750 722 2827 litteras
762 2749 1016 2827 miserunt
1058 2749 1299 2807 certatini
1335 2752 1727 2827 Hieronymus,
1777 2749 2119 2827 Augustinus,

518 2830 569 2898 et
598 2818 959 2898 Innocentius,
988 2832 1079 2876 aut
1102 2832 1238 2898 certe
1266 2838 1391 2898 ann.
1416 2818 1915 2898 Libipostéaquain
1946 2828 2040 2882 illa
2069 2818 2123 2883 se

515 2888 742 2967 Romam
785 2893 1056 2967 recepisset
1073 2908 1099 2967 ε
1130 2894 1352 2967 id__quod
1396 2888 1695 2967 significare
1724 2888 1927 2952 videtur
1960 2897 2124 2953 Pela-

519 2963 637 3043 gius
661 2958 840 3043 hic
872 2958 1122 3043 cap.n‘25.
1176 2958 1308 3043 Yide
1340 2958 1467 3043 quia.
1481 2958 1666 3043 n6s_de
1696 2985 1815 3023 vera
1855 2968 2122 3042 Hierony-

518 3032 693 3111 miana
733 3032 828 3111 illa
863 3034 933 3087 ad
976 3032 1665 3111 Demetriadengpistola,
1707 3056 1827 3111 qua:
1848 3032 2120 3096 numerum

521 3102 715 3159 obtinet
739 3104 794 3159 in
826 3112 1004 3161 nostra
1033 3105 1280 3162 Editione
1305 3108 1408 3163 150
1436 3102 1689 3167 diximus.
1719 3102 1731 3153 ί

1114 3240 1448 3301 EPISTOLA
1484 3242 1529 3300 Ι.

938 3370 1149 3412 ΡΒιΑθιι
1185 3370 1255 3411 ΑΙ)
1291 3372 1702 3415 DEIETBIADEN.

521 3462 531 3471 ·
592 3448 725 3506 Car.
749 3447 789 3505 Ι.
813 3477 885 3488 —
915 3447 971 3504 Si
994 3462 1208 3504 summo
1246 3448 1466 3521 ingenio
1503 3450 1727 3523 parique
1758 3451 1927 3511 fretus
1950 3455 2127 3513 scien-

523 3539 871 3609 tia,offlcium
896 3539 1169 3597 scribendi
1198 3539 1359 3597 facile
1386 3557 1474 3598 me
1501 3542 1730 3614 implere
1757 3560 1917 3615 posse
1936 3549 2126 3606 crede-

522 3646 676 3688 rem:
722 3640 900 3688 tamen
948 3641 1056 3688 tam
1106 3633 1335 3689 arduum
1382 3634 1486 3692 hoc
1527 3652 1662 3707 opus
1703 3639 1954 3710 ingredi,
2009 3641 2128 3698 sine

525 3736 725 3797 magno
753 3722 1087 3779 difficultatis
1118 3726 1316 3782 timore
1346 3741 1453 3782 non
1481 3742 1721 3798 possem.
1766 3731 2125 3790 Seribendum

530 3828 713 3872 tamen
741 3824 827 3872 est
852 3815 919 3871 ad
947 3816 1347 3873 Demetriadem
1379 3818 1645 3889 virginem
1686 3820 1884 3879 Christi
1910 3865 1925 3890 ,
1964 3826 2129 3896 virgi-

530 3922 654 3964 nem
684 3906 951 3974 nobilem,
998 3908 1262 3978 virginem
1291 3908 1544 3977 divitem,
1587 3920 1643 3967 et
1670 3914 1811 3983 quod
1843 3913 1929 3971 his
1956 3916 2129 3986 majus

528 4011 645 4068 est,
675 4000 872 4057 ardore
899 4000 1055 4069 fidei,
1085 4002 1426 4058 nobilitatem
1457 4002 1781 4078 divitiasque
1804 4008 2127 4067 calcantem.

527 4096 699 4163 Quam
734 4093 941 4165 utique,
974 4109 1073 4164 pro
1101 4104 1208 4149 tam
1234 4095 1459 4167 insignis
1488 4096 1606 4169 [ΑΙ.
1637 4100 1864 4173 insigni]
1890 4102 2128 4159 admira-

530 4190 678 4244 tione
700 4187 938 4257 virtutis,
969 4197 1029 4244 ut
1056 4188 1281 4246 laudare
1308 4191 1559 4247 omnibus
1588 4190 1775 4261 facile,
1826 4196 1899 4251 ita
1928 4196 2132 4255 docere

530 4279 752 4338 difficile
789 4289 889 4337 est.
948 4278 1045 4335 Cui
1092 4282 1233 4337 enim
1274 4283 1450 4338 oratio
1495 4283 1687 4339 deesse
1726 4286 1896 4356 possit
1933 4287 1986 4343 in
2014 4290 2131 4360 ejus

528 4374 688 4431 laude
712 4372 1035 4429 celebranda
1063 4392 1076 4427 :
1108 4388 1231 4443 quae
1256 4390 1471 4430 summo
1494 4376 1612 4432 loco
1636 4385 1788 4446 nata,
1821 4380 1873 4435 in
1905 4383 2132 4440 summis

2226 428 2582 496 praeteritam.
2633 424 2731 480 Est
2774 429 2957 479 autem
2999 421 3382 479 difficillimum
3409 434 3532 476 cum
3561 420 3679 492 ejus
3709 435 3835 490 per-

2224 532 2359 575 sona
2410 517 2629 584 facere,
2682 516 2741 571 in
2791 530 2897 586 qua
2941 512 3212 586 cupiditas
3259 520 3413 568 tanta
3452 511 3698 567 discendi
3722 521 3829 578 est,

2223 594 2518 679 lautusque
2560 606 2917 680 perfectionis
2955 605 3141 677 ardor,
3186 614 3246 661 ut
3280 605 3329 660 ei
3357 603 3657 674 quamlibet
3686 617 3817 674 per-

2228 706 2369 761 fecta
2417 700 2666 757 doctrina
2716 715 2813 770 par
2854 713 2984 755 esse
3029 700 3122 753 vix
3170 698 3361 769 possit.
3409 695 3655 752 Meminit
3682 697 3830 751 enim

2224 806 2488 867 recteque
2511 794 2794 859 meminit,
2829 806 2966 861 quas
2990 791 3181 847 mundi
3208 804 3340 861 opes
3369 789 3715 861 gloriamque
3745 803 3833 845 re-

2222 886 2453 960 spuerit,
2485 886 2690 956 quibus
2715 882 3093 954 voluptatibus
3126 880 3549 948 renuntiaverit,
3579 894 3714 952 quas
3734 879 3833 936 de-

2225 981 2393 1052 nique
2449 978 2848 1048 contempserit
2894 976 3019 1032 vita:
3061 975 3354 1047 praesentis
3396 975 3704 1031 illecebras.
3766 975 3832 1030 Et

2229 1072 2354 1127 ideo
2394 1078 2651 1127 contenta
2697 1083 2806 1124 non
2853 1076 2940 1125 est
2978 1066 3259 1123 communi
3312 1066 3415 1122 hoc
3462 1065 3832 1135 medioerique

2226 1179 2430 1236 genere
2457 1162 2679 1219 vivendi
2704 1178 2720 1227 ;
2752 1170 2809 1217 et
2835 1159 2979 1231 quod
3007 1160 3167 1217 facile
3190 1160 3305 1231 ipsa
3328 1160 3628 1216 multorum
3656 1160 3832 1215 socie-

2229 1266 2342 1314 tate
2370 1256 2621 1322 vilescat,
2655 1269 2860 1311 novum
2892 1252 3095 1323 aliquid
3124 1262 3181 1309 et
3210 1250 3527 1309 inusitatum
3560 1249 3828 1322 requirit:

2225 1348 2561 1420 praecipuum
2591 1361 2654 1404 ac
2683 1346 2964 1416 singulare
2995 1342 3271 1415 quoddam
3296 1342 3526 1415 ﬂagitat.
3581 1341 3699 1398 Non
3728 1343 3832 1398 mi-

2225 1457 2331 1499 nus
2359 1440 2837 1498 conversationem
2864 1453 3017 1494 suam
3048 1453 3207 1508 quam
3238 1435 3652 1492 conversionem
3680 1435 3833 1505 cupit

2224 1547 2345 1591 esse
2372 1532 2703 1589 mirabilem.
2732 1532 2790 1587 in
2818 1531 3021 1587 saeculo
3050 1529 3276 1599 nobilis,
3306 1528 3448 1600 apud
3480 1528 3650 1586 Deum
3678 1530 3832 1599 cupit

2223 1640 2346 1683 esse
2378 1625 2643 1682 nobilior.
2704 1624 2840 1681 Tam
2885 1625 3132 1696 pretiosa
3182 1622 3412 1694 requirit
3456 1623 3508 1677 iu
3560 1621 3826 1684 moribus,

2153 1710 2203 1772 B
2228 1734 2389 1790 quam
2421 1716 2751 1790 contempsit
2782 1716 2836 1772 in
2860 1717 3048 1773 rebus.
3094 1715 3250 1770 Hunc
3273 1716 3458 1785 utique
3480 1712 3590 1786 [ΑΙ.
3626 1709 3829 1783 itaque]

2229 1820 2338 1866 tam
2367 1811 2580 1867 devotae
2613 1810 2813 1865 mentis
2839 1808 3125 1875 ardorem,
3163 1807 3304 1862 hanc
3334 1814 3501 1861 tanta:
3529 1803 3826 1877 perfectio-

2226 1906 2314 1959 nis
2361 1902 2547 1969 sitim,
2579 1901 2724 1971 quod
2771 1916 3029 1971 umquam
3076 1898 3296 1956 satiabit
3344 1898 3544 1953 flumen
3580 1894 3831 1967 ingenii?

2225 1996 2361 2064 Quae
2384 1996 2472 2051 vis
2498 1994 2792 2064 aliquando
2823 1992 3109 2059 orationis,
3134 2007 3257 2063 qua:
3279 1990 3436 2062 c0pia
3466 2000 3675 2047 tantum
3698 2004 3829 2046 ver-

2226 2088 2309 2143 bis
2338 2087 2646 2157 exprimere
2677 2085 2896 2156 poterit,
2925 2093 3186 2156 quantum
3218 2093 3403 2156 parata
3428 2093 3514 2139 est
3545 2086 3696 2156 virgo
3732 2099 3825 2140 re-

2226 2178 2329 2235 bus
2358 2170 2626 2249 implere'?
2653 2175 2821 2232 Nobis
2849 2191 2982 2233 vero
3006 2175 3262 2231 donanda
3290 2185 3377 2232 est
3403 2176 3561 2233 venia
3589 2221 3604 2245 ,
3638 2177 3729 2247 qui
3755 2175 3830 2231 ad

2225 2270 2528 2326 ornandum
2543 2269 2754 2325 Domini
2784 2268 3213 2336 tabernaculum,
3234 2267 3533 2324 secundum
3563 2268 3706 2323 vires
3732 2280 3832 2322 no-

2225 2372 2368 2418 stras
2399 2377 2597 2418 munus
2627 2361 2929 2418 offerimus.
2962 2360 3074 2416 Nec
3093 2376 3351 2416 veremur
3376 2376 3445 2416 ne
3472 2368 3682 2417 temere
3701 2360 3831 2416 scri-

2225 2454 2431 2522 bendo,
2457 2454 2526 2510 ad
2556 2444 2720 2509 tantae
2747 2452 3046 2507 nobilitatis
3069 2452 3359 2524 virginem,
3382 2454 3527 2507 ultro
3554 2466 3652 2507 nos
3684 2466 3833 2507 mor-

2226 2545 2379 2600 sibus
2427 2546 2707 2600 tradamus
2754 2543 2995 2599 invidiae.
3052 2542 3357 2600 Scribimus
3406 2544 3555 2601 enim
3604 2553 3831 2615 petente

2225 2649 2410 2694 Sancta
2461 2646 2634 2695 matre
2675 2638 2795 2709 ejus
2819 2678 2834 2705 ,
2890 2638 3057 2693 immo
3102 2638 3328 2709 jubente
3354 2682 3369 2708 ,
3402 2639 3566 2711 idque
3606 2655 3633 2694 a
3670 2638 3831 2695 nobis

2226 2733 2614 2788 transmarinis
2646 2731 2846 2788 litteris
2866 2771 2881 2797 ,
2920 2734 3060 2788 miro
3082 2746 3205 2788 cum
3227 2732 3501 2788 desiderio
3531 2733 3701 2788 animi
3732 2732 3833 2787 lla-

2225 2824 2469 2895 gitante:
2502 2840 2625 2894 qua:
2670 2823 2830 2879 facile
2863 2823 3137 2891 ostendit,
3170 2837 3279 2895 quo
3310 2823 3491 2880 studio
3520 2834 3832 2896 quantaque

2223 2934 2358 2975 cura
2391 2919 2443 2973 in
2475 2918 2583 2973 tilia
2615 2931 2842 2988 germen
2870 2916 3101 2973 cteleste
3139 2916 3499 2986 plantaverit,
3537 2916 3665 2973 dum
3695 2917 3831 2973 illud

2226 3023 2337 3067 tam
2368 3012 2608 3068 sollicite
2635 3012 2787 3081 cupit
2827 3010 2896 3067 ab
2926 3010 3048 3067 aliis
3072 3009 3309 3081 irrigari.
3358 3010 3574 3066 Remoti
3606 3009 3771 3082 igitur
3799 3025 3831 3065 a

2151 3090 2199 3156 C
2231 3107 2570 3173 temeritate,
2597 3114 2657 3162 et
2678 3105 2746 3161 ab
2773 3104 3074 3161 ambitione
3097 3104 3277 3171 liberi,
3302 3108 3586 3177 proposito
3613 3106 3834 3162 insude-

2230 3215 2351 3256 mus
2378 3201 2554 3271 operi.
2604 3200 2717 3257 Nec
2751 3199 2821 3256 de
2858 3198 3237 3256 mediocritate
3264 3199 3561 3257 diffidimus
3589 3200 3697 3273 [ΑΙ.
3726 3199 3834 3256 dif-

2229 3291 2483 3363 ﬁdamus]
2517 3292 2717 3363 ingenii
2741 3333 2757 3359 ,
2788 3292 2934 3362 quod
2960 3292 3239 3348 credimus
3263 3332 3280 3360 ,
3312 3303 3366 3350 et
3395 3294 3502 3352 fide
3526 3293 3739 3366 matris,
3774 3305 3831 3353 et

2230 3384 2435 3439 merito
2464 3381 2693 3455 virginis
2721 3382 2988 3454 adjuvari.

2300 3480 2427 3536 CAP.
2460 3478 2869 3549 ll.—Quoties
2916 3481 3047 3539 mihi
3086 3483 3155 3540 de
3201 3484 3546 3541 inatitutione
3590 3498 3827 3552 morum,

2230 3585 2285 3633 et
2326 3585 2529 3633 sancta:
2578 3577 2703 3632 vitae
2744 3581 3169 3636 conversatione
3207 3580 3501 3636 dicendum
3536 3588 3641 3645 est,
3674 3580 3831 3636 soleo

2232 3669 2385 3738 prius
2413 3670 2663 3726 humanae
2680 3679 2889 3727 natura:
2915 3673 3023 3727 vim
3042 3672 3472 3744 qualitatemque
3498 3680 3826 3739 monstrare,

2230 3767 2287 3814 et
2320 3760 2447 3830 quid
2491 3760 2705 3817 efﬁcere
2758 3763 2965 3833 possit,
3018 3764 3305 3821 ostendere
3352 3781 3367 3819 :
3423 3778 3486 3819 ac
3537 3763 3647 3833 jam
3702 3764 3831 3820 inde

2232 3849 2505 3907 audientis
2535 3852 2780 3907 animum
2825 3852 2893 3908 ad
2934 3853 3147 3924 species
3170 3855 3395 3911 incitare
3428 3855 3687 3909 virtutum
3715 3874 3729 3910 :
3762 3870 3833 3911 ne

2232 3943 2366 3999 nihil
2398 3944 2570 4014 prosit
2593 3943 2657 3998 ad
2684 3960 2745 4000 ea
2777 3947 2986 4017 vocari,
3013 3962 3133 4017 qua:
3170 3947 3312 4003 forte
3339 3947 3439 4002 sibi
3467 3944 3834 4018 impossibilia

2231 4049 2357 4091 esse
2388 4036 2820 4106 praesumpserit.
2880 4037 3233 4108 Nequaquam
3260 4036 3404 4093 enim
3440 4037 3548 4109 [Αι.
3591 4052 3837 4108 prmseu-

2232 4126 2388 4182 serit.
2423 4125 2729 4198 Numquam
2761 4127 2932 4200 enim]
2964 4131 3222 4184 virtutum
3265 4128 3410 4182 viam
3462 4129 3709 4186 valemus
3750 4130 3839 4187 in-

2232 4218 2407 4290 gredi,
2436 4219 2543 4275 nisi
2569 4233 2666 4289 spe
2686 4220 2954 4275 ducamur
2974 4220 3201 4277 comitc.
3233 4219 3518 4290 Siquidem
3540 4222 3835 4291 appetendi

2233 4310 2417 4366 omnis
2488 4319 2715 4367 conatus
2785 4312 2929 4381 perit
2988 4313 3355 4384 consequendi
3420 4312 3831 4383 deSperatione.

2235 4400 2407 4469 Quem
2438 4417 2539 4473 ego
2561 4401 2960 4459 exhortationis
2986 4403 3259 4472 ordinem,
3299 4418 3421 4474 cum
3454 4404 3511 4459 in
3543 4403 3666 4459 aliis
3690 4419 3834 4474 quo-

528 4466 726 4539 opibus
755 4465 1078 4535 deliciisque
1106 4468 1307 4521 nutrita
1334 4509 1349 4533 ,
1401 4470 1562 4525 tantis
1597 4480 1813 4543 tamque
1843 4476 2006 4532 variis
2034 4477 2123 4532 hu-

2237 4508 2340 4564 que
2388 4493 2672 4563 Opusculis
2722 4495 2987 4551 teuuerim
3015 4537 3031 4563 ,
3078 4504 3209 4551 tunc
3248 4497 3335 4552 hic
3375 4496 3608 4551 maxime
3640 4495 3837 4552 obser-

528 4562 619 4630 jus
646 4559 768 4614 vitae
796 4556 1208 4626 blandimentis,
1233 4558 1384 4614 velut
1415 4562 1775 4620 tenacissimis
1804 4567 2129 4637 quibusdam

530 4655 739 4712 irretita
773 4652 1046 4722 vinculis,
1093 4652 1273 4709 subito
1322 4656 1600 4726 eruperit,
1643 4670 1944 4732 cunctaque
1968 4664 2130 4720 simul

528 4748 779 4817 corporis
804 4747 968 4812 bona,
1000 4744 1168 4801 animi
1194 4744 1398 4801 virtute
1422 4749 1751 4805 mutaverit?
1781 4751 1913 4819 Quae
1941 4752 2129 4811 florem

532 4838 710 4896 adhuc
741 4841 913 4909 ipsum
946 4837 1189 4895 ineuntis
1229 4838 1406 4895 :etatis
1430 4882 1444 4907 ,
1491 4840 1722 4911 quodam
1763 4842 1889 4900 fidei
1924 4845 2124 4916 gladio,

536 4932 589 4985 id
638 4940 760 4997 est,
810 4930 1083 4988 voluntate
1130 4929 1473 4999 succiderit?
1520 4931 1592 4988 Et
1637 4934 1961 5007 crucifigens
2002 4952 2125 4995 cum

532 5021 753 5077 Christo
780 5035 1000 5077 carnem
1028 5038 1182 5079 suam
1207 5065 1224 5092 ,
1258 5023 1435 5079 vivam
1459 5064 1475 5091 ,
1504 5035 1855 5098 sanctamque
1891 5029 2126 5086 hostiam

530 5112 827 5170 sacraverit
881 5113 988 5168 Deo
1014 5154 1029 5179 ,
1070 5129 1134 5169 ac
1164 5116 1489 5171 nobilissimi
1529 5118 1808 5188 sanguinis
1838 5122 2127 5189 posterita-

530 5220 666 5275 tcm,
704 5207 1027 5277 virginitatis
1063 5221 1247 5263 amore
1276 5210 1707 5280 contempserit?
1734 5210 1908 5267 Prona
1941 5222 2122 5270 autem

531 5310 586 5358 et
616 5299 788 5357 facilis
813 5299 1026 5355 dicendi
1056 5298 1147 5354 via
1174 5310 1288 5367 est,
1317 5317 1436 5371 qua:
1460 5304 1575 5368 ipsa
1604 5303 1854 5361 ubertate
1884 5308 2122 5363 materiae

528 5408 747 5449 rursum
778 5389 1038 5449 orationis
1067 5391 1350 5449 accendit:
1385 5394 1480 5449 sed
1520 5396 1675 5452 nobis
1700 5396 1807 5451 alio
1832 5399 2001 5469 magis
2033 5400 2121 5455 iti-

527 5500 661 5542 nere
693 5483 1025 5557 pergendum
1055 5492 1159 5550 est,
1182 5484 1379 5555 quibus
1405 5488 1739 5555 propositum
1768 5498 1873 5558 est,
1906 5490 2122 5545 institu-

530 5578 733 5631 tionem
758 5576 1020 5647 virginis,
1053 5591 1160 5633 non
1192 5576 1410 5633 laudem
1443 5577 1724 5635 scribere:
1755 5595 1857 5637 nec
1886 5590 1995 5638 tam
2028 5598 2123 5653 pa-

523 5675 672 5728 ratas
696 5668 805 5741 jam
828 5668 1059 5727 virtutes
1087 5668 1209 5742 ejus
1235 5669 1545 5744 exprimere
1566 5712 1580 5741 ,
1609 5685 1768 5745 quam
1809 5675 2116 5748 parandas:

2206 4586 2469 4659 ‘vandum
2501 4596 2669 4657 puto:
2709 4587 2798 4642 ubi
2831 4603 2899 4643 eo
2929 4588 3143 4658 plenius
3185 4600 3393 4646 natura:
3416 4588 3615 4645 bonum
3646 4589 3836 4653 deela-

2233 4678 2343 4734 rari
2378 4679 2583 4746 debet,
2631 4696 2739 4751 quo
2785 4681 3114 4735 instituenda
3147 4690 3234 4736 est
3276 4682 3385 4736 vita
3414 4681 3728 4752 perfectior,
3761 4697 3836 4737 ne

2230 4778 2385 4827 tanto
2430 4773 2713 4828 remissior
2755 4772 2827 4826 sit
2854 4772 2920 4827 ad
2966 4772 3224 4828 virtutem
3265 4776 3481 4829 animus
3502 4790 3564 4829 ac
3596 4773 3831 4843 tardior,

2231 4871 2440 4931 quanto
2464 4864 2644 4919 minus
2678 4879 2738 4918 se
2770 4879 2931 4935 posse
2960 4865 3156 4922 credat
3187 4884 3200 4921 :
3230 4876 3284 4922 et
3315 4868 3445 4923 dum
3473 4866 3615 4938 quod
3644 4866 3835 4924 inesse

2228 4955 2335 5011 sibi
2364 4954 2600 5025 ignorat,
2634 4953 2688 5009 id
2714 4970 2773 5012 se
2802 4957 3082 5013 existimat
3107 4974 3215 5013 non
3246 4958 3465 5014 habere.
3498 4958 3833 5015 Proferenda

2228 5062 2447 5118 semper
2488 5046 2543 5102 in
2585 5048 2836 5103 notitiam
2864 5064 2927 5104 ea
2960 5064 3051 5104 res
3076 5058 3181 5116 est,
3212 5050 3370 5119 cujus
3396 5064 3527 5106 usus
3547 5048 3835 5105 desidera-

2228 5149 2337 5206 tur,
2368 5149 2426 5197 et
2454 5140 2837 5211 eaplicandum
2868 5152 2974 5211 est,
3003 5144 3264 5216 quidquid
3290 5146 3491 5200 bonum
3517 5152 3702 5199 natura
3732 5159 3835 5214 po-

2226 5244 2365 5299 test,
2395 5249 2517 5290 cum
2547 5233 2809 5306 quidquid
2840 5249 3000 5306 posse
3040 5238 3323 5308 probatur,
3352 5236 3687 5308 implendum
3719 5248 3831 5294 est.

2229 5324 2355 5381 lltcc
2386 5325 2550 5390 igitur
2576 5327 2748 5398 prima
2776 5334 2984 5384 sancta:
3033 5344 3098 5386 ac
3127 5330 3430 5401 spiritualis
3462 5331 3585 5386 vita:
3629 5330 3829 5386 funda-

2225 5428 2405 5476 menta
2429 5418 2726 5490 jaciantur,
2758 5428 2816 5475 ut
2846 5420 2998 5477 vires
3018 5436 3146 5477 suas
3168 5423 3321 5491 virgo
3347 5433 3641 5491 agnoscat:
3686 5438 3829 5493 quas

2224 5511 2441 5567 demum
2489 5511 2628 5567 bene
2671 5526 2932 5568 exercere
2970 5513 3208 5581 poterit,
3241 5527 3367 5566 cum
3408 5528 3501 5567 eas
3533 5528 3592 5568 se
3618 5514 3828 5572 habere

2222 5601 2497 5659 didicerit.
2568 5602 2781 5671 Optima
2832 5604 2976 5657 enim
3034 5602 3203 5656 animi
3252 5602 3603 5659 incitamenta
3653 5616 3823 5677 sunt,

2220 5707 2343 5761 cum
2385 5694 2613 5753 docetur
2650 5693 2849 5766 aliquis
2884 5706 3045 5766 posse
3084 5694 3230 5766 quod
3257 5695 3462 5773 cupiat.
3517 5695 3649 5755 Nam
3682 5708 3743 5756 et
3769 5699 3826 5759 in
