3998 6198
198 238 265 299 17
1160 240 1434 299 PELAGII
1476 240 1567 300 AD
1604 237 2111 299 DEMETRIADEM
2153 239 2518 300 EPISTOLA.
3432 244 3501 301 η

198 355 340 413 bello
394 370 462 414 ea
514 357 822 415 exhortatio
871 356 1106 412 maxima
1140 364 1222 411 est
1250 399 1264 423 ,
1298 370 1470 425 eaque
1498 353 1791 426 plurimum
1818 355 1869 416 Α
1899 353 2021 409 tarii
2052 354 2178 410 boni
2212 371 2442 414 munere
2470 356 2581 435 [ΑΙ.
2608 357 2868 433 munire],
2898 367 2953 415 et
2978 357 3137 416 liberi
3172 358 3381 416 arbitrii
3406 375 3508 429 po.

197 449 549 505 auctoritatis
579 450 771 517 habet,
813 465 932 520 quae
962 458 1315 520 pugnatorem
1348 447 1418 503 de
1454 447 1660 502 viribus
1682 448 1795 503 suis

201 541 489 598 admonet.
521 542 762 598 Primum
791 542 972 613 itaque
992 540 1162 597 debes
1184 551 1393 595 naturae
1420 538 1674 595 humanae
1703 540 1799 594 bo-

200 648 332 689 num
377 634 445 689 de
470 634 587 705 ejus
617 640 842 690 auctore
882 633 1060 689 metiri
1087 678 1101 702 ,
1138 633 1247 689 Deo
1274 631 1519 699 scilicet,
1551 630 1648 702 qui
1677 646 1800 687 cum

198 726 454 782 universa
486 726 697 793 mundi,
730 736 786 782 et
816 742 938 797 qua:
967 725 1110 781 intra
1143 724 1408 780 mundum
1440 733 1602 790 sunt,
1633 738 1799 793 opera

195 816 362 885 bona,
391 825 445 873 et
466 817 627 873 valde
644 817 786 873 bona
821 816 1015 872 iecisse
1040 816 1309 872 referatur
1333 834 1346 871 :
1371 825 1596 887 quanto,
1624 826 1800 885 putas,

195 910 644 981 prastantiorem
674 909 853 979 ipsum
881 909 1159 964 hominem
1190 908 1361 963 fecit:
1399 917 1620 979 propter
1644 923 1805 977 quem

198 1002 394 1057 omnia
422 1002 592 1057 etiam
622 1000 946 1071 intelligitur
975 1000 1066 1055 illa
1091 998 1402 1055 condidisse
1426 1000 1447 1052 .'
1480 999 1649 1066 Quem
1672 998 1803 1052 dum

188 1096 267 1151 ad
296 1095 596 1166 imaginem
638 1104 693 1149 et
725 1094 1141 1150 similitudinem
1169 1107 1321 1148 suam
1357 1091 1533 1146 facere
1562 1090 1804 1159 disponit

187 1186 307 1260 [ΑΙ.
334 1183 658 1256 disposuit],
698 1193 993 1254 antequam
1021 1183 1203 1249 faciat,
1237 1180 1454 1251 qualem
1485 1181 1555 1235 sit
1580 1178 1686 1251 [Αι.
1720 1194 1802 1235 es-

186 1278 299 1350 set]
329 1278 607 1342 facturus,
649 1276 908 1332 ostendit.
958 1274 1168 1332 Deinde
1197 1290 1322 1330 cum
1345 1272 1574 1343 subjecit
1603 1272 1655 1328 ei
1680 1272 1801 1328 uni-

187 1387 349 1427 versa
376 1370 636 1425 animalia
670 1387 683 1425 :
716 1384 955 1440 eumque
983 1368 1144 1424 etiam
1168 1368 1450 1422 constituit
1483 1380 1671 1421 eorum
1703 1365 1800 1420 do-

189 1464 423 1531 minum,
457 1477 576 1534 qua:
604 1461 689 1516 vel
717 1461 860 1516 mole
887 1461 1155 1530 corporis,
1188 1460 1272 1515 vel
1304 1459 1499 1513 virium
1532 1456 1801 1528 magnitu-

189 1556 323 1612 dine
350 1598 365 1622 ,
416 1556 501 1610 vel
536 1554 705 1609 armis
733 1553 977 1609 dentium
1024 1552 1195 1607 multo
1242 1551 1542 1606 valentiora
1576 1548 1799 1604 homine

189 1648 418 1705 fecerit:
466 1648 599 1704 satis
644 1646 931 1713 declarat,
968 1653 1172 1717 quanto
1222 1643 1498 1715 pulchrius
1537 1643 1607 1698 sit
1634 1643 1799 1697 homo

1899 454 2096 503 testate
2131 447 2337 506 donare
2372 469 2382 503 :
2435 453 2719 523 utriusque
2752 453 2923 524 partis
2951 453 3373 523 possibilitatem
3409 456 3507 509 ho-

1900 538 2031 593 mini
2064 538 2380 606 inserendo,
2406 542 2684 614 proprium
2710 544 2830 614 ejus
2863 544 2996 600 fecit
3019 560 3143 601 esse
3171 547 3315 616 quod
3342 546 3501 613 velit,

1902 640 1959 684 ut
1982 630 2111 685 boni
2132 646 2198 686 ac
2226 632 2356 687 mali
2387 648 2560 703 capax
2589 636 2915 691 naturaliter
2941 642 3242 705 utrumque
3271 646 3457 707 posset
3485 656 3499 691 :

1903 731 1961 779 et
1987 723 2056 778 ad
2084 723 2404 780 alterutrum
2423 725 2759 783 voluntatem
2780 726 3116 783 deﬂecteret.
3146 725 3331 796 Neque
3354 726 3497 783 enim

1906 815 2065 871 aliter
2104 826 2466 887 spontaneum
2498 817 2698 874 habere
2727 828 2941 891 poterat
2970 821 3173 876 bonum
3200 837 3213 872 :
3249 819 3351 875 nisi
3392 816 3501 891 (At.

1908 907 2009 961 nisi
2039 922 2193 979 atque
2220 909 2405 981 etiam]
2437 925 2500 964 ea
2529 919 2800 977 creatura,
2832 926 2949 981 quae
2975 911 3139 966 etiam
3170 911 3370 967 malum
3399 911 3493 966 ha-

1908 998 2037 1053 bere
2082 1001 2366 1068 potuisset.
2411 1000 2713 1072 Utrumque
2752 1016 2851 1056 nos
2882 1016 3041 1073 posse
3068 1003 3241 1058 voluit
3268 1003 3506 1074 optimus

1904 1087 2152 1157 Creator,
2192 1092 2288 1147 sed
2320 1108 2483 1148 unum
2517 1092 2726 1159 facere,
2753 1094 2953 1149 bonum
3001 1094 3232 1161 scilicet,
3277 1095 3418 1165 quod
3450 1107 3507 1150 ct

1902 1182 2225 1251 imperavit:
2258 1184 2498 1255 malique
2523 1184 2840 1241 facultatem
2867 1187 2933 1242 ad
2966 1187 3069 1244 hoc
3101 1196 3309 1244 tantum
3339 1188 3515 1253 dedit,

1901 1285 1959 1331 ut
2005 1276 2342 1333 voluntatem
2388 1279 2508 1348 ejus
2547 1294 2616 1334 ex
2646 1290 2829 1334 n05tra
2861 1280 3141 1336 voluntate
3171 1280 3506 1338 faceremus.-

1899 1366 2057 1436 Quod
2080 1383 2204 1424 cum
2229 1369 2300 1424 ita
2325 1370 2420 1439 sit,
2449 1371 2550 1425 hoc
2573 1386 2792 1443 quoque
2818 1372 2993 1441 ipsum
3012 1374 3157 1443 quod
3178 1373 3341 1427 etiam
3363 1374 3499 1427 mala

1900 1460 2081 1518 facere
2110 1476 2426 1533 possumus,
2458 1464 2664 1520 bonum
2693 1473 2793 1520 est.
2832 1465 3063 1533 Bonum,
3108 1467 3346 1537 inquam,
3383 1466 3506 1536 quia

1900 1557 2023 1614 boni
2054 1566 2260 1629 partem
2284 1558 2569 1614 meliorem
2590 1558 2738 1614 facit.
2765 1558 2922 1615 Facit
2942 1559 3090 1615 enim
3118 1560 3291 1632 ipsam
3314 1559 3508 1615 volun-

1901 1651 2093 1706 tariam
2120 1650 2201 1705 sui
2227 1650 2399 1720 juris:
2433 1666 2540 1706 non
2569 1652 2895 1708 necessitate
2934 1651 3265 1719 devinctam,
3299 1651 3396 1707 sed
3419 1653 3507 1720 ju—

187 1743 311 1811 ipse
336 1739 589 1796 conditus
615 1780 630 1803 .
680 1753 842 1807 quem
874 1737 957 1792 vel
1004 1752 1069 1791 ex
1107 1735 1212 1791 hoc
1246 1736 1417 1789 voluit
1447 1744 1654 1790 natura!
1684 1748 1797 1788 8028
1827 1730 1873 1792 Β
1902 1743 2044 1799 dicio
2078 1742 2333 1799 liberam.
2365 1740 2517 1799 Licet
2547 1744 2746 1815 quippe
2792 1745 2949 1800 nobis
2986 1744 3213 1816 eligere,
3244 1743 3505 1810 refutare,

186 1833 496 1904 intelligere
531 1830 851 1901 dignitatem
878 1872 893 1896 ,
938 1829 1066 1884 dum
1107 1827 1267 1882 fortia
1297 1827 1401 1882 sibi
1428 1827 1669 1896 subjeCta
1697 1825 1802 1879 mi-

182 1937 349 1984 ratur
380 1926 655 1982 animalia.
706 1924 892 1995 Nequc
930 1924 1077 1979 enim
1113 1922 1315 1977 nudum
1354 1921 1508 1976 illum
1534 1960 1549 1983 ,
1599 1934 1662 1973 ac
1686 1919 1804 1974 sine

184 2020 453 2093 praesidio
482 2019 737 2090 reliquit,
776 2031 880 2072 nec
915 2015 1153 2071 diversis
1179 2012 1437 2085 periculis
1464 2012 1611 2067 velut
1637 2024 1805 2079 expo-

188 2112 310 2167 suit
332 2110 628 2166 inﬁrmum.
672 2107 781 2165 Sed
804 2122 965 2179 quem
994 2106 1259 2161 inermem
1289 2104 1633 2160 extrinsecus
1659 2100 1803 2157 fece-

185 2212 323 2269 rat,
376 2203 573 2259 melius
620 2201 768 2256 intus
813 2200 1051 2255 armavit
1084 2216 1097 2251 ι
1151 2197 1364 2254 ratione
1395 2194 1605 2251 scilicet
1638 2202 1803 2265 atque

186 2296 484 2368 prudentia
510 2337 526 2363 ,
579 2303 637 2349 ut
681 2309 779 2363 per
824 2292 1162 2348 intellectum
1193 2290 1544 2361 vigoremque
1573 2287 1795 2354 mentis,

184 2406 305 2463 quo
332 2389 550 2446 caneris
572 2389 864 2459 preestabat
885 2383 1238 2451 animalibus,
1264 2382 1526 2438 factorem
1555 2380 1799 2435 omnium

185 2482 344 2538 solus
393 2485 720 2551 agnosceret
764 2495 775 2529 :
813 2484 868 2531 et
906 2475 1035 2531 inde
1078 2474 1308 2530 serviret
1348 2473 1483 2539 Deo,
1513 2470 1656 2526 unde
1678 2470 1800 2524 aliis

184 2572 600 2628 dominabatur.
672 2568 849 2636 Quem
889 2575 1070 2622 tamen
1093 2564 1327 2635 justitia:
1357 2571 1383 2599 α
1415 2568 1797 2618 exsecutorem

188 2665 458 2720 Dominus
484 2662 858 2719 voluntarium
886 2674 1010 2717 esse
1038 2659 1232 2725 voluit,
1266 2674 1375 2713 non
1397 2665 1670 2713 coactum.
1730 2657 1798 2712 Et

187 2758 323 2813 ideo
367 2756 597 2827 reliquit
642 2770 766 2811 cum
808 2754 859 2808 in
898 2768 1061 2809 manu
1092 2750 1307 2808 consilii
1328 2753 1412 2807 sui
1442 2748 1636 2822 (Ereti.
1673 2748 1792 2820 xv).

187 2851 493 2920 Posuitque
536 2856 664 2903 ante
705 2862 831 2903 eum
873 2847 1037 2901 vitam
1073 2855 1129 2901 et
1156 2852 1391 2900 mortem
1418 2883 1432 2908 ,
1491 2842 1692 2897 bonum
1739 2850 1795 2896 et

187 2945 435 3000 malum:
485 2951 541 3010 et
584 2941 726 3013 quod
770 2940 1043 3011 placuerit
1085 2940 1173 3005 ei,
1228 2937 1445 2993 dabitur
1489 2935 1585 2991 illi.
1635 2933 1797 2991 Unde

187 3039 359 3093 etiam
407 3035 461 3090 in
517 3034 944 3091 Deuteronomio
975 3032 1241 3102 legimus:
1291 3029 1465 3084 Vitam
1500 3037 1547 3082 et
1576 3036 1794 3083 mortem

1905 1836 2159 1905 probare,
2195 1850 2474 1906 respuere.
2508 1835 2619 1891 Nec
2658 1846 2744 1891 est
2788 1852 2896 1908 quo
2935 1838 3114 1910 magis
3160 1838 3506 1894 rationabilis

1906 1935 2155 1982 creatura
2193 1928 2408 1981 cmteris
2448 1927 2791 1995 prmferatur,
2830 1931 2933 1985 nisi
2978 1931 3125 2001 quod
3167 1946 3289 1987 cum
3319 1931 3503 1987 omnia

1905 2017 2008 2072 alia
2040 2016 2369 2072 conditionis
2417 2026 2650 2083 tantum,
2681 2034 2747 2073 ac
2778 2020 3122 2075 necessitatis
3164 2022 3364 2077 bonum
3406 2022 3504 2078 ha-

1903 2108 2091 2176 beant,
2109 2106 2227 2163 litec
2245 2108 2359 2163 sola
2384 2106 2757 2163 babeatetiam
2782 2108 3099 2163 voluntatis.
3126 2110 3231 2166 Sed
3258 2112 3503 2181 plerique

1904 2200 2094 2269 impie,
2142 2214 2248 2255 non
2297 2198 2477 2255 minus
2508 2214 2672 2267 quam
2706 2200 2979 2270 imperite,
3015 2215 3139 2256 cum
3171 2215 3332 2272 super
3360 2213 3505 2257 statu

1904 2292 2143 2347 hominis
2185 2291 2450 2362 qumritur
2482 2290 2705 2364 (vereor
2753 2291 2985 2363 dicere),
3019 2292 3175 2362 quasi
3209 2292 3505 2361 reprelien.

1903 2384 2093 2441 dentes
2114 2399 2251 2455 opus
2281 2384 2514 2449 Domini,
2539 2384 2705 2439 talem
2732 2384 2886 2440 illum
2906 2384 3058 2439 aiunt
3078 2384 3333 2441 debuisse
3362 2386 3501 2454 fleri,

1901 2478 1991 2549 qui
2031 2477 2252 2532 omnino
2282 2476 2460 2533 facere
2492 2491 2599 2532 non
2628 2486 2815 2548 posset
2855 2476 3077 2533 malum.
3126 2477 3267 2533 Dicit
3312 2474 3509 2549 itaque

1901 2571 2217 2640 ﬁgmentum
2265 2569 2341 2637 ei,
2390 2569 2483 2639 qui
2536 2584 2597 2625 se
2646 2568 2845 2624 ﬁnxit:
2898 2570 3040 2636 Quid
3096 2588 3174 2625 me
3219 2571 3389 2643 fecisti
3434 2573 3507 2626 sic

1904 2662 2081 2733 (Rom.
2118 2660 2221 2733 rx)?
2250 2662 2315 2717 Et
2338 2662 2732 2732 improbissimi
2761 2662 3066 2727 hominum,
3091 2662 3219 2717 dum
3242 2661 3504 2718 dissimu-

1901 2756 2013 2809 lant
2036 2753 2271 2820 idipsum
2300 2753 2438 2809 bene
2461 2752 2853 2808 administrare
2881 2752 3026 2823 quod
3058 2750 3189 2807 facti
3212 2762 3340 2807 sunt
3368 2770 3378 2804 :
3406 2751 3508 2807 ali-

1899 2855 1982 2902 ter
2002 2860 2062 2902 se
2092 2844 2263 2901 factos
2283 2844 2448 2900 fuisse
2480 2845 2707 2909 malunt,
2740 2844 2911 2915 utqui
2939 2843 3103 2898 vitam
3132 2858 3285 2900 suam
3313 2858 3501 2900 cmen-

1900 2939 2035 2994 dare
2082 2937 2295 3004 nolunt,
2349 2936 2636 2992 videantur
2686 2934 2982 2992 emendare
3026 2936 3169 2992 velle
3227 2944 3499 2991 naturam.

1899 3028 2066 3099 Cujus
2095 3029 2295 3085 bonum
2330 3029 2403 3083 ita
2430 3028 2765 3107 generaliter
2794 3028 3008 3084 cunctis
3040 3028 3345 3083 institutum
3385 3036 3494 3095 est,

188 3127 317 3182 dedi
358 3134 476 3180 ante
516 3126 711 3197 faciem.
748 3134 891 3179 tuam
912 3166 926 3190 ,
970 3123 1376 3178 benedictionem
1402 3128 1450 3174 et
1481 3120 1798 3174 maledictio-
1820 3112 1866 3175 C
1900 3130 1957 3176 ut
1984 3121 2038 3176 in
2063 3120 2354 3192 gentilibus
2373 3136 2589 3191 quoque
2614 3120 3056 3190 hominibus,qui
3081 3124 3199 3174 sine
3221 3120 3335 3175 ullo
3351 3120 3500 3175 cultu

186 3236 309 3275 nem
335 3234 354 3272 :
378 3218 510 3288 elige
536 3218 624 3269 tibi
654 3218 843 3285 vitam,
884 3224 938 3269 ut
961 3214 1070 3288 [ΑΙ.
1100 3212 1171 3285 ει]
1202 3213 1342 3267 vivas
1372 3210 1612 3284 (Denter.
1638 3210 1791 3282 xxx).

261 3310 402 3366 Car.
438 3308 527 3364 Ill.
550 3337 622 3350 —-
645 3309 783 3365 llinc
822 3308 934 3379 jam
974 3305 1367 3379 providendum
1402 3311 1487 3359 est
1511 3344 1526 3369 ,
1559 3318 1629 3359 ne
1658 3302 1795 3359 forte

186 3400 332 3457 illud
361 3399 670 3455 remordeat
697 3410 769 3468 te,
802 3400 856 3454 in
883 3415 991 3470 quo
1022 3407 1230 3453 temere
1258 3396 1574 3467 imperitum
1608 3394 1798 3464 vulgus

187 3491 451 3548 otl’endit.
507 3491 576 3546 Et
606 3491 728 3547 ideo
764 3506 871 3546 non
902 3506 1030 3546 vere
1058 3490 1258 3544 bonum
1287 3487 1485 3544 factum
1517 3485 1796 3542 hominem

191 3593 376 3653 putes,
407 3584 536 3653 quia
564 3584 609 3638 is
638 3583 816 3639 facere
839 3582 1038 3639 malum
1072 3589 1279 3652 potest:
1315 3596 1414 3637 nec
1441 3580 1554 3652 ipsa
1587 3592 1801 3636 natura:

190 3675 460 3732 violentia
509 3675 833 3745 astringitur
869 3673 976 3746 [AL
1029 3671 1391 3744 astringatur]
1447 3672 1514 3727 ad
1542 3671 1799 3727 immuta-

191 3768 320 3824 bilis
346 3766 474 3821 boui
504 3767 909 3821 necessitatem.
940 3763 1074 3818 Nam
1098 3765 1144 3820 si
1183 3764 1475 3834 diligenter
1505 3772 1797 3830 retractes,

193 3871 249 3917 et
290 3860 362 3915 ad
394 3858 738 3915 subtiliorem
768 3858 1104 3914 intellectum
1144 3872 1309 3928 cogas
1350 3857 1590 3913 animum
1630 3876 1641 3911 :
1676 3858 1801 3913 hinc

196 3954 294 4008 tibi
340 3953 538 4007 melior
585 3961 759 4008 status
798 3951 1032 4006 hominis
1079 3966 1143 4007 ac
1194 3950 1446 4021 superior
1492 3951 1798 4020 apparebit,

196 4043 348 4099 unde
380 4051 603 4114 putatur
644 4043 889 4098 inferior.
933 4043 990 4096 ln
1023 4042 1127 4097 hoc
1162 4042 1303 4097 enim
1345 4040 1547 4113 gemini
1593 4040 1803 4097 itineris

194 4136 545 4201 discrimine,
578 4136 634 4189 in
668 4135 769 4190 hac
799 4134 1085 4204 utriusque
1112 4133 1366 4190 libertate
1408 4135 1596 4204 partis,
1633 4134 1801 4189 ratio-

196 4229 402 4285 nabilis
428 4229 625 4282 anima:
649 4226 817 4283 decus
850 4227 1084 4297 positum
1124 4234 1228 4282 est.
1260 4226 1421 4292 Hinc,
1450 4224 1692 4296 inquam,
1717 4232 1801 4279 to-

195 4331 287 4378 tus
320 4330 537 4377 natura:
569 4331 769 4376 nostra:
812 4322 987 4376 honor
1032 4320 1324 4376 consistit:
1372 4320 1500 4375 hinc
1545 4319 1801 4391 dignitas,

200 4419 330 4474 hinc
363 4416 601 4487 denique
632 4417 819 4486 Optimi
852 4418 1055 4488 quique
1088 4416 1304 4475 laudem
1338 4426 1637 4483 merentur,
1673 4418 1804 4471 hinc

1902 3215 1995 3271 Dei
2044 3224 2195 3282 sunt,
2243 3229 2303 3270 se
2348 3229 2759 3285 nonnumquam
2807 3215 3086 3280 ostendat,
3129 3228 3193 3267 ac
3236 3211 3500 3284 proferat.

1898 3307 1925 3347 δ
1965 3308 2136 3376 Quam
2179 3309 2382 3363 multos
2425 3309 2570 3363 enim
2612 3306 3065 3378 philoSOphorum
3097 3315 3153 3360 et
3197 3304 3507 3359 audivimus

1898 3412 1952 3459 et
1979 3403 2229 3473 legimus,
2253 3411 2309 3457 et
2337 3402 2440 3471 ipsi
2488 3400 2721 3454 vidimus
2750 3408 2956 3460 castos,
2987 3400 3282 3467 patientes,
3312 3395 3505 3452 mode-

1900 3504 2036 3560 stos,
2090 3492 2365 3557 liberales,
2425 3492 2783 3555 abstinentes,
2828 3490 3115 3560 benignos,
3162 3497 3216 3543 et
3266 3487 3505 3544 honores

1903 3586 2084 3640 mundi
2118 3584 2303 3648 simul,
2329 3591 2385 3638 et
2406 3582 2631 3637 delicias
2656 3590 2998 3651 reSpuentes,
3031 3590 3083 3635 et
3106 3590 3382 3635 amatores
3416 3581 3506 3649 ju—

1903 3678 2063 3734 Stitim
2083 3691 2191 3731 non
2215 3674 2393 3730 minus
2406 3690 2568 3745 quam
2584 3674 2825 3729 scientia:
2844 3673 2952 3746 [ΑΙ.
2969 3673 3298 3747 sapientim]!
3328 3672 3501 3739 Unde,

1902 3785 2108 3842 qumso,
2126 3767 2439 3824 hominibus
2457 3767 2655 3822 alienis
2678 3782 2706 3821 a
2734 3768 2844 3822 Deo
2866 3765 3118 3838 placent?
3138 3764 3296 3822 Unde
3317 3776 3497 3821 autem

1906 3862 2015 3935 [ΑΙ.
2060 3860 2193 3933 haec]
2222 3862 2328 3915 illis
2350 3860 2489 3915 bona
2522 3858 2620 3915 ui'si
2650 3860 2715 3915 de
2747 3870 2964 3914 natura:
2993 3860 3179 3915 bono?
3214 3871 3235 3898 ο
3283 3860 3347 3915 Et
3377 3875 3501 3925 cum

1902 3954 2007 4010 ista
2038 3969 2157 4022 quae
2182 3952 2317 4019 dixi,
2349 3952 2432 4007 vel
2474 3953 2655 4006 omnia
2685 3951 2743 4007 iu
2770 3967 2903 4017 uno,
2934 3950 3023 4005 vel
3060 3952 3273 4022 singula
3306 3950 3361 4007 in
3392 3952 3508 4007 sin-

1902 4046 2043 4115 gulis
2074 4044 2263 4098 haberi
2294 4042 2597 4108 videamus,
2628 4058 2751 4097 cum
2780 4040 3025 4098 omnium
3052 4050 3244 4097 natura
3275 4057 3383 4097 una
3406 4043 3501 4108 sit,

1905 4137 2155 4208 exemplo
2186 4151 2285 4192 suo
2325 4136 2558 4191 invicem
2591 4135 2694 4190 sibi
2721 4133 3037 4201 ostendunt,
3071 4134 3253 4191 omnia
3302 4132 3353 4188 in
3386 4150 3507 4189 om-

1906 4236 2063 4292 nibus
2086 4250 2205 4291 esse
2234 4248 2415 4306 posse,
2440 4250 2561 4304 qum
2588 4232 2673 4288 vel
2699 4231 2879 4287 omnia
2904 4232 2956 4286 in
2976 4231 3254 4294 omnibus,
3279 4230 3364 4286 vel
3389 4231 3503 4285 sin-

1904 4328 2028 4401 gula
2056 4328 2107 4383 in
2140 4328 2367 4399 singulis
2391 4324 2756 4382 inveniantur.
2786 4325 2940 4393 Quod
2969 4325 3014 4379 si
3053 4325 3215 4380 etiam
3241 4323 3360 4378 sine
3393 4323 3506 4377 Deo

1908 4419 2156 4474 homines
2190 4417 2503 4482 ostendunt,
2542 4416 2731 4488 quales
2771 4430 2799 4470 a
2832 4416 2941 4471 Deo
2973 4413 3097 4471 facti
3164 4424 3333 4469 sunt:
3380 4413 3502 4468 vide

198 4508 518 4579 praemium.
553 4508 660 4563 Nec
686 4517 831 4564 esset
855 4507 1078 4563 omnino
1101 4509 1275 4563 virtus
1299 4508 1407 4562 ulla
1438 4508 1492 4563 in
1513 4509 1657 4565 bono
1681 4524 1805 4577 per-
1831 4501 1883 4561 D
1908 4511 2032 4581 quid
2079 4509 2373 4565 Christiani
2419 4509 2599 4565 facere
2643 4518 2894 4579 possunt,
2944 4524 3175 4579 quorum
3210 4506 3263 4561 in
3309 4505 3501 4559 melius

198 4601 512 4655 severantis
573 4600 616 4654 si
658 4600 703 4655 is
732 4599 801 4654 ad
839 4600 1039 4654 malum
1100 4601 1333 4656 transire
1368 4615 1474 4655 non
1518 4599 1801 4669 potuisset.

192 4680 409 4749 ‘Volens
434 4706 665 4762 namque
696 4691 836 4747 Deus
862 4692 1243 4748 rationabilem
1271 4702 1578 4749 creaturam
1610 4691 1801 4747 volun-

272 4837 301 4865 ι
343 4826 632 4889 Erasmus,
662 4841 896 4896 eumque
923 4837 1145 4882 secutus
1170 4826 1510 4881 Martiarucus
1529 4866 1543 4889 ,
1583 4828 1642 4882 τὸ
1665 4841 1810 4879 ease-

199 4909 438 4953 cutorem
471 4898 891 4967 prmtermittunt
918 4916 929 4950 :
970 4898 1115 4968 quod
1139 4900 1365 4953 verbum
1399 4914 1469 4953 ex
1507 4898 1629 4951 aliis
1657 4896 1811 4952 libris

202 4970 552 5025 suﬂ’ecimus.

274 5040 305 5080 ι)
337 5042 477 5108 Quae
510 5039 615 5108 bis,
659 5048 823 5110 atque
850 5040 972 5096 aliis
999 5038 1139 5096 infra
1172 5040 1581 5109 responderunt
1610 5038 1668 5094 S.
1702 5039 1814 5093 Au-

204 5114 488 5180 gustinus,
530 5120 585 5165 et
630 5111 762 5175 Leo,
811 5128 970 5169 nemo
1012 5110 1491 5182 ignoratzgplaeet
1526 5124 1658 5166 vero
1699 5125 1813 5182 uno

205 5186 457 5238 alterove
476 5181 608 5253 loco
630 5183 947 5249 speciminis
970 5179 1141 5253 gratia
1175 5180 1395 5253 laudare
1419 5181 1655 5253 Betlam:
1686 5179 1815 5244 Qui-

208 5269 437 5323 cumque
462 5252 682 5324 (inquit)
706 5250 1137 5325 pltilosOph'orttm
1166 5250 1431 5325 Christum
1460 5251 1552 5305 Dei
1579 5252 1821 5325 uirtutem

208 5335 253 5377 et
278 5327 377 5379 Dei
404 5323 714 5391 sapientiam
737 5328 1055 5387 nescierunt,
1075 5323 1128 5375 Iri
1148 5324 1347 5376 nullam
1369 5338 1542 5376 veram
1564 5323 1820 5391 virtutem,

209 5412 302 5450 nec
316 5390 488 5449 ullam
513 5412 683 5449 veram
707 5397 1019 5467 sapientiam
1043 5394 1229 5467 habere
1251 5403 1552 5467 potuerunt.
1575 5390 1643 5467 τι
1660 5408 1822 5467 quan:

210 5476 323 5519 tum
355 5483 475 5520 vero
516 5468 594 5519 rel
616 5463 821 5537 gustum
849 5468 1081 5537 aliquem
1111 5463 1387 5534 sapientia:
1411 5463 1710 5537 cujuslibet.
1751 5463 1828 5515 vel

212 5537 425 5591 virtutis
448 5535 730 5607 imaginem
772 5536 1053 5600 habebant,
1103 5545 1266 5589 totum
1304 5538 1412 5607 hoc
1435 5535 1661 5605 desuper
1688 5550 1835 5587 acce—

215 5616 443 5675 perunt:
492 5605 592 5661 non
622 5608 793 5662 solum
823 5623 1037 5661 munere
1067 5607 1250 5677 prima:
1279 5605 1617 5671 conditionis,
1661 5618 1837 5658 rerum

211 5679 377 5751 etiam
401 5678 713 5751 quotidiana
732 5681 850 5749 ejus
874 5676 1076 5751 gratia,
1096 5678 1184 5747 qui
1216 5676 1530 5751 (creaturam
1567 5688 1838 5751 suamunec

215 5764 269 5801 se
298 5745 621 5803 deserentem
662 5745 925 5819 deserens)
975 5745 1123 5804 dona
1153 5745 1269 5812 sua,
1301 5756 1456 5816 prout
1486 5749 1593 5816 ipse
1626 5745 1841 5816 judica-

1911 4618 2005 4671 per
2031 4602 2305 4658 Christum
2336 4611 2528 4656 natura
2557 4610 2612 4657 et
2634 4602 2744 4656 vita
2770 4602 3034 4657 instructa
3058 4608 3179 4656 est:
3213 4607 3266 4652 et
3297 4595 3392 4665 qui
3423 4595 3511 4651 di-

1910 4695 2046 4750 vina:
2070 4710 2283 4765 quoque
2308 4694 2494 4766 gratia:
2516 4692 2771 4763 juvautur
2796 4692 3021 4747 auxilio.
3412 4692 3413 4695 “

1912 4825 2406 4951 vﬂl1,l!t0llliltlbu8
2449 4835 2499 4882 et
2529 4842 2719 4899 magna
2751 4823 2975 4894 magnis,
3013 4830 3062 4876 et
3089 4838 3251 4893 parra
3292 4824 3512 4894 largitur

1918 4914 2077 4951 narvn
2106 4914 2170 4950 rs.

1933 4914 2170 4951 )arvntrs.

1917 4915 2285 5036 pazwﬂ‘ésponit
2314 4967 2454 5022 Beda
2505 4966 2623 5020 hare
2651 4984 2662 5017 :
2696 4964 3019 5036 Contradicit
3045 4962 3355 5036 Scripturte,
3403 4984 3519 5033 qua:

1916 5038 2024 5091 ait:
2042 5034 2148 5089 Nec
2173 5039 2305 5089 enim
2327 5037 2500 5107 omnia
2526 5044 2741 5100 possunt
2771 5034 2957 5107 essein
2978 5034 3236 5107 omnibus,
3270 5040 3521 5107 quoniam

1921 5125 2027 5162 non
2057 5116 2127 5161 est
2171 5108 2311 5173 ﬁlius
2356 5104 2583 5159 hominis
2616 5105 2920 5158 immortalis
2950 5105 3188 5176 (Eccles.
3236 5104 3369 5172 xvtt,
3399 5109 3520 5175 ‘29).

1930 5178 2029 5234 Ubi
2077 5178 2346 5248 manifeste
2390 5176 2709 5244 insinuatur,
2742 5176 2865 5248 quia
2893 5193 3007 5230 cum
3058 5178 3275 5231 mortale
3304 5179 3400 5231 hoc
3441 5178 3525 5248 in-

1927 5250 2094 5303 duerit
2117 5246 2572 5319 immortalitatem,
2602 5256 2721 5299 tunc
2744 5246 2949 5301 demum
2979 5256 3192 5319 possunt
3218 5265 3327 5319 esse
3352 5246 3527 5299 omnia

1929 5322 1985 5374 in
2014 5320 2248 5373 omnibus
2279 5319 2409 5371 bona
2437 5316 2715 5382 virtutum;
2736 5326 2784 5372 et
2806 5334 2867 5372 ne
2894 5316 3018 5372 tunc
3041 5316 3246 5386 quidem
3277 5316 3344 5368 de
3366 5326 3523 5386 natu-

1932 5407 2005 5446 ra!
2033 5391 2185 5453 bono,
2215 5389 2304 5441 scd
2326 5404 2415 5456 per
2442 5386 2662 5454 gratiam
2690 5389 2803 5457 ejus
2831 5389 2893 5440 de
2919 5404 3019 5455 quo
3042 5382 3295 5457 scripturn
3321 5393 3429 5436 est:
3459 5382 3528 5438 Ut

1938 5464 2004 5517 sit
2033 5460 2175 5514 Deus
2206 5455 2380 5511 mnia
2421 5458 2475 5507 in
2506 5455 2761 5510 omnibus.
2811 5458 2915 5512 Sed
2943 5465 2989 5507 et
3010 5455 3322 5521 quotidiana
3345 5466 3534 5507 nostra:

1943 5531 2239 5602 fragilitatis
2276 5536 2579 5602 argumenta
2606 5529 2843 5602 probant,
2870 5541 2975 5602 non
3005 5523 3186 5602 omnia
3210 5524 3259 5574 in
3300 5524 3536 5602 onmibus

1943 5594 2048 5658 esse
2077 5615 2245 5670 posse,
2277 5596 2359 5670 ubi
2386 5605 2491 5649 tam
2536 5595 2688 5648 multi
2714 5596 3073 5670 inveniuntur,
3099 5594 3187 5660 qui
3217 5610 3416 5670 summa
3439 5597 3529 5670 ni-

1948 5664 2104 5725 tentes
2133 5664 2400 5732 instantia,
2445 5682 2771 5735 nequaquam
2798 5667 2866 5720 ad
2892 5682 2998 5733 eas,
3031 5676 3160 5735 quas
3204 5664 3333 5717 alios
3366 5664 3536 5716 vidrnt

1951 5741 2155 5795 habere.
2189 5746 2404 5795 ιιεοδωιι
2427 5743 2689 5793 verrenire
2718 5737 2953 5792 virtutes.
