4000 6312
528 193 599 253 ιθ
666 155 672 158 ’
1564 190 1624 248 s.
1667 184 2050 246 lllERONYMl
2088 185 2376 247 OPERUM
2415 187 2778 248 MANTISSA.
3759 194 3832 265 go

599 309 729 365 Cu.
761 307 851 365 IV.
885 337 956 350 ——
981 307 1096 381 Age
1113 309 1224 379 jam
1250 308 1316 364 ad
1345 308 1541 363 animze
1564 315 1765 363 nostra:
1793 312 2004 361 secreta
2034 321 2123 361 ve-
2153 309 2207 370 Λ
2233 309 2401 363 ferret
2424 307 2582 378 (Gen.
2607 325 2659 375 v,
2691 307 2809 382 ‘24).
2845 307 2963 364 Noe
2981 311 3161 382 justus
3190 310 3246 365 in
3273 309 3608 384 generatione
3633 328 3755 380 sua,
3787 325 3835 367 et

527 403 740 458 niamus
764 403 1029 474 :seipsum
1055 403 1429 475 unusquisque
1449 402 1708 458 attentius
1723 400 2000 470 rCSpiciat.
2032 399 2124 454 ln-

529 489 872 565 terrogemus
894 493 1021 565 quid
1040 495 1109 554 de
1125 496 1229 552 hoc
1244 497 1480 552 sentiant
1491 496 1726 565 prepriae
1743 489 2123 564 Cogitationes.

529 590 694 645 Ferat
735 590 1059 646 sententiam
1092 589 1162 645 de
1201 602 1412 646 natura:
1455 589 1600 644 bono
1635 588 1753 656 ipsa
1791 587 2129 642 conscientia

527 681 668 737 bona
699 679 808 752 [ΑΙ.
839 687 970 734 tacet
1007 677 1199 753 bona]:
1233 682 1573 736 instruamur
1602 678 1904 734 domestico
1935 678 2131 747 magis-

529 772 668 827 terio
698 772 865 826 animi
893 789 906 825 :
939 781 994 828 et
1015 773 1213 829 mentis
1242 773 1380 829 bona
1409 787 1517 827 non
1546 769 1764 826 aliunde
1791 769 1964 840 magis
1982 785 2132 840 qua:-

528 881 658 935 que,
695 867 862 936 quam
900 853 969 921 ab
998 865 1116 936 ipsa
1150 875 1332 922 mente
1357 865 1652 921 discamus.
1684 863 1822 931 Quid
1852 863 2006 929 illud,
2029 863 2131 917 ob-

534 973 710 1027 secro,
731 968 834 1026 est,
852 959 992 1029 quod
1018 959 1084 1014 ad
1108 975 1269 1014 omne
1293 968 1601 1029 peccatum,
1617 967 1708 1013 aut
1732 957 2131 1026 erubescimus,

531 1057 626 1106 aut
655 1050 910 1103 timemus
949 1066 962 1103 :
1013 1049 1310 1120 et‘culpam
1344 1039 1494 1116 facti,
1525 1063 1670 1103 nunc
1697 1049 1902 1103 rubore
1928 1048 2131 1116 vultus,

528 1157 674 1198 nunc
715 1141 924 1214 pallore
970 1144 1389 1197 monstramus:
1444 1157 1508 1196 ac
1565 1140 1876 1210 trepidante
1929 1139 2134 1207 animo,

526 1235 692 1291 etiam
742 1236 794 1288 in
838 1232 1079 1289 minimis
1128 1231 1344 1290 delictis
1392 1240 1587 1288 testem
1631 1231 1952 1302 etl‘ugimus;
2007 1245 2138 1286 con-

530 1326 758 1384 scientia
779 1325 1200 1382 rcmordemur?
1223 1341 1288 1382 ex
1308 1325 1525 1380 diverso
1548 1337 1730 1382 autem
1745 1325 1800 1380 in
1821 1325 1967 1380 omni
1995 1323 2139 1380 bono

534 1422 673 1488 laeti,
701 1427 1038 1488 constantes,
1072 1419 1333 1490 intrepidi
1363 1434 1579 1475 smnus:
1606 1419 1769 1489 idque
1790 1419 1838 1474 si
1864 1415 2138 1474 occultmn

537 1523 642 1581 est,
689 1506 867 1583 palam
900 1513 1063 1568 etiam
1113 1513 1230 1568 ﬁeri
1277 1514 1550 1582 cupimus,
1596 1515 1653 1567 et
1693 1511 1989 1568 volumus:
2038 1511 2140 1566 nisi

520 1593 683 1677 quod
717 1603 1031 1660 testimonio
1061 1603 1163 1660 sibi
1195 1615 1282 1662 est
1325 1604 1441 1674 ipsa
1473 1613 1687 1674 natura,
1720 1620 1839 1675 qua:
1873 1604 1975 1658 hoc
2022 1605 2142 1673 ipso

2233 401 2510 471 perfectus,
2549 402 2839 456 asseritur:
2867 401 3020 472 cujus
3045 402 3310 458 sanctitas
3335 418 3401 460 eo
3426 406 3596 473 magis
3625 403 3705 460 est
3741 403 3834 460 ad-

2231 489 2518 560 mirabilis,
2552 491 2716 563 quod,
2773 503 2886 546 toto
2937 508 3162 562 prorsus
3216 511 3244 548 a
3284 494 3494 565 juStitia
3529 494 3836 551 declinante

2229 581 2450 648 mundo,
2479 583 2627 638 solus
2652 585 2830 652 justus
2855 585 3110 640 inventus
3130 593 3249 641 est:
3283 602 3384 642 nec
3407 588 3475 642 ab
3501 587 3610 642 alio
3636 589 3835 644 sancti-

2232 677 2356 731 tatis
2379 677 2634 746 quresivit
2661 678 2965 746 exetnplnm
2987 719 3000 744 ,
3036 677 3131 734 sed
3171 679 3285 749 ipse
3322 679 3570 748 praebuit.
3605 681 3667 735 Et
3693 679 3835 748 ideo,

2233 771 2402 826 totius
2426 769 2576 826 orbis
2617 771 2935 827 imminente
2963 773 3270 844 naufragio,
3311 773 3458 828 solus
3490 789 3554 828 ex
3588 772 3837 830 omnibus

2232 862 2426 917 meruit
2453 861 2675 916 audire:
2713 861 2866 916 Intra
2897 873 2953 915 tu
2982 871 3029 916 et
3058 862 3245 916 domus
3274 871 3366 917 tua
3390 864 3441 917 in
3471 880 3680 918 arcam:
3715 868 3839 936 quia

2236 965 2284 1008 te
2330 955 2434 1007 vidi
2469 954 2675 1024 justum
2717 954 2770 1008 in
2821 955 3157 1026 generatione
3205 955 3304 1008 ista
3344 971 3522 1010 coram
3568 972 3668 1010 me.
3700 957 3842 1012 Ante

2237 1045 2406 1100 Deum
2457 1057 2639 1100 autem
2687 1043 2778 1101 ille
2813 1045 2993 1117 justus
3044 1046 3327 1115 probatur,
3371 1048 3461 1118 qui
3513 1058 3566 1104 et
3611 1065 3842 1120 corpore

2239 1153 2458 1194 sanctus
2490 1150 2572 1194 cst
2616 1149 2674 1194 et
2721 1139 2909 1194 corde.
2954 1129 3302 1194 Melchisech
3337 1142 3580 1196 sacerdos
3629 1141 3728 1196 Dei
3757 1142 3841 1196 lc-

2238 1232 2386 1304 gitur
2425 1230 2580 1303 (Gen.
2621 1248 2734 1300 xw,
2779 1232 2910 1305 l8):
2943 1233 3098 1302 cujus
3143 1234 3394 1288 meritum
3439 1233 3594 1289 facile
3625 1249 3692 1291 ex
3738 1235 3845 1290 hoc

2241 1325 2468 1398 intelligi
2499 1336 2696 1397 potest,
2730 1328 2874 1398 quod
2908 1327 3076 1382 multo
3100 1335 3219 1397 post
3249 1327 3486 1382 futurum
3518 1328 3726 1381 Domini
3755 1343 3848 1382 sa-

2243 1428 2578 1474 cramentum
2607 1427 2740 1472 ante
2769 1417 3036 1489 signavit:
3063 1432 3127 1474 ac
3152 1417 3424 1473 sacriﬁcio
3451 1418 3606 1489 panis
3630 1429 3686 1474 et
3705 1418 3844 1487 viui,

2243 1511 2562 1580 mysterium
2596 1512 2840 1580 corporis
2879 1520 2935 1565 et
2975 1511 3252 1582 sanguinis
3284 1511 3592 1579 expressit:
3640 1525 3705 1565 ac
3749 1526 3844 1564 sa-

2245 1603 2472 1658 cerdotii
2505 1605 2588 1657 sui
2623 1612 2769 1675 typo,
2806 1601 3008 1658 Christi
3039 1603 3405 1658 sacerdotium
3449 1602 3721 1673 ﬁguravit,
3755 1605 3848 1658 cui

536 1697 782 1753 declarat
808 1696 1008 1750 bonum
1048 1711 1234 1762 suum,
1267 1712 1375 1766 quo
1414 1695 1465 1750 ei
1515 1695 1717 1750 malum
1751 1694 2045 1766 displicet:
2085 1706 2142 1752 et
2168 1681 2218 1742 Β
2245 1713 2272 1750 a
2303 1695 2463 1751 Patre
2493 1697 2728 1751 dicitur:
2760 1695 2840 1749 Tu
2873 1713 2924 1750 es
2951 1697 3192 1750 sacerdos
3216 1696 3270 1749 in
3291 1705 3541 1750 celei-num
3563 1691 3849 1750 secundum

536 1791 663 1845 dum
692 1789 746 1844 in
773 1789 918 1844 bono
948 1796 1158 1843 tantum
1181 1801 1348 1859 opere
1369 1787 1634 1844 conﬁdit:
1666 1786 1798 1853 quid
1822 1787 1996 1843 solum
2021 1803 2140 1844 eam

539 1881 756 1945 deccat,
788 1875 1064 1934 ostendit?
1094 1878 1232 1934 llinc
1257 1889 1342 1934 est
1371 1878 1504 1934 illud
1527 1877 1672 1950 quod
1699 1881 2010 1949 frequenter
2031 1893 2144 1934 car-

537 1972 702 2027 niﬁce
727 1971 962 2039 occulto,
995 1972 1049 2024 in
1071 1979 1347 2026 auctorem
1371 1971 1618 2036 sceleris,
1647 1971 2008 2026 conscientiae
2029 1979 2143 2026 tor-

543 2071 726 2119 menta
753 2061 1090 2118 desieviunt:
1119 2070 1176 2117 et
1202 2062 1460 2117 latentem
1491 2077 1669 2127 reum.
1703 2071 1918 2118 secreta
1939 2063 2141 2119 mentis

544 2172 702 2228 poena
729 2154 1095 2226 persequitur.
1124 2151 1239 2210 Nec
1265 2153 1411 2208 ullus
1439 2163 1564 2225 post
1589 2153 1805 2225 culpam
1829 2155 2140 2224 impunitati

538 2247 690 2305 locus
724 2257 829 2314 est,
877 2263 1002 2302 cum
1034 2247 1105 2302 sit
1149 2245 1258 2319 [ΑΙ.
1297 2245 1377 2318 ﬁt]
1417 2256 1602 2302 reatus
1633 2249 1749 2317 ipse
1789 2247 2140 2318 supplicium.

539 2340 677 2396 lliuc
704 2346 789 2395 est
825 2333 971 2410 quod
1013 2338 1323 2393 ccontrario
1355 2339 1619 2394 innocens
1652 2339 1815 2392 etiam
1856 2340 2000 2393 inter
2028 2339 2143 2410 ipsa

539 2440 810 2487 tormenta
843 2429 1040 2485 fruitur
1084 2429 1437 2484 conscientiae
1469 2431 1764 2484 securitate
1792 2446 1803 2482 ε
1837 2439 1891 2485 et
1919 2446 2044 2485 cum
2077 2431 2144 2486 de

536 2538 695 2594 poena
729 2529 955 2589 metuat,
985 2519 1054 2576 de
1083 2520 1398 2574 innocentia
1424 2521 1707 2589 gloriatur.
1742 2520 1840 2576 Est
1864 2521 2033 2590 enim,
2063 2523 2146 2577 in-

538 2631 722 2685 quam,
773 2616 827 2667 in
869 2613 1071 2667 animis
1099 2613 1305 2668 nostris
1335 2612 1604 2667 naturalis
1641 2613 1889 2684 qumdam
1940 2614 2025 2684 (ιιι
2068 2615 2146 2672 ita

551 2706 1116 2776 dixerim)sanctitas:
1136 2721 1258 2777 quae
1279 2721 1378 2776 par
1399 2705 1547 2761 velut
1567 2707 1619 2761 in
1651 2722 1780 2763 arce
1807 2709 1975 2762 animi
2010 2724 2148 2779 prte-

543 2801 752 2867 sidens,
783 2809 998 2855 exercet
1049 2800 1175 2854 mali
1221 2799 1460 2872 bonique
1501 2800 1809 2870 judicium:
1857 2811 1914 2858 et
1959 2812 2018 2858 ut
2049 2803 2149 2860 ho-

545 2892 720 2952 nestis
773 2894 1050 2963 rectisque
1094 2891 1311 2948 actibus
1360 2889 1538 2948 favet:
1600 2895 1674 2948 ita
1725 2892 1946 2950 sinistra
1979 2909 2144 2967 opera

545 2985 896 3056 condemnat,
947 2995 1106 3057 atque
1147 2986 1215 3041 ad
1260 2987 1614 3044 conscientia:
1647 2988 2024 3044 testimonium
2069 2988 2146 3045 di-

2243 1792 2477 1845 ordinem
2502 1787 2845 1844 Melchisedec
2865 1788 3038 1858 (Psal.
3069 1804 3156 1844 Cl!
3177 1830 3192 1855 ,
3216 1787 3294 1858 4).
3321 1788 3454 1842 Nam
3490 1799 3544 1843 et
3579 1789 3724 1860 quod
3753 1787 3850 1843 bc-

2241 1881 2443 1937 nedlcit
2471 1879 2744 1936 Abraham
2778 1880 3077 1950 principem
3108 1879 3575 1946 Patriarcharum,
3619 1881 3713 1951 qui
3751 1898 3851 1951 per

2242 1973 2713 2030 circumcisionem
2763 1981 2920 2042 pater
2944 1965 3259 2027 Judaeo'rum
3292 1980 3375 2027 est
3417 1970 3526 2044 [ΑΙ.
3559 1981 3692 2027 tacet
3719 1973 3847 2044 est],

2245 2083 2342 2138 per
2372 2067 2531 2121 ﬁdem
2559 2066 2800 2136 gentium
2830 2083 2840 2117 :
2875 2065 3018 2120 illius
3042 2067 3412 2137 signatissime
3443 2068 3682 2124 ostendit
3711 2068 3847 2140 ﬁgu-

2243 2172 2384 2222 ram,
2409 2157 2497 2227 qui
2530 2171 2628 2226 per
2654 2155 2816 2210 ﬁdem
2842 2170 2995 2210 suam
3025 2165 3080 2212 et
3111 2155 3314 2213 Judaeis
3343 2157 3566 2214 donavit
3591 2158 3852 2216 benedic-

2245 2248 2447 2303 tionem
2474 2257 2527 2302 et
2551 2248 2824 2317 gentibus.
2850 2245 2952 2303 Lot
2981 2263 3217 2320 quoque,
3247 2251 3420 2305 sancti
3450 2249 3563 2306 Noe
3587 2254 3848 2307 virtutem

2245 2348 2488 2409 secutus,
2514 2341 2657 2395 inter
2679 2350 2756 2395 tot
2781 2342 3123 2410 peccantium
3146 2343 3418 2414 exempla,
3438 2342 3706 2413 justitiam
3739 2360 3848 2400 non

2246 2433 2484 2503 reliquit.
2520 2431 2580 2486 Et
2619 2440 2677 2487 ιιι
2723 2431 2875 2488 illum
2926 2435 3091 2489 totius
3142 2435 3330 2489 mundi
3379 2435 3685 2505 exemplum
3739 2452 3848 2493 non

2245 2525 2376 2580 vicit
2402 2543 2413 2578 :
2446 2525 2518 2580 ita
2547 2525 2638 2580 hic
2665 2536 2774 2582 tota
2803 2525 2918 2592 illa,
2953 2527 3006 2580 in
3029 2543 3133 2598 qua
3156 2527 3360 2582 habitat
3384 2528 3491 2600 [Αἰ.
3521 2527 3848 2601 habitabat],

2248 2618 2469 2688 regione
2515 2627 2795 2687 peccante,
2845 2626 3036 2673 contra
3091 2619 3463 2674 multitudinis
3505 2620 3632 2674 vitia
3679 2613 3854 2675 tenuit.

2249 2708 2613 2764 sanctitatem.
2650 2707 2751 2776 Qui
2771 2709 2855 2782 (ut
2886 2693 3081 2766 beatus
3111 2711 3304 2766 Petrus
3335 2708 3433 2782 ait)
3459 2713 3569 2766 visu
3593 2721 3642 2766 et
3663 2715 3850 2767 auditu

2240 2803 2418 2872 justus
2447 2809 2556 2855 erat
2586 2799 2652 2869 (ll
2681 2799 2828 2856 Petr.
2858 2818 2920 2871 tl,
2949 2800 3006 2873 8)
3043 2820 3056 2857 :
3101 2815 3150 2858 et
3176 2804 3308 2859 inter
3350 2809 3598 2871 pessimos
3623 2807 3848 2878 positus,

2252 2894 2392 2950 mala
2422 2911 2599 2950 eorum
2640 2905 2688 2950 et
2727 2894 2892 2950 oculis
2936 2896 3270 2951 aversabatur
3303 2907 3348 2952 et
3393 2899 3607 2952 auribus
3631 2915 3651 2955 :
3695 2908 3854 2970 atque

2251 2983 2367 3038 ideo
2393 2983 2551 3039 simili
2577 2987 2835 3057 exemplo,
2862 2994 2918 3040 ut
2948 2984 3037 3041 ille
3068 2985 3284 3056 diluvio,
3317 2986 3390 3041 ita
3419 2985 3505 3040 hic
3543 2997 3617 3044 est
3645 3000 3852 3062 ereptus

544 3093 736 3138 versas
767 3053 950 3149 partes
975 3053 1274 3135 domestica
1303 3079 1534 3150 quadam
1566 3079 1685 3152 lege
1715 3080 1995 3152 dijudicat.
2030 3081 2143 3138 Nec
2170 3053 2217 3119 Ο
2248 3078 2509 3134 incendio.

539 3172 637 3228 illo
659 3185 886 3242 prorsus
908 3171 1148 3242 ingenio,
1173 3181 1268 3227 aut
1288 3170 1472 3227 fucato
1501 3173 1682 3244 aliquo
1701 3183 2142 3244 argumentorum

543 3265 728 3324 colore
750 3261 983 3334 decipit:
1016 3263 1151 3334 ipsis
1175 3279 1273 3319 nos
1294 3263 1719 3335 cogitationibus
1738 3264 2068 3322 ﬁdelissimis
2090 3276 2144 3322 et

543 3357 911 3431 integerrimis
934 3373 1066 3415 sane
1109 3359 1360 3427 testibus,
1404 3368 1499 3414 aut
1525 3360 1722 3432 arguit,
1752 3368 1846 3414 aut
1874 3360 2141 3416 defendit.

544 3450 718 3522 liujus
767 3450 928 3522 legis,
976 3441 1223 3507 scribens
1269 3452 1336 3507 ad
1368 3441 1670 3519 Romanos,
1702 3452 1954 3509 meminit
2000 3452 2146 3524 Apo-

543 3542 718 3599 stolus
749 3558 763 3597 :
793 3556 953 3611 quam
985 3543 1241 3598 omnibus
1277 3541 1590 3599 hominibus
1635 3542 1744 3615 [Αι.
1786 3553 1923 3599 tacet
1969 3543 2145 3599 homi-

544 3630 725 3704 nibus]
773 3631 995 3687 insitam
1041 3633 1186 3690 velut
1224 3633 1277 3688 in
1327 3634 1654 3706 quibusdam
1707 3631 1911 3692 tabulis
1961 3637 2144 3694 cordis

543 3726 804 3798 scriptam
839 3739 986 3791 esse,
1029 3736 1296 3782 testatur:
1329 3727 1462 3782 Cum
1485 3730 1641 3795 enim,
1692 3729 1892 3799 inquit,
1943 3740 2141 3802 gentes,

540 3832 657 3886 qua
683 3817 846 3887 legem
877 3832 981 3870 non
1003 3814 1211 3886 habent,
1243 3817 1560 3873 naturaliter
1582 3834 1700 3888 qua:
1723 3818 1853 3892 legis
1882 3831 2027 3890 sunt,
2061 3823 2144 3894 fa-

541 3910 686 3963 ciunt
716 3924 738 3963 :
766 3908 1129 3982 hujuscemodi
1155 3911 1320 3982 legem
1348 3927 1452 3965 non
1473 3909 1742 3982 habentes,
1775 3914 1874 3984 ipsi
1898 3915 1995 3969 sibi
2021 3923 2145 3970 sunt

543 4003 646 4058 lex.
673 3999 775 4071 Qui
792 4002 1068 4058 ostendunt
1084 4019 1215 4074 opus
1239 4004 1366 4075 legis
1389 4006 1641 4076 scriptum
1659 4006 1712 4059 in
1726 4007 1967 4062 cordibus
1995 4009 2140 4063 suis:

537 4096 889 4150 testimonium
915 4094 1162 4150 reddente
1190 4096 1262 4151 eis
1284 4097 1602 4152 conscientia
1627 4115 1828 4170 eorum,
1854 4109 1902 4154 et
1930 4099 2065 4156 inter
2088 4116 2142 4154 se

539 4188 757 4242 invicem
793 4187 1149 4242 accusantium
1191 4189 1588 4261 coyitatiouum,
1637 4199 1728 4245 aut
1768 4193 1925 4246 etiam
1960 4191 2140 4263 defen-

538 4279 771 4334 dentium
797 4277 974 4352 [ιίοηι.
1007 4294 1066 4349 ιι,
1099 4279 1185 4346 Η,
1215 4279 1322 4352 15].
1354 4279 1468 4338 Hac
1493 4282 1616 4354 lege
1647 4283 1728 4338 usi
1761 4293 1889 4338 sunt
1919 4299 2137 4352 omnes,

535 4386 678 4441 quos
700 4372 846 4426 inter
866 4369 1036 4426 Adam
1059 4379 1219 4441 atque
1248 4374 1470 4444 Moysen
1502 4384 1694 4429 sancte
1725 4374 1949 4442 vixisse,
1970 4385 2137 4446 atque

536 4465 811 4537 placuisse
842 4464 971 4532 Deo,
999 4464 1276 4536 Scriptura
1298 4471 1711 4524 commemorat.
1740 4469 1982 4538 Quorum
2017 4471 2133 4538 tibi,

537 4557 773 4628 exempli
803 4571 987 4623 causa,
1009 4556 1175 4630 aliqui
1209 4558 1548 4630 proponendi
1575 4571 1702 4617 sunt
1733 4580 1744 4616 :
1779 4570 1836 4618 ut
1863 4563 2021 4620 facile
2052 4566 2137 4620 in-

538 4651 771 4724 tclligas,
803 4660 1064 4723 quantum
1087 4653 1159 4707 sit
1183 4661 1394 4708 natura:
1432 4653 1659 4726 bonum,
1687 4670 1815 4712 cum
1845 4672 1967 4715 eam
1999 4659 2134 4732 legis

535 4746 660 4800 vice
686 4743 940 4800 docuisse
964 4741 1231 4815 justitiam
1261 4744 1605 4814 probaveris.

605 4834 738 4894 Cn.
778 4835 841 4889 ν.
867 4866 940 4878 -
957 4836 1093 4893 Abel
1125 4836 1336 4908 primus
1373 4840 1514 4893 hanc
1540 4841 1857 4912 magistram
1884 4855 2128 4916 secutus,

533 4925 612 4986 ita
642 4929 925 4984 Dominum
951 4929 1270 5001 promeruit,
1296 4941 1356 4986 ut
1384 4929 1510 4988 dum
1537 4934 1587 4989 ei
1618 4932 1842 4992 otl‘erret
1867 4938 2126 5012 hostiam,

533 5031 648 5078 tam
675 5032 825 5093 grate
851 5023 1178 5079 sacriﬁcium
1219 5021 1338 5092 ejus
1372 5031 1654 5094 acceptum
1692 5024 1806 5082 Deo
1837 5027 2030 5098 fuerit,
2073 5043 2131 5090 ut

533 5113 824 5169 fratremiu
845 5113 1103 5169 invidiam
1117 5114 1586 5188 concitaret(Gen.
1603 5133 1750 5188 XXIV,
1775 5120 1931 5195 seq.).
1953 5125 2126 5192 Quem

529 5206 738 5278 justum
776 5205 832 5259 in
876 5203 1177 5275 Evangelia
1223 5207 1480 5263 Dominus
1529 5208 1644 5278 ipse
1689 5226 2126 5272 commemorans

530 5297 748 5374 (Matth.
784 5312 945 5362 xxut,
972 5297 1090 5367 55),
1121 5296 1364 5354 breviter
1388 5301 1784 5369 perfectionem
1817 5306 1937 5376 ejus
1959 5323 2126 5380 expo-

528 5390 660 5447 suit.
690 5387 880 5445 Omnis
905 5388 1049 5441 enim
1083 5387 1342 5444 virtutum
1371 5393 1608 5459 species,
1639 5409 1750 5450 uno
1768 5395 1995 5464 iustitiae
2023 5416 2125 5456 no-

526 5481 676 5535 mine
712 5478 1043 5536 continetur.
1093 5476 1318 5534 Beatum
1359 5477 1542 5536 Enoch
1591 5485 1662 5539 ita
1715 5486 1981 5556 placuisse
2011 5465 2123 5549 Deo

527 5571 780 5640 legimus,
804 5577 867 5626 ut
890 5584 1018 5628 eum
1046 5584 1079 5628 e
1115 5571 1295 5629 medio
1343 5575 1659 5633 mortalium
1685 5590 1936 5650 raperet:
1985 5591 2040 5640 et
2071 5585 2126 5642 in

525 5662 731 5737 mutulo
767 5671 1228 5736 consummatum,
1257 5667 1325 5727 de
1365 5669 1554 5728 mundi
1581 5669 1917 5733 habitatione
1947 5682 2124 5736 trans-

2319 3171 2459 3241 Quid
2494 3173 2767 3230 Abraham
2796 3177 3031 3232 amicum
3062 3177 3179 3245 Dei,
3222 3176 3352 3249 quid
3391 3179 3540 3235 Isaac
3581 3188 3637 3236 et
3679 3179 3850 3236 Jacob

2247 3268 2596 3321 memorem?
2661 3268 2834 3336 Quam
2910 3269 3155 3340 perfecte
3219 3271 3562 3342 impleverint
3630 3269 3847 3328 Domini

2247 3357 2624 3428 voluntatem,
2673 3360 2758 3414 vel
2808 3358 2938 3416 hinc
2990 3377 3277 3432 possumus
3328 3365 3602 3418 a‘stimare
3633 3404 3648 3429 ,
3702 3365 3847 3436 quod

2246 3450 2498 3507 familiari
2541 3447 2773 3524 quadam
2805 3461 2862 3509 et
2907 3457 3182 3526 prmcipua
3226 3455 3518 3528 dignitate,
3550 3473 3740 3513 eorum
3785 3475 3848 3514 se

2247 3543 2418 3599 Deum
2475 3543 2652 3599 voluit
2715 3546 3009 3600 nominari.
3065 3544 3180 3618 Ego
3233 3563 3370 3612 sum,
3430 3545 3632 3618 inquit,
3705 3547 3846 3602 Deus

2246 3635 2528 3705 Abraham,
2580 3637 2724 3693 Deus
2775 3636 2953 3706 Isaac,
2984 3651 3030 3694 et
3058 3637 3169 3713 [Αἰ.
3221 3649 3351 3695 tacet
3397 3641 3474 3713 et]
3501 3641 3638 3696 Deus
3676 3640 3845 3697 Jacob

2243 3727 2458 3800 (Matth.
2514 3745 2647 3797 χιιι,
2679 3730 2778 3796 52;
2828 3729 2952 3785 Luc.
2999 3747 3092 3798 xx,
3125 3730 3240 3802 57).
3277 3730 3391 3788 lIoc
3431 3747 3628 3789 nontcn
3661 3750 3843 3790 uicum

2243 3820 2633 3890 sempiternum
2665 3828 2720 3877 et
2750 3823 3065 3878 memoriale
3108 3824 3163 3877 in
3203 3824 3586 3894 generationes
3615 3841 3844 3895 genera-

2247 3910 2474 3966 tionum.
2504 3911 2708 3983 Joseph
2740 3912 2919 3968 ﬁdelis
2954 3914 3164 3970 Domini
3196 3915 3432 3972 famulus
3463 3931 3493 3969 a
3521 3933 3710 3987 puero,
3736 3919 3843 3972 tri-

2196 4035 2203 4042 ~
2243 4002 2613 4057 bulationibus
2666 4007 2837 4082 magis
2878 4007 3060 4075 justus
3106 4014 3160 4060 et
3207 4006 3478 4077 perfectus
3521 4009 3834 4064 ostenditur

2244 4093 2352 4167 [AL
2410 4095 2622 4167 magnis
2683 4095 2860 4166 justus
2912 4097 3292 4170 ostenditur]:
3353 4099 3443 4170 qui
3497 4101 3728 4171 primum
3803 4117 3834 4156 a

2245 4189 2522 4258 fratribus,
2552 4189 2858 4256 lsmaelitis,
2913 4193 2966 4244 in
3005 4207 3222 4246 servum
3278 4191 3526 4249 addictus
3565 4201 3647 4248 est
3678 4193 3832 4266 (Gen.

2242 4297 2464 4346 xxxv",
2515 4282 2665 4350 28):
2720 4281 2788 4336 ab
2849 4282 3037 4354 eisque
3083 4284 3362 4350 venditus,
3419 4300 3449 4340 a
3512 4285 3710 4356 quibus
3774 4302 3838 4341 se

2243 4373 2823 4457 videratadorandum.
2843 4375 3046 4432 Deinde
3061 4375 3316 4448 Egyptio
3337 4377 3566 4432 Domino
3580 4375 3834 4446 traditus,

2243 4483 2458 4539 semper
2495 4477 2672 4525 tamen
2713 4470 2999 4542 ingenitam
3034 4471 3229 4526 anima:
3266 4473 3436 4528 tenuit
3476 4472 3791 4543 dignitatem
3822 4492 3834 4526 :

2241 4569 2532 4640 docuitque
2562 4570 2811 4640 exemplo
2843 4585 2966 4639 suo,
2999 4579 3053 4625 et
3082 4584 3274 4626 servos
3300 4578 3355 4626 et
3384 4570 3586 4627 liberos
3616 4570 3670 4626 in
3705 4587 3835 4642 pec-

2240 4663 2444 4732 cando,
2479 4679 2586 4720 non
2619 4660 2725 4736 [AL
2752 4662 2806 4718 in
2837 4679 2945 4719 non
2969 4662 3277 4733 peccando;
3311 4671 3369 4718 et
3401 4679 3532 4730 non,
3556 4663 3678 4735 etc.]
3701 4679 3836 4720 con-

2240 4756 2505 4812 ditionem
2537 4757 2788 4825 cuiquam
2809 4755 3021 4823 obesse,
3049 4753 3143 4810 sed
3177 4762 3437 4834 mentem.
3463 4755 3585 4820 llic,
3613 4770 3828 4826 quaeso,

2240 4861 2519 4903 remorare
2560 4846 2837 4917 paulisper
2871 4863 2882 4898 :
2917 4854 2975 4901 et
3019 4855 3229 4902 castum
3269 4845 3532 4915 animum,
3572 4846 3828 4914 sollicite,

2239 4942 2411 5012 virgo,
2435 4937 2743 4995 considera.
2765 4937 3186 5009 Concupiscitur
3207 4953 3236 4993 ε.
3261 4936 3476 4993 domina
3501 4935 3608 5010 [AL
3636 4937 3727 4992 ad.
3753 4939 3834 4995 fe-

2238 5029 2406 5104 mina]
2445 5029 2649 5101 Joscph
2687 5029 3003 5086 adolescens
3035 5047 3047 5082 :
3083 5044 3182 5084 nec
3223 5028 3292 5084 ad
3332 5031 3829 5098 concupiscentiam

2237 5130 2592 5196 provocatur;
2623 5130 2864 5194 rogatur,
2898 5132 2954 5177 et
2981 5121 3135 5192 fugit.
3162 5120 3278 5176 Una
3308 5121 3409 5176 hac
3437 5121 3491 5175 in
3519 5135 3577 5176 re
3599 5132 3654 5177 et
3675 5121 3833 5176 blan-

2233 5215 2379 5271 ditur
2407 5222 2462 5270 et
2484 5213 2777 5286 supplicat,
2807 5229 2925 5284 qua:
2967 5213 3022 5268 in
3050 5213 3264 5268 caeteris
3291 5212 3615 5282 imperabat.
3662 5213 3833 5269 Amor

2235 5307 2391 5381 [Aug.
2433 5305 2678 5376 Amator]
2730 5305 2846 5371 Dei,
2892 5305 3136 5360 mulieris
3177 5320 3365 5360 amore
3411 5319 3518 5360 non
3567 5303 3827 5362 vincitur.

2229 5402 2452 5459 Castum
2492 5401 2758 5466 animum,
2794 5412 2901 5454 nec
2930 5407 3063 5453 :etas
3095 5396 3479 5453 adolescentiae
3516 5406 3837 5466 permovet,

2229 5509 2332 5550 nec
2359 5492 2637 5563 diligentis
2663 5491 2985 5547 auctoritas.
3013 5488 3338 5558 Contempla
3380 5487 3700 5559 frequenter
3731 5489 3830 5545 do-

2227 5585 2396 5653 mina,
2423 5571 3289 5656 propioresadolescentiinsidias
3315 5579 3578 5636 tendit.ln
3604 5591 3823 5638 secreto

2223 5693 2289 5737 ac
2325 5678 2447 5737 sine
2492 5674 2745 5742 testibus,
2778 5687 2945 5730 manu
2988 5671 3278 5742 impudens
3315 5672 3712 5746 apprehendit:
3766 5690 3828 5732 ac
