  <div class='ocr_page' id='page_1' title='image "/cluster/home/n/w/nwhite01/storage/ocr_20150623/30/uva.x000826572/018.png"; bbox 0 0 3998 6198; ppageno 0'>
   <div class='ocr_carea' id='block_1_1' title="bbox 219 166 2572 231">
    <p class='ocr_par' dir='ltr' id='par_1_1' title="bbox 219 166 2572 231">
     <span class='ocr_line' id='line_1_1' title="bbox 219 166 2572 231; baseline -0 0"><span class='ocrx_word' id='word_1_1' title='bbox 219 174 283 231; x_wconf 73' lang='lat' dir='ltr'><strong>2i</strong></span> <span class='ocrx_word' id='word_1_2' title='bbox 1217 171 1496 231; x_wconf 69' lang='lat' dir='ltr'><strong>PBL-AG&quot;</strong></span> <span class='ocrx_word' id='word_1_3' title='bbox 1534 172 1627 230; x_wconf 76' lang='lat' dir='ltr'><strong>AD</strong></span> <span class='ocrx_word' id='word_1_4' title='bbox 1663 166 2171 228; x_wconf 69' lang='lat' dir='ltr'><strong>DEIETRIADEH</strong></span> <span class='ocrx_word' id='word_1_5' title='bbox 2211 167 2572 230; x_wconf 78' lang='lat' dir='ltr'><strong>EPISTOLA.</strong></span> 
     </span>
    </p>
   </div>
   <div class='ocr_carea' id='block_1_2' title="bbox 220 282 3523 363">
    <p class='ocr_par' dir='ltr' id='par_1_2' title="bbox 220 282 3523 363">
     <span class='ocr_line' id='line_1_2' title="bbox 220 282 3523 363; baseline 0.002 -22"><span class='ocrx_word' id='word_1_6' title='bbox 220 285 631 359; x_wconf 86' lang='lat' dir='ltr'><strong>procacioribus</strong></span> <span class='ocrx_word' id='word_1_7' title='bbox 669 285 851 343; x_wconf 99' lang='lat' dir='ltr'><strong>verbis</strong></span> <span class='ocrx_word' id='word_1_8' title='bbox 899 286 1155 349; x_wconf 85' lang='lat' dir='ltr'><strong>hortatur</strong></span> <span class='ocrx_word' id='word_1_9' title='bbox 1205 285 1271 342; x_wconf 90' lang='lat' dir='ltr'><strong>ad</strong></span> <span class='ocrx_word' id='word_1_10' title='bbox 1321 287 1552 343; x_wconf 84' lang='lat' dir='ltr'><strong>crimen.</strong></span> <span class='ocrx_word' id='word_1_11' title='bbox 1604 285 1682 342; x_wconf 84' lang='lat' dir='ltr'><strong>Ne</strong></span> <span class='ocrx_word' id='word_1_12' title='bbox 1731 285 1819 341; x_wconf 90' lang='lat' dir='ltr'><strong>hic</strong></span> <span class='ocrx_word' id='word_1_13' title='bbox 1844 284 1896 346; x_wconf 76' lang='grc' dir='ltr'><strong>Δ</strong></span> <span class='ocrx_word' id='word_1_14' title='bbox 1925 282 1993 340; x_wconf 88' lang='grc' dir='ltr'>Ει</span> <span class='ocrx_word' id='word_1_15' title='bbox 2017 284 2121 341; x_wconf 89' lang='lat' dir='ltr'><strong>hoc</strong></span> <span class='ocrx_word' id='word_1_16' title='bbox 2155 301 2260 342; x_wconf 91' lang='lat' dir='ltr'><strong>non</strong></span> <span class='ocrx_word' id='word_1_17' title='bbox 2290 287 2474 345; x_wconf 81' lang='lat' dir='ltr'><strong>verbis</strong></span> <span class='ocrx_word' id='word_1_18' title='bbox 2507 297 2743 362; x_wconf 85' lang='lat' dir='ltr'><strong>tantum,</strong></span> <span class='ocrx_word' id='word_1_19' title='bbox 2773 291 2870 362; x_wconf 83' lang='lat' dir='ltr'><strong>sed</strong></span> <span class='ocrx_word' id='word_1_20' title='bbox 2915 291 3084 363; x_wconf 78' lang='lat' dir='ltr'><strong>ipsius</strong></span> <span class='ocrx_word' id='word_1_21' title='bbox 3107 305 3329 363; x_wconf 89' lang='lat' dir='ltr'><strong>quoque</strong></span> <span class='ocrx_word' id='word_1_22' title='bbox 3358 291 3523 348; x_wconf 86' lang='lat' dir='ltr'><strong>rebus</strong></span> 
     </span>
    </p>
   </div>
   <div class='ocr_carea' id='block_1_3' title="bbox 219 377 1814 450">
    <p class='ocr_par' dir='ltr' id='par_1_3' title="bbox 219 377 1814 450">
     <span class='ocr_line' id='line_1_3' title="bbox 219 377 1814 450; baseline 0.001 -18"><span class='ocrx_word' id='word_1_23' title='bbox 219 377 438 450; x_wconf 90' lang='lat' dir='ltr'><strong>quidem</strong></span> <span class='ocrx_word' id='word_1_24' title='bbox 474 379 724 440; x_wconf 84' lang='lat' dir='ltr'><strong>vincitur.</strong></span> <span class='ocrx_word' id='word_1_25' title='bbox 758 379 854 435; x_wconf 91' lang='lat' dir='ltr'><strong>sed</strong></span> <span class='ocrx_word' id='word_1_26' title='bbox 888 389 944 433; x_wconf 89' lang='lat' dir='ltr'><strong>ut</strong></span> <span class='ocrx_word' id='word_1_27' title='bbox 979 378 1145 434; x_wconf 87' lang='lat' dir='ltr'><strong>verba</strong></span> <span class='ocrx_word' id='word_1_28' title='bbox 1183 379 1386 443; x_wconf 78' lang='lat' dir='ltr'><strong>verbis,</strong></span> <span class='ocrx_word' id='word_1_29' title='bbox 1420 380 1495 434; x_wconf 89' lang='lat' dir='ltr'><strong>ita</strong></span> <span class='ocrx_word' id='word_1_30' title='bbox 1526 393 1614 435; x_wconf 90' lang='lat' dir='ltr'><strong>res</strong></span> <span class='ocrx_word' id='word_1_31' title='bbox 1653 378 1814 435; x_wconf 86' lang='lat' dir='ltr'><strong>rebus</strong></span> 
     </span>
    </p>
   </div>
   <div class='ocr_carea' id='block_1_4' title="bbox 221 468 1815 542">
    <p class='ocr_par' dir='ltr' id='par_1_4' title="bbox 221 468 1815 542">
     <span class='ocr_line' id='line_1_4' title="bbox 221 468 1815 542; baseline 0.001 -18"><span class='ocrx_word' id='word_1_32' title='bbox 221 468 410 525; x_wconf 83' lang='lat' dir='ltr'><strong>refert.</strong></span> <span class='ocrx_word' id='word_1_33' title='bbox 435 468 570 524; x_wconf 85' lang='lat' dir='ltr'><strong>Nam</strong></span> <span class='ocrx_word' id='word_1_34' title='bbox 598 469 685 538; x_wconf 90' lang='lat' dir='ltr'><strong>qui</strong></span> <span class='ocrx_word' id='word_1_35' title='bbox 711 468 1030 541; x_wconf 89' lang='lat' dir='ltr'><strong>frequenter</strong></span> <span class='ocrx_word' id='word_1_36' title='bbox 1059 479 1279 542; x_wconf 88' lang='lat' dir='ltr'><strong>rogatus</strong></span> <span class='ocrx_word' id='word_1_37' title='bbox 1309 478 1640 542; x_wconf 72' lang='lat' dir='ltr'><strong>negaverat:</strong></span> <span class='ocrx_word' id='word_1_38' title='bbox 1673 484 1815 526; x_wconf 91' lang='lat' dir='ltr'><strong>nunc</strong></span> 
     </span>
    </p>
   </div>
   <div class='ocr_carea' id='block_1_5' title="bbox 220 560 1814 634">
    <p class='ocr_par' dir='ltr' id='par_1_5' title="bbox 220 560 1814 634">
     <span class='ocr_line' id='line_1_5' title="bbox 220 560 1814 634; baseline 0.002 -20"><span class='ocrx_word' id='word_1_39' title='bbox 220 560 646 630; x_wconf 87' lang='lat' dir='ltr'><strong>comprehensus</strong></span> <span class='ocrx_word' id='word_1_40' title='bbox 664 560 821 634; x_wconf 62' lang='lat' dir='ltr'><strong>[.lug.</strong></span> <span class='ocrx_word' id='word_1_41' title='bbox 843 560 1187 632; x_wconf 79' lang='lat' dir='ltr'><strong>astringilur]</strong></span> <span class='ocrx_word' id='word_1_42' title='bbox 1203 560 1430 633; x_wconf 89' lang='lat' dir='ltr'><strong>aufugit,</strong></span> <span class='ocrx_word' id='word_1_43' title='bbox 1448 572 1502 616; x_wconf 90' lang='lat' dir='ltr'><strong>et</strong></span> <span class='ocrx_word' id='word_1_44' title='bbox 1525 569 1814 632; x_wconf 84' lang='lat' dir='ltr'><strong>antequam</strong></span> 
     </span>
    </p>
   </div>
   <div class='ocr_carea' id='block_1_6' title="bbox 222 647 1816 726">
    <p class='ocr_par' dir='ltr' id='par_1_6' title="bbox 222 647 1816 726">
     <span class='ocr_line' id='line_1_6' title="bbox 222 647 1816 726; baseline -0.001 -18"><span class='ocrx_word' id='word_1_45' title='bbox 222 653 350 710; x_wconf 90' lang='lat' dir='ltr'><strong>illud</strong></span> <span class='ocrx_word' id='word_1_46' title='bbox 371 647 749 726; x_wconf 82' lang='lat' dir='ltr'><strong>evangelicum</strong></span> <span class='ocrx_word' id='word_1_47' title='bbox 775 656 1088 710; x_wconf 86' lang='lat' dir='ltr'><strong>diceretur:</strong></span> <span class='ocrx_word' id='word_1_48' title='bbox 1123 655 1227 722; x_wconf 83' lang='lat' dir='ltr'><strong>Qui</strong></span> <span class='ocrx_word' id='word_1_49' title='bbox 1258 655 1438 709; x_wconf 87' lang='lat' dir='ltr'><strong>viderit</strong></span> <span class='ocrx_word' id='word_1_50' title='bbox 1461 655 1728 709; x_wconf 84' lang='lat' dir='ltr'><strong>mulierem</strong></span> <span class='ocrx_word' id='word_1_51' title='bbox 1748 654 1816 708; x_wconf 87' lang='lat' dir='ltr'><strong>ad</strong></span> 
     </span>
    </p>
   </div>
   <div class='ocr_carea' id='block_1_7' title="bbox 221 747 1820 820">
    <p class='ocr_par' dir='ltr' id='par_1_7' title="bbox 221 747 1820 820">
     <span class='ocr_line' id='line_1_7' title="bbox 221 747 1820 820; baseline 0.002 -20"><span class='ocrx_word' id='word_1_52' title='bbox 221 748 683 818; x_wconf 86' lang='lat' dir='ltr'><strong>concupiscendum</strong></span> <span class='ocrx_word' id='word_1_53' title='bbox 719 763 856 811; x_wconf 89' lang='lat' dir='ltr'><strong>eam,</strong></span> <span class='ocrx_word' id='word_1_54' title='bbox 875 750 995 820; x_wconf 87' lang='lat' dir='ltr'><strong>jam</strong></span> <span class='ocrx_word' id='word_1_55' title='bbox 1025 747 1313 803; x_wconf 73' lang='lat' dir='ltr'><strong>moechatus</strong></span> <span class='ocrx_word' id='word_1_56' title='bbox 1337 757 1411 802; x_wconf 80' lang='lat' dir='ltr'><strong>est</strong></span> <span class='ocrx_word' id='word_1_57' title='bbox 1439 763 1556 801; x_wconf 86' lang='lat' dir='ltr'><strong>eam</strong></span> <span class='ocrx_word' id='word_1_58' title='bbox 1584 748 1637 800; x_wconf 86' lang='lat' dir='ltr'><strong>in</strong></span> <span class='ocrx_word' id='word_1_59' title='bbox 1665 749 1820 803; x_wconf 67' lang='lat' dir='ltr'><strong>corde</strong></span> 
     </span>
    </p>
   </div>
   <div class='ocr_carea' id='block_1_8' title="bbox 217 837 1820 911">
    <p class='ocr_par' dir='ltr' id='par_1_8' title="bbox 217 837 1820 911">
     <span class='ocr_line' id='line_1_8' title="bbox 217 837 1820 911; baseline 0.001 -19"><span class='ocrx_word' id='word_1_60' title='bbox 217 853 311 892; x_wconf 87' lang='lat' dir='ltr'><strong>sua</strong></span> <span class='ocrx_word' id='word_1_61' title='bbox 339 837 560 911; x_wconf 75' lang='lat' dir='ltr'><strong>(Matth.</strong></span> <span class='ocrx_word' id='word_1_62' title='bbox 586 855 642 904; x_wconf 91' lang='lat' dir='ltr'><strong>v,</strong></span> <span class='ocrx_word' id='word_1_63' title='bbox 674 838 800 908; x_wconf 78' lang='lat'><strong>9.8):</strong></span> <span class='ocrx_word' id='word_1_64' title='bbox 835 838 928 893; x_wconf 88' lang='lat' dir='ltr'><strong>ille</strong></span> <span class='ocrx_word' id='word_1_65' title='bbox 951 854 1057 893; x_wconf 85' lang='lat' dir='ltr'><strong>non</strong></span> <span class='ocrx_word' id='word_1_66' title='bbox 1083 849 1309 908; x_wconf 85' lang='lat' dir='ltr'><strong>aspectu</strong></span> <span class='ocrx_word' id='word_1_67' title='bbox 1341 839 1542 905; x_wconf 88' lang='lat' dir='ltr'><strong>solum,</strong></span> <span class='ocrx_word' id='word_1_68' title='bbox 1576 839 1671 894; x_wconf 89' lang='lat' dir='ltr'><strong>sed</strong></span> <span class='ocrx_word' id='word_1_69' title='bbox 1704 839 1820 908; x_wconf 91' lang='lat' dir='ltr'><strong>ipso</strong></span> 
     </span>
    </p>
   </div>
   <div class='ocr_carea' id='block_1_9' title="bbox 216 929 1820 1001">
    <p class='ocr_par' dir='ltr' id='par_1_9' title="bbox 216 929 1820 1001">
     <span class='ocr_line' id='line_1_9' title="bbox 216 929 1820 1001; baseline 0 -15"><span class='ocrx_word' id='word_1_70' title='bbox 216 945 358 1001; x_wconf 88' lang='lat' dir='ltr'><strong>pene</strong></span> <span class='ocrx_word' id='word_1_71' title='bbox 401 929 690 1000; x_wconf 79' lang='lat' dir='ltr'><strong>complexu</strong></span> <span class='ocrx_word' id='word_1_72' title='bbox 723 938 1050 998; x_wconf 88' lang='lat' dir='ltr'><strong>provocatus</strong></span> <span class='ocrx_word' id='word_1_73' title='bbox 1092 944 1123 983; x_wconf 89' lang='lat' dir='ltr'><strong>a</strong></span> <span class='ocrx_word' id='word_1_74' title='bbox 1157 930 1378 997; x_wconf 80' lang='lat' dir='ltr'><strong>femina,</strong></span> <span class='ocrx_word' id='word_1_75' title='bbox 1426 929 1680 985; x_wconf 87' lang='lat' dir='ltr'><strong>feminam</strong></span> <span class='ocrx_word' id='word_1_76' title='bbox 1715 945 1820 986; x_wconf 90' lang='lat' dir='ltr'><strong>non</strong></span> 
     </span>
    </p>
   </div>
   <div class='ocr_carea' id='block_1_10' title="bbox 213 1019 1816 1093">
    <p class='ocr_par' dir='ltr' id='par_1_10' title="bbox 213 1019 1816 1093">
     <span class='ocr_line' id='line_1_10' title="bbox 213 1019 1816 1093; baseline -0.002 -14"><span class='ocrx_word' id='word_1_77' title='bbox 213 1022 554 1093; x_wconf 70' lang='lat' dir='ltr'><strong>concupivit.</strong></span> <span class='ocrx_word' id='word_1_78' title='bbox 587 1019 870 1077; x_wconf 83' lang='lat' dir='ltr'><strong>Castitatis</strong></span> <span class='ocrx_word' id='word_1_79' title='bbox 898 1019 1154 1074; x_wconf 80' lang='lat' dir='ltr'><strong>virtutem</strong></span> <span class='ocrx_word' id='word_1_80' title='bbox 1182 1019 1464 1090; x_wconf 89' lang='lat' dir='ltr'><strong>hucusque</strong></span> <span class='ocrx_word' id='word_1_81' title='bbox 1495 1020 1692 1074; x_wconf 87' lang='lat' dir='ltr'><strong>mirata</strong></span> <span class='ocrx_word' id='word_1_82' title='bbox 1719 1035 1778 1075; x_wconf 89' lang='lat' dir='ltr'><strong>es</strong></span> <span class='ocrx_word' id='word_1_83' title='bbox 1803 1039 1816 1075; x_wconf 89' lang='lat'><strong>:</strong></span> 
     </span>
    </p>
   </div>
   <div class='ocr_carea' id='block_1_11' title="bbox 215 1113 1816 1188">
    <p class='ocr_par' dir='ltr' id='par_1_11' title="bbox 215 1113 1816 1188">
     <span class='ocr_line' id='line_1_11' title="bbox 215 1113 1816 1188; baseline -0.002 -17"><span class='ocrx_word' id='word_1_84' title='bbox 215 1131 366 1171; x_wconf 90' lang='lat' dir='ltr'><strong>nunc</strong></span> <span class='ocrx_word' id='word_1_85' title='bbox 395 1115 604 1183; x_wconf 79' lang='lat' dir='ltr'><strong>respice</strong></span> <span class='ocrx_word' id='word_1_86' title='bbox 631 1115 1040 1188; x_wconf 82' lang='lat' dir='ltr'><strong>benignitatem.</strong></span> <span class='ocrx_word' id='word_1_87' title='bbox 1071 1113 1391 1182; x_wconf 86' lang='lat' dir='ltr'><strong>Priusquam</strong></span> <span class='ocrx_word' id='word_1_88' title='bbox 1421 1113 1689 1183; x_wconf 82' lang='lat' dir='ltr'><strong>Propheta</strong></span> <span class='ocrx_word' id='word_1_89' title='bbox 1730 1113 1816 1168; x_wconf 85' lang='lat' dir='ltr'><strong>di-</strong></span> 
     </span>
    </p>
   </div>
   <div class='ocr_carea' id='block_1_12' title="bbox 217 1197 1815 1277">
    <p class='ocr_par' dir='ltr' id='par_1_12' title="bbox 217 1197 1815 1277">
     <span class='ocr_line' id='line_1_12' title="bbox 217 1197 1815 1277; baseline -0.001 -15"><span class='ocrx_word' id='word_1_90' title='bbox 217 1215 413 1262; x_wconf 87' lang='lat' dir='ltr'><strong>ceret:</strong></span> <span class='ocrx_word' id='word_1_91' title='bbox 460 1197 827 1277; x_wconf 75' lang='lat' dir='ltr'><strong>Unusquisque</strong></span> <span class='ocrx_word' id='word_1_92' title='bbox 856 1207 1106 1260; x_wconf 89' lang='lat' dir='ltr'><strong>malitiam</strong></span> <span class='ocrx_word' id='word_1_93' title='bbox 1136 1205 1360 1276; x_wconf 73' lang='lat' dir='ltr'><strong>proximi</strong></span> <span class='ocrx_word' id='word_1_94' title='bbox 1394 1205 1476 1258; x_wconf 92' lang='lat' dir='ltr'><strong>sui</strong></span> <span class='ocrx_word' id='word_1_95' title='bbox 1519 1222 1620 1260; x_wconf 90' lang='lat' dir='ltr'><strong>non</strong></span> <span class='ocrx_word' id='word_1_96' title='bbox 1662 1209 1815 1260; x_wconf 82' lang='lat' dir='ltr'><strong>remi-</strong></span> 
     </span>
    </p>
   </div>
   <div class='ocr_carea' id='block_1_13' title="bbox 210 1295 1814 1369">
    <p class='ocr_par' dir='ltr' id='par_1_13' title="bbox 210 1295 1814 1369">
     <span class='ocr_line' id='line_1_13' title="bbox 210 1295 1814 1369; baseline -0.001 -16"><span class='ocrx_word' id='word_1_97' title='bbox 210 1301 448 1354; x_wconf 75' lang='lat' dir='ltr'><strong>uiscatur</strong></span> <span class='ocrx_word' id='word_1_98' title='bbox 487 1300 539 1353; x_wconf 90' lang='lat' dir='ltr'><strong>in</strong></span> <span class='ocrx_word' id='word_1_99' title='bbox 569 1299 725 1353; x_wconf 85' lang='lat' dir='ltr'><strong>corde</strong></span> <span class='ocrx_word' id='word_1_100' title='bbox 768 1316 862 1352; x_wconf 89' lang='lat' dir='ltr'><strong>suo</strong></span> <span class='ocrx_word' id='word_1_101' title='bbox 892 1297 1076 1369; x_wconf 77' lang='lat' dir='ltr'><strong>(Leuit.</strong></span> <span class='ocrx_word' id='word_1_102' title='bbox 1113 1313 1232 1364; x_wconf 73' lang='lat' dir='ltr'><strong>xrx,</strong></span> <span class='ocrx_word' id='word_1_103' title='bbox 1268 1296 1388 1368; x_wconf 69' lang='lat'><strong>18):</strong></span> <span class='ocrx_word' id='word_1_104' title='bbox 1421 1297 1513 1350; x_wconf 87' lang='lat' dir='ltr'><strong>ille</strong></span> <span class='ocrx_word' id='word_1_105' title='bbox 1559 1312 1658 1366; x_wconf 89' lang='lat' dir='ltr'><strong>pro</strong></span> <span class='ocrx_word' id='word_1_106' title='bbox 1687 1295 1814 1353; x_wconf 84' lang='lat' dir='ltr'><strong>odio</strong></span> 
     </span>
    </p>
   </div>
   <div class='ocr_carea' id='block_1_14' title="bbox 212 1391 1808 1462">
    <p class='ocr_par' dir='ltr' id='par_1_14' title="bbox 212 1391 1808 1462">
     <span class='ocr_line' id='line_1_14' title="bbox 212 1391 1808 1462; baseline -0.003 -12"><span class='ocrx_word' id='word_1_107' title='bbox 212 1392 454 1450; x_wconf 85' lang='lat' dir='ltr'><strong>reddidit</strong></span> <span class='ocrx_word' id='word_1_108' title='bbox 501 1391 851 1462; x_wconf 83' lang='lat' dir='ltr'><strong>charitatem,</strong></span> <span class='ocrx_word' id='word_1_109' title='bbox 905 1401 961 1448; x_wconf 86' lang='lat' dir='ltr'><strong>et.</strong></span> <span class='ocrx_word' id='word_1_110' title='bbox 999 1407 1120 1448; x_wconf 90' lang='lat' dir='ltr'><strong>cutn</strong></span> <span class='ocrx_word' id='word_1_111' title='bbox 1163 1391 1376 1446; x_wconf 86' lang='lat' dir='ltr'><strong>videret</strong></span> <span class='ocrx_word' id='word_1_112' title='bbox 1415 1391 1612 1448; x_wconf 83' lang='lat' dir='ltr'><strong>fratres</strong></span> <span class='ocrx_word' id='word_1_113' title='bbox 1653 1407 1808 1458; x_wconf 90' lang='lat' dir='ltr'><strong>suos,</strong></span> 
     </span>
    </p>
   </div>
   <div class='ocr_carea' id='block_1_15' title="bbox 213 1485 1812 1556">
    <p class='ocr_par' dir='ltr' id='par_1_15' title="bbox 213 1485 1812 1556">
     <span class='ocr_line' id='line_1_15' title="bbox 213 1485 1812 1556; baseline -0.003 -13"><span class='ocrx_word' id='word_1_114' title='bbox 213 1487 385 1543; x_wconf 87' lang='lat' dir='ltr'><strong>immo</strong></span> <span class='ocrx_word' id='word_1_115' title='bbox 415 1485 665 1542; x_wconf 91' lang='lat' dir='ltr'><strong>inimicos</strong></span> <span class='ocrx_word' id='word_1_116' title='bbox 695 1503 762 1542; x_wconf 78' lang='lat' dir='ltr'><strong>ex</strong></span> <span class='ocrx_word' id='word_1_117' title='bbox 787 1486 1067 1554; x_wconf 85' lang='lat' dir='ltr'><strong>fratribus,</strong></span> <span class='ocrx_word' id='word_1_118' title='bbox 1101 1500 1336 1556; x_wconf 89' lang='lat' dir='ltr'><strong>cumque</strong></span> <span class='ocrx_word' id='word_1_119' title='bbox 1361 1485 1430 1540; x_wconf 90' lang='lat' dir='ltr'><strong>ab</strong></span> <span class='ocrx_word' id='word_1_120' title='bbox 1450 1486 1532 1540; x_wconf 92' lang='lat' dir='ltr'><strong>eis</strong></span> <span class='ocrx_word' id='word_1_121' title='bbox 1557 1485 1812 1556; x_wconf 82' lang='lat' dir='ltr'><strong>cognosci</strong></span> 
     </span>
    </p>
   </div>
   <div class='ocr_carea' id='block_1_16' title="bbox 209 1575 1808 1648">
    <p class='ocr_par' dir='ltr' id='par_1_16' title="bbox 209 1575 1808 1648">
     <span class='ocr_line' id='line_1_16' title="bbox 209 1575 1808 1648; baseline -0.004 -13"><span class='ocrx_word' id='word_1_122' title='bbox 209 1579 400 1645; x_wconf 84' lang='lat' dir='ltr'><strong>vellet,</strong></span> <span class='ocrx_word' id='word_1_123' title='bbox 433 1577 748 1635; x_wconf 88' lang='lat' dir='ltr'><strong>dilectionis</strong></span> <span class='ocrx_word' id='word_1_124' title='bbox 787 1577 1037 1634; x_wconf 67' lang='lat' dir='ltr'><strong>allectum</strong></span> <span class='ocrx_word' id='word_1_125' title='bbox 1071 1591 1170 1648; x_wconf 79' lang='lat' dir='ltr'><strong>pro</strong></span> <span class='ocrx_word' id='word_1_126' title='bbox 1199 1575 1391 1632; x_wconf 90' lang='lat' dir='ltr'><strong>dolore</strong></span> <span class='ocrx_word' id='word_1_127' title='bbox 1432 1584 1664 1632; x_wconf 84' lang='lat' dir='ltr'><strong>testatus</strong></span> <span class='ocrx_word' id='word_1_128' title='bbox 1686 1585 1768 1631; x_wconf 87' lang='lat' dir='ltr'><strong>est</strong></span> <span class='ocrx_word' id='word_1_129' title='bbox 1796 1595 1808 1628; x_wconf 91' lang='lat'>:</span> 
     </span>
    </p>
   </div>
   <div class='ocr_carea' id='block_1_17' title="bbox 1925 380 3518 454">
    <p class='ocr_par' dir='ltr' id='par_1_17' title="bbox 1925 380 3518 454">
     <span class='ocr_line' id='line_1_17' title="bbox 1925 380 3518 454; baseline 0.003 -19"><span class='ocrx_word' id='word_1_130' title='bbox 1925 380 2176 452; x_wconf 79' lang='lat' dir='ltr'><strong>probavit.</strong></span> <span class='ocrx_word' id='word_1_131' title='bbox 2204 398 2218 437; x_wconf 88' lang='lat'><strong>:</strong></span> <span class='ocrx_word' id='word_1_132' title='bbox 2251 383 2343 453; x_wconf 91' lang='lat' dir='ltr'><strong>qui</strong></span> <span class='ocrx_word' id='word_1_133' title='bbox 2374 397 2502 438; x_wconf 87' lang='lat' dir='ltr'><strong>cum</strong></span> <span class='ocrx_word' id='word_1_134' title='bbox 2535 383 2716 441; x_wconf 86' lang='lat' dir='ltr'><strong>omnia</strong></span> <span class='ocrx_word' id='word_1_135' title='bbox 2765 385 3056 454; x_wconf 87' lang='lat' dir='ltr'><strong>perderet,</strong></span> <span class='ocrx_word' id='word_1_136' title='bbox 3110 385 3474 441; x_wconf 66' lang='lat' dir='ltr'><strong>non‘dolebat</strong></span> <span class='ocrx_word' id='word_1_137' title='bbox 3502 427 3518 451; x_wconf 90' lang='lat'><strong>,</strong></span> 
     </span>
    </p>
   </div>
   <div class='ocr_carea' id='block_1_18' title="bbox 1922 473 3518 548">
    <p class='ocr_par' dir='ltr' id='par_1_18' title="bbox 1922 473 3518 548">
     <span class='ocr_line' id='line_1_18' title="bbox 1922 473 3518 548; baseline 0.003 -18"><span class='ocrx_word' id='word_1_138' title='bbox 1922 473 2246 546; x_wconf 73' lang='lat' dir='ltr'><strong>dicebatque</strong></span> <span class='ocrx_word' id='word_1_139' title='bbox 2269 490 2366 546; x_wconf 87' lang='lat' dir='ltr'><strong>per</strong></span> <span class='ocrx_word' id='word_1_140' title='bbox 2387 477 2602 548; x_wconf 83' lang='lat' dir='ltr'><strong>singula</strong></span> <span class='ocrx_word' id='word_1_141' title='bbox 2635 497 2646 531; x_wconf 93' lang='lat'>:</span> <span class='ocrx_word' id='word_1_142' title='bbox 2673 478 2928 534; x_wconf 85' lang='lat' dir='ltr'><strong>Dominus</strong></span> <span class='ocrx_word' id='word_1_143' title='bbox 2948 480 3105 543; x_wconf 87' lang='lat' dir='ltr'><strong>dedit,</strong></span> <span class='ocrx_word' id='word_1_144' title='bbox 3133 480 3393 535; x_wconf 74' lang='lat' dir='ltr'><strong>Dominus</strong></span> <span class='ocrx_word' id='word_1_145' title='bbox 3425 482 3518 534; x_wconf 83' lang='lat' dir='ltr'><strong>ab-</strong></span> 
     </span>
    </p>
   </div>
   <div class='ocr_carea' id='block_1_19' title="bbox 1922 565 3521 640">
    <p class='ocr_par' dir='ltr' id='par_1_19' title="bbox 1922 565 3521 640">
     <span class='ocr_line' id='line_1_19' title="bbox 1922 565 3521 640; baseline 0.005 -19"><span class='ocrx_word' id='word_1_146' title='bbox 1922 567 2073 622; x_wconf 86' lang='lat' dir='ltr'><strong>stulit</strong></span> <span class='ocrx_word' id='word_1_147' title='bbox 2098 582 2116 618; x_wconf 85' lang='lat'><em>:</em></span> <span class='ocrx_word' id='word_1_148' title='bbox 2141 566 2272 621; x_wconf 86' lang='lat' dir='ltr'><strong>sicut</strong></span> <span class='ocrx_word' id='word_1_149' title='bbox 2307 565 2532 623; x_wconf 87' lang='lat' dir='ltr'><strong>Domino</strong></span> <span class='ocrx_word' id='word_1_150' title='bbox 2579 571 2802 640; x_wconf 91' lang='lat' dir='ltr'><strong>placuit,</strong></span> <span class='ocrx_word' id='word_1_151' title='bbox 2835 573 2908 624; x_wconf 85' lang='lat' dir='ltr'><strong>ita</strong></span> <span class='ocrx_word' id='word_1_152' title='bbox 2949 571 3142 639; x_wconf 76' lang='lat' dir='ltr'><strong>factum</strong></span> <span class='ocrx_word' id='word_1_153' title='bbox 3173 581 3250 628; x_wconf 88' lang='lat' dir='ltr'><strong>est</strong></span> <span class='ocrx_word' id='word_1_154' title='bbox 3279 572 3389 626; x_wconf 80' lang='lat' dir='ltr'><strong>:sit</strong></span> <span class='ocrx_word' id='word_1_155' title='bbox 3425 587 3521 628; x_wconf 79' lang='lat' dir='ltr'><strong>no-</strong></span> 
     </span>
    </p>
   </div>
   <div class='ocr_carea' id='block_1_20' title="bbox 1923 654 3519 721">
    <p class='ocr_par' dir='ltr' id='par_1_20' title="bbox 1923 654 3519 721">
     <span class='ocr_line' id='line_1_20' title="bbox 1923 654 3519 721; baseline 0.004 -9"><span class='ocrx_word' id='word_1_156' title='bbox 1923 675 2041 712; x_wconf 85' lang='lat' dir='ltr'><strong>men</strong></span> <span class='ocrx_word' id='word_1_157' title='bbox 2081 654 2293 712; x_wconf 79' lang='lat' dir='ltr'><strong>Domini</strong></span> <span class='ocrx_word' id='word_1_158' title='bbox 2341 658 2656 716; x_wconf 82' lang='lat' dir='ltr'><strong>benedictum</strong></span> <span class='ocrx_word' id='word_1_159' title='bbox 2696 663 2748 717; x_wconf 92' lang='lat' dir='ltr'><strong>in</strong></span> <span class='ocrx_word' id='word_1_160' title='bbox 2781 662 2991 718; x_wconf 82' lang='lat' dir='ltr'><strong>stccula.</strong></span> <span class='ocrx_word' id='word_1_161' title='bbox 3040 663 3230 718; x_wconf 80' lang='lat' dir='ltr'><strong>Nudus</strong></span> <span class='ocrx_word' id='word_1_162' title='bbox 3273 665 3407 721; x_wconf 62' lang='lat' dir='ltr'><strong>exibi</strong></span> <span class='ocrx_word' id='word_1_163' title='bbox 3454 665 3519 720; x_wconf 83' lang='lat' dir='ltr'><strong>de</strong></span> 
     </span>
    </p>
   </div>
   <div class='ocr_carea' id='block_1_21' title="bbox 1925 750 3515 829">
    <p class='ocr_par' dir='ltr' id='par_1_21' title="bbox 1925 750 3515 829">
     <span class='ocr_line' id='line_1_21' title="bbox 1925 750 3515 829; baseline 0.007 -27"><span class='ocrx_word' id='word_1_164' title='bbox 1925 759 2073 803; x_wconf 84' lang='lat' dir='ltr'><strong>utero</strong></span> <span class='ocrx_word' id='word_1_165' title='bbox 2116 750 2297 803; x_wconf 81' lang='lat' dir='ltr'><strong>matris</strong></span> <span class='ocrx_word' id='word_1_166' title='bbox 2347 767 2494 815; x_wconf 79' lang='lat' dir='ltr'><strong>mete,</strong></span> <span class='ocrx_word' id='word_1_167' title='bbox 2540 754 2712 808; x_wconf 85' lang='lat' dir='ltr'><strong>nudus</strong></span> <span class='ocrx_word' id='word_1_168' title='bbox 2752 756 2958 809; x_wconf 81' lang='lat' dir='ltr'><strong>redeam</strong></span> <span class='ocrx_word' id='word_1_169' title='bbox 2987 755 3110 809; x_wconf 86' lang='lat' dir='ltr'><strong>illuc</strong></span> <span class='ocrx_word' id='word_1_170' title='bbox 3134 755 3286 829; x_wconf 93' lang='lat' dir='ltr'><strong>(Job.</strong></span> <span class='ocrx_word' id='word_1_171' title='bbox 3315 771 3356 821; x_wconf 89' lang='lat' dir='ltr'><strong>I,</strong></span> <span class='ocrx_word' id='word_1_172' title='bbox 3386 759 3515 828; x_wconf 68' lang='lat'><strong>9.1).</strong></span> 
     </span>
    </p>
   </div>
   <div class='ocr_carea' id='block_1_22' title="bbox 1925 841 3514 917">
    <p class='ocr_par' dir='ltr' id='par_1_22' title="bbox 1925 841 3514 917">
     <span class='ocr_line' id='line_1_22' title="bbox 1925 841 3514 917; baseline 0.006 -24"><span class='ocrx_word' id='word_1_173' title='bbox 1925 841 2044 908; x_wconf 87' lang='lat' dir='ltr'><strong>Quo</strong></span> <span class='ocrx_word' id='word_1_174' title='bbox 2070 843 2215 896; x_wconf 84' lang='lat' dir='ltr'><strong>enim</strong></span> <span class='ocrx_word' id='word_1_175' title='bbox 2237 842 2434 898; x_wconf 77' lang='lat' dir='ltr'><strong>aﬂ’eetu</strong></span> <span class='ocrx_word' id='word_1_176' title='bbox 2464 843 2835 914; x_wconf 87' lang='lat' dir='ltr'><strong>possideamus</strong></span> <span class='ocrx_word' id='word_1_177' title='bbox 2856 846 3082 917; x_wconf 87' lang='lat' dir='ltr'><strong>aliquid,</strong></span> <span class='ocrx_word' id='word_1_178' title='bbox 3106 848 3367 904; x_wconf 85' lang='lat' dir='ltr'><strong>docemus</strong></span> <span class='ocrx_word' id='word_1_179' title='bbox 3393 865 3514 904; x_wconf 87' lang='lat' dir='ltr'><strong>cum</strong></span> 
     </span>
    </p>
   </div>
   <div class='ocr_carea' id='block_1_23' title="bbox 1926 933 3560 1006">
    <p class='ocr_par' dir='ltr' id='par_1_23' title="bbox 1926 933 3560 1006">
     <span class='ocr_line' id='line_1_23' title="bbox 1926 933 3560 1006; baseline 0.005 -18"><span class='ocrx_word' id='word_1_180' title='bbox 1926 933 1980 988; x_wconf 87' lang='lat' dir='ltr'><strong>id</strong></span> <span class='ocrx_word' id='word_1_181' title='bbox 2003 933 2304 989; x_wconf 84' lang='lat' dir='ltr'><strong>amittimus</strong></span> <span class='ocrx_word' id='word_1_182' title='bbox 2331 950 2346 990; x_wconf 90' lang='lat'><strong>:</strong></span> <span class='ocrx_word' id='word_1_183' title='bbox 2378 943 2438 990; x_wconf 84' lang='lat' dir='ltr'><strong>et</strong></span> <span class='ocrx_word' id='word_1_184' title='bbox 2463 935 2810 1006; x_wconf 88' lang='lat' dir='ltr'><strong>cupiditatem</strong></span> <span class='ocrx_word' id='word_1_185' title='bbox 2843 937 3074 1002; x_wconf 74' lang='lat' dir='ltr'><strong>fruendi,</strong></span> <span class='ocrx_word' id='word_1_186' title='bbox 3115 941 3335 995; x_wconf 87' lang='lat' dir='ltr'><strong>carendi</strong></span> <span class='ocrx_word' id='word_1_187' title='bbox 3365 941 3520 996; x_wconf 84' lang='lat' dir='ltr'><strong>dolor</strong></span> <span class='ocrx_word' id='word_1_188' title='bbox 3553 942 3560 950; x_wconf 85' lang='lat'>&#39;</span> 
     </span>
    </p>
   </div>
   <div class='ocr_carea' id='block_1_24' title="bbox 1924 1023 3522 1099">
    <p class='ocr_par' dir='ltr' id='par_1_24' title="bbox 1924 1023 3522 1099">
     <span class='ocr_line' id='line_1_24' title="bbox 1924 1023 3522 1099; baseline 0.004 -23"><span class='ocrx_word' id='word_1_189' title='bbox 1924 1023 2142 1092; x_wconf 82' lang='lat' dir='ltr'><strong>prodit;</strong></span> <span class='ocrx_word' id='word_1_190' title='bbox 2178 1039 2337 1093; x_wconf 81' lang='lat' dir='ltr'><strong>quam</strong></span> <span class='ocrx_word' id='word_1_191' title='bbox 2369 1025 2462 1094; x_wconf 91' lang='lat' dir='ltr'><strong>qui</strong></span> <span class='ocrx_word' id='word_1_192' title='bbox 2497 1026 2552 1080; x_wconf 92' lang='lat' dir='ltr'><strong>in</strong></span> <span class='ocrx_word' id='word_1_193' title='bbox 2581 1026 2822 1081; x_wconf 90' lang='lat' dir='ltr'><strong>carendo</strong></span> <span class='ocrx_word' id='word_1_194' title='bbox 2851 1042 2960 1082; x_wconf 89' lang='lat' dir='ltr'><strong>non</strong></span> <span class='ocrx_word' id='word_1_195' title='bbox 3001 1027 3218 1094; x_wconf 90' lang='lat' dir='ltr'><strong>habuit,</strong></span> <span class='ocrx_word' id='word_1_196' title='bbox 3264 1031 3317 1083; x_wconf 92' lang='lat' dir='ltr'><strong>in</strong></span> <span class='ocrx_word' id='word_1_197' title='bbox 3349 1030 3522 1099; x_wconf 77' lang='lat' dir='ltr'><strong>possi-</strong></span> 
     </span>
    </p>
   </div>
   <div class='ocr_carea' id='block_1_25' title="bbox 1920 1112 3524 1183">
    <p class='ocr_par' dir='ltr' id='par_1_25' title="bbox 1920 1112 3524 1183">
     <span class='ocr_line' id='line_1_25' title="bbox 1920 1112 3524 1183; baseline 0.003 -15"><span class='ocrx_word' id='word_1_198' title='bbox 1920 1112 2099 1168; x_wconf 88' lang='lat' dir='ltr'><strong>dendo</strong></span> <span class='ocrx_word' id='word_1_199' title='bbox 2127 1129 2365 1183; x_wconf 89' lang='lat' dir='ltr'><strong>quonam</strong></span> <span class='ocrx_word' id='word_1_200' title='bbox 2395 1115 2560 1170; x_wconf 85' lang='lat' dir='ltr'><strong>modo</strong></span> <span class='ocrx_word' id='word_1_201' title='bbox 2593 1115 2833 1171; x_wconf 86' lang='lat' dir='ltr'><strong>habuit?</strong></span> <span class='ocrx_word' id='word_1_202' title='bbox 2885 1117 2930 1172; x_wconf 91' lang='grc' dir='ltr'><strong>Ο</strong></span> <span class='ocrx_word' id='word_1_203' title='bbox 2966 1117 3142 1173; x_wconf 88' lang='lat' dir='ltr'><strong>virum</strong></span> <span class='ocrx_word' id='word_1_204' title='bbox 3175 1128 3304 1174; x_wconf 89' lang='lat' dir='ltr'><strong>ante</strong></span> <span class='ocrx_word' id='word_1_205' title='bbox 3347 1119 3524 1173; x_wconf 83' lang='lat' dir='ltr'><strong>Evan-</strong></span> 
     </span>
    </p>
   </div>
   <div class='ocr_carea' id='block_1_26' title="bbox 1917 1203 3518 1280">
    <p class='ocr_par' dir='ltr' id='par_1_26' title="bbox 1917 1203 3518 1280">
     <span class='ocr_line' id='line_1_26' title="bbox 1917 1203 3518 1280; baseline 0.005 -22"><span class='ocrx_word' id='word_1_206' title='bbox 1917 1203 2116 1273; x_wconf 87' lang='lat' dir='ltr'><strong>gelium</strong></span> <span class='ocrx_word' id='word_1_207' title='bbox 2146 1206 2556 1277; x_wconf 87' lang='lat' dir='ltr'><strong>evangelicum,</strong></span> <span class='ocrx_word' id='word_1_208' title='bbox 2585 1216 2640 1262; x_wconf 91' lang='lat' dir='ltr'><strong>et</strong></span> <span class='ocrx_word' id='word_1_209' title='bbox 2665 1210 3030 1278; x_wconf 89' lang='lat' dir='ltr'><strong>apostolicum</strong></span> <span class='ocrx_word' id='word_1_210' title='bbox 3063 1219 3188 1266; x_wconf 88' lang='lat' dir='ltr'><strong>ante</strong></span> <span class='ocrx_word' id='word_1_211' title='bbox 3215 1213 3518 1280; x_wconf 87' lang='lat' dir='ltr'><strong>apostolica</strong></span> 
     </span>
    </p>
   </div>
   <div class='ocr_carea' id='block_1_27' title="bbox 1918 1299 3514 1374">
    <p class='ocr_par' dir='ltr' id='par_1_27' title="bbox 1918 1299 3514 1374">
     <span class='ocr_line' id='line_1_27' title="bbox 1918 1299 3514 1374; baseline 0.004 -22"><span class='ocrx_word' id='word_1_212' title='bbox 1918 1307 2186 1368; x_wconf 66' lang='lat' dir='ltr'><strong>pratcepta</strong></span> <span class='ocrx_word' id='word_1_213' title='bbox 2220 1299 2233 1354; x_wconf 76' lang='grc' dir='ltr'>ε</span> <span class='ocrx_word' id='word_1_214' title='bbox 2284 1299 2614 1368; x_wconf 87' lang='lat' dir='ltr'><strong>discipulum</strong></span> <span class='ocrx_word' id='word_1_215' title='bbox 2655 1303 3026 1371; x_wconf 86' lang='lat' dir='ltr'><strong>apostolorum</strong></span> <span class='ocrx_word' id='word_1_216' title='bbox 3061 1321 3075 1358; x_wconf 90' lang='lat'><strong>:</strong></span> <span class='ocrx_word' id='word_1_217' title='bbox 3127 1305 3217 1373; x_wconf 91' lang='lat' dir='ltr'><strong>qui</strong></span> <span class='ocrx_word' id='word_1_218' title='bbox 3261 1306 3514 1374; x_wconf 88' lang='lat' dir='ltr'><strong>aperiens</strong></span> 
     </span>
    </p>
   </div>
   <div class='ocr_carea' id='block_1_28' title="bbox 1917 1390 3510 1466">
    <p class='ocr_par' dir='ltr' id='par_1_28' title="bbox 1917 1390 3510 1466">
     <span class='ocr_line' id='line_1_28' title="bbox 1917 1390 3510 1466; baseline 0.004 -22"><span class='ocrx_word' id='word_1_219' title='bbox 1917 1390 2160 1446; x_wconf 87' lang='lat' dir='ltr'><strong>occultas</strong></span> <span class='ocrx_word' id='word_1_220' title='bbox 2203 1391 2427 1447; x_wconf 83' lang='lat' dir='ltr'><strong>divitias</strong></span> <span class='ocrx_word' id='word_1_221' title='bbox 2461 1401 2699 1461; x_wconf 69' lang='lat' dir='ltr'><strong>naturas,</strong></span> <span class='ocrx_word' id='word_1_222' title='bbox 2729 1404 2784 1448; x_wconf 85' lang='lat' dir='ltr'><strong>et</strong></span> <span class='ocrx_word' id='word_1_223' title='bbox 2813 1394 2865 1448; x_wconf 93' lang='lat' dir='ltr'><strong>in</strong></span> <span class='ocrx_word' id='word_1_224' title='bbox 2895 1394 3132 1447; x_wconf 87' lang='lat' dir='ltr'><strong>medium</strong></span> <span class='ocrx_word' id='word_1_225' title='bbox 3182 1397 3468 1466; x_wconf 87' lang='lat' dir='ltr'><strong>proferens</strong></span> <span class='ocrx_word' id='word_1_226' title='bbox 3495 1439 3510 1463; x_wconf 90' lang='lat'><strong>,</strong></span> 
     </span>
    </p>
   </div>
   <div class='ocr_carea' id='block_1_29' title="bbox 1918 1481 3515 1556">
    <p class='ocr_par' dir='ltr' id='par_1_29' title="bbox 1918 1481 3515 1556">
     <span class='ocr_line' id='line_1_29' title="bbox 1918 1481 3515 1556; baseline 0.003 -20"><span class='ocrx_word' id='word_1_227' title='bbox 1918 1496 1988 1536; x_wconf 77' lang='lat' dir='ltr'><strong>ex</strong></span> <span class='ocrx_word' id='word_1_228' title='bbox 2014 1497 2073 1537; x_wconf 87' lang='lat' dir='ltr'><strong>se</strong></span> <span class='ocrx_word' id='word_1_229' title='bbox 2119 1481 2249 1553; x_wconf 91' lang='lat' dir='ltr'><strong>quid</strong></span> <span class='ocrx_word' id='word_1_230' title='bbox 2291 1497 2483 1538; x_wconf 89' lang='lat' dir='ltr'><strong>omnes</strong></span> <span class='ocrx_word' id='word_1_231' title='bbox 2529 1484 2838 1555; x_wconf 87' lang='lat' dir='ltr'><strong>possimus,</strong></span> <span class='ocrx_word' id='word_1_232' title='bbox 2901 1484 3144 1540; x_wconf 84' lang='lat' dir='ltr'><strong>ostendit</strong></span> <span class='ocrx_word' id='word_1_233' title='bbox 3174 1503 3188 1538; x_wconf 88' lang='lat'><strong>:</strong></span> <span class='ocrx_word' id='word_1_234' title='bbox 3222 1485 3515 1556; x_wconf 86' lang='lat' dir='ltr'><strong>docuitque</strong></span> 
     </span>
    </p>
   </div>
   <div class='ocr_carea' id='block_1_30' title="bbox 1916 1574 3513 1647">
    <p class='ocr_par' dir='ltr' id='par_1_30' title="bbox 1916 1574 3513 1647">
     <span class='ocr_line' id='line_1_30' title="bbox 1916 1574 3513 1647; baseline 0.003 -20"><span class='ocrx_word' id='word_1_235' title='bbox 1916 1584 2155 1644; x_wconf 89' lang='lat' dir='ltr'><strong>quantus</strong></span> <span class='ocrx_word' id='word_1_236' title='bbox 2181 1574 2252 1628; x_wconf 88' lang='lat' dir='ltr'><strong>sit</strong></span> <span class='ocrx_word' id='word_1_237' title='bbox 2276 1575 2372 1630; x_wconf 93' lang='lat' dir='ltr'><strong>ille</strong></span> <span class='ocrx_word' id='word_1_238' title='bbox 2394 1574 2684 1631; x_wconf 90' lang='lat' dir='ltr'><strong>thesaurus</strong></span> <span class='ocrx_word' id='word_1_239' title='bbox 2710 1576 2931 1643; x_wconf 68' lang='lat' dir='ltr'><strong>animae,</strong></span> <span class='ocrx_word' id='word_1_240' title='bbox 2960 1592 3120 1647; x_wconf 89' lang='lat' dir='ltr'><strong>quem</strong></span> <span class='ocrx_word' id='word_1_241' title='bbox 3145 1592 3246 1632; x_wconf 91' lang='lat' dir='ltr'><strong>nos</strong></span> <span class='ocrx_word' id='word_1_242' title='bbox 3275 1578 3394 1633; x_wconf 89' lang='lat' dir='ltr'><strong>sine</strong></span> <span class='ocrx_word' id='word_1_243' title='bbox 3413 1595 3513 1633; x_wconf 89' lang='lat' dir='ltr'><strong>usu</strong></span> 
     </span>
    </p>
   </div>
   <div class='ocr_carea' id='block_1_31' title="bbox 208 1667 3513 1745">
    <p class='ocr_par' dir='ltr' id='par_1_31' title="bbox 208 1667 3513 1745">
     <span class='ocr_line' id='line_1_31' title="bbox 208 1667 3513 1745; baseline -0.001 -17"><span class='ocrx_word' id='word_1_244' title='bbox 208 1672 633 1729; x_wconf 75' lang='lat' dir='ltr'><strong>Deosculabatur</strong></span> <span class='ocrx_word' id='word_1_245' title='bbox 658 1672 892 1745; x_wconf 84' lang='lat' dir='ltr'><strong>singulos</strong></span> <span class='ocrx_word' id='word_1_246' title='bbox 913 1670 1068 1745; x_wconf 83' lang='lat' dir='ltr'><strong>(Gen.</strong></span> <span class='ocrx_word' id='word_1_247' title='bbox 1100 1688 1224 1739; x_wconf 77' lang='lat' dir='ltr'><strong>xu&#39;,</strong></span> <span class='ocrx_word' id='word_1_248' title='bbox 1252 1671 1376 1743; x_wconf 71' lang='lat'><strong>15);</strong></span> <span class='ocrx_word' id='word_1_249' title='bbox 1401 1679 1446 1726; x_wconf 86' lang='lat' dir='ltr'><strong>et</strong></span> <span class='ocrx_word' id='word_1_250' title='bbox 1475 1672 1690 1743; x_wconf 84' lang='lat' dir='ltr'><strong>irriguis</strong></span> <span class='ocrx_word' id='word_1_251' title='bbox 1713 1673 1809 1742; x_wconf 84' lang='lat' dir='ltr'><strong>ﬂe-</strong></span> <span class='ocrx_word' id='word_1_252' title='bbox 1840 1673 1888 1734; x_wconf 88' lang='lat' dir='ltr'><strong>B</strong></span> <span class='ocrx_word' id='word_1_253' title='bbox 1916 1667 2265 1738; x_wconf 87' lang='lat' dir='ltr'><strong>possidemus</strong></span> <span class='ocrx_word' id='word_1_254' title='bbox 2301 1686 2312 1720; x_wconf 92' lang='lat'><strong>:</strong></span> <span class='ocrx_word' id='word_1_255' title='bbox 2347 1678 2404 1725; x_wconf 87' lang='lat' dir='ltr'><strong>et</strong></span> <span class='ocrx_word' id='word_1_256' title='bbox 2433 1669 2578 1739; x_wconf 89' lang='lat' dir='ltr'><strong>quod</strong></span> <span class='ocrx_word' id='word_1_257' title='bbox 2609 1668 2857 1741; x_wconf 90' lang='lat' dir='ltr'><strong>proferre</strong></span> <span class='ocrx_word' id='word_1_258' title='bbox 2887 1668 3165 1740; x_wconf 91' lang='lat' dir='ltr'><strong>nolumus,</strong></span> <span class='ocrx_word' id='word_1_259' title='bbox 3188 1687 3287 1727; x_wconf 88' lang='lat' dir='ltr'><strong>nec</strong></span> <span class='ocrx_word' id='word_1_260' title='bbox 3309 1670 3513 1728; x_wconf 84' lang='lat' dir='ltr'><strong>habere</strong></span> 
     </span>
    </p>
   </div>
   <div class='ocr_carea' id='block_1_32' title="bbox 104 1754 1809 1838">
    <p class='ocr_par' dir='ltr' id='par_1_32' title="bbox 104 1754 1809 1838">
     <span class='ocr_line' id='line_1_32' title="bbox 104 1754 1809 1838; baseline -0.001 -17"><span class='ocrx_word' id='word_1_261' title='bbox 104 1791 118 1807; x_wconf 75' lang='grc' dir='ltr'><strong>ι</strong></span> <span class='ocrx_word' id='word_1_262' title='bbox 211 1767 374 1832; x_wconf 86' lang='lat' dir='ltr'><strong>tibus,</strong></span> <span class='ocrx_word' id='word_1_263' title='bbox 432 1754 730 1836; x_wconf 78' lang='lat' dir='ltr'><strong>paventium</strong></span> <span class='ocrx_word' id='word_1_264' title='bbox 775 1766 915 1821; x_wconf 87' lang='lat' dir='ltr'><strong>colla</strong></span> <span class='ocrx_word' id='word_1_265' title='bbox 965 1767 1306 1838; x_wconf 75' lang='lat' dir='ltr'><strong>perfundens,</strong></span> <span class='ocrx_word' id='word_1_266' title='bbox 1354 1765 1536 1820; x_wconf 88' lang='lat' dir='ltr'><strong>odium</strong></span> <span class='ocrx_word' id='word_1_267' title='bbox 1587 1767 1809 1837; x_wconf 78' lang='lat' dir='ltr'><strong>fratrum</strong></span> 
     </span>
    </p>
   </div>
   <div class='ocr_carea' id='block_1_33' title="bbox 209 1859 1812 1932">
    <p class='ocr_par' dir='ltr' id='par_1_33' title="bbox 209 1859 1812 1932">
     <span class='ocr_line' id='line_1_33' title="bbox 209 1859 1812 1932; baseline 0.001 -17"><span class='ocrx_word' id='word_1_268' title='bbox 209 1861 483 1915; x_wconf 81' lang='lat' dir='ltr'><strong>charitatis</strong></span> <span class='ocrx_word' id='word_1_269' title='bbox 527 1860 771 1932; x_wconf 80' lang='lat' dir='ltr'><strong>lacrymt&#39;s</strong></span> <span class='ocrx_word' id='word_1_270' title='bbox 815 1859 1103 1914; x_wconf 85' lang='lat' dir='ltr'><strong>abluebat:</strong></span> <span class='ocrx_word' id='word_1_271' title='bbox 1156 1874 1294 1930; x_wconf 90' lang='lat' dir='ltr'><strong>quos</strong></span> <span class='ocrx_word' id='word_1_272' title='bbox 1339 1869 1448 1913; x_wconf 88' lang='lat' dir='ltr'><strong>tam</strong></span> <span class='ocrx_word' id='word_1_273' title='bbox 1493 1862 1618 1914; x_wconf 85' lang='lat' dir='ltr'><strong>vivo</strong></span> <span class='ocrx_word' id='word_1_274' title='bbox 1660 1868 1812 1930; x_wconf 88' lang='lat' dir='ltr'><strong>patre</strong></span> 
     </span>
    </p>
   </div>
   <div class='ocr_carea' id='block_1_34' title="bbox 207 1951 1815 2024">
    <p class='ocr_par' dir='ltr' id='par_1_34' title="bbox 207 1951 1815 2024">
     <span class='ocr_line' id='line_1_34' title="bbox 207 1951 1815 2024; baseline 0 -17"><span class='ocrx_word' id='word_1_275' title='bbox 207 1968 380 2024; x_wconf 90' lang='lat' dir='ltr'><strong>quam</strong></span> <span class='ocrx_word' id='word_1_276' title='bbox 409 1960 646 2019; x_wconf 87' lang='lat' dir='ltr'><strong>mortuo,</strong></span> <span class='ocrx_word' id='word_1_277' title='bbox 682 1967 946 2024; x_wconf 88' lang='lat' dir='ltr'><strong>germano</strong></span> <span class='ocrx_word' id='word_1_278' title='bbox 983 1966 1202 2022; x_wconf 87' lang='lat' dir='ltr'><strong>semper</strong></span> <span class='ocrx_word' id='word_1_279' title='bbox 1227 1951 1421 2006; x_wconf 83' lang='lat' dir='ltr'><strong>dilexit</strong></span> <span class='ocrx_word' id='word_1_280' title='bbox 1451 1965 1662 2007; x_wconf 87' lang='lat' dir='ltr'><strong>amore.</strong></span> <span class='ocrx_word' id='word_1_281' title='bbox 1705 1951 1815 2007; x_wconf 83' lang='lat' dir='ltr'><strong>Nec</strong></span> 
     </span>
    </p>
   </div>
   <div class='ocr_carea' id='block_1_35' title="bbox 209 2041 1809 2115">
    <p class='ocr_par' dir='ltr' id='par_1_35' title="bbox 209 2041 1809 2115">
     <span class='ocr_line' id='line_1_35' title="bbox 209 2041 1809 2115; baseline 0 -15"><span class='ocrx_word' id='word_1_282' title='bbox 209 2044 536 2100; x_wconf 87' lang='lat' dir='ltr'><strong>recordatus</strong></span> <span class='ocrx_word' id='word_1_283' title='bbox 565 2056 650 2100; x_wconf 84' lang='lat' dir='ltr'><strong>est</strong></span> <span class='ocrx_word' id='word_1_284' title='bbox 678 2045 854 2114; x_wconf 88' lang='lat' dir='ltr'><strong>illum,</strong></span> <span class='ocrx_word' id='word_1_285' title='bbox 889 2046 943 2100; x_wconf 90' lang='lat' dir='ltr'><strong>in</strong></span> <span class='ocrx_word' id='word_1_286' title='bbox 971 2059 1078 2115; x_wconf 92' lang='lat' dir='ltr'><strong>quo</strong></span> <span class='ocrx_word' id='word_1_287' title='bbox 1106 2043 1177 2100; x_wconf 89' lang='lat' dir='ltr'><strong>ob</strong></span> <span class='ocrx_word' id='word_1_288' title='bbox 1205 2058 1396 2099; x_wconf 90' lang='lat' dir='ltr'><strong>necem</strong></span> <span class='ocrx_word' id='word_1_289' title='bbox 1419 2041 1523 2098; x_wconf 84' lang='lat' dir='ltr'><strong>fuit</strong></span> <span class='ocrx_word' id='word_1_290' title='bbox 1542 2042 1809 2115; x_wconf 86' lang='lat' dir='ltr'><strong>dejectus,</strong></span> 
     </span>
    </p>
   </div>
   <div class='ocr_carea' id='block_1_36' title="bbox 206 2133 1812 2208">
    <p class='ocr_par' dir='ltr' id='par_1_36' title="bbox 206 2133 1812 2208">
     <span class='ocr_line' id='line_1_36' title="bbox 206 2133 1812 2208; baseline -0.001 -17"><span class='ocrx_word' id='word_1_291' title='bbox 206 2136 417 2192; x_wconf 83' lang='lat' dir='ltr'><strong>lacum.</strong></span> <span class='ocrx_word' id='word_1_292' title='bbox 440 2136 557 2194; x_wconf 85' lang='lat' dir='ltr'><strong>Non</strong></span> <span class='ocrx_word' id='word_1_293' title='bbox 582 2136 838 2208; x_wconf 85' lang='lat' dir='ltr'><strong>cogitavit</strong></span> <span class='ocrx_word' id='word_1_294' title='bbox 867 2134 1138 2192; x_wconf 85' lang='lat' dir='ltr'><strong>addictam</strong></span> <span class='ocrx_word' id='word_1_295' title='bbox 1161 2133 1584 2206; x_wconf 86' lang='lat' dir='ltr'><strong>germanitatem</strong></span> <span class='ocrx_word' id='word_1_296' title='bbox 1610 2135 1812 2204; x_wconf 89' lang='lat' dir='ltr'><strong>pretio,</strong></span> 
     </span>
    </p>
   </div>
   <div class='ocr_carea' id='block_1_37' title="bbox 206 2224 1812 2299">
    <p class='ocr_par' dir='ltr' id='par_1_37' title="bbox 206 2224 1812 2299">
     <span class='ocr_line' id='line_1_37' title="bbox 206 2224 1812 2299; baseline -0.002 -16"><span class='ocrx_word' id='word_1_297' title='bbox 206 2228 311 2284; x_wconf 80' lang='lat' dir='ltr'><strong>sed</strong></span> <span class='ocrx_word' id='word_1_298' title='bbox 367 2245 460 2299; x_wconf 84' lang='lat' dir='ltr'><strong>pro</strong></span> <span class='ocrx_word' id='word_1_299' title='bbox 513 2227 664 2283; x_wconf 89' lang='lat' dir='ltr'><strong>malis</strong></span> <span class='ocrx_word' id='word_1_300' title='bbox 720 2229 909 2283; x_wconf 83' lang='lat' dir='ltr'><strong>bonum</strong></span> <span class='ocrx_word' id='word_1_301' title='bbox 958 2227 1243 2282; x_wconf 86' lang='lat' dir='ltr'><strong>retribuens</strong></span> <span class='ocrx_word' id='word_1_302' title='bbox 1297 2224 1480 2298; x_wconf 81' lang='lat' dir='ltr'><strong>(Rom.</strong></span> <span class='ocrx_word' id='word_1_303' title='bbox 1537 2241 1635 2292; x_wconf 83' lang='lat' dir='ltr'><strong>xu,</strong></span> <span class='ocrx_word' id='word_1_304' title='bbox 1700 2224 1812 2296; x_wconf 79' lang='lat' dir='ltr'><strong>l7),</strong></span> 
     </span>
    </p>
   </div>
   <div class='ocr_carea' id='block_1_38' title="bbox 207 2319 1804 2395">
    <p class='ocr_par' dir='ltr' id='par_1_38' title="bbox 207 2319 1804 2395">
     <span class='ocr_line' id='line_1_38' title="bbox 207 2319 1804 2395; baseline -0.003 -20"><span class='ocrx_word' id='word_1_305' title='bbox 207 2323 554 2391; x_wconf 86' lang='lat' dir='ltr'><strong>apostolicum</strong></span> <span class='ocrx_word' id='word_1_306' title='bbox 597 2331 904 2395; x_wconf 71' lang='lat' dir='ltr'><strong>praeceptum</strong></span> <span class='ocrx_word' id='word_1_307' title='bbox 949 2320 1040 2377; x_wconf 90' lang='lat' dir='ltr'><strong>sub</strong></span> <span class='ocrx_word' id='word_1_308' title='bbox 1085 2329 1288 2375; x_wconf 77' lang='lat' dir='ltr'><strong>natura:</strong></span> <span class='ocrx_word' id='word_1_309' title='bbox 1331 2319 1507 2374; x_wconf 80' lang='lat' dir='ltr'><strong>adhuc</strong></span> <span class='ocrx_word' id='word_1_310' title='bbox 1535 2320 1645 2391; x_wconf 84' lang='lat' dir='ltr'><strong>lege</strong></span> <span class='ocrx_word' id='word_1_311' title='bbox 1665 2334 1804 2372; x_wconf 89' lang='lat' dir='ltr'><strong>com-</strong></span> 
     </span>
    </p>
   </div>
   <div class='ocr_carea' id='block_1_39' title="bbox 207 2414 391 2486">
    <p class='ocr_par' dir='ltr' id='par_1_39' title="bbox 207 2414 391 2486">
     <span class='ocr_line' id='line_1_39' title="bbox 207 2414 391 2486; baseline 0.005 -19"><span class='ocrx_word' id='word_1_312' title='bbox 207 2414 391 2486; x_wconf 80' lang='lat' dir='ltr'><strong>plevit.</strong></span> 
     </span>
    </p>
   </div>
   <div class='ocr_carea' id='block_1_40' title="bbox 285 2503 1812 2579">
    <p class='ocr_par' dir='ltr' id='par_1_40' title="bbox 285 2503 1812 2579">
     <span class='ocr_line' id='line_1_40' title="bbox 285 2503 1812 2579; baseline -0.004 -15"><span class='ocrx_word' id='word_1_313' title='bbox 285 2511 414 2565; x_wconf 77' lang='lat' dir='ltr'><strong>CAP.</strong></span> <span class='ocrx_word' id='word_1_314' title='bbox 439 2505 528 2566; x_wconf 81' lang='lat' dir='ltr'><strong>Vl.</strong></span> <span class='ocrx_word' id='word_1_315' title='bbox 558 2540 630 2549; x_wconf 97' lang='lat'><strong><em>—</em></strong></span> <span class='ocrx_word' id='word_1_316' title='bbox 651 2508 789 2579; x_wconf 88' lang='lat' dir='ltr'><strong>Quid</strong></span> <span class='ocrx_word' id='word_1_317' title='bbox 820 2509 887 2565; x_wconf 90' lang='lat' dir='ltr'><strong>de</strong></span> <span class='ocrx_word' id='word_1_318' title='bbox 916 2509 1062 2565; x_wconf 90' lang='lat' dir='ltr'><strong>beato</strong></span> <span class='ocrx_word' id='word_1_319' title='bbox 1097 2506 1202 2562; x_wconf 90' lang='lat' dir='ltr'><strong>Job</strong></span> <span class='ocrx_word' id='word_1_320' title='bbox 1227 2508 1429 2574; x_wconf 87' lang='lat' dir='ltr'><strong>dicam,</strong></span> <span class='ocrx_word' id='word_1_321' title='bbox 1461 2503 1812 2578; x_wconf 77' lang='lat' dir='ltr'><strong>farnosissimo</strong></span> 
     </span>
    </p>
   </div>
   <div class='ocr_carea' id='block_1_41' title="bbox 207 2594 1812 2673">
    <p class='ocr_par' dir='ltr' id='par_1_41' title="bbox 207 2594 1812 2673">
     <span class='ocr_line' id='line_1_41' title="bbox 207 2594 1812 2673; baseline -0.004 -16"><span class='ocrx_word' id='word_1_322' title='bbox 207 2603 306 2658; x_wconf 87' lang='lat' dir='ltr'><strong>illo</strong></span> <span class='ocrx_word' id='word_1_323' title='bbox 329 2603 523 2656; x_wconf 80' lang='lat' dir='ltr'><strong>athleta</strong></span> <span class='ocrx_word' id='word_1_324' title='bbox 546 2601 645 2656; x_wconf 81' lang='lat' dir='ltr'><strong>Dei</strong></span> <span class='ocrx_word' id='word_1_325' title='bbox 677 2617 696 2656; x_wconf 92' lang='lat'><strong><em>:</em></strong></span> <span class='ocrx_word' id='word_1_326' title='bbox 721 2603 812 2673; x_wconf 84' lang='lat' dir='ltr'><strong>qui</strong></span> <span class='ocrx_word' id='word_1_327' title='bbox 850 2611 974 2672; x_wconf 88' lang='lat' dir='ltr'><strong>post</strong></span> <span class='ocrx_word' id='word_1_328' title='bbox 1001 2601 1243 2671; x_wconf 87' lang='lat' dir='ltr'><strong>direptas</strong></span> <span class='ocrx_word' id='word_1_329' title='bbox 1274 2615 1444 2670; x_wconf 90' lang='lat' dir='ltr'><strong>opes,</strong></span> <span class='ocrx_word' id='word_1_330' title='bbox 1481 2605 1537 2653; x_wconf 85' lang='lat' dir='ltr'><strong>et</strong></span> <span class='ocrx_word' id='word_1_331' title='bbox 1563 2594 1812 2652; x_wconf 87' lang='lat' dir='ltr'><strong>funditus</strong></span> 
     </span>
    </p>
   </div>
   <div class='ocr_carea' id='block_1_42' title="bbox 209 2691 1810 2766">
    <p class='ocr_par' dir='ltr' id='par_1_42' title="bbox 209 2691 1810 2766">
     <span class='ocr_line' id='line_1_42' title="bbox 209 2691 1810 2766; baseline -0.006 -15"><span class='ocrx_word' id='word_1_332' title='bbox 209 2696 390 2752; x_wconf 87' lang='lat' dir='ltr'><strong>deleta</strong></span> <span class='ocrx_word' id='word_1_333' title='bbox 435 2694 762 2766; x_wconf 87' lang='lat' dir='ltr'><strong>patrimonia</strong></span> <span class='ocrx_word' id='word_1_334' title='bbox 795 2711 810 2750; x_wconf 87' lang='lat'><strong>:</strong></span> <span class='ocrx_word' id='word_1_335' title='bbox 847 2704 968 2762; x_wconf 82' lang='lat' dir='ltr'><strong>post</strong></span> <span class='ocrx_word' id='word_1_336' title='bbox 999 2693 1234 2748; x_wconf 86' lang='lat' dir='ltr'><strong>ﬁliorum</strong></span> <span class='ocrx_word' id='word_1_337' title='bbox 1265 2706 1329 2747; x_wconf 90' lang='lat' dir='ltr'><strong>ac</strong></span> <span class='ocrx_word' id='word_1_338' title='bbox 1366 2691 1601 2746; x_wconf 83' lang='lat' dir='ltr'><strong>ﬁliarum</strong></span> <span class='ocrx_word' id='word_1_339' title='bbox 1642 2704 1810 2743; x_wconf 90' lang='lat' dir='ltr'><strong>unum</strong></span> 
     </span>
    </p>
   </div>
   <div class='ocr_carea' id='block_1_43' title="bbox 209 2785 1814 2860">
    <p class='ocr_par' dir='ltr' id='par_1_43' title="bbox 209 2785 1814 2860">
     <span class='ocr_line' id='line_1_43' title="bbox 209 2785 1814 2860; baseline -0.006 -13"><span class='ocrx_word' id='word_1_340' title='bbox 209 2793 398 2847; x_wconf 87' lang='lat' dir='ltr'><strong>subito</strong></span> <span class='ocrx_word' id='word_1_341' title='bbox 431 2790 748 2860; x_wconf 88' lang='lat' dir='ltr'><strong>interitum,</strong></span> <span class='ocrx_word' id='word_1_342' title='bbox 800 2790 866 2845; x_wconf 87' lang='lat' dir='ltr'><strong>ad</strong></span> <span class='ocrx_word' id='word_1_343' title='bbox 909 2790 1155 2844; x_wconf 91' lang='lat' dir='ltr'><strong>ultimum</strong></span> <span class='ocrx_word' id='word_1_344' title='bbox 1206 2787 1427 2859; x_wconf 85' lang='lat' dir='ltr'><strong>proprio</strong></span> <span class='ocrx_word' id='word_1_345' title='bbox 1477 2794 1665 2842; x_wconf 86' lang='lat' dir='ltr'><strong>contra</strong></span> <span class='ocrx_word' id='word_1_346' title='bbox 1697 2785 1814 2839; x_wconf 84' lang='lat' dir='ltr'><strong>dia-</strong></span> 
     </span>
    </p>
   </div>
   <div class='ocr_carea' id='block_1_44' title="bbox 210 2875 1811 2955">
    <p class='ocr_par' dir='ltr' id='par_1_44' title="bbox 210 2875 1811 2955">
     <span class='ocr_line' id='line_1_44' title="bbox 210 2875 1811 2955; baseline -0.004 -17"><span class='ocrx_word' id='word_1_347' title='bbox 210 2886 397 2940; x_wconf 86' lang='lat' dir='ltr'><strong>bolum</strong></span> <span class='ocrx_word' id='word_1_348' title='bbox 453 2898 685 2955; x_wconf 86' lang='lat' dir='ltr'><strong>corpore</strong></span> <span class='ocrx_word' id='word_1_349' title='bbox 735 2881 1016 2938; x_wconf 88' lang='lat' dir='ltr'><strong>dimicavit</strong></span> <span class='ocrx_word' id='word_1_350' title='bbox 1071 2879 1202 2952; x_wconf 85' lang='lat' dir='ltr'><strong>(Job</strong></span> <span class='ocrx_word' id='word_1_351' title='bbox 1236 2895 1274 2945; x_wconf 88' lang='grc' dir='ltr'>ι,</span> <span class='ocrx_word' id='word_1_352' title='bbox 1323 2879 1427 2949; x_wconf 86' lang='lat' dir='ltr'><strong>tt)?</strong></span> <span class='ocrx_word' id='word_1_353' title='bbox 1466 2875 1811 2933; x_wconf 70' lang='lat' dir='ltr'><strong>Aufereban-</strong></span> 
     </span>
    </p>
   </div>
   <div class='ocr_carea' id='block_1_45' title="bbox 211 2971 1810 3046">
    <p class='ocr_par' dir='ltr' id='par_1_45' title="bbox 211 2971 1810 3046">
     <span class='ocr_line' id='line_1_45' title="bbox 211 2971 1810 3046; baseline -0.006 -14"><span class='ocrx_word' id='word_1_354' title='bbox 211 2987 300 3033; x_wconf 85' lang='lat' dir='ltr'><strong>tur</strong></span> <span class='ocrx_word' id='word_1_355' title='bbox 321 2977 528 3043; x_wconf 89' lang='lat' dir='ltr'><strong>omnia,</strong></span> <span class='ocrx_word' id='word_1_356' title='bbox 558 2991 678 3046; x_wconf 62' lang='lat' dir='ltr'><strong>quas</strong></span> <span class='ocrx_word' id='word_1_357' title='bbox 720 2973 1056 3031; x_wconf 75' lang='lat' dir='ltr'><strong>extrinsecus</strong></span> <span class='ocrx_word' id='word_1_358' title='bbox 1088 2971 1440 3042; x_wconf 86' lang='lat' dir='ltr'><strong>possidebat,</strong></span> <span class='ocrx_word' id='word_1_359' title='bbox 1469 2979 1526 3026; x_wconf 86' lang='lat' dir='ltr'><strong>et</strong></span> <span class='ocrx_word' id='word_1_360' title='bbox 1552 2978 1810 3024; x_wconf 73' lang='lat' dir='ltr'><strong>extranea</strong></span> 
     </span>
    </p>
   </div>
   <div class='ocr_carea' id='block_1_46' title="bbox 211 3061 1804 3138">
    <p class='ocr_par' dir='ltr' id='par_1_46' title="bbox 211 3061 1804 3138">
     <span class='ocr_line' id='line_1_46' title="bbox 211 3061 1804 3138; baseline -0.007 -13"><span class='ocrx_word' id='word_1_361' title='bbox 211 3069 354 3125; x_wconf 87' lang='lat' dir='ltr'><strong>bona</strong></span> <span class='ocrx_word' id='word_1_362' title='bbox 380 3079 604 3138; x_wconf 91' lang='lat' dir='ltr'><strong>repente</strong></span> <span class='ocrx_word' id='word_1_363' title='bbox 630 3065 975 3131; x_wconf 85' lang='lat' dir='ltr'><strong>decidebant,</strong></span> <span class='ocrx_word' id='word_1_364' title='bbox 1002 3074 1059 3119; x_wconf 86' lang='lat' dir='ltr'><strong>ut</strong></span> <span class='ocrx_word' id='word_1_365' title='bbox 1088 3064 1259 3134; x_wconf 82' lang='lat' dir='ltr'><strong>magis</strong></span> <span class='ocrx_word' id='word_1_366' title='bbox 1289 3062 1511 3133; x_wconf 86' lang='lat' dir='ltr'><strong>propria</strong></span> <span class='ocrx_word' id='word_1_367' title='bbox 1535 3061 1804 3116; x_wconf 88' lang='lat' dir='ltr'><strong>claresce-</strong></span> 
     </span>
    </p>
   </div>
   <div class='ocr_carea' id='block_1_47' title="bbox 209 3107 1888 3237">
    <p class='ocr_par' dir='ltr' id='par_1_47' title="bbox 209 3107 1888 3237">
     <span class='ocr_line' id='line_1_47' title="bbox 211 3107 1776 3138; baseline -0.007 -13"><span class='ocrx_word' id='word_1_368' title='bbox 211 3107 354 3125; x_wconf 67' lang='grc' dir='ltr'><strong>μω...</strong></span> <span class='ocrx_word' id='word_1_369' title='bbox 380 3107 604 3138; x_wconf 58' lang='lat' dir='ltr'><strong>.c,........</strong></span> <span class='ocrx_word' id='word_1_370' title='bbox 631 3107 975 3131; x_wconf 56' lang='lat' dir='ltr'><strong>....c......,....-,</strong></span> <span class='ocrx_word' id='word_1_371' title='bbox 1004 3107 1059 3119; x_wconf 87' lang='lat'><strong>...</strong></span> <span class='ocrx_word' id='word_1_372' title='bbox 1088 3107 1259 3134; x_wconf 59' lang='grc' dir='ltr'><strong>...ηοω</strong></span> <span class='ocrx_word' id='word_1_373' title='bbox 1289 3107 1511 3133; x_wconf 74' lang='lat'><strong>,....,,.._</strong></span> <span class='ocrx_word' id='word_1_374' title='bbox 1537 3107 1636 3116; x_wconf 54' lang='grc' dir='ltr'><strong>-.η</strong></span> <span class='ocrx_word' id='word_1_375' title='bbox 1655 3107 1776 3115; x_wconf 60' lang='grc' dir='ltr'><strong>--η</strong></span> 
     </span>
     <span class='ocr_line' id='line_1_48' title="bbox 209 3107 1888 3237; baseline -0.008 -19"><span class='ocrx_word' id='word_1_376' title='bbox 209 3175 342 3220; x_wconf 88' lang='lat' dir='ltr'><strong>rent</strong></span> <span class='ocrx_word' id='word_1_377' title='bbox 369 3162 492 3237; x_wconf 68' lang='lat' dir='ltr'><strong>(At.</strong></span> <span class='ocrx_word' id='word_1_378' title='bbox 520 3158 876 3232; x_wconf 85' lang='lat' dir='ltr'><strong>clarescant].</strong></span> <span class='ocrx_word' id='word_1_379' title='bbox 906 3159 1171 3214; x_wconf 85' lang='lat' dir='ltr'><strong>Omnibus</strong></span> <span class='ocrx_word' id='word_1_380' title='bbox 1199 3171 1427 3227; x_wconf 82' lang='lat' dir='ltr'><strong>prorsus</strong></span> <span class='ocrx_word' id='word_1_381' title='bbox 1469 3155 1617 3209; x_wconf 86' lang='lat' dir='ltr'><strong>velut</strong></span> <span class='ocrx_word' id='word_1_382' title='bbox 1657 3107 1888 3207; x_wconf 52' lang='lat' dir='ltr'><strong>indu-ﬁ</strong></span> 
     </span>
    </p>
   </div>
   <div class='ocr_carea' id='block_1_48' title="bbox 211 3245 1818 3324">
    <p class='ocr_par' dir='ltr' id='par_1_48' title="bbox 211 3245 1818 3324">
     <span class='ocr_line' id='line_1_49' title="bbox 211 3245 1818 3324; baseline -0.009 -13"><span class='ocrx_word' id='word_1_383' title='bbox 211 3257 420 3312; x_wconf 89' lang='lat' dir='ltr'><strong>mentis</strong></span> <span class='ocrx_word' id='word_1_384' title='bbox 451 3255 689 3324; x_wconf 76' lang='lat' dir='ltr'><strong>exuitur,</strong></span> <span class='ocrx_word' id='word_1_385' title='bbox 707 3262 764 3307; x_wconf 90' lang='lat' dir='ltr'><strong>nt</strong></span> <span class='ocrx_word' id='word_1_386' title='bbox 785 3251 1096 3323; x_wconf 76' lang='lat' dir='ltr'><strong>expeditius</strong></span> <span class='ocrx_word' id='word_1_387' title='bbox 1125 3265 1189 3305; x_wconf 89' lang='lat' dir='ltr'><strong>ac</strong></span> <span class='ocrx_word' id='word_1_388' title='bbox 1209 3246 1597 3304; x_wconf 87' lang='lat' dir='ltr'><strong>fortiusnudus</strong></span> <span class='ocrx_word' id='word_1_389' title='bbox 1627 3245 1818 3300; x_wconf 89' lang='lat' dir='ltr'><strong>trium-</strong></span> 
     </span>
    </p>
   </div>
   <div class='ocr_carea' id='block_1_49' title="bbox 212 3341 1818 3419">
    <p class='ocr_par' dir='ltr' id='par_1_49' title="bbox 212 3341 1818 3419">
     <span class='ocr_line' id='line_1_50' title="bbox 212 3341 1818 3419; baseline -0.006 -16"><span class='ocrx_word' id='word_1_390' title='bbox 212 3349 373 3419; x_wconf 84' lang='lat' dir='ltr'><strong>phet,</strong></span> <span class='ocrx_word' id='word_1_391' title='bbox 401 3358 456 3401; x_wconf 89' lang='lat' dir='ltr'><strong>et</strong></span> <span class='ocrx_word' id='word_1_392' title='bbox 484 3347 710 3413; x_wconf 85' lang='lat' dir='ltr'><strong>hostem,</strong></span> <span class='ocrx_word' id='word_1_393' title='bbox 765 3360 925 3416; x_wconf 86' lang='lat' dir='ltr'><strong>quem</strong></span> <span class='ocrx_word' id='word_1_394' title='bbox 967 3341 1202 3399; x_wconf 81' lang='lat' dir='ltr'><strong>ferendo</strong></span> <span class='ocrx_word' id='word_1_395' title='bbox 1249 3342 1446 3397; x_wconf 88' lang='lat' dir='ltr'><strong>damna</strong></span> <span class='ocrx_word' id='word_1_396' title='bbox 1479 3349 1608 3396; x_wconf 86' lang='lat' dir='ltr'><strong>ante</strong></span> <span class='ocrx_word' id='word_1_397' title='bbox 1653 3352 1818 3407; x_wconf 89' lang='lat' dir='ltr'><strong>supe-</strong></span> 
     </span>
    </p>
   </div>
   <div class='ocr_carea' id='block_1_50' title="bbox 213 3431 1817 3506">
    <p class='ocr_par' dir='ltr' id='par_1_50' title="bbox 213 3431 1817 3506">
     <span class='ocr_line' id='line_1_51' title="bbox 213 3431 1817 3506; baseline -0.006 -12"><span class='ocrx_word' id='word_1_398' title='bbox 213 3447 463 3505; x_wconf 79' lang='lat' dir='ltr'><strong>raverat,</strong></span> <span class='ocrx_word' id='word_1_399' title='bbox 489 3453 674 3494; x_wconf 90' lang='lat' dir='ltr'><strong>rursus</strong></span> <span class='ocrx_word' id='word_1_400' title='bbox 701 3436 987 3492; x_wconf 86' lang='lat' dir='ltr'><strong>tolerando</strong></span> <span class='ocrx_word' id='word_1_401' title='bbox 1017 3433 1284 3506; x_wconf 89' lang='lat' dir='ltr'><strong>supplicia</strong></span> <span class='ocrx_word' id='word_1_402' title='bbox 1309 3433 1580 3489; x_wconf 90' lang='lat' dir='ltr'><strong>devincat.</strong></span> <span class='ocrx_word' id='word_1_403' title='bbox 1611 3431 1689 3486; x_wconf 88' lang='lat' dir='ltr'><strong>De</strong></span> <span class='ocrx_word' id='word_1_404' title='bbox 1707 3445 1817 3500; x_wconf 89' lang='lat' dir='ltr'><strong>quo</strong></span> 
     </span>
    </p>
   </div>
   <div class='ocr_carea' id='block_1_51' title="bbox 214 3523 1819 3604">
    <p class='ocr_par' dir='ltr' id='par_1_51' title="bbox 214 3523 1819 3604">
     <span class='ocr_line' id='line_1_52' title="bbox 214 3523 1819 3604; baseline -0.007 -16"><span class='ocrx_word' id='word_1_405' title='bbox 214 3534 325 3589; x_wconf 89' lang='lat' dir='ltr'><strong>tale</strong></span> <span class='ocrx_word' id='word_1_406' title='bbox 359 3534 530 3604; x_wconf 63' lang='lat' dir='ltr'><strong>ipsius</strong></span> <span class='ocrx_word' id='word_1_407' title='bbox 561 3530 777 3587; x_wconf 89' lang='lat' dir='ltr'><strong>Domini</strong></span> <span class='ocrx_word' id='word_1_408' title='bbox 806 3531 1181 3586; x_wconf 86' lang='lat' dir='ltr'><strong>testimonium</strong></span> <span class='ocrx_word' id='word_1_409' title='bbox 1220 3536 1303 3584; x_wconf 89' lang='lat' dir='ltr'><strong>est</strong></span> <span class='ocrx_word' id='word_1_410' title='bbox 1334 3543 1349 3584; x_wconf 88' lang='lat'><strong>:</strong></span> <span class='ocrx_word' id='word_1_411' title='bbox 1385 3523 1654 3595; x_wconf 83' lang='lat' dir='ltr'><strong>Numquid</strong></span> <span class='ocrx_word' id='word_1_412' title='bbox 1694 3538 1819 3577; x_wconf 83' lang='lat' dir='ltr'><strong>eon-</strong></span> 
     </span>
    </p>
   </div>
   <div class='ocr_carea' id='block_1_52' title="bbox 212 3615 1820 3697">
    <p class='ocr_par' dir='ltr' id='par_1_52' title="bbox 212 3615 1820 3697">
     <span class='ocr_line' id='line_1_53' title="bbox 212 3615 1820 3697; baseline -0.007 -17"><span class='ocrx_word' id='word_1_413' title='bbox 212 3626 461 3680; x_wconf 74' lang='lat' dir='ltr'><strong>siderasti</strong></span> <span class='ocrx_word' id='word_1_414' title='bbox 481 3642 698 3697; x_wconf 86' lang='lat' dir='ltr'><strong>puerum</strong></span> <span class='ocrx_word' id='word_1_415' title='bbox 735 3639 902 3678; x_wconf 89' lang='lat' dir='ltr'><strong>meum</strong></span> <span class='ocrx_word' id='word_1_416' title='bbox 930 3621 1030 3677; x_wconf 87' lang='lat' dir='ltr'><strong>Job</strong></span> <span class='ocrx_word' id='word_1_417' title='bbox 1052 3623 1078 3677; x_wconf 85' lang='lat'><strong><em>?</em></strong></span> <span class='ocrx_word' id='word_1_418' title='bbox 1107 3619 1232 3675; x_wconf 74' lang='lat' dir='ltr'><strong>Non</strong></span> <span class='ocrx_word' id='word_1_419' title='bbox 1266 3629 1338 3675; x_wconf 84' lang='lat' dir='ltr'><strong>est</strong></span> <span class='ocrx_word' id='word_1_420' title='bbox 1375 3619 1511 3673; x_wconf 86' lang='lat' dir='ltr'><strong>enim</strong></span> <span class='ocrx_word' id='word_1_421' title='bbox 1552 3615 1738 3671; x_wconf 83' lang='lat' dir='ltr'><strong>similis</strong></span> <span class='ocrx_word' id='word_1_422' title='bbox 1771 3616 1820 3670; x_wconf 86' lang='lat' dir='ltr'><strong>ei</strong></span> 
     </span>
    </p>
   </div>
   <div class='ocr_carea' id='block_1_53' title="bbox 213 3709 1816 3790">
    <p class='ocr_par' dir='ltr' id='par_1_53' title="bbox 213 3709 1816 3790">
     <span class='ocr_line' id='line_1_54' title="bbox 213 3709 1816 3790; baseline -0.007 -17"><span class='ocrx_word' id='word_1_423' title='bbox 213 3721 493 3790; x_wconf 76' lang='lat' dir='ltr'><strong>quisquam</strong></span> <span class='ocrx_word' id='word_1_424' title='bbox 513 3720 566 3772; x_wconf 88' lang='lat' dir='ltr'><strong>in</strong></span> <span class='ocrx_word' id='word_1_425' title='bbox 591 3718 773 3773; x_wconf 85' lang='lat' dir='ltr'><strong>terris:</strong></span> <span class='ocrx_word' id='word_1_426' title='bbox 796 3717 948 3771; x_wconf 84' lang='lat' dir='ltr'><strong>homo</strong></span> <span class='ocrx_word' id='word_1_427' title='bbox 966 3717 1076 3772; x_wconf 86' lang='lat' dir='ltr'><strong>sine</strong></span> <span class='ocrx_word' id='word_1_428' title='bbox 1090 3714 1320 3786; x_wconf 82' lang='lat' dir='ltr'><strong>querela,</strong></span> <span class='ocrx_word' id='word_1_429' title='bbox 1343 3729 1485 3768; x_wconf 84' lang='lat' dir='ltr'><strong>verus</strong></span> <span class='ocrx_word' id='word_1_430' title='bbox 1509 3711 1606 3766; x_wconf 85' lang='lat' dir='ltr'><strong>Dei</strong></span> <span class='ocrx_word' id='word_1_431' title='bbox 1627 3709 1816 3773; x_wconf 88' lang='lat' dir='ltr'><strong>cultor,</strong></span> 
     </span>
    </p>
   </div>
   <div class='ocr_carea' id='block_1_54' title="bbox 215 3801 1814 3880">
    <p class='ocr_par' dir='ltr' id='par_1_54' title="bbox 215 3801 1814 3880">
     <span class='ocr_line' id='line_1_55' title="bbox 215 3801 1814 3880; baseline -0.009 -14"><span class='ocrx_word' id='word_1_432' title='bbox 215 3812 484 3866; x_wconf 79' lang='lat' dir='ltr'><strong>abstinens</strong></span> <span class='ocrx_word' id='word_1_433' title='bbox 526 3827 581 3864; x_wconf 89' lang='lat' dir='ltr'><strong>se</strong></span> <span class='ocrx_word' id='word_1_434' title='bbox 622 3810 687 3864; x_wconf 92' lang='lat' dir='ltr'><strong>ab</strong></span> <span class='ocrx_word' id='word_1_435' title='bbox 728 3809 868 3863; x_wconf 88' lang='lat' dir='ltr'><strong>omni</strong></span> <span class='ocrx_word' id='word_1_436' title='bbox 917 3811 1054 3861; x_wconf 88' lang='lat' dir='ltr'><strong>mata</strong></span> <span class='ocrx_word' id='word_1_437' title='bbox 1083 3801 1315 3880; x_wconf 89' lang='lat' dir='ltr'><strong>(Ibid.).</strong></span> <span class='ocrx_word' id='word_1_438' title='bbox 1359 3802 1473 3858; x_wconf 85' lang='lat' dir='ltr'><strong>Nec</strong></span> <span class='ocrx_word' id='word_1_439' title='bbox 1519 3802 1814 3858; x_wconf 88' lang='lat' dir='ltr'><strong>immerito.</strong></span> 
     </span>
    </p>
   </div>
   <div class='ocr_carea' id='block_1_55' title="bbox 214 3903 1822 3975">
    <p class='ocr_par' dir='ltr' id='par_1_55' title="bbox 214 3903 1822 3975">
     <span class='ocr_line' id='line_1_56' title="bbox 214 3903 1822 3975; baseline -0.006 -13"><span class='ocrx_word' id='word_1_440' title='bbox 214 3906 455 3975; x_wconf 85' lang='lat' dir='ltr'><strong>Semper</strong></span> <span class='ocrx_word' id='word_1_441' title='bbox 483 3903 652 3970; x_wconf 90' lang='lat' dir='ltr'><strong>enim,</strong></span> <span class='ocrx_word' id='word_1_442' title='bbox 680 3912 738 3957; x_wconf 89' lang='lat' dir='ltr'><strong>ut</strong></span> <span class='ocrx_word' id='word_1_443' title='bbox 768 3904 884 3974; x_wconf 88' lang='lat' dir='ltr'><strong>ipse</strong></span> <span class='ocrx_word' id='word_1_444' title='bbox 913 3905 1010 3968; x_wconf 87' lang='lat' dir='ltr'><strong>ait,</strong></span> <span class='ocrx_word' id='word_1_445' title='bbox 1042 3912 1314 3972; x_wconf 86' lang='lat' dir='ltr'><strong>tamquam</strong></span> <span class='ocrx_word' id='word_1_446' title='bbox 1349 3908 1623 3955; x_wconf 89' lang='lat' dir='ltr'><strong>tumentes</strong></span> <span class='ocrx_word' id='word_1_447' title='bbox 1657 3913 1822 3969; x_wconf 87' lang='lat' dir='ltr'><strong>super</strong></span> 
     </span>
    </p>
   </div>
   <div class='ocr_carea' id='block_1_56' title="bbox 215 3977 1822 4064">
    <p class='ocr_par' dir='ltr' id='par_1_56' title="bbox 215 3977 1822 4064">
     <span class='ocr_line' id='line_1_57' title="bbox 215 3977 1822 4064; baseline -0.004 -12"><span class='ocrx_word' id='word_1_448' title='bbox 215 4012 277 4052; x_wconf 86' lang='lat' dir='ltr'><strong>sc</strong></span> <span class='ocrx_word' id='word_1_449' title='bbox 318 3995 562 4064; x_wconf 84' lang='lat' dir='ltr'><strong>ﬂuctus,</strong></span> <span class='ocrx_word' id='word_1_450' title='bbox 611 3995 836 4049; x_wconf 88' lang='lat' dir='ltr'><strong>timebat</strong></span> <span class='ocrx_word' id='word_1_451' title='bbox 884 3992 1208 4059; x_wconf 89' lang='lat' dir='ltr'><strong>Dominum,</strong></span> <span class='ocrx_word' id='word_1_452' title='bbox 1255 4001 1312 4047; x_wconf 89' lang='lat' dir='ltr'><strong>et</strong></span> <span class='ocrx_word' id='word_1_453' title='bbox 1361 3977 1669 4062; x_wconf 70' lang='lat' dir='ltr'><strong>prtrsentiaa</strong></span> <span class='ocrx_word' id='word_1_454' title='bbox 1704 3988 1822 4059; x_wconf 90' lang='lat' dir='ltr'><strong>ejus</strong></span> 
     </span>
    </p>
   </div>
   <div class='ocr_carea' id='block_1_57' title="bbox 216 4083 1824 4161">
    <p class='ocr_par' dir='ltr' id='par_1_57' title="bbox 216 4083 1824 4161">
     <span class='ocr_line' id='line_1_58' title="bbox 216 4083 1824 4161; baseline -0.007 -15"><span class='ocrx_word' id='word_1_455' title='bbox 216 4090 441 4161; x_wconf 88' lang='lat' dir='ltr'><strong>pondus</strong></span> <span class='ocrx_word' id='word_1_456' title='bbox 482 4088 628 4143; x_wconf 87' lang='lat' dir='ltr'><strong>ferre</strong></span> <span class='ocrx_word' id='word_1_457' title='bbox 669 4102 777 4143; x_wconf 90' lang='lat' dir='ltr'><strong>non</strong></span> <span class='ocrx_word' id='word_1_458' title='bbox 829 4095 1085 4158; x_wconf 90' lang='lat' dir='ltr'><strong>poterat:</strong></span> <span class='ocrx_word' id='word_1_459' title='bbox 1119 4101 1221 4142; x_wconf 92' lang='lat' dir='ltr'><strong>nec</strong></span> <span class='ocrx_word' id='word_1_460' title='bbox 1251 4085 1488 4141; x_wconf 87' lang='lat' dir='ltr'><strong>audebat</strong></span> <span class='ocrx_word' id='word_1_461' title='bbox 1527 4083 1824 4155; x_wconf 88' lang='lat' dir='ltr'><strong>aliquando</strong></span> 
     </span>
    </p>
   </div>
   <div class='ocr_carea' id='block_1_58' title="bbox 215 4174 1824 4250">
    <p class='ocr_par' dir='ltr' id='par_1_58' title="bbox 215 4174 1824 4250">
     <span class='ocr_line' id='line_1_59' title="bbox 215 4174 1824 4250; baseline -0.006 -10"><span class='ocrx_word' id='word_1_462' title='bbox 215 4195 642 4250; x_wconf 87' lang='lat' dir='ltr'><strong>contetnnere,_</strong></span> <span class='ocrx_word' id='word_1_463' title='bbox 666 4195 826 4250; x_wconf 89' lang='lat' dir='ltr'><strong>quem</strong></span> <span class='ocrx_word' id='word_1_464' title='bbox 853 4194 1072 4250; x_wconf 90' lang='lat' dir='ltr'><strong>semper</strong></span> <span class='ocrx_word' id='word_1_465' title='bbox 1101 4178 1300 4233; x_wconf 86' lang='lat' dir='ltr'><strong>adesse</strong></span> <span class='ocrx_word' id='word_1_466' title='bbox 1329 4176 1585 4233; x_wconf 87' lang='lat' dir='ltr'><strong>credebat</strong></span> <span class='ocrx_word' id='word_1_467' title='bbox 1611 4191 1627 4241; x_wconf 86' lang='lat'><strong>;</strong></span> <span class='ocrx_word' id='word_1_468' title='bbox 1672 4174 1824 4230; x_wconf 91' lang='lat' dir='ltr'><strong>dice-</strong></span> 
     </span>
    </p>
   </div>
   <div class='ocr_carea' id='block_1_59' title="bbox 217 4267 1827 4348">
    <p class='ocr_par' dir='ltr' id='par_1_59' title="bbox 217 4267 1827 4348">
     <span class='ocr_line' id='line_1_60' title="bbox 217 4267 1827 4348; baseline -0.009 -16"><span class='ocrx_word' id='word_1_469' title='bbox 217 4276 429 4348; x_wconf 82' lang='lat' dir='ltr'><strong>batque</strong></span> <span class='ocrx_word' id='word_1_470' title='bbox 462 4292 476 4327; x_wconf 85' lang='grc'>;</span> <span class='ocrx_word' id='word_1_471' title='bbox 510 4273 742 4329; x_wconf 83' lang='lat' dir='ltr'><strong>Securus</strong></span> <span class='ocrx_word' id='word_1_472' title='bbox 762 4287 906 4342; x_wconf 84' lang='lat' dir='ltr'><strong>sum,</strong></span> <span class='ocrx_word' id='word_1_473' title='bbox 939 4287 1040 4344; x_wconf 70' lang='lat' dir='ltr'><strong>non</strong></span> <span class='ocrx_word' id='word_1_474' title='bbox 1081 4271 1218 4324; x_wconf 87' lang='lat' dir='ltr'><strong>enim</strong></span> <span class='ocrx_word' id='word_1_475' title='bbox 1255 4267 1588 4340; x_wconf 80' lang='lat' dir='ltr'><strong>reprehendit</strong></span> <span class='ocrx_word' id='word_1_476' title='bbox 1617 4282 1698 4321; x_wconf 88' lang='lat' dir='ltr'><strong>me</strong></span> <span class='ocrx_word' id='word_1_477' title='bbox 1739 4281 1827 4319; x_wconf 89' lang='lat' dir='ltr'><strong>cor</strong></span> 
     </span>
    </p>
   </div>
   <div class='ocr_carea' id='block_1_60' title="bbox 218 4356 1827 4431">
    <p class='ocr_par' dir='ltr' id='par_1_60' title="bbox 218 4356 1827 4431">
     <span class='ocr_line' id='line_1_61' title="bbox 218 4356 1827 4431; baseline -0.006 -11"><span class='ocrx_word' id='word_1_478' title='bbox 218 4382 396 4421; x_wconf 78' lang='lat' dir='ltr'><strong>uicum</strong></span> <span class='ocrx_word' id='word_1_479' title='bbox 447 4365 503 4418; x_wconf 89' lang='lat' dir='ltr'><strong>in</strong></span> <span class='ocrx_word' id='word_1_480' title='bbox 545 4362 686 4417; x_wconf 82' lang='lat' dir='ltr'><strong>omni</strong></span> <span class='ocrx_word' id='word_1_481' title='bbox 715 4362 819 4415; x_wconf 83' lang='lat' dir='ltr'><strong>vita</strong></span> <span class='ocrx_word' id='word_1_482' title='bbox 846 4377 958 4416; x_wconf 89' lang='lat' dir='ltr'><strong>mea</strong></span> <span class='ocrx_word' id='word_1_483' title='bbox 984 4357 1160 4431; x_wconf 76' lang='lat' dir='ltr'><strong>(Ibit.</strong></span> <span class='ocrx_word' id='word_1_484' title='bbox 1186 4357 1229 4430; x_wconf 92' lang='lat'><strong>).</strong></span> <span class='ocrx_word' id='word_1_485' title='bbox 1263 4358 1365 4428; x_wconf 85' lang='lat' dir='ltr'><strong>Qui</strong></span> <span class='ocrx_word' id='word_1_486' title='bbox 1400 4366 1690 4426; x_wconf 83' lang='lat' dir='ltr'><strong>attlequam</strong></span> <span class='ocrx_word' id='word_1_487' title='bbox 1723 4356 1827 4410; x_wconf 84' lang='lat' dir='ltr'><strong>Do-</strong></span> 
     </span>
    </p>
   </div>
   <div class='ocr_carea' id='block_1_61' title="bbox 218 4435 1828 4522">
    <p class='ocr_par' dir='ltr' id='par_1_61' title="bbox 218 4435 1828 4522">
     <span class='ocr_line' id='line_1_62' title="bbox 218 4435 1828 4522; baseline -0.011 -8"><span class='ocrx_word' id='word_1_488' title='bbox 218 4458 407 4514; x_wconf 88' lang='lat' dir='ltr'><strong>minus</strong></span> <span class='ocrx_word' id='word_1_489' title='bbox 439 4435 696 4508; x_wconf 85' lang='lat' dir='ltr'><strong>inimicos</strong></span> <span class='ocrx_word' id='word_1_490' title='bbox 742 4451 1062 4522; x_wconf 67' lang='lat' dir='ltr'><strong>praeciperet</strong></span> <span class='ocrx_word' id='word_1_491' title='bbox 1103 4463 1224 4503; x_wconf 89' lang='lat' dir='ltr'><strong>esse</strong></span> <span class='ocrx_word' id='word_1_492' title='bbox 1266 4445 1573 4517; x_wconf 88' lang='lat' dir='ltr'><strong>diligendos</strong></span> <span class='ocrx_word' id='word_1_493' title='bbox 1598 4486 1612 4512; x_wconf 89' lang='lat'><strong>,</strong></span> <span class='ocrx_word' id='word_1_494' title='bbox 1644 4443 1828 4498; x_wconf 92' lang='lat' dir='ltr'><strong>dicere</strong></span> 
     </span>
    </p>
   </div>
   <div class='ocr_carea' id='block_1_62' title="bbox 221 4496 1909 4619">
    <p class='ocr_par' dir='ltr' id='par_1_62' title="bbox 221 4496 1909 4619">
     <span class='ocr_line' id='line_1_63' title="bbox 221 4496 1816 4522; baseline -0.009 -9"><span class='ocrx_word' id='word_1_495' title='bbox 221 4496 407 4514; x_wconf 70' lang='grc' dir='ltr'><strong>...ιη-..ι</strong></span> <span class='ocrx_word' id='word_1_496' title='bbox 441 4496 695 4508; x_wconf 63' lang='grc' dir='ltr'><strong>...ηπ-υν-</strong></span> <span class='ocrx_word' id='word_1_497' title='bbox 742 4496 1062 4522; x_wconf 52' lang='grc' dir='ltr'><strong>,νη-,ντ-η-</strong></span> <span class='ocrx_word' id='word_1_498' title='bbox 1106 4496 1222 4503; x_wconf 64' lang='grc' dir='ltr'><strong>--η</strong></span> <span class='ocrx_word' id='word_1_499' title='bbox 1270 4496 1567 4517; x_wconf 51' lang='grc' dir='ltr'><strong>,---,,---η-</strong></span> <span class='ocrx_word' id='word_1_500' title='bbox 1598 4496 1612 4512; x_wconf 85' lang='grc'><strong><em>,</em></strong></span> <span class='ocrx_word' id='word_1_501' title='bbox 1653 4496 1756 4498; x_wconf 46' lang='lat'><strong>_--_</strong></span> <span class='ocrx_word' id='word_1_502' title='bbox 1811 4496 1816 4497; x_wconf 27' lang='grc' dir='ltr'><em>γ</em></span> 
     </span>
     <span class='ocr_line' id='line_1_64' title="bbox 221 4496 1909 4619; baseline -0.012 -16"><span class='ocrx_word' id='word_1_503' title='bbox 221 4553 450 4619; x_wconf 84' lang='lat' dir='ltr'><strong>poterat</strong></span> <span class='ocrx_word' id='word_1_504' title='bbox 491 4560 503 4598; x_wconf 93' lang='lat'><strong>:</strong></span> <span class='ocrx_word' id='word_1_505' title='bbox 543 4541 604 4598; x_wconf 85' lang='lat' dir='ltr'><strong>Si</strong></span> <span class='ocrx_word' id='word_1_506' title='bbox 646 4542 698 4594; x_wconf 85' lang='lat' dir='ltr'><strong>in</strong></span> <span class='ocrx_word' id='word_1_507' title='bbox 749 4541 901 4595; x_wconf 89' lang='lat' dir='ltr'><strong>malis</strong></span> <span class='ocrx_word' id='word_1_508' title='bbox 949 4537 1145 4592; x_wconf 87' lang='lat' dir='ltr'><strong>inimici</strong></span> <span class='ocrx_word' id='word_1_509' title='bbox 1187 4537 1285 4592; x_wconf 83' lang='lat' dir='ltr'><strong>mei</strong></span> <span class='ocrx_word' id='word_1_510' title='bbox 1327 4535 1534 4616; x_wconf 80' lang='lat' dir='ltr'><strong>gavisus</strong></span> <span class='ocrx_word' id='word_1_511' title='bbox 1580 4547 1743 4587; x_wconf 86' lang='lat' dir='ltr'><strong>sum:</strong></span> <span class='ocrx_word' id='word_1_512' title='bbox 1786 4531 1829 4585; x_wconf 87' lang='lat' dir='ltr'><strong>si</strong></span> <span class='ocrx_word' id='word_1_513' title='bbox 1855 4496 1909 4573; x_wconf 63' lang='grc' dir='ltr'><strong>ἶ)</strong></span> 
     </span>
    </p>
   </div>
   <div class='ocr_carea' id='block_1_63' title="bbox 221 4618 1828 4700">
    <p class='ocr_par' dir='ltr' id='par_1_63' title="bbox 221 4618 1828 4700">
     <span class='ocr_line' id='line_1_65' title="bbox 221 4618 1828 4700; baseline -0.01 -7"><span class='ocrx_word' id='word_1_514' title='bbox 221 4618 343 4693; x_wconf 76' lang='lat' dir='ltr'><strong>dixi</strong></span> <span class='ocrx_word' id='word_1_515' title='bbox 385 4636 446 4689; x_wconf 85' lang='lat' dir='ltr'><strong>in</strong></span> <span class='ocrx_word' id='word_1_516' title='bbox 485 4632 639 4687; x_wconf 85' lang='lat' dir='ltr'><strong>corde</strong></span> <span class='ocrx_word' id='word_1_517' title='bbox 667 4646 797 4700; x_wconf 88' lang='lat' dir='ltr'><strong>meo,</strong></span> <span class='ocrx_word' id='word_1_518' title='bbox 831 4628 968 4684; x_wconf 86' lang='lat' dir='ltr'><strong>Bene</strong></span> <span class='ocrx_word' id='word_1_519' title='bbox 1011 4629 1204 4700; x_wconf 78' lang='lat' dir='ltr'><strong>factum</strong></span> <span class='ocrx_word' id='word_1_520' title='bbox 1231 4637 1306 4681; x_wconf 90' lang='lat' dir='ltr'><strong>est</strong></span> <span class='ocrx_word' id='word_1_521' title='bbox 1335 4623 1470 4697; x_wconf 88' lang='lat' dir='ltr'><strong>(Job</strong></span> <span class='ocrx_word' id='word_1_522' title='bbox 1500 4638 1653 4687; x_wconf 70' lang='lat' dir='ltr'><strong>XXXI,</strong></span> <span class='ocrx_word' id='word_1_523' title='bbox 1701 4618 1828 4692; x_wconf 72' lang='grc'><strong>⁸52).</strong></span> 
     </span>
    </p>
   </div>
   <div class='ocr_carea' id='block_1_64' title="bbox 222 4713 1884 4791">
    <p class='ocr_par' dir='ltr' id='par_1_64' title="bbox 222 4713 1884 4791">
     <span class='ocr_line' id='line_1_66' title="bbox 222 4713 1884 4791; baseline -0.014 -8"><span class='ocrx_word' id='word_1_524' title='bbox 222 4715 480 4782; x_wconf 75' lang='lat' dir='ltr'><strong>Necdum</strong></span> <span class='ocrx_word' id='word_1_525' title='bbox 520 4719 907 4791; x_wconf 84' lang='lat' dir='ltr'><strong>Evangelicutn</strong></span> <span class='ocrx_word' id='word_1_526' title='bbox 944 4719 1073 4773; x_wconf 91' lang='lat' dir='ltr'><strong>illud</strong></span> <span class='ocrx_word' id='word_1_527' title='bbox 1103 4727 1366 4772; x_wconf 86' lang='lat' dir='ltr'><strong>sonuerat</strong></span> <span class='ocrx_word' id='word_1_528' title='bbox 1408 4733 1419 4768; x_wconf 93' lang='lat'>:</span> <span class='ocrx_word' id='word_1_529' title='bbox 1453 4713 1611 4769; x_wconf 87' lang='lat' dir='ltr'><strong>Omni</strong></span> <span class='ocrx_word' id='word_1_530' title='bbox 1648 4714 1836 4783; x_wconf 85' lang='lat' dir='ltr'><strong>petenti</strong></span> <span class='ocrx_word' id='word_1_531' title='bbox 1875 4749 1884 4760; x_wconf 96' lang='lat'><strong>.</strong></span> 
     </span>
    </p>
   </div>
   <div class='ocr_carea' id='block_1_65' title="bbox 225 4804 1836 4883">
    <p class='ocr_par' dir='ltr' id='par_1_65' title="bbox 225 4804 1836 4883">
     <span class='ocr_line' id='line_1_67' title="bbox 225 4804 1836 4883; baseline -0.009 -13"><span class='ocrx_word' id='word_1_532' title='bbox 225 4826 272 4871; x_wconf 88' lang='lat' dir='ltr'><strong>te</strong></span> <span class='ocrx_word' id='word_1_533' title='bbox 298 4814 481 4870; x_wconf 78' lang='lat' dir='ltr'><strong>tribue</strong></span> <span class='ocrx_word' id='word_1_534' title='bbox 509 4808 671 4882; x_wconf 85' lang='lat' dir='ltr'><strong>(Luc.</strong></span> <span class='ocrx_word' id='word_1_535' title='bbox 699 4813 776 4880; x_wconf 77' lang='lat' dir='ltr'><strong>&#39;vt,</strong></span> <span class='ocrx_word' id='word_1_536' title='bbox 800 4809 923 4880; x_wconf 82' lang='lat'><strong>&#39;50),</strong></span> <span class='ocrx_word' id='word_1_537' title='bbox 953 4818 1007 4865; x_wconf 86' lang='lat' dir='ltr'><strong>et</strong></span> <span class='ocrx_word' id='word_1_538' title='bbox 1030 4807 1143 4878; x_wconf 85' lang='lat' dir='ltr'><strong>jam</strong></span> <span class='ocrx_word' id='word_1_539' title='bbox 1174 4808 1268 4862; x_wconf 88' lang='lat' dir='ltr'><strong>ille</strong></span> <span class='ocrx_word' id='word_1_540' title='bbox 1311 4805 1528 4863; x_wconf 80' lang='lat' dir='ltr'><strong>dicebat</strong></span> <span class='ocrx_word' id='word_1_541' title='bbox 1556 4821 1570 4858; x_wconf 89' lang='lat'><strong>:</strong></span> <span class='ocrx_word' id='word_1_542' title='bbox 1606 4804 1836 4883; x_wconf 54' lang='lat' dir='ltr'><strong>erait-3</strong></span> 
     </span>
    </p>
   </div>
   <div class='ocr_carea' id='block_1_66' title="bbox 226 4894 1835 4978">
    <p class='ocr_par' dir='ltr' id='par_1_66' title="bbox 226 4894 1835 4978">
     <span class='ocr_line' id='line_1_68' title="bbox 226 4894 1835 4978; baseline -0.011 -15"><span class='ocrx_word' id='word_1_543' title='bbox 226 4923 416 4978; x_wconf 85' lang='lat' dir='ltr'><strong>passus</strong></span> <span class='ocrx_word' id='word_1_544' title='bbox 443 4919 563 4959; x_wconf 82' lang='lat' dir='ltr'><strong>sum</strong></span> <span class='ocrx_word' id='word_1_545' title='bbox 592 4903 800 4972; x_wconf 84' lang='lat' dir='ltr'><strong>inopem</strong></span> <span class='ocrx_word' id='word_1_546' title='bbox 830 4903 1054 4974; x_wconf 88' lang='lat' dir='ltr'><strong>januam</strong></span> <span class='ocrx_word' id='word_1_547' title='bbox 1089 4912 1257 4951; x_wconf 89' lang='lat' dir='ltr'><strong>meam</strong></span> <span class='ocrx_word' id='word_1_548' title='bbox 1291 4898 1408 4951; x_wconf 87' lang='lat' dir='ltr'><strong>sinu</strong></span> <span class='ocrx_word' id='word_1_549' title='bbox 1457 4910 1620 4949; x_wconf 80' lang='lat' dir='ltr'><strong>vacuo</strong></span> <span class='ocrx_word' id='word_1_550' title='bbox 1666 4894 1835 4967; x_wconf 72' lang='lat' dir='ltr'><strong>(Aug.</strong></span> 
     </span>
    </p>
   </div>
   <div class='ocr_carea' id='block_1_67' title="bbox 226 4981 1838 5064">
    <p class='ocr_par' dir='ltr' id='par_1_67' title="bbox 226 4981 1838 5064">
     <span class='ocr_line' id='line_1_69' title="bbox 226 4981 1838 5064; baseline -0.011 -11"><span class='ocrx_word' id='word_1_551' title='bbox 226 4999 346 5054; x_wconf 85' lang='lat' dir='ltr'><strong>sine</strong></span> <span class='ocrx_word' id='word_1_552' title='bbox 377 4990 642 5064; x_wconf 84' lang='lat' dir='ltr'><strong>viatico].</strong></span> <span class='ocrx_word' id='word_1_553' title='bbox 677 4989 923 5048; x_wconf 84' lang='lat' dir='ltr'><strong>Nondum</strong></span> <span class='ocrx_word' id='word_1_554' title='bbox 950 4989 1156 5061; x_wconf 81' lang='lat' dir='ltr'><strong>legerat</strong></span> <span class='ocrx_word' id='word_1_555' title='bbox 1186 4987 1318 5042; x_wconf 89' lang='lat' dir='ltr'><strong>illud</strong></span> <span class='ocrx_word' id='word_1_556' title='bbox 1349 4984 1597 5058; x_wconf 81' lang='lat' dir='ltr'><strong>Apostoli</strong></span> <span class='ocrx_word' id='word_1_557' title='bbox 1619 5000 1632 5036; x_wconf 92' lang='lat'><strong>:</strong></span> <span class='ocrx_word' id='word_1_558' title='bbox 1657 4981 1838 5037; x_wconf 83' lang='lat' dir='ltr'><strong>Domi-</strong></span> 
     </span>
    </p>
   </div>
   <div class='ocr_carea' id='block_1_68' title="bbox 227 5076 1840 5158">
    <p class='ocr_par' dir='ltr' id='par_1_68' title="bbox 227 5076 1840 5158">
     <span class='ocr_line' id='line_1_70' title="bbox 227 5076 1840 5158; baseline -0.011 -15"><span class='ocrx_word' id='word_1_559' title='bbox 227 5089 310 5155; x_wconf 86' lang='lat' dir='ltr'><strong>ni,</strong></span> <span class='ocrx_word' id='word_1_560' title='bbox 382 5083 534 5157; x_wconf 80' lang='lat' dir='ltr'><strong>quod</strong></span> <span class='ocrx_word' id='word_1_561' title='bbox 591 5087 795 5158; x_wconf 86' lang='lat' dir='ltr'><strong>justum</strong></span> <span class='ocrx_word' id='word_1_562' title='bbox 852 5088 926 5134; x_wconf 88' lang='lat' dir='ltr'><strong>est</strong></span> <span class='ocrx_word' id='word_1_563' title='bbox 982 5089 1030 5136; x_wconf 88' lang='lat' dir='ltr'><strong>et</strong></span> <span class='ocrx_word' id='word_1_564' title='bbox 1090 5093 1330 5157; x_wconf 69' lang='lat' dir='ltr'><strong>(equum,</strong></span> <span class='ocrx_word' id='word_1_565' title='bbox 1386 5076 1542 5130; x_wconf 83' lang='lat' dir='ltr'><strong>servis</strong></span> <span class='ocrx_word' id='word_1_566' title='bbox 1596 5079 1840 5146; x_wconf 82' lang='lat' dir='ltr'><strong>prtcstate</strong></span> 
     </span>
    </p>
   </div>
   <div class='ocr_carea' id='block_1_69' title="bbox 232 5164 1844 5248">
    <p class='ocr_par' dir='ltr' id='par_1_69' title="bbox 232 5164 1844 5248">
     <span class='ocr_line' id='line_1_71' title="bbox 232 5164 1844 5248; baseline -0.012 -13"><span class='ocrx_word' id='word_1_567' title='bbox 232 5175 386 5248; x_wconf 87' lang='lat' dir='ltr'><strong>(Col.</strong></span> <span class='ocrx_word' id='word_1_568' title='bbox 424 5191 506 5242; x_wconf 83' lang='lat' dir='ltr'><strong>tv,</strong></span> <span class='ocrx_word' id='word_1_569' title='bbox 546 5172 608 5243; x_wconf 85' lang='lat' dir='ltr'><strong>l)</strong></span> <span class='ocrx_word' id='word_1_570' title='bbox 641 5189 655 5227; x_wconf 90' lang='lat'>:</span> <span class='ocrx_word' id='word_1_571' title='bbox 683 5179 738 5227; x_wconf 87' lang='lat' dir='ltr'><strong>et</strong></span> <span class='ocrx_word' id='word_1_572' title='bbox 761 5169 1042 5227; x_wconf 87' lang='lat' dir='ltr'><strong>conlidens</strong></span> <span class='ocrx_word' id='word_1_573' title='bbox 1081 5165 1353 5224; x_wconf 88' lang='lat' dir='ltr'><strong>clamabat</strong></span> <span class='ocrx_word' id='word_1_574' title='bbox 1382 5165 1449 5220; x_wconf 89' lang='lat' dir='ltr'><strong>ad</strong></span> <span class='ocrx_word' id='word_1_575' title='bbox 1489 5164 1783 5220; x_wconf 88' lang='lat' dir='ltr'><strong>Dominum</strong></span> <span class='ocrx_word' id='word_1_576' title='bbox 1820 5180 1844 5242; x_wconf 52' lang='grc' dir='ltr'>ε</span> 
     </span>
    </p>
   </div>
   <div class='ocr_carea' id='block_1_70' title="bbox 237 5249 1844 5329">
    <p class='ocr_par' dir='ltr' id='par_1_70' title="bbox 237 5249 1844 5329">
     <span class='ocr_line' id='line_1_72' title="bbox 237 5249 1844 5329; baseline -0.011 -5"><span class='ocrx_word' id='word_1_577' title='bbox 237 5267 297 5324; x_wconf 90' lang='lat' dir='ltr'><strong>Si</strong></span> <span class='ocrx_word' id='word_1_578' title='bbox 333 5279 491 5322; x_wconf 85' lang='lat' dir='ltr'><strong>servo</strong></span> <span class='ocrx_word' id='word_1_579' title='bbox 520 5261 695 5329; x_wconf 82' lang='lat' dir='ltr'><strong>nocui,</strong></span> <span class='ocrx_word' id='word_1_580' title='bbox 740 5260 784 5314; x_wconf 89' lang='lat' dir='ltr'><strong>si</strong></span> <span class='ocrx_word' id='word_1_581' title='bbox 814 5258 1060 5313; x_wconf 80' lang='lat' dir='ltr'><strong>ancillam</strong></span> <span class='ocrx_word' id='word_1_582' title='bbox 1089 5257 1222 5324; x_wconf 75' lang='lat' dir='ltr'><strong>fresi,</strong></span> <span class='ocrx_word' id='word_1_583' title='bbox 1254 5255 1429 5311; x_wconf 84' lang='lat' dir='ltr'><strong>omnia</strong></span> <span class='ocrx_word' id='word_1_584' title='bbox 1461 5263 1513 5307; x_wconf 86' lang='lat' dir='ltr'><strong>tn</strong></span> <span class='ocrx_word' id='word_1_585' title='bbox 1559 5255 1680 5322; x_wconf 88' lang='lat' dir='ltr'><strong>scis,</strong></span> <span class='ocrx_word' id='word_1_586' title='bbox 1735 5249 1844 5306; x_wconf 82' lang='lat' dir='ltr'><strong>Do-</strong></span> 
     </span>
    </p>
   </div>
   <div class='ocr_carea' id='block_1_71' title="bbox 238 5343 1844 5423">
    <p class='ocr_par' dir='ltr' id='par_1_71' title="bbox 238 5343 1844 5423">
     <span class='ocr_line' id='line_1_73' title="bbox 238 5343 1844 5423; baseline -0.01 -9"><span class='ocrx_word' id='word_1_587' title='bbox 238 5361 400 5414; x_wconf 87' lang='lat' dir='ltr'><strong>mine.</strong></span> <span class='ocrx_word' id='word_1_588' title='bbox 435 5354 764 5423; x_wconf 87' lang='lat' dir='ltr'><strong>Priusquam</strong></span> <span class='ocrx_word' id='word_1_589' title='bbox 817 5349 960 5405; x_wconf 91' lang='lat' dir='ltr'><strong>idem</strong></span> <span class='ocrx_word' id='word_1_590' title='bbox 987 5347 1285 5418; x_wconf 82' lang='lat' dir='ltr'><strong>Apostolus</strong></span> <span class='ocrx_word' id='word_1_591' title='bbox 1313 5343 1631 5415; x_wconf 69' lang='lat' dir='ltr'><strong>praeciperet</strong></span> <span class='ocrx_word' id='word_1_592' title='bbox 1659 5343 1844 5398; x_wconf 88' lang='lat' dir='ltr'><strong>diviti-</strong></span> 
     </span>
    </p>
   </div>
   <div class='ocr_carea' id='block_1_72' title="bbox 241 5432 1845 5508">
    <p class='ocr_par' dir='ltr' id='par_1_72' title="bbox 241 5432 1845 5508">
     <span class='ocr_line' id='line_1_74' title="bbox 241 5432 1845 5508; baseline -0.012 -4"><span class='ocrx_word' id='word_1_593' title='bbox 241 5451 343 5504; x_wconf 85' lang='lat' dir='ltr'><strong>bus</strong></span> <span class='ocrx_word' id='word_1_594' title='bbox 373 5459 493 5503; x_wconf 85' lang='lat' dir='ltr'><strong>non</strong></span> <span class='ocrx_word' id='word_1_595' title='bbox 522 5442 758 5498; x_wconf 86' lang='lat' dir='ltr'><strong>sublime</strong></span> <span class='ocrx_word' id='word_1_596' title='bbox 787 5451 1002 5508; x_wconf 84' lang='lat' dir='ltr'><strong>sapere,</strong></span> <span class='ocrx_word' id='word_1_597' title='bbox 1029 5451 1194 5508; x_wconf 86' lang='lat' dir='ltr'><strong>neque</strong></span> <span class='ocrx_word' id='word_1_598' title='bbox 1221 5451 1434 5506; x_wconf 83' lang='lat' dir='ltr'><strong>sperare</strong></span> <span class='ocrx_word' id='word_1_599' title='bbox 1464 5434 1517 5488; x_wconf 85' lang='lat' dir='ltr'><strong>in</strong></span> <span class='ocrx_word' id='word_1_600' title='bbox 1546 5434 1740 5487; x_wconf 89' lang='lat' dir='ltr'><strong>incerto</strong></span> <span class='ocrx_word' id='word_1_601' title='bbox 1762 5432 1845 5486; x_wconf 83' lang='lat' dir='ltr'><strong>di-</strong></span> 
     </span>
    </p>
   </div>
   <div class='ocr_carea' id='block_1_73' title="bbox 242 5521 1849 5597">
    <p class='ocr_par' dir='ltr' id='par_1_73' title="bbox 242 5521 1849 5597">
     <span class='ocr_line' id='line_1_75' title="bbox 242 5521 1849 5597; baseline -0.011 -6"><span class='ocrx_word' id='word_1_602' title='bbox 242 5538 498 5591; x_wconf 84' lang='lat' dir='ltr'><strong>vitiarum</strong></span> <span class='ocrx_word' id='word_1_603' title='bbox 526 5531 584 5595; x_wconf 83' lang='lat' dir='ltr'><strong>ll</strong></span> <span class='ocrx_word' id='word_1_604' title='bbox 612 5529 750 5585; x_wconf 86' lang='lat' dir='ltr'><strong>Tim.</strong></span> <span class='ocrx_word' id='word_1_605' title='bbox 783 5542 862 5594; x_wconf 87' lang='lat' dir='ltr'><strong>vt,</strong></span> <span class='ocrx_word' id='word_1_606' title='bbox 896 5524 996 5597; x_wconf 79' lang='lat' dir='ltr'><strong>l7)</strong></span> <span class='ocrx_word' id='word_1_607' title='bbox 1027 5542 1041 5581; x_wconf 91' lang='lat'><strong>:</strong></span> <span class='ocrx_word' id='word_1_608' title='bbox 1072 5525 1152 5580; x_wconf 91' lang='lat' dir='ltr'><strong>sic</strong></span> <span class='ocrx_word' id='word_1_609' title='bbox 1202 5523 1392 5578; x_wconf 88' lang='lat' dir='ltr'><strong>habuit</strong></span> <span class='ocrx_word' id='word_1_610' title='bbox 1423 5521 1518 5578; x_wconf 88' lang='lat' dir='ltr'><strong>ille</strong></span> <span class='ocrx_word' id='word_1_611' title='bbox 1545 5521 1765 5577; x_wconf 87' lang='lat' dir='ltr'><strong>divitias</strong></span> <span class='ocrx_word' id='word_1_612' title='bbox 1793 5528 1849 5575; x_wconf 89' lang='lat' dir='ltr'><strong>ut</strong></span> 
     </span>
    </p>
   </div>
   <div class='ocr_carea' id='block_1_74' title="bbox 243 5617 1850 5687">
    <p class='ocr_par' dir='ltr' id='par_1_74' title="bbox 243 5617 1850 5687">
     <span class='ocr_line' id='line_1_76' title="bbox 243 5617 1850 5687; baseline -0.01 -1"><span class='ocrx_word' id='word_1_613' title='bbox 243 5646 301 5686; x_wconf 80' lang='lat' dir='ltr'><strong>se</strong></span> <span class='ocrx_word' id='word_1_614' title='bbox 323 5629 460 5684; x_wconf 89' lang='lat' dir='ltr'><strong>alibi</strong></span> <span class='ocrx_word' id='word_1_615' title='bbox 490 5626 717 5681; x_wconf 88' lang='lat' dir='ltr'><strong>divitem</strong></span> <span class='ocrx_word' id='word_1_616' title='bbox 749 5637 870 5678; x_wconf 89' lang='lat' dir='ltr'><strong>esse</strong></span> <span class='ocrx_word' id='word_1_617' title='bbox 899 5627 1252 5675; x_wconf 87' lang='lat' dir='ltr'><strong>monstraret.</strong></span> <span class='ocrx_word' id='word_1_618' title='bbox 1286 5617 1356 5672; x_wconf 87' lang='lat' dir='ltr'><strong>In</strong></span> <span class='ocrx_word' id='word_1_619' title='bbox 1391 5617 1611 5683; x_wconf 83' lang='lat' dir='ltr'><strong>divitiis,</strong></span> <span class='ocrx_word' id='word_1_620' title='bbox 1639 5617 1850 5687; x_wconf 88' lang='lat' dir='ltr'><strong>inquit,</strong></span> 
     </span>
    </p>
   </div>
   <div class='ocr_carea' id='block_1_75' title="bbox 246 5707 1841 5799">
    <p class='ocr_par' dir='ltr' id='par_1_75' title="bbox 246 5707 1841 5799">
     <span class='ocr_line' id='line_1_77' title="bbox 246 5707 1841 5799; baseline -0.009 -22"><span class='ocrx_word' id='word_1_621' title='bbox 246 5736 346 5777; x_wconf 85' lang='lat' dir='ltr'><strong>non</strong></span> <span class='ocrx_word' id='word_1_622' title='bbox 368 5715 722 5790; x_wconf 79' lang='lat' dir='ltr'><strong>conﬁdebam,</strong></span> <span class='ocrx_word' id='word_1_623' title='bbox 750 5730 841 5768; x_wconf 88' lang='lat' dir='ltr'><strong>nec</strong></span> <span class='ocrx_word' id='word_1_624' title='bbox 861 5713 914 5769; x_wconf 89' lang='lat' dir='ltr'><strong>in</strong></span> <span class='ocrx_word' id='word_1_625' title='bbox 940 5711 1114 5782; x_wconf 86' lang='lat' dir='ltr'><strong>lapide</strong></span> <span class='ocrx_word' id='word_1_626' title='bbox 1133 5711 1358 5782; x_wconf 81' lang='lat' dir='ltr'><strong>pretioso</strong></span> <span class='ocrx_word' id='word_1_627' title='bbox 1375 5707 1533 5782; x_wconf 85' lang='lat' dir='ltr'><strong>(Job.</strong></span> <span class='ocrx_word' id='word_1_628' title='bbox 1557 5724 1705 5781; x_wconf 74' lang='lat' dir='ltr'><strong>uxr,</strong></span> <span class='ocrx_word' id='word_1_629' title='bbox 1724 5708 1841 5799; x_wconf 52' lang='grc' dir='ltr'>βαι).</span> 
     </span>
    </p>
   </div>
   <div class='ocr_carea' id='block_1_76' title="bbox 1913 1760 2332 1817">
    <p class='ocr_par' dir='ltr' id='par_1_76' title="bbox 1913 1760 2332 1817">
     <span class='ocr_line' id='line_1_78' title="bbox 1913 1760 2332 1817; baseline 0.002 -1"><span class='ocrx_word' id='word_1_630' title='bbox 1913 1776 2014 1816; x_wconf 91' lang='lat' dir='ltr'><strong>nos</strong></span> <span class='ocrx_word' id='word_1_631' title='bbox 2036 1760 2332 1817; x_wconf 86' lang='lat' dir='ltr'><strong>credimus.</strong></span> 
     </span>
    </p>
   </div>
   <div class='ocr_carea' id='block_1_77' title="bbox 1982 1875 3506 1949">
    <p class='ocr_par' dir='ltr' id='par_1_77' title="bbox 1982 1875 3506 1949">
     <span class='ocr_line' id='line_1_79' title="bbox 1982 1875 3506 1949; baseline 0.006 -17"><span class='ocrx_word' id='word_1_632' title='bbox 1982 1875 2111 1932; x_wconf 71' lang='lat' dir='ltr'><strong>Car.</strong></span> <span class='ocrx_word' id='word_1_633' title='bbox 2136 1876 2249 1932; x_wconf 78' lang='lat' dir='ltr'><strong>Vll.</strong></span> <span class='ocrx_word' id='word_1_634' title='bbox 2277 1907 2350 1918; x_wconf 91' lang='lat'>—</span> <span class='ocrx_word' id='word_1_635' title='bbox 2371 1877 2502 1934; x_wconf 87' lang='lat' dir='ltr'><strong>Post</strong></span> <span class='ocrx_word' id='word_1_636' title='bbox 2544 1879 2714 1934; x_wconf 87' lang='lat' dir='ltr'><strong>multa</strong></span> <span class='ocrx_word' id='word_1_637' title='bbox 2745 1896 2867 1949; x_wconf 72' lang='lat' dir='ltr'><strong>qua:</strong></span> <span class='ocrx_word' id='word_1_638' title='bbox 2901 1880 2970 1937; x_wconf 89' lang='lat' dir='ltr'><strong>de</strong></span> <span class='ocrx_word' id='word_1_639' title='bbox 3001 1890 3192 1938; x_wconf 90' lang='lat' dir='ltr'><strong>natura</strong></span> <span class='ocrx_word' id='word_1_640' title='bbox 3222 1883 3460 1939; x_wconf 76' lang='lat' dir='ltr'><strong>diximus</strong></span> <span class='ocrx_word' id='word_1_641' title='bbox 3492 1903 3506 1941; x_wconf 91' lang='lat'>:</span> 
     </span>
    </p>
   </div>
   <div class='ocr_carea' id='block_1_78' title="bbox 1912 1970 3514 2046">
    <p class='ocr_par' dir='ltr' id='par_1_78' title="bbox 1912 1970 3514 2046">
     <span class='ocr_line' id='line_1_80' title="bbox 1912 1970 3514 2046; baseline 0.006 -20"><span class='ocrx_word' id='word_1_642' title='bbox 1912 1970 2076 2026; x_wconf 87' lang='lat' dir='ltr'><strong>etiam</strong></span> <span class='ocrx_word' id='word_1_643' title='bbox 2109 1980 2421 2026; x_wconf 83' lang='lat' dir='ltr'><strong>sanctorum</strong></span> <span class='ocrx_word' id='word_1_644' title='bbox 2448 1974 2713 2042; x_wconf 82' lang='lat' dir='ltr'><strong>exemplis</strong></span> <span class='ocrx_word' id='word_1_645' title='bbox 2739 1975 2941 2030; x_wconf 88' lang='lat' dir='ltr'><strong>bonum</strong></span> <span class='ocrx_word' id='word_1_646' title='bbox 2981 1976 3100 2046; x_wconf 81' lang='lat' dir='ltr'><strong>ejus</strong></span> <span class='ocrx_word' id='word_1_647' title='bbox 3127 1979 3468 2035; x_wconf 82' lang='lat' dir='ltr'><strong>ostendimus</strong></span> <span class='ocrx_word' id='word_1_648' title='bbox 3497 2021 3514 2046; x_wconf 89' lang='lat'><strong>,</strong></span> 
     </span>
    </p>
   </div>
   <div class='ocr_carea' id='block_1_79' title="bbox 1913 2061 3515 2140">
    <p class='ocr_par' dir='ltr' id='par_1_79' title="bbox 1913 2061 3515 2140">
     <span class='ocr_line' id='line_1_81' title="bbox 1913 2061 3515 2140; baseline 0.007 -25"><span class='ocrx_word' id='word_1_649' title='bbox 1913 2077 1977 2117; x_wconf 91' lang='lat' dir='ltr'><strong>ac</strong></span> <span class='ocrx_word' id='word_1_650' title='bbox 1999 2061 2374 2131; x_wconf 84' lang='lat' dir='ltr'><strong>probavimus.</strong></span> <span class='ocrx_word' id='word_1_651' title='bbox 2399 2062 2468 2118; x_wconf 87' lang='lat' dir='ltr'><strong>Et</strong></span> <span class='ocrx_word' id='word_1_652' title='bbox 2498 2077 2568 2119; x_wconf 89' lang='lat' dir='ltr'><strong>ne</strong></span> <span class='ocrx_word' id='word_1_653' title='bbox 2591 2067 2906 2119; x_wconf 83' lang='lat' dir='ltr'><strong>econtrario</strong></span> <span class='ocrx_word' id='word_1_654' title='bbox 2927 2068 2992 2120; x_wconf 89' lang='lat' dir='ltr'><strong>ad</strong></span> <span class='ocrx_word' id='word_1_655' title='bbox 3015 2069 3132 2135; x_wconf 82' lang='lat' dir='ltr'><strong>ejus</strong></span> <span class='ocrx_word' id='word_1_656' title='bbox 3151 2071 3363 2139; x_wconf 88' lang='lat' dir='ltr'><strong>culpam</strong></span> <span class='ocrx_word' id='word_1_657' title='bbox 3389 2081 3515 2140; x_wconf 79' lang='lat' dir='ltr'><strong>per-</strong></span> 
     </span>
    </p>
   </div>
   <div class='ocr_carea' id='block_1_80' title="bbox 1913 2155 3506 2233">
    <p class='ocr_par' dir='ltr' id='par_1_80' title="bbox 1913 2155 3506 2233">
     <span class='ocr_line' id='line_1_82' title="bbox 1913 2155 3506 2233; baseline 0.006 -25"><span class='ocrx_word' id='word_1_658' title='bbox 1913 2155 2088 2209; x_wconf 77' lang='lat' dir='ltr'><strong>tinere</strong></span> <span class='ocrx_word' id='word_1_659' title='bbox 2109 2163 2350 2224; x_wconf 83' lang='lat' dir='ltr'><strong>putetur,</strong></span> <span class='ocrx_word' id='word_1_660' title='bbox 2381 2157 2527 2226; x_wconf 88' lang='lat' dir='ltr'><strong>quod</strong></span> <span class='ocrx_word' id='word_1_661' title='bbox 2574 2157 2738 2228; x_wconf 84' lang='lat' dir='ltr'><strong>aliqui</strong></span> <span class='ocrx_word' id='word_1_662' title='bbox 2770 2157 2946 2228; x_wconf 87' lang='lat' dir='ltr'><strong>iniqui</strong></span> <span class='ocrx_word' id='word_1_663' title='bbox 2991 2159 3210 2226; x_wconf 88' lang='lat' dir='ltr'><strong>fuerint,</strong></span> <span class='ocrx_word' id='word_1_664' title='bbox 3255 2159 3506 2233; x_wconf 76' lang='lat' dir='ltr'><strong>Scriptu-</strong></span> 
     </span>
    </p>
   </div>
   <div class='ocr_carea' id='block_1_81' title="bbox 1911 2249 3509 2322">
    <p class='ocr_par' dir='ltr' id='par_1_81' title="bbox 1911 2249 3509 2322">
     <span class='ocr_line' id='line_1_83' title="bbox 1911 2249 3509 2322; baseline 0.005 -21"><span class='ocrx_word' id='word_1_665' title='bbox 1911 2262 2094 2301; x_wconf 81' lang='lat' dir='ltr'><strong>rarum</strong></span> <span class='ocrx_word' id='word_1_666' title='bbox 2129 2257 2254 2302; x_wconf 88' lang='lat' dir='ltr'><strong>utar</strong></span> <span class='ocrx_word' id='word_1_667' title='bbox 2297 2249 2658 2316; x_wconf 87' lang='lat' dir='ltr'><strong>testimoniis,</strong></span> <span class='ocrx_word' id='word_1_668' title='bbox 2690 2265 2812 2321; x_wconf 74' lang='lat' dir='ltr'><strong>qua:</strong></span> <span class='ocrx_word' id='word_1_669' title='bbox 2841 2262 3131 2320; x_wconf 81' lang='lat' dir='ltr'><strong>peccantes</strong></span> <span class='ocrx_word' id='word_1_670' title='bbox 3169 2253 3371 2322; x_wconf 83' lang='lat' dir='ltr'><strong>ubique</strong></span> <span class='ocrx_word' id='word_1_671' title='bbox 3399 2259 3509 2310; x_wconf 72' lang='lat' dir='ltr'><strong>cri-</strong></span> 
     </span>
    </p>
   </div>
   <div class='ocr_carea' id='block_1_82' title="bbox 1914 2339 3512 2412">
    <p class='ocr_par' dir='ltr' id='par_1_82' title="bbox 1914 2339 3512 2412">
     <span class='ocr_line' id='line_1_84' title="bbox 1914 2339 3512 2412; baseline 0.007 -19"><span class='ocrx_word' id='word_1_672' title='bbox 1914 2339 2063 2395; x_wconf 91' lang='lat' dir='ltr'><strong>mine</strong></span> <span class='ocrx_word' id='word_1_673' title='bbox 2092 2340 2388 2395; x_wconf 87' lang='lat' dir='ltr'><strong>voluntatis</strong></span> <span class='ocrx_word' id='word_1_674' title='bbox 2421 2350 2682 2412; x_wconf 82' lang='lat' dir='ltr'><strong>gravant,</strong></span> <span class='ocrx_word' id='word_1_675' title='bbox 2721 2356 2828 2398; x_wconf 86' lang='lat' dir='ltr'><strong>non</strong></span> <span class='ocrx_word' id='word_1_676' title='bbox 2868 2353 3136 2397; x_wconf 81' lang='lat' dir='ltr'><strong>excusant</strong></span> <span class='ocrx_word' id='word_1_677' title='bbox 3180 2347 3512 2404; x_wconf 79' lang='lat' dir='ltr'><strong>necessitate</strong></span> 
     </span>
    </p>
   </div>
   <div class='ocr_carea' id='block_1_83' title="bbox 1911 2429 3511 2504">
    <p class='ocr_par' dir='ltr' id='par_1_83' title="bbox 1911 2429 3511 2504">
     <span class='ocr_line' id='line_1_85' title="bbox 1911 2429 3511 2504; baseline 0.004 -20"><span class='ocrx_word' id='word_1_678' title='bbox 1911 2438 2141 2484; x_wconf 66' lang='lat' dir='ltr'><strong>natura).</strong></span> <span class='ocrx_word' id='word_1_679' title='bbox 2168 2429 2226 2484; x_wconf 85' lang='lat' dir='ltr'><strong>in</strong></span> <span class='ocrx_word' id='word_1_680' title='bbox 2255 2429 2454 2485; x_wconf 88' lang='lat' dir='ltr'><strong>Genesi</strong></span> <span class='ocrx_word' id='word_1_681' title='bbox 2497 2431 2768 2502; x_wconf 84' lang='lat' dir='ltr'><strong>legimus:</strong></span> <span class='ocrx_word' id='word_1_682' title='bbox 2805 2431 3025 2488; x_wconf 75' lang='lat' dir='ltr'><strong>Simeon</strong></span> <span class='ocrx_word' id='word_1_683' title='bbox 3067 2441 3116 2487; x_wconf 87' lang='lat' dir='ltr'><strong>et</strong></span> <span class='ocrx_word' id='word_1_684' title='bbox 3155 2432 3281 2487; x_wconf 82' lang='lat' dir='ltr'><strong>Levi</strong></span> <span class='ocrx_word' id='word_1_685' title='bbox 3323 2436 3511 2504; x_wconf 64' lang='lat' dir='ltr'><strong>fratrea</strong></span> 
     </span>
    </p>
   </div>
   <div class='ocr_carea' id='block_1_84' title="bbox 1911 2524 3518 2594">
    <p class='ocr_par' dir='ltr' id='par_1_84' title="bbox 1911 2524 3518 2594">
     <span class='ocr_line' id='line_1_86' title="bbox 1911 2524 3518 2594; baseline 0.004 -17"><span class='ocrx_word' id='word_1_686' title='bbox 1911 2532 2397 2578; x_wconf 81' lang='lat' dir='ltr'><strong>consummaverunt</strong></span> <span class='ocrx_word' id='word_1_687' title='bbox 2427 2524 2750 2592; x_wconf 79' lang='lat' dir='ltr'><strong>iniquitatem</strong></span> <span class='ocrx_word' id='word_1_688' title='bbox 2779 2542 2930 2579; x_wconf 87' lang='lat' dir='ltr'><strong>suam</strong></span> <span class='ocrx_word' id='word_1_689' title='bbox 2953 2567 2968 2594; x_wconf 93' lang='lat'><strong>,</strong></span> <span class='ocrx_word' id='word_1_690' title='bbox 3011 2542 3077 2581; x_wconf 79' lang='lat' dir='ltr'><strong>ea:</strong></span> <span class='ocrx_word' id='word_1_691' title='bbox 3120 2527 3392 2581; x_wconf 82' lang='lat' dir='ltr'><strong>volo&#39;ntate</strong></span> <span class='ocrx_word' id='word_1_692' title='bbox 3419 2542 3518 2583; x_wconf 85' lang='lat' dir='ltr'><strong>sua</strong></span> 
     </span>
    </p>
   </div>
   <div class='ocr_carea' id='block_1_85' title="bbox 1915 2614 3514 2685">
    <p class='ocr_par' dir='ltr' id='par_1_85' title="bbox 1915 2614 3514 2685">
     <span class='ocr_line' id='line_1_87' title="bbox 1915 2614 3514 2685; baseline 0.003 -15"><span class='ocrx_word' id='word_1_693' title='bbox 1915 2614 2077 2685; x_wconf 82' lang='lat' dir='ltr'><strong>(Gen.</strong></span> <span class='ocrx_word' id='word_1_694' title='bbox 2099 2631 2245 2680; x_wconf 72' lang='lat' dir='ltr'><strong>sus,</strong></span> <span class='ocrx_word' id='word_1_695' title='bbox 2269 2614 2360 2685; x_wconf 88' lang='lat'><strong>6).</strong></span> <span class='ocrx_word' id='word_1_696' title='bbox 2385 2614 2469 2670; x_wconf 86' lang='lat' dir='ltr'><strong>Ad</strong></span> <span class='ocrx_word' id='word_1_697' title='bbox 2497 2615 2803 2672; x_wconf 85' lang='lat' dir='ltr'><strong>Jerusalem</strong></span> <span class='ocrx_word' id='word_1_698' title='bbox 2841 2617 3102 2673; x_wconf 85' lang='lat' dir='ltr'><strong>Dominus</strong></span> <span class='ocrx_word' id='word_1_699' title='bbox 3135 2619 3352 2674; x_wconf 86' lang='lat' dir='ltr'><strong>locutus</strong></span> <span class='ocrx_word' id='word_1_700' title='bbox 3389 2627 3476 2675; x_wconf 85' lang='lat' dir='ltr'><strong>est</strong></span> <span class='ocrx_word' id='word_1_701' title='bbox 3502 2641 3514 2674; x_wconf 92' lang='lat'>:</span> 
     </span>
    </p>
   </div>
   <div class='ocr_carea' id='block_1_86' title="bbox 1916 2705 3520 2782">
    <p class='ocr_par' dir='ltr' id='par_1_86' title="bbox 1916 2705 3520 2782">
     <span class='ocr_line' id='line_1_88' title="bbox 1916 2705 3520 2782; baseline 0.004 -21"><span class='ocrx_word' id='word_1_702' title='bbox 1916 2705 2140 2778; x_wconf 81' lang='lat' dir='ltr'><strong>Propter</strong></span> <span class='ocrx_word' id='word_1_703' title='bbox 2167 2709 2307 2779; x_wconf 87' lang='lat' dir='ltr'><strong>quod</strong></span> <span class='ocrx_word' id='word_1_704' title='bbox 2329 2709 2435 2777; x_wconf 78' lang='lat' dir='ltr'><strong>ipsi</strong></span> <span class='ocrx_word' id='word_1_705' title='bbox 2459 2709 2770 2764; x_wconf 86' lang='lat' dir='ltr'><strong>dimiserunt</strong></span> <span class='ocrx_word' id='word_1_706' title='bbox 2794 2711 2932 2764; x_wconf 81' lang='lat' dir='ltr'><strong>riam</strong></span> <span class='ocrx_word' id='word_1_707' title='bbox 2954 2725 3152 2778; x_wconf 79' lang='lat' dir='ltr'><strong>meum,</strong></span> <span class='ocrx_word' id='word_1_708' title='bbox 3194 2719 3354 2782; x_wconf 76' lang='lat' dir='ltr'><strong>quam</strong></span> <span class='ocrx_word' id='word_1_709' title='bbox 3397 2712 3520 2768; x_wconf 77' lang='lat' dir='ltr'><strong>dedi</strong></span> 
     </span>
    </p>
   </div>
   <div class='ocr_carea' id='block_1_87' title="bbox 1911 2799 3510 2872">
    <p class='ocr_par' dir='ltr' id='par_1_87' title="bbox 1911 2799 3510 2872">
     <span class='ocr_line' id='line_1_89' title="bbox 1911 2799 3510 2872; baseline 0.003 -20"><span class='ocrx_word' id='word_1_710' title='bbox 1911 2809 2028 2852; x_wconf 87' lang='lat' dir='ltr'><strong>ante</strong></span> <span class='ocrx_word' id='word_1_711' title='bbox 2057 2799 2240 2869; x_wconf 80' lang='lat' dir='ltr'><strong>[aciem</strong></span> <span class='ocrx_word' id='word_1_712' title='bbox 2265 2815 2444 2853; x_wconf 86' lang='lat' dir='ltr'><strong>eorum</strong></span> <span class='ocrx_word' id='word_1_713' title='bbox 2477 2816 2496 2853; x_wconf 90' lang='lat'><strong><em>:</em></strong></span> <span class='ocrx_word' id='word_1_714' title='bbox 2522 2809 2570 2854; x_wconf 90' lang='lat' dir='ltr'><strong>et</strong></span> <span class='ocrx_word' id='word_1_715' title='bbox 2598 2816 2699 2854; x_wconf 87' lang='lat' dir='ltr'><strong>non</strong></span> <span class='ocrx_word' id='word_1_716' title='bbox 2724 2803 3064 2857; x_wconf 73' lang='lat' dir='ltr'><strong>exaudierunt</strong></span> <span class='ocrx_word' id='word_1_717' title='bbox 3089 2819 3261 2856; x_wconf 82' lang='lat' dir='ltr'><strong>vocent</strong></span> <span class='ocrx_word' id='word_1_718' title='bbox 3303 2818 3470 2857; x_wconf 82' lang='lat' dir='ltr'><strong>meant</strong></span> <span class='ocrx_word' id='word_1_719' title='bbox 3496 2849 3510 2872; x_wconf 88' lang='lat'><strong>,</strong></span> 
     </span>
    </p>
   </div>
   <div class='ocr_carea' id='block_1_88' title="bbox 1909 2888 3514 2960">
    <p class='ocr_par' dir='ltr' id='par_1_88' title="bbox 1909 2888 3514 2960">
     <span class='ocr_line' id='line_1_90' title="bbox 1909 2888 3514 2960; baseline 0.004 -17"><span class='ocrx_word' id='word_1_720' title='bbox 1909 2888 2003 2943; x_wconf 84' lang='lat' dir='ltr'><strong>sed</strong></span> <span class='ocrx_word' id='word_1_721' title='bbox 2073 2890 2312 2944; x_wconf 79' lang='lat' dir='ltr'><strong>abierunt</strong></span> <span class='ocrx_word' id='word_1_722' title='bbox 2383 2899 2498 2960; x_wconf 88' lang='lat' dir='ltr'><strong>post</strong></span> <span class='ocrx_word' id='word_1_723' title='bbox 2571 2892 2890 2948; x_wconf 81' lang='lat' dir='ltr'><strong>voluntatem</strong></span> <span class='ocrx_word' id='word_1_724' title='bbox 2969 2894 3144 2948; x_wconf 86' lang='lat' dir='ltr'><strong>cordis</strong></span> <span class='ocrx_word' id='word_1_725' title='bbox 3221 2896 3309 2949; x_wconf 77' lang='lat' dir='ltr'><strong>sui</strong></span> <span class='ocrx_word' id='word_1_726' title='bbox 3361 2893 3514 2949; x_wconf 82' lang='lat' dir='ltr'><strong>ntali.</strong></span> 
     </span>
    </p>
   </div>
   <div class='ocr_carea' id='block_1_89' title="bbox 1916 2981 3516 3056">
    <p class='ocr_par' dir='ltr' id='par_1_89' title="bbox 1916 2981 3516 3056">
     <span class='ocr_line' id='line_1_91' title="bbox 1916 2981 3516 3056; baseline 0.003 -19"><span class='ocrx_word' id='word_1_727' title='bbox 1916 2981 2058 3055; x_wconf 88' lang='lat' dir='ltr'><strong>(Jer.</strong></span> <span class='ocrx_word' id='word_1_728' title='bbox 2085 2998 2168 3049; x_wconf 83' lang='grc' dir='ltr'>ιιι,</span> <span class='ocrx_word' id='word_1_729' title='bbox 2202 2983 2324 3053; x_wconf 79' lang='grc'><strong>15).</strong></span> <span class='ocrx_word' id='word_1_730' title='bbox 2351 2981 2421 3038; x_wconf 86' lang='grc' dir='ltr'>Ει</span> <span class='ocrx_word' id='word_1_731' title='bbox 2447 2997 2635 3039; x_wconf 89' lang='lat' dir='ltr'><strong>rursus</strong></span> <span class='ocrx_word' id='word_1_732' title='bbox 2665 2984 2808 3045; x_wconf 81' lang='lat' dir='ltr'><strong>idem</strong></span> <span class='ocrx_word' id='word_1_733' title='bbox 2837 2986 3134 3056; x_wconf 88' lang='lat' dir='ltr'><strong>pr0pheta:</strong></span> <span class='ocrx_word' id='word_1_734' title='bbox 3171 2985 3234 3040; x_wconf 80' lang='lat' dir='ltr'><strong>Et</strong></span> <span class='ocrx_word' id='word_1_735' title='bbox 3265 2988 3516 3055; x_wconf 82' lang='lat' dir='ltr'><strong>peccastis</strong></span> 
     </span>
    </p>
   </div>
   <div class='ocr_carea' id='block_1_90' title="bbox 1920 3075 3514 3151">
    <p class='ocr_par' dir='ltr' id='par_1_90' title="bbox 1920 3075 3514 3151">
     <span class='ocr_line' id='line_1_92' title="bbox 1920 3075 3514 3151; baseline 0.001 -18"><span class='ocrx_word' id='word_1_736' title='bbox 1920 3075 2050 3142; x_wconf 88' lang='lat' dir='ltr'><strong>Deo,</strong></span> <span class='ocrx_word' id='word_1_737' title='bbox 2074 3087 2120 3131; x_wconf 91' lang='lat' dir='ltr'><strong>et</strong></span> <span class='ocrx_word' id='word_1_738' title='bbox 2141 3092 2241 3131; x_wconf 87' lang='lat' dir='ltr'><strong>non</strong></span> <span class='ocrx_word' id='word_1_739' title='bbox 2259 3077 2548 3131; x_wconf 73' lang='lat' dir='ltr'><strong>exaudistis</strong></span> <span class='ocrx_word' id='word_1_740' title='bbox 2574 3093 2746 3132; x_wconf 84' lang='lat' dir='ltr'><strong>vocent</strong></span> <span class='ocrx_word' id='word_1_741' title='bbox 2767 3079 2965 3151; x_wconf 84' lang='lat' dir='ltr'><strong>ejus,et</strong></span> <span class='ocrx_word' id='word_1_742' title='bbox 2985 3079 3041 3132; x_wconf 76' lang='lat' dir='ltr'><strong>in</strong></span> <span class='ocrx_word' id='word_1_743' title='bbox 3069 3080 3329 3132; x_wconf 82' lang='lat' dir='ltr'><strong>mandatis</strong></span> <span class='ocrx_word' id='word_1_744' title='bbox 3347 3079 3514 3147; x_wconf 83' lang='lat' dir='ltr'><strong>illius,</strong></span> 
     </span>
    </p>
   </div>
   <div class='ocr_carea' id='block_1_91' title="bbox 1917 3167 3518 3240">
    <p class='ocr_par' dir='ltr' id='par_1_91' title="bbox 1917 3167 3518 3240">
     <span class='ocr_line' id='line_1_93' title="bbox 1917 3167 3518 3240; baseline 0 -16"><span class='ocrx_word' id='word_1_745' title='bbox 1917 3179 1963 3224; x_wconf 89' lang='lat' dir='ltr'><strong>et</strong></span> <span class='ocrx_word' id='word_1_746' title='bbox 1990 3169 2041 3222; x_wconf 91' lang='lat' dir='ltr'><strong>in</strong></span> <span class='ocrx_word' id='word_1_747' title='bbox 2073 3168 2340 3240; x_wconf 76' lang='lat' dir='ltr'><strong>legitimis,</strong></span> <span class='ocrx_word' id='word_1_748' title='bbox 2371 3177 2420 3222; x_wconf 87' lang='lat' dir='ltr'><strong>et</strong></span> <span class='ocrx_word' id='word_1_749' title='bbox 2449 3168 2505 3221; x_wconf 84' lang='lat' dir='ltr'><strong>in</strong></span> <span class='ocrx_word' id='word_1_750' title='bbox 2533 3170 2840 3223; x_wconf 85' lang='lat' dir='ltr'><strong>testimoniis</strong></span> <span class='ocrx_word' id='word_1_751' title='bbox 2869 3170 2983 3239; x_wconf 81' lang='lat' dir='ltr'><strong>ejus</strong></span> <span class='ocrx_word' id='word_1_752' title='bbox 3017 3167 3289 3223; x_wconf 82' lang='lat' dir='ltr'><strong>ambulare</strong></span> <span class='ocrx_word' id='word_1_753' title='bbox 3317 3169 3518 3224; x_wconf 85' lang='lat' dir='ltr'><strong>noluis-</strong></span> 
     </span>
    </p>
   </div>
   <div class='ocr_carea' id='block_1_92' title="bbox 1917 3257 3514 3330">
    <p class='ocr_par' dir='ltr' id='par_1_92' title="bbox 1917 3257 3514 3330">
     <span class='ocr_line' id='line_1_94' title="bbox 1917 3257 3514 3330; baseline 0.001 -16"><span class='ocrx_word' id='word_1_754' title='bbox 1917 3261 1980 3316; x_wconf 88' lang='lat' dir='ltr'><strong>tis</strong></span> <span class='ocrx_word' id='word_1_755' title='bbox 2007 3258 2189 3330; x_wconf 87' lang='lat' dir='ltr'><strong>(Ibid.</strong></span> <span class='ocrx_word' id='word_1_756' title='bbox 2225 3275 2374 3326; x_wconf 83' lang='lat' dir='ltr'><strong>xuv,</strong></span> <span class='ocrx_word' id='word_1_757' title='bbox 2412 3261 2476 3317; x_wconf 78' lang='grc'><strong>10</strong></span> <span class='ocrx_word' id='word_1_758' title='bbox 2500 3257 2538 3329; x_wconf 94' lang='grc'><strong>).</strong></span> <span class='ocrx_word' id='word_1_759' title='bbox 2576 3259 2680 3315; x_wconf 86' lang='lat' dir='ltr'><strong>Per</strong></span> <span class='ocrx_word' id='word_1_760' title='bbox 2711 3259 2903 3314; x_wconf 75' lang='lat' dir='ltr'><strong>lsal&#39;atn</strong></span> <span class='ocrx_word' id='word_1_761' title='bbox 2941 3261 3161 3330; x_wconf 76' lang='lat' dir='ltr'><strong>quoque</strong></span> <span class='ocrx_word' id='word_1_762' title='bbox 3194 3258 3514 3328; x_wconf 85' lang='lat' dir='ltr'><strong>prophetam</strong></span> 
     </span>
    </p>
   </div>
   <div class='ocr_carea' id='block_1_93' title="bbox 1919 3351 3518 3419">
    <p class='ocr_par' dir='ltr' id='par_1_93' title="bbox 1919 3351 3518 3419">
     <span class='ocr_line' id='line_1_95' title="bbox 1919 3351 3518 3419; baseline -0.003 -11"><span class='ocrx_word' id='word_1_763' title='bbox 1919 3353 2178 3409; x_wconf 88' lang='lat' dir='ltr'><strong>Dominus</strong></span> <span class='ocrx_word' id='word_1_764' title='bbox 2199 3353 2416 3410; x_wconf 86' lang='lat' dir='ltr'><strong>locutus</strong></span> <span class='ocrx_word' id='word_1_765' title='bbox 2440 3360 2529 3408; x_wconf 87' lang='lat' dir='ltr'><strong>est</strong></span> <span class='ocrx_word' id='word_1_766' title='bbox 2558 3370 2571 3405; x_wconf 88' lang='lat'>:</span> <span class='ocrx_word' id='word_1_767' title='bbox 2600 3353 2662 3407; x_wconf 90' lang='lat' dir='ltr'><strong>Si</strong></span> <span class='ocrx_word' id='word_1_768' title='bbox 2698 3352 2960 3406; x_wconf 81' lang='lat' dir='ltr'><strong>volueritis</strong></span> <span class='ocrx_word' id='word_1_769' title='bbox 3003 3360 3052 3406; x_wconf 86' lang='lat' dir='ltr'><strong>et</strong></span> <span class='ocrx_word' id='word_1_770' title='bbox 3095 3351 3370 3405; x_wconf 85' lang='lat' dir='ltr'><strong>audieritis</strong></span> <span class='ocrx_word' id='word_1_771' title='bbox 3415 3365 3518 3419; x_wconf 84' lang='lat' dir='ltr'><strong>me,</strong></span> 
     </span>
    </p>
   </div>
   <div class='ocr_carea' id='block_1_94' title="bbox 1918 3442 3524 3520">
    <p class='ocr_par' dir='ltr' id='par_1_94' title="bbox 1918 3442 3524 3520">
     <span class='ocr_line' id='line_1_96' title="bbox 1918 3442 3524 3520; baseline -0.005 -17"><span class='ocrx_word' id='word_1_772' title='bbox 1918 3463 2036 3520; x_wconf 67' lang='lat' dir='ltr'><strong>qut:</strong></span> <span class='ocrx_word' id='word_1_773' title='bbox 2054 3455 2172 3501; x_wconf 89' lang='lat' dir='ltr'><strong>sunt</strong></span> <span class='ocrx_word' id='word_1_774' title='bbox 2195 3446 2332 3500; x_wconf 89' lang='lat' dir='ltr'><strong>bona</strong></span> <span class='ocrx_word' id='word_1_775' title='bbox 2354 3454 2527 3512; x_wconf 73' lang='lat' dir='ltr'><strong>terrm,</strong></span> <span class='ocrx_word' id='word_1_776' title='bbox 2555 3442 2954 3496; x_wconf 83' lang='lat' dir='ltr'><strong>manducabitis.</strong></span> <span class='ocrx_word' id='word_1_777' title='bbox 3001 3442 3067 3497; x_wconf 88' lang='lat' dir='ltr'><strong>Si</strong></span> <span class='ocrx_word' id='word_1_778' title='bbox 3091 3452 3265 3497; x_wconf 87' lang='lat' dir='ltr'><strong>autem</strong></span> <span class='ocrx_word' id='word_1_779' title='bbox 3293 3443 3524 3496; x_wconf 87' lang='lat' dir='ltr'><strong>nolueri-</strong></span> 
     </span>
    </p>
   </div>
   <div class='ocr_carea' id='block_1_95' title="bbox 1921 3533 3521 3607">
    <p class='ocr_par' dir='ltr' id='par_1_95' title="bbox 1921 3533 3521 3607">
     <span class='ocr_line' id='line_1_97' title="bbox 1921 3533 3521 3607; baseline -0.003 -13"><span class='ocrx_word' id='word_1_780' title='bbox 1921 3541 1983 3594; x_wconf 89' lang='lat' dir='ltr'><strong>tis</strong></span> <span class='ocrx_word' id='word_1_781' title='bbox 2014 3581 2029 3603; x_wconf 93' lang='lat'><strong>,</strong></span> <span class='ocrx_word' id='word_1_782' title='bbox 2111 3554 2275 3607; x_wconf 84' lang='lat' dir='ltr'><strong>neque</strong></span> <span class='ocrx_word' id='word_1_783' title='bbox 2324 3535 2594 3590; x_wconf 87' lang='lat' dir='ltr'><strong>audieritis</strong></span> <span class='ocrx_word' id='word_1_784' title='bbox 2655 3551 2736 3588; x_wconf 81' lang='lat' dir='ltr'><strong>nte</strong></span> <span class='ocrx_word' id='word_1_785' title='bbox 2779 3533 3046 3607; x_wconf 57' lang='lat' dir='ltr'><strong>sgiadius</strong></span> <span class='ocrx_word' id='word_1_786' title='bbox 3117 3550 3206 3588; x_wconf 88' lang='lat' dir='ltr'><strong>vos</strong></span> <span class='ocrx_word' id='word_1_787' title='bbox 3258 3546 3521 3590; x_wconf 87' lang='lat' dir='ltr'><strong>consumet</strong></span> 
     </span>
    </p>
   </div>
   <div class='ocr_carea' id='block_1_96' title="bbox 1922 3624 3520 3701">
    <p class='ocr_par' dir='ltr' id='par_1_96' title="bbox 1922 3624 3520 3701">
     <span class='ocr_line' id='line_1_98' title="bbox 1922 3624 3520 3701; baseline -0.003 -17"><span class='ocrx_word' id='word_1_788' title='bbox 1922 3628 2087 3701; x_wconf 78' lang='lat' dir='ltr'><strong>(Isai.</strong></span> <span class='ocrx_word' id='word_1_789' title='bbox 2115 3643 2154 3692; x_wconf 84' lang='grc' dir='ltr'>ι,</span> <span class='ocrx_word' id='word_1_790' title='bbox 2189 3625 2299 3699; x_wconf 69' lang='lat' dir='ltr'><strong>lii).</strong></span> <span class='ocrx_word' id='word_1_791' title='bbox 2338 3626 2404 3680; x_wconf 86' lang='lat' dir='ltr'><strong>Et</strong></span> <span class='ocrx_word' id='word_1_792' title='bbox 2436 3640 2650 3680; x_wconf 87' lang='lat' dir='ltr'><strong>rursum</strong></span> <span class='ocrx_word' id='word_1_793' title='bbox 2687 3643 2699 3677; x_wconf 88' lang='lat'>:</span> <span class='ocrx_word' id='word_1_794' title='bbox 2737 3624 2928 3679; x_wconf 85' lang='lat' dir='ltr'><strong>Omnes</strong></span> <span class='ocrx_word' id='word_1_795' title='bbox 2967 3641 3056 3680; x_wconf 86' lang='lat' dir='ltr'><strong>vos</strong></span> <span class='ocrx_word' id='word_1_796' title='bbox 3095 3626 3354 3681; x_wconf 81' lang='lat' dir='ltr'><strong>orcisione</strong></span> <span class='ocrx_word' id='word_1_797' title='bbox 3379 3625 3520 3680; x_wconf 84' lang='lat' dir='ltr'><strong>deci-</strong></span> 
     </span>
    </p>
   </div>
   <div class='ocr_carea' id='block_1_97' title="bbox 1921 3717 3513 3790">
    <p class='ocr_par' dir='ltr' id='par_1_97' title="bbox 1921 3717 3513 3790">
     <span class='ocr_line' id='line_1_99' title="bbox 1921 3717 3513 3790; baseline -0.006 -14"><span class='ocrx_word' id='word_1_798' title='bbox 1921 3722 2087 3776; x_wconf 83' lang='lat' dir='ltr'><strong>detis:</strong></span> <span class='ocrx_word' id='word_1_799' title='bbox 2113 3719 2234 3790; x_wconf 85' lang='lat' dir='ltr'><strong>quia</strong></span> <span class='ocrx_word' id='word_1_800' title='bbox 2263 3717 2440 3773; x_wconf 80' lang='lat' dir='ltr'><strong>vocavi</strong></span> <span class='ocrx_word' id='word_1_801' title='bbox 2469 3732 2578 3782; x_wconf 84' lang='lat' dir='ltr'><strong>vos,</strong></span> <span class='ocrx_word' id='word_1_802' title='bbox 2603 3724 2774 3770; x_wconf 86' lang='lat' dir='ltr'><strong>etnon</strong></span> <span class='ocrx_word' id='word_1_803' title='bbox 2801 3717 3084 3770; x_wconf 74' lang='lat' dir='ltr'><strong>exaudistis</strong></span> <span class='ocrx_word' id='word_1_804' title='bbox 3110 3733 3128 3770; x_wconf 92' lang='lat'><strong><em>:</em></strong></span> <span class='ocrx_word' id='word_1_805' title='bbox 3156 3718 3356 3770; x_wconf 87' lang='lat' dir='ltr'><strong>locutus</strong></span> <span class='ocrx_word' id='word_1_806' title='bbox 3377 3731 3513 3780; x_wconf 85' lang='lat' dir='ltr'><strong>sum,</strong></span> 
     </span>
    </p>
   </div>
   <div class='ocr_carea' id='block_1_98' title="bbox 1923 3810 3520 3886">
    <p class='ocr_par' dir='ltr' id='par_1_98' title="bbox 1923 3810 3520 3886">
     <span class='ocr_line' id='line_1_100' title="bbox 1923 3810 3520 3886; baseline -0.004 -17"><span class='ocrx_word' id='word_1_807' title='bbox 1923 3827 1970 3870; x_wconf 88' lang='lat' dir='ltr'><strong>et</strong></span> <span class='ocrx_word' id='word_1_808' title='bbox 1991 3812 2286 3886; x_wconf 70' lang='lat' dir='ltr'><strong>neglexistis</strong></span> <span class='ocrx_word' id='word_1_809' title='bbox 2311 3827 2328 3866; x_wconf 92' lang='lat'><strong><em>:</em></strong></span> <span class='ocrx_word' id='word_1_810' title='bbox 2351 3819 2398 3866; x_wconf 88' lang='lat' dir='ltr'><strong>et</strong></span> <span class='ocrx_word' id='word_1_811' title='bbox 2427 3810 2622 3881; x_wconf 80' lang='lat' dir='ltr'><strong>fecistis</strong></span> <span class='ocrx_word' id='word_1_812' title='bbox 2638 3810 2832 3864; x_wconf 87' lang='lat' dir='ltr'><strong>malum</strong></span> <span class='ocrx_word' id='word_1_813' title='bbox 2857 3818 2976 3864; x_wconf 89' lang='lat' dir='ltr'><strong>ante</strong></span> <span class='ocrx_word' id='word_1_814' title='bbox 2998 3820 3328 3880; x_wconf 86' lang='lat' dir='ltr'><strong>conspectum</strong></span> <span class='ocrx_word' id='word_1_815' title='bbox 3349 3826 3520 3864; x_wconf 86' lang='lat' dir='ltr'><strong>meum</strong></span> 
     </span>
    </p>
   </div>
   <div class='ocr_carea' id='block_1_99' title="bbox 1924 3901 3520 3982">
    <p class='ocr_par' dir='ltr' id='par_1_99' title="bbox 1924 3901 3520 3982">
     <span class='ocr_line' id='line_1_101' title="bbox 1924 3901 3520 3982; baseline -0.003 -19"><span class='ocrx_word' id='word_1_816' title='bbox 1924 3909 2044 3982; x_wconf 79' lang='lat' dir='ltr'><strong>[AL</strong></span> <span class='ocrx_word' id='word_1_817' title='bbox 2072 3905 2342 3977; x_wconf 79' lang='lat' dir='ltr'><strong>Domini],</strong></span> <span class='ocrx_word' id='word_1_818' title='bbox 2367 3915 2414 3958; x_wconf 85' lang='lat' dir='ltr'><strong>et</strong></span> <span class='ocrx_word' id='word_1_819' title='bbox 2436 3920 2550 3973; x_wconf 73' lang='lat' dir='ltr'><strong>qua:</strong></span> <span class='ocrx_word' id='word_1_820' title='bbox 2580 3903 2836 3972; x_wconf 81' lang='lat' dir='ltr'><strong>nolebam,</strong></span> <span class='ocrx_word' id='word_1_821' title='bbox 2863 3903 3116 3974; x_wconf 85' lang='lat' dir='ltr'><strong>elegistis.</strong></span> <span class='ocrx_word' id='word_1_822' title='bbox 3150 3901 3272 3973; x_wconf 86' lang='lat' dir='ltr'><strong>Ipse</strong></span> <span class='ocrx_word' id='word_1_823' title='bbox 3301 3918 3520 3973; x_wconf 83' lang='lat' dir='ltr'><strong>quoque</strong></span> 
     </span>
    </p>
   </div>
   <div class='ocr_carea' id='block_1_100' title="bbox 1926 3993 3515 4066">
    <p class='ocr_par' dir='ltr' id='par_1_100' title="bbox 1926 3993 3515 4066">
     <span class='ocr_line' id='line_1_102' title="bbox 1926 3993 3515 4066; baseline -0.005 -12"><span class='ocrx_word' id='word_1_824' title='bbox 1926 3997 2190 4054; x_wconf 89' lang='lat' dir='ltr'><strong>Dominus</strong></span> <span class='ocrx_word' id='word_1_825' title='bbox 2239 3997 2292 4051; x_wconf 93' lang='lat' dir='ltr'><strong>in</strong></span> <span class='ocrx_word' id='word_1_826' title='bbox 2344 3994 2638 4066; x_wconf 76' lang='lat' dir='ltr'><strong>Evangelia</strong></span> <span class='ocrx_word' id='word_1_827' title='bbox 2680 3994 2759 4050; x_wconf 83' lang='lat' dir='ltr'><strong>ait</strong></span> <span class='ocrx_word' id='word_1_828' title='bbox 2790 4012 2805 4050; x_wconf 90' lang='lat'><strong>:</strong></span> <span class='ocrx_word' id='word_1_829' title='bbox 2832 3993 3153 4060; x_wconf 85' lang='lat' dir='ltr'><strong>Jerusalem,</strong></span> <span class='ocrx_word' id='word_1_830' title='bbox 3197 3994 3515 4060; x_wconf 81' lang='lat' dir='ltr'><strong>Jerusalem,</strong></span> 
     </span>
    </p>
   </div>
   <div class='ocr_carea' id='block_1_101' title="bbox 1925 4085 3522 4162">
    <p class='ocr_par' dir='ltr' id='par_1_101' title="bbox 1925 4085 3522 4162">
     <span class='ocr_line' id='line_1_103' title="bbox 1925 4085 3522 4162; baseline -0.004 -17"><span class='ocrx_word' id='word_1_831' title='bbox 1925 4105 2041 4162; x_wconf 70' lang='lat' dir='ltr'><strong>quae</strong></span> <span class='ocrx_word' id='word_1_832' title='bbox 2069 4088 2264 4143; x_wconf 84' lang='lat' dir='ltr'><strong>occidis</strong></span> <span class='ocrx_word' id='word_1_833' title='bbox 2286 4086 2587 4158; x_wconf 84' lang='lat' dir='ltr'><strong>praphetas,</strong></span> <span class='ocrx_word' id='word_1_834' title='bbox 2619 4094 2666 4140; x_wconf 87' lang='lat' dir='ltr'><strong>et</strong></span> <span class='ocrx_word' id='word_1_835' title='bbox 2698 4086 2903 4155; x_wconf 85' lang='lat' dir='ltr'><strong>lapidas</strong></span> <span class='ocrx_word' id='word_1_836' title='bbox 2929 4100 3018 4140; x_wconf 89' lang='lat' dir='ltr'><strong>eos</strong></span> <span class='ocrx_word' id='word_1_837' title='bbox 3045 4086 3135 4154; x_wconf 86' lang='lat' dir='ltr'><strong>qui</strong></span> <span class='ocrx_word' id='word_1_838' title='bbox 3185 4085 3253 4139; x_wconf 88' lang='lat' dir='ltr'><strong>ad</strong></span> <span class='ocrx_word' id='word_1_839' title='bbox 3285 4095 3334 4140; x_wconf 87' lang='lat' dir='ltr'><strong>te</strong></span> <span class='ocrx_word' id='word_1_840' title='bbox 3378 4085 3522 4139; x_wconf 82' lang='lat' dir='ltr'><strong>missi</strong></span> 
     </span>
    </p>
   </div>
   <div class='ocr_carea' id='block_1_102' title="bbox 1927 4177 3525 4251">
    <p class='ocr_par' dir='ltr' id='par_1_102' title="bbox 1927 4177 3525 4251">
     <span class='ocr_line' id='line_1_104' title="bbox 1927 4177 3525 4251; baseline -0.006 -14"><span class='ocrx_word' id='word_1_841' title='bbox 1927 4190 2047 4238; x_wconf 86' lang='lat' dir='ltr'><strong>sunt</strong></span> <span class='ocrx_word' id='word_1_842' title='bbox 2078 4196 2098 4235; x_wconf 88' lang='lat'><strong><em>:</em></strong></span> <span class='ocrx_word' id='word_1_843' title='bbox 2115 4180 2314 4251; x_wconf 82' lang='lat' dir='ltr'><strong>quoties</strong></span> <span class='ocrx_word' id='word_1_844' title='bbox 2340 4177 2481 4232; x_wconf 84' lang='lat' dir='ltr'><strong>volui</strong></span> <span class='ocrx_word' id='word_1_845' title='bbox 2505 4192 2816 4248; x_wconf 75' lang='lat' dir='ltr'><strong>congregare</strong></span> <span class='ocrx_word' id='word_1_846' title='bbox 2846 4177 2984 4243; x_wconf 78' lang='lat' dir='ltr'><strong>ﬁlios</strong></span> <span class='ocrx_word' id='word_1_847' title='bbox 3025 4187 3164 4242; x_wconf 82' lang='lat' dir='ltr'><strong>tuos,</strong></span> <span class='ocrx_word' id='word_1_848' title='bbox 3191 4177 3525 4244; x_wconf 78' lang='lat' dir='ltr'><strong>quemadmo-</strong></span> 
     </span>
    </p>
   </div>
   <div class='ocr_carea' id='block_1_103' title="bbox 1928 4266 3526 4343">
    <p class='ocr_par' dir='ltr' id='par_1_103' title="bbox 1928 4266 3526 4343">
     <span class='ocr_line' id='line_1_105' title="bbox 1928 4266 3526 4343; baseline -0.004 -17"><span class='ocrx_word' id='word_1_849' title='bbox 1928 4273 2053 4326; x_wconf 87' lang='lat' dir='ltr'><strong>dum</strong></span> <span class='ocrx_word' id='word_1_850' title='bbox 2073 4268 2270 4343; x_wconf 75' lang='lat' dir='ltr'><strong>gallina</strong></span> <span class='ocrx_word' id='word_1_851' title='bbox 2287 4276 2565 4341; x_wconf 77' lang='lat' dir='ltr'><strong>congregat</strong></span> <span class='ocrx_word' id='word_1_852' title='bbox 2591 4266 2766 4338; x_wconf 84' lang='lat' dir='ltr'><strong>pullos</strong></span> <span class='ocrx_word' id='word_1_853' title='bbox 2792 4283 2914 4322; x_wconf 88' lang='lat' dir='ltr'><strong>suos</strong></span> <span class='ocrx_word' id='word_1_854' title='bbox 2935 4267 3028 4322; x_wconf 87' lang='lat' dir='ltr'><strong>sub</strong></span> <span class='ocrx_word' id='word_1_855' title='bbox 3053 4267 3152 4322; x_wconf 89' lang='lat' dir='ltr'><strong>alis</strong></span> <span class='ocrx_word' id='word_1_856' title='bbox 3178 4268 3308 4334; x_wconf 80' lang='lat' dir='ltr'><strong>suis,</strong></span> <span class='ocrx_word' id='word_1_857' title='bbox 3346 4275 3396 4322; x_wconf 88' lang='lat' dir='ltr'><strong>et</strong></span> <span class='ocrx_word' id='word_1_858' title='bbox 3429 4283 3526 4320; x_wconf 89' lang='lat' dir='ltr'><strong>no-</strong></span> 
     </span>
    </p>
   </div>
   <div class='ocr_carea' id='block_1_104' title="bbox 1929 4355 3524 4432">
    <p class='ocr_par' dir='ltr' id='par_1_104' title="bbox 1929 4355 3524 4432">
     <span class='ocr_line' id='line_1_106' title="bbox 1929 4355 3524 4432; baseline -0.004 -16"><span class='ocrx_word' id='word_1_859' title='bbox 1929 4363 2071 4418; x_wconf 75' lang='lat' dir='ltr'><strong>luisti</strong></span> <span class='ocrx_word' id='word_1_860' title='bbox 2096 4360 2322 4432; x_wconf 81' lang='grc' dir='ltr'><strong>(ΜαιιΙι.</strong></span> <span class='ocrx_word' id='word_1_861' title='bbox 2355 4373 2510 4426; x_wconf 80' lang='lat' dir='ltr'><strong>xxttt,</strong></span> <span class='ocrx_word' id='word_1_862' title='bbox 2543 4359 2611 4414; x_wconf 78' lang='grc'>57</span> <span class='ocrx_word' id='word_1_863' title='bbox 2632 4357 2676 4429; x_wconf 81' lang='lat' dir='ltr'><strong>)l</strong></span> <span class='ocrx_word' id='word_1_864' title='bbox 2710 4357 2810 4414; x_wconf 87' lang='lat' dir='ltr'><strong>Ubi</strong></span> <span class='ocrx_word' id='word_1_865' title='bbox 2839 4359 2979 4414; x_wconf 85' lang='lat' dir='ltr'><strong>velle</strong></span> <span class='ocrx_word' id='word_1_866' title='bbox 3011 4359 3260 4414; x_wconf 87' lang='lat' dir='ltr'><strong>videmus</strong></span> <span class='ocrx_word' id='word_1_867' title='bbox 3281 4364 3336 4413; x_wconf 90' lang='lat' dir='ltr'><strong>et</strong></span> <span class='ocrx_word' id='word_1_868' title='bbox 3355 4355 3524 4422; x_wconf 90' lang='lat' dir='ltr'><strong>nolle,</strong></span> 
     </span>
    </p>
   </div>
   <div class='ocr_carea' id='block_1_105' title="bbox 1933 4445 3526 4524">
    <p class='ocr_par' dir='ltr' id='par_1_105' title="bbox 1933 4445 3526 4524">
     <span class='ocr_line' id='line_1_107' title="bbox 1933 4445 3526 4524; baseline -0.007 -15"><span class='ocrx_word' id='word_1_869' title='bbox 1933 4455 2136 4524; x_wconf 88' lang='lat' dir='ltr'><strong>eligere</strong></span> <span class='ocrx_word' id='word_1_870' title='bbox 2166 4459 2223 4506; x_wconf 90' lang='lat' dir='ltr'><strong>et</strong></span> <span class='ocrx_word' id='word_1_871' title='bbox 2256 4449 2518 4519; x_wconf 79' lang='lat' dir='ltr'><strong>refutare,</strong></span> <span class='ocrx_word' id='word_1_872' title='bbox 2552 4446 2626 4502; x_wconf 88' lang='lat' dir='ltr'><strong>ibi</strong></span> <span class='ocrx_word' id='word_1_873' title='bbox 2655 4461 2764 4502; x_wconf 90' lang='lat' dir='ltr'><strong>non</strong></span> <span class='ocrx_word' id='word_1_874' title='bbox 2796 4445 2878 4502; x_wconf 87' lang='lat' dir='ltr'><strong>vis</strong></span> <span class='ocrx_word' id='word_1_875' title='bbox 2904 4457 3136 4517; x_wconf 83' lang='lat' dir='ltr'><strong>naturae,</strong></span> <span class='ocrx_word' id='word_1_876' title='bbox 3170 4446 3265 4501; x_wconf 90' lang='lat' dir='ltr'><strong>sed</strong></span> <span class='ocrx_word' id='word_1_877' title='bbox 3297 4446 3526 4504; x_wconf 85' lang='lat' dir='ltr'><strong>libertas</strong></span> 
     </span>
    </p>
   </div>
   <div class='ocr_carea' id='block_1_106' title="bbox 1939 4532 3526 4610">
    <p class='ocr_par' dir='ltr' id='par_1_106' title="bbox 1939 4532 3526 4610">
     <span class='ocr_line' id='line_1_108' title="bbox 1939 4532 3526 4610; baseline -0.012 -10"><span class='ocrx_word' id='word_1_878' title='bbox 1939 4541 2255 4610; x_wconf 75' lang='lat' dir='ltr'><strong>intelligitur</strong></span> <span class='ocrx_word' id='word_1_879' title='bbox 2283 4535 2611 4594; x_wconf 85' lang='lat' dir='ltr'><strong>voluntatis.</strong></span> <span class='ocrx_word' id='word_1_880' title='bbox 2642 4534 2814 4591; x_wconf 89' lang='lat' dir='ltr'><strong>Plena</strong></span> <span class='ocrx_word' id='word_1_881' title='bbox 2842 4543 2974 4591; x_wconf 87' lang='lat' dir='ltr'><strong>sunt</strong></span> <span class='ocrx_word' id='word_1_882' title='bbox 3014 4537 3294 4603; x_wconf 87' lang='lat' dir='ltr'><strong>utriusque</strong></span> <span class='ocrx_word' id='word_1_883' title='bbox 3337 4532 3526 4588; x_wconf 86' lang='lat' dir='ltr'><strong>Testa-</strong></span> 
     </span>
    </p>
   </div>
   <div class='ocr_carea' id='block_1_107' title="bbox 1937 4618 3529 4695">
    <p class='ocr_par' dir='ltr' id='par_1_107' title="bbox 1937 4618 3529 4695">
     <span class='ocr_line' id='line_1_109' title="bbox 1937 4618 3529 4695; baseline -0.008 -8"><span class='ocrx_word' id='word_1_884' title='bbox 1937 4630 2104 4688; x_wconf 88' lang='lat' dir='ltr'><strong>menti</strong></span> <span class='ocrx_word' id='word_1_885' title='bbox 2149 4627 2425 4682; x_wconf 86' lang='lat' dir='ltr'><strong>volumina</strong></span> <span class='ocrx_word' id='word_1_886' title='bbox 2477 4621 2860 4695; x_wconf 85' lang='lat' dir='ltr'><strong>hujuscemodi</strong></span> <span class='ocrx_word' id='word_1_887' title='bbox 2915 4623 3288 4679; x_wconf 83' lang='lat' dir='ltr'><strong>testimoniis:</strong></span> <span class='ocrx_word' id='word_1_888' title='bbox 3334 4618 3529 4689; x_wconf 85' lang='lat' dir='ltr'><strong>quibus</strong></span> 
     </span>
    </p>
   </div>
   <div class='ocr_carea' id='block_1_108' title="bbox 1941 4706 3531 4785">
    <p class='ocr_par' dir='ltr' id='par_1_108' title="bbox 1941 4706 3531 4785">
     <span class='ocr_line' id='line_1_110' title="bbox 1941 4706 3531 4785; baseline -0.012 -7"><span class='ocrx_word' id='word_1_889' title='bbox 1941 4733 2048 4778; x_wconf 88' lang='lat' dir='ltr'><strong>tam</strong></span> <span class='ocrx_word' id='word_1_890' title='bbox 2078 4719 2278 4774; x_wconf 86' lang='lat' dir='ltr'><strong>bOnutn</strong></span> <span class='ocrx_word' id='word_1_891' title='bbox 2311 4731 2470 4770; x_wconf 87' lang='lat' dir='ltr'><strong>omne</strong></span> <span class='ocrx_word' id='word_1_892' title='bbox 2501 4727 2663 4785; x_wconf 89' lang='lat' dir='ltr'><strong>quam</strong></span> <span class='ocrx_word' id='word_1_893' title='bbox 2708 4711 2909 4766; x_wconf 86' lang='lat' dir='ltr'><strong>malum</strong></span> <span class='ocrx_word' id='word_1_894' title='bbox 2929 4751 2944 4778; x_wconf 92' lang='lat'><strong>,</strong></span> <span class='ocrx_word' id='word_1_895' title='bbox 2987 4706 3354 4764; x_wconf 88' lang='lat' dir='ltr'><strong>voluntarium</strong></span> <span class='ocrx_word' id='word_1_896' title='bbox 3385 4721 3531 4762; x_wconf 91' lang='lat' dir='ltr'><strong>sem-</strong></span> 
     </span>
    </p>
   </div>
   <div class='ocr_carea' id='block_1_109' title="bbox 1942 4793 3532 4882">
    <p class='ocr_par' dir='ltr' id='par_1_109' title="bbox 1942 4793 3532 4882">
     <span class='ocr_line' id='line_1_111' title="bbox 1942 4793 3532 4882; baseline -0.009 -15"><span class='ocrx_word' id='word_1_897' title='bbox 1942 4827 2037 4882; x_wconf 87' lang='lat' dir='ltr'><strong>per</strong></span> <span class='ocrx_word' id='word_1_898' title='bbox 2059 4823 2180 4865; x_wconf 89' lang='lat' dir='ltr'><strong>esse</strong></span> <span class='ocrx_word' id='word_1_899' title='bbox 2209 4804 2462 4861; x_wconf 87' lang='lat' dir='ltr'><strong>scribitur</strong></span> <span class='ocrx_word' id='word_1_900' title='bbox 2486 4844 2502 4868; x_wconf 92' lang='lat'><strong>,</strong></span> <span class='ocrx_word' id='word_1_901' title='bbox 2547 4815 2670 4872; x_wconf 65' lang='lat' dir='ltr'><strong>qua:</strong></span> <span class='ocrx_word' id='word_1_902' title='bbox 2701 4815 2801 4854; x_wconf 92' lang='lat' dir='ltr'><strong>nos</strong></span> <span class='ocrx_word' id='word_1_903' title='bbox 2830 4798 2993 4853; x_wconf 84' lang='lat' dir='ltr'><strong>modo</strong></span> <span class='ocrx_word' id='word_1_904' title='bbox 3043 4793 3324 4850; x_wconf 82' lang='lat' dir='ltr'><strong>brevitatis</strong></span> <span class='ocrx_word' id='word_1_905' title='bbox 3367 4810 3532 4852; x_wconf 89' lang='lat' dir='ltr'><strong>causa</strong></span> 
     </span>
    </p>
   </div>
   <div class='ocr_carea' id='block_1_110' title="bbox 1943 4885 3525 4955">
    <p class='ocr_par' dir='ltr' id='par_1_110' title="bbox 1943 4885 3525 4955">
     <span class='ocr_line' id='line_1_112' title="bbox 1943 4885 3525 4955; baseline -0.008 0"><span class='ocrx_word' id='word_1_906' title='bbox 1943 4898 2279 4955; x_wconf 84' lang='lat' dir='ltr'><strong>omittimus:</strong></span> <span class='ocrx_word' id='word_1_907' title='bbox 2311 4893 2547 4950; x_wconf 78' lang='lat' dir='ltr'><strong>maxime</strong></span> <span class='ocrx_word' id='word_1_908' title='bbox 2578 4904 2701 4943; x_wconf 89' lang='lat' dir='ltr'><strong>cum</strong></span> <span class='ocrx_word' id='word_1_909' title='bbox 2735 4888 2971 4941; x_wconf 90' lang='lat' dir='ltr'><strong>sciamus</strong></span> <span class='ocrx_word' id='word_1_910' title='bbox 3019 4892 3070 4939; x_wconf 88' lang='lat' dir='ltr'><strong>te</strong></span> <span class='ocrx_word' id='word_1_911' title='bbox 3101 4899 3274 4938; x_wconf 75' lang='lat' dir='ltr'><strong>sacra:</strong></span> <span class='ocrx_word' id='word_1_912' title='bbox 3307 4885 3525 4942; x_wconf 89' lang='lat' dir='ltr'><strong>lectioni</strong></span> 
     </span>
    </p>
   </div>
   <div class='ocr_carea' id='block_1_111' title="bbox 1943 4973 3132 5050">
    <p class='ocr_par' dir='ltr' id='par_1_111' title="bbox 1943 4973 3132 5050">
     <span class='ocr_line' id='line_1_113' title="bbox 1943 4973 3132 5050; baseline -0.011 -10"><span class='ocrx_word' id='word_1_913' title='bbox 1943 4985 2203 5050; x_wconf 81' lang='lat' dir='ltr'><strong>deditam,</strong></span> <span class='ocrx_word' id='word_1_914' title='bbox 2235 4983 2301 5034; x_wconf 91' lang='lat' dir='ltr'><strong>de</strong></span> <span class='ocrx_word' id='word_1_915' title='bbox 2327 4982 2449 5049; x_wconf 78' lang='lat' dir='ltr'><strong>ip‘so</strong></span> <span class='ocrx_word' id='word_1_916' title='bbox 2488 4977 2710 5032; x_wconf 89' lang='lat' dir='ltr'><strong>uberius</strong></span> <span class='ocrx_word' id='word_1_917' title='bbox 2742 4973 2892 5027; x_wconf 75' lang='lat' dir='ltr'><strong>fonte</strong></span> <span class='ocrx_word' id='word_1_918' title='bbox 2923 4981 3132 5043; x_wconf 90' lang='lat' dir='ltr'><strong>potare.</strong></span> 
     </span>
    </p>
   </div>
   <div class='ocr_carea' id='block_1_112' title="bbox 2015 5062 3533 5135">
    <p class='ocr_par' dir='ltr' id='par_1_112' title="bbox 2015 5062 3533 5135">
     <span class='ocr_line' id='line_1_114' title="bbox 2015 5062 3533 5135; baseline -0.007 -6"><span class='ocrx_word' id='word_1_919' title='bbox 2015 5073 2146 5129; x_wconf 70' lang='lat' dir='ltr'><strong>Car.</strong></span> <span class='ocrx_word' id='word_1_920' title='bbox 2181 5069 2312 5123; x_wconf 80' lang='lat' dir='ltr'><strong>\‘lll.</strong></span> <span class='ocrx_word' id='word_1_921' title='bbox 2337 5096 2409 5108; x_wconf 90' lang='lat'><strong>-—</strong></span> <span class='ocrx_word' id='word_1_922' title='bbox 2439 5065 2624 5135; x_wconf 80' lang='lat' dir='ltr'><strong>Neque</strong></span> <span class='ocrx_word' id='word_1_923' title='bbox 2661 5077 2798 5117; x_wconf 88' lang='lat' dir='ltr'><strong>vero</strong></span> <span class='ocrx_word' id='word_1_924' title='bbox 2825 5076 2923 5118; x_wconf 89' lang='lat' dir='ltr'><strong>nos</strong></span> <span class='ocrx_word' id='word_1_925' title='bbox 2952 5062 3026 5120; x_wconf 85' lang='lat' dir='ltr'><strong>ita</strong></span> <span class='ocrx_word' id='word_1_926' title='bbox 3055 5063 3400 5121; x_wconf 89' lang='lat' dir='ltr'><strong>defendimus</strong></span> <span class='ocrx_word' id='word_1_927' title='bbox 3431 5080 3533 5121; x_wconf 90' lang='lat' dir='ltr'><strong>na—</strong></span> 
     </span>
    </p>
   </div>
   <div class='ocr_carea' id='block_1_113' title="bbox 1946 5151 3534 5225">
    <p class='ocr_par' dir='ltr' id='par_1_113' title="bbox 1946 5151 3534 5225">
     <span class='ocr_line' id='line_1_115' title="bbox 1946 5151 3534 5225; baseline -0.008 -5"><span class='ocrx_word' id='word_1_928' title='bbox 1946 5173 2084 5220; x_wconf 69' lang='lat' dir='ltr'><strong>turae</strong></span> <span class='ocrx_word' id='word_1_929' title='bbox 2112 5161 2338 5225; x_wconf 88' lang='lat' dir='ltr'><strong>bonum,</strong></span> <span class='ocrx_word' id='word_1_930' title='bbox 2369 5164 2430 5209; x_wconf 90' lang='lat' dir='ltr'><strong>ut</strong></span> <span class='ocrx_word' id='word_1_931' title='bbox 2456 5168 2576 5210; x_wconf 90' lang='lat' dir='ltr'><strong>eam</strong></span> <span class='ocrx_word' id='word_1_932' title='bbox 2603 5151 2854 5208; x_wconf 88' lang='lat' dir='ltr'><strong>dicamus</strong></span> <span class='ocrx_word' id='word_1_933' title='bbox 2885 5152 3085 5209; x_wconf 88' lang='lat' dir='ltr'><strong>malum</strong></span> <span class='ocrx_word' id='word_1_934' title='bbox 3117 5170 3226 5209; x_wconf 89' lang='lat' dir='ltr'><strong>non</strong></span> <span class='ocrx_word' id='word_1_935' title='bbox 3258 5171 3421 5224; x_wconf 88' lang='lat' dir='ltr'><strong>posse</strong></span> <span class='ocrx_word' id='word_1_936' title='bbox 3451 5155 3534 5209; x_wconf 73' lang='lat' dir='ltr'><strong>fa-</strong></span> 
     </span>
    </p>
   </div>
   <div class='ocr_carea' id='block_1_114' title="bbox 1947 5241 3532 5321">
    <p class='ocr_par' dir='ltr' id='par_1_114' title="bbox 1947 5241 3532 5321">
     <span class='ocr_line' id='line_1_116' title="bbox 1947 5241 3532 5321; baseline -0.009 -12"><span class='ocrx_word' id='word_1_937' title='bbox 1947 5267 2092 5314; x_wconf 89' lang='lat' dir='ltr'><strong>cere,</strong></span> <span class='ocrx_word' id='word_1_938' title='bbox 2125 5264 2284 5321; x_wconf 91' lang='lat' dir='ltr'><strong>quam</strong></span> <span class='ocrx_word' id='word_1_939' title='bbox 2314 5245 2499 5314; x_wconf 90' lang='lat' dir='ltr'><strong>utique</strong></span> <span class='ocrx_word' id='word_1_940' title='bbox 2530 5241 2660 5295; x_wconf 87' lang='lat' dir='ltr'><strong>boni</strong></span> <span class='ocrx_word' id='word_1_941' title='bbox 2683 5256 2748 5298; x_wconf 89' lang='lat' dir='ltr'><strong>ac</strong></span> <span class='ocrx_word' id='word_1_942' title='bbox 2774 5241 2899 5297; x_wconf 89' lang='lat' dir='ltr'><strong>mali</strong></span> <span class='ocrx_word' id='word_1_943' title='bbox 2925 5257 3184 5312; x_wconf 85' lang='lat' dir='ltr'><strong>capacem</strong></span> <span class='ocrx_word' id='word_1_944' title='bbox 3219 5245 3381 5302; x_wconf 79' lang='lat' dir='ltr'><strong>etiam</strong></span> <span class='ocrx_word' id='word_1_945' title='bbox 3407 5257 3532 5310; x_wconf 90' lang='lat' dir='ltr'><strong>pro-</strong></span> 
     </span>
    </p>
   </div>
   <div class='ocr_carea' id='block_1_115' title="bbox 1951 5328 3526 5405">
    <p class='ocr_par' dir='ltr' id='par_1_115' title="bbox 1951 5328 3526 5405">
     <span class='ocr_line' id='line_1_117' title="bbox 1951 5328 3526 5405; baseline -0.01 -8"><span class='ocrx_word' id='word_1_946' title='bbox 1951 5343 2190 5405; x_wconf 86' lang='lat' dir='ltr'><strong>fitentur,</strong></span> <span class='ocrx_word' id='word_1_947' title='bbox 2215 5333 2313 5391; x_wconf 85' lang='lat' dir='ltr'><strong>sed</strong></span> <span class='ocrx_word' id='word_1_948' title='bbox 2342 5333 2410 5387; x_wconf 89' lang='lat' dir='ltr'><strong>ab</strong></span> <span class='ocrx_word' id='word_1_949' title='bbox 2437 5331 2538 5384; x_wconf 88' lang='lat' dir='ltr'><strong>hac</strong></span> <span class='ocrx_word' id='word_1_950' title='bbox 2564 5342 2682 5384; x_wconf 82' lang='lat' dir='ltr'><strong>eam</strong></span> <span class='ocrx_word' id='word_1_951' title='bbox 2709 5330 3086 5385; x_wconf 84' lang='lat' dir='ltr'><strong>tantummodo</strong></span> <span class='ocrx_word' id='word_1_952' title='bbox 3118 5329 3313 5398; x_wconf 75' lang='lat' dir='ltr'><strong>injuria</strong></span> <span class='ocrx_word' id='word_1_953' title='bbox 3349 5328 3526 5382; x_wconf 87' lang='lat' dir='ltr'><strong>vindi-</strong></span> 
     </span>
    </p>
   </div>
   <div class='ocr_carea' id='block_1_116' title="bbox 1949 5416 3528 5498">
    <p class='ocr_par' dir='ltr' id='par_1_116' title="bbox 1949 5416 3528 5498">
     <span class='ocr_line' id='line_1_118' title="bbox 1949 5416 3528 5498; baseline -0.013 -6"><span class='ocrx_word' id='word_1_954' title='bbox 1949 5447 2158 5498; x_wconf 91' lang='lat' dir='ltr'><strong>camus,</strong></span> <span class='ocrx_word' id='word_1_955' title='bbox 2205 5442 2275 5482; x_wconf 90' lang='lat' dir='ltr'><strong>ne</strong></span> <span class='ocrx_word' id='word_1_956' title='bbox 2301 5423 2421 5494; x_wconf 85' lang='lat' dir='ltr'><strong>ejus</strong></span> <span class='ocrx_word' id='word_1_957' title='bbox 2451 5423 2583 5476; x_wconf 89' lang='lat' dir='ltr'><strong>vitio</strong></span> <span class='ocrx_word' id='word_1_958' title='bbox 2613 5423 2681 5476; x_wconf 88' lang='lat' dir='ltr'><strong>ad</strong></span> <span class='ocrx_word' id='word_1_959' title='bbox 2719 5422 2919 5476; x_wconf 91' lang='lat' dir='ltr'><strong>malum</strong></span> <span class='ocrx_word' id='word_1_960' title='bbox 2949 5421 3233 5474; x_wconf 65' lang='lat' dir='ltr'><strong>vidi-amur</strong></span> <span class='ocrx_word' id='word_1_961' title='bbox 3275 5416 3484 5487; x_wconf 88' lang='lat' dir='ltr'><strong>impelli</strong></span> <span class='ocrx_word' id='word_1_962' title='bbox 3513 5461 3528 5486; x_wconf 89' lang='lat'><strong>,</strong></span> 
     </span>
    </p>
   </div>
   <div class='ocr_carea' id='block_1_117' title="bbox 1951 5506 3532 5596">
    <p class='ocr_par' dir='ltr' id='par_1_117' title="bbox 1951 5506 3532 5596">
     <span class='ocr_line' id='line_1_119' title="bbox 1951 5506 3532 5596; baseline -0.011 -17"><span class='ocrx_word' id='word_1_963' title='bbox 1951 5524 2043 5596; x_wconf 90' lang='lat' dir='ltr'><strong>qui</strong></span> <span class='ocrx_word' id='word_1_964' title='bbox 2071 5532 2170 5576; x_wconf 91' lang='lat' dir='ltr'><strong>nec</strong></span> <span class='ocrx_word' id='word_1_965' title='bbox 2191 5517 2391 5570; x_wconf 89' lang='lat' dir='ltr'><strong>bonum</strong></span> <span class='ocrx_word' id='word_1_966' title='bbox 2419 5509 2538 5566; x_wconf 89' lang='lat' dir='ltr'><strong>sine</strong></span> <span class='ocrx_word' id='word_1_967' title='bbox 2561 5511 2840 5565; x_wconf 89' lang='lat' dir='ltr'><strong>voluntate</strong></span> <span class='ocrx_word' id='word_1_968' title='bbox 2867 5506 3149 5570; x_wconf 74' lang='lat' dir='ltr'><strong>iaciamus,</strong></span> <span class='ocrx_word' id='word_1_969' title='bbox 3173 5521 3273 5561; x_wconf 89' lang='lat' dir='ltr'><strong>nec</strong></span> <span class='ocrx_word' id='word_1_970' title='bbox 3289 5507 3493 5563; x_wconf 90' lang='lat' dir='ltr'><strong>malum</strong></span> <span class='ocrx_word' id='word_1_971' title='bbox 3519 5527 3532 5562; x_wconf 87' lang='lat'><strong>:</strong></span> 
     </span>
    </p>
   </div>
   <div class='ocr_carea' id='block_1_118' title="bbox 1956 5598 3540 5683">
    <p class='ocr_par' dir='ltr' id='par_1_118' title="bbox 1956 5598 3540 5683">
     <span class='ocr_line' id='line_1_120' title="bbox 1956 5598 3540 5683; baseline -0.013 -12"><span class='ocrx_word' id='word_1_972' title='bbox 1956 5623 2012 5670; x_wconf 92' lang='lat' dir='ltr'><strong>et</strong></span> <span class='ocrx_word' id='word_1_973' title='bbox 2041 5611 2234 5683; x_wconf 89' lang='lat' dir='ltr'><strong>quibus</strong></span> <span class='ocrx_word' id='word_1_974' title='bbox 2261 5605 2493 5659; x_wconf 89' lang='lat' dir='ltr'><strong>liberum</strong></span> <span class='ocrx_word' id='word_1_975' title='bbox 2524 5611 2609 5658; x_wconf 86' lang='lat' dir='ltr'><strong>est</strong></span> <span class='ocrx_word' id='word_1_976' title='bbox 2635 5613 2804 5656; x_wconf 88' lang='lat' dir='ltr'><strong>untnu</strong></span> <span class='ocrx_word' id='word_1_977' title='bbox 2830 5612 3046 5666; x_wconf 87' lang='lat' dir='ltr'><strong>semper</strong></span> <span class='ocrx_word' id='word_1_978' title='bbox 3074 5601 3144 5652; x_wconf 79' lang='lat' dir='ltr'><strong>ex</strong></span> <span class='ocrx_word' id='word_1_979' title='bbox 3172 5598 3382 5654; x_wconf 86' lang='lat' dir='ltr'><strong>duobus</strong></span> <span class='ocrx_word' id='word_1_980' title='bbox 3413 5616 3540 5672; x_wconf 85' lang='lat' dir='ltr'><strong>age-</strong></span> 
     </span>
    </p>
   </div>
   <div class='ocr_carea' id='block_1_119' title="bbox 1960 5689 3547 5775">
    <p class='ocr_par' dir='ltr' id='par_1_119' title="bbox 1960 5689 3547 5775">
     <span class='ocr_line' id='line_1_121' title="bbox 1960 5689 3547 5775; baseline -0.014 -10"><span class='ocrx_word' id='word_1_981' title='bbox 1960 5724 2038 5775; x_wconf 87' lang='lat' dir='ltr'><strong>re,</strong></span> <span class='ocrx_word' id='word_1_982' title='bbox 2062 5718 2183 5762; x_wconf 86' lang='lat' dir='ltr'><strong>cum</strong></span> <span class='ocrx_word' id='word_1_983' title='bbox 2207 5711 2424 5767; x_wconf 82' lang='lat' dir='ltr'><strong>semper</strong></span> <span class='ocrx_word' id='word_1_984' title='bbox 2452 5705 2740 5764; x_wconf 85' lang='lat' dir='ltr'><strong>utrumque</strong></span> <span class='ocrx_word' id='word_1_985' title='bbox 2769 5689 3063 5761; x_wconf 88' lang='lat' dir='ltr'><strong>possimus.</strong></span> <span class='ocrx_word' id='word_1_986' title='bbox 3097 5689 3251 5748; x_wconf 85' lang='lat' dir='ltr'><strong>Unde</strong></span> <span class='ocrx_word' id='word_1_987' title='bbox 3286 5691 3432 5748; x_wconf 85' lang='lat' dir='ltr'><strong>enim</strong></span> <span class='ocrx_word' id='word_1_988' title='bbox 3453 5689 3547 5745; x_wconf 87' lang='lat' dir='ltr'><strong>alii</strong></span> 
     </span>
    </p>
   </div>
  </div>
