4000 6302
491 206 565 264 25
1524 198 1585 260 S.
1627 196 2012 257 BlERONYMl
2048 195 2338 256 OPERUM
2378 196 2744 257 MANTISSA.
3722 199 3801 258 ει

498 321 791 397 judicaturi
821 328 968 386 sunt,
1008 316 1399 389 aliijudicandi
1432 332 1446 371 :
1498 316 1604 372 nisi
1644 315 1786 386 quod
1815 316 1869 371 in
1899 315 2087 371 eadem
2117 315 2169 376 Α
2266 314 2396 371 CAP.
2434 314 2527 370 1X.
2557 347 2630 357 —-
2667 316 2733 371 Et
2763 317 3030 387 quoniam
3076 315 3413 375 sufﬁcienter
3457 315 3525 374 de
3569 316 3689 385 his,
3742 328 3802 375 ut

504 426 697 472 natura
745 414 934 484 dispar
974 412 1224 467 voluntas
1275 417 1404 466 est:
1460 418 1517 465 et
1560 408 1687 479 quia
1736 422 1857 462 cum
1906 420 2097 461 omnes

504 509 648 564 idem
678 505 985 578 possimus,
1037 503 1253 558 diversa
1300 498 1605 556 faciamus?
1651 498 1836 566 Itaque
1882 507 1940 552 ut
1988 496 2097 552 hoc

504 602 680 672 ipsum
730 599 932 654 clarius
976 596 1159 651 lucere
1205 595 1415 666 possit,
1449 593 1631 662 aliqua
1679 590 1931 659 exempla
1970 597 2099 645 sunt

508 691 854 763 proferenda.
904 688 1076 744 Adam
1109 687 1178 743 de
1207 684 1459 757 paradiso
1497 681 1753 753 ejicitur,
1804 680 1992 737 Enoch
2029 680 2098 737 de

504 782 715 840 mundo
758 781 987 851 rapitur.
1038 778 1093 834 In
1123 788 1353 847 utroque
1379 775 1640 830 Dominus
1669 773 1976 828 libertatem
2005 787 2096 825 ar-

504 878 654 933 bitrii
685 874 943 932 ostendit.
975 871 1047 929 Ut
1075 873 1220 927 enim
1254 869 1471 939 placere
1504 865 1678 937 patuit
1710 865 1806 920 ille
1846 864 1935 933 qui
1963 862 2099 919 deli—

502 973 620 1043 quit
653 990 665 1025 :
701 971 775 1025 ita
801 968 975 1039 potuit
1006 978 1239 1036 peccare
1282 963 1385 1017 iste
1422 961 1512 1032 qui
1546 958 1767 1031 placuit.
1797 956 1915 1013 Non
1954 957 2099 1013 enim

508 1081 537 1119 a
555 1065 707 1134 justo
735 1063 850 1116 Deo
881 1070 975 1115 aut
1002 1058 1094 1114 ille
1124 1055 1305 1128 puniri
1338 1054 1649 1120 meruisset,
1678 1063 1772 1107 aut
1802 1051 1891 1106 hic
1923 1050 2052 1121 eligi
2086 1068 2099 1107 :

506 1156 612 1211 nisi
648 1165 880 1224 uterque
930 1160 1221 1220 utrumque
1272 1147 1561 1218 potuisset.
1610 1144 1727 1199 lloc
1765 1143 1833 1200 de
1874 1142 2007 1198 Cain
2047 1150 2106 1198 et

507 1246 643 1303 Abel
679 1242 959 1308 fratribus,
994 1242 1100 1296 hoc
1130 1242 1300 1296 etiam
1332 1238 1399 1293 de
1425 1238 1594 1293 Jacob
1616 1244 1672 1290 et
1696 1236 1838 1290 Esau
1868 1234 2104 1304 geminis

506 1336 919 1407 intelligendum
971 1344 1077 1388 est.
1114 1337 1193 1387 Ac
1246 1328 1529 1385 sciendum
1574 1327 1746 1383 solam
1804 1325 2108 1381 voluntatis

508 1446 731 1489 causam
764 1444 914 1497 esse,
949 1442 1073 1481 cum
1115 1427 1169 1480 in
1200 1424 1391 1480 eadem
1420 1430 1617 1478 natura
1649 1420 1843 1475 merita
1889 1419 2107 1475 diversa

506 1529 637 1584 sint.
676 1525 1017 1580 Exstinctum
1053 1520 1289 1593 peccatis
1315 1520 1429 1574 suis
1452 1518 1660 1573 diluvio
1683 1516 1968 1579 mundum,
1994 1514 2108 1571 Noe

507 1623 688 1693 justus
709 1619 1007 1689 redarguit,
1039 1626 1096 1671 et
1117 1616 1479 1673 Sodomorum
1506 1612 1738 1667 crimina
1768 1609 1871 1665 Lot
1897 1609 2107 1664 sancti-

2200 417 2329 479 puto
2355 452 2369 477 ,
2405 408 2641 463 diximus
2677 426 2689 462 :
2743 424 2886 465 nunc
2918 410 3266 466 instituamus
3305 411 3600 481 perfectam
3629 412 3803 484 virgi-

2201 518 2346 566 nem,
2381 517 2501 571 qute
2544 518 2609 557 ex
2656 512 2887 573 utroque
2934 518 3153 573 semper
3204 518 3459 571 accensa,
3490 513 3546 561 et
3593 513 3801 561 naturae

2200 593 2360 648 simul
2390 602 2445 649 et
2496 593 2681 666 gratize
2714 595 2913 650 bonum
2959 611 3172 651 morum
3219 599 3511 652 sanctitate
3545 607 3795 653 testetur.

2204 684 2385 739 Prima
2414 685 2578 755 igitur
2605 687 2831 758 virginis
2862 702 3013 756 cura,
3049 688 3393 759 primumque
3420 690 3663 745 studium
3689 690 3799 758 sit,

2200 776 2341 855 scire
2364 777 2696 834 voluntatem
2722 778 2931 834 Domini
2954 780 3059 847 sui,
3086 789 3141 834 et
3165 779 3294 851 quid
3317 780 3365 835 ei
3389 780 3618 852 placeat,
3648 784 3805 852 quid-

2202 883 2271 923 ve
2318 867 2638 939 displiceat,
2694 870 2985 941 diligenter
3028 871 3334 943 inquirere,
3386 882 3443 928 ut
3500 874 3804 930 secundum

2204 962 2533 1032 Apostolum
2580 964 2894 1019 rationabile
2918 965 3031 1021 Deo
3071 965 3267 1021 reddat
3317 966 3647 1040 obsequium(
3663 966 3804 1022 Ibid.

2202 1071 2299 1121 xu,
2334 1054 2398 1127 l)
2431 1074 2443 1112 :
2477 1065 2762 1128 totumque
2793 1059 2919 1113 vita:
2964 1074 3074 1114 suo
3103 1074 3323 1116 cursum
3356 1076 3424 1117 ex
3472 1062 3593 1133 ejus
3635 1063 3807 1133 possit

2206 1147 2465 1203 ordinare
2511 1150 2804 1205 sententia.
2845 1149 3186 1221 [inpossibile
3229 1161 3313 1207 est
3350 1153 3499 1208 enim
3530 1155 3578 1209 ei
3610 1170 3807 1225 quem-

2208 1255 2374 1311 quam
2412 1240 2661 1311 placere,
2696 1241 2781 1297 cui
2814 1244 2942 1313 quid
2991 1243 3237 1311 placeat,
3286 1244 3500 1316 ignorat
3530 1263 3543 1299 :
3578 1246 3809 1317 ﬁerique

2211 1339 2410 1400 potest,
2442 1342 2502 1387 ut
2528 1332 2692 1387 etiam
2726 1333 3065 1404 obsequendi
3095 1344 3226 1391 voto
3268 1336 3527 1405 oﬁ'eudat,
3557 1337 3645 1393 cui
3671 1354 3810 1408 quo-

2211 1422 2376 1478 modo
2408 1424 2636 1494 obsequi
2658 1423 2875 1493 debeat,
2904 1433 3031 1482 ante
3060 1442 3165 1482 non
3200 1427 3411 1483 didicit.
3442 1430 3508 1484 Et
3545 1438 3605 1484 ut
3632 1430 3808 1499 majus

2211 1523 2334 1579 est,
2378 1515 2719 1571 voluntatem
2764 1517 2978 1573 Domini
3039 1517 3220 1575 facere
3263 1534 3426 1590 quam
3483 1535 3645 1577 nosse
3686 1540 3698 1574 :
3734 1522 3809 1577 ita

2214 1608 2365 1677 prius
2410 1618 2494 1663 est
2536 1623 2735 1677 nosse,
2783 1625 2947 1680 quam
2991 1610 3193 1667 facere.
3243 1612 3375 1668 Illud
3422 1614 3567 1669 enim
3609 1616 3809 1670 merito

507 1723 594 1768 tas
614 1710 898 1782 judicavit.
930 1708 1038 1764 Nec
1070 1708 1201 1763 illud
1244 1717 1325 1762 est
1357 1720 1578 1775 parvum
1610 1712 1991 1775 argumentum
2039 1702 2104 1757 ad
2134 1703 2184 1764 B
2214 1701 2475 1770 praecedit
2505 1719 2518 1755 :
2560 1702 2665 1758 hoc
2694 1704 2910 1761 ordine.
2942 1703 3096 1761 Unde
3124 1706 3398 1776 hopheta
3428 1708 3563 1763 dicit
3589 1727 3604 1764 :
3632 1709 3698 1763 Et
3730 1719 3809 1777 tu,

506 1801 976 1874 comprobandum
1024 1810 1237 1855 natura:
1272 1798 1474 1853 bonum
1500 1838 1514 1863 ,
1544 1796 1686 1867 quod
1721 1796 1796 1851 illi
1826 1796 1984 1865 primi
2007 1794 2103 1849 ho-

512 1895 690 1951 mines
716 1909 812 1963 per
853 1901 933 1947 tot
956 1904 1223 1946 annorum
1248 1889 1420 1957 Spatia
1440 1928 1454 1953 ,
1486 1889 1694 1957 absque
1723 1887 1827 1940 ulla
1859 1886 2105 1941 admoni-

512 1988 660 2042 tione
684 1984 818 2055 legis
849 1984 1072 2039 fuerunt
1104 2002 1116 2035 :
1148 1998 1255 2037 non
1286 1981 1473 2051 utique
1502 1978 1651 2049 quod
1674 1979 1789 2034 Deo
1808 1978 2104 2050 aliquando

511 2089 777 2134 creaturze
828 2090 939 2130 sua:
970 2089 1101 2128 cura
1150 2089 1256 2128 non
1311 2071 1471 2126 fuerit
1507 2088 1521 2125 :
1550 2069 1648 2126 sed
1677 2071 1800 2140 quia
1832 2084 1894 2125 se
1942 2072 2105 2125 talem

510 2170 719 2225 sciebat
741 2168 1018 2222 hominum
1045 2164 1244 2221 fecisse
1273 2172 1550 2228 naturam,
1579 2172 1639 2217 ut
1662 2164 1740 2217 eis
1764 2176 1863 2232 pro
1893 2162 2011 2232 lege
2039 2162 2107 2218 ad

512 2261 876 2319 exercendam
923 2260 1191 2331 justitiam
1245 2259 1544 2315 sufﬁceret.
1576 2258 1822 2329 Denique
1852 2258 2107 2328 quamdiu

512 2355 830 2413 recentioris
858 2354 1036 2410 adhuc
1072 2363 1281 2409 naturae
1314 2367 1445 2408 usus
1470 2351 1646 2421 viguit
1680 2370 1691 2405 :
1724 2342 1826 2407 nec
1857 2354 2110 2407 humanae

512 2447 712 2502 rationi
737 2446 888 2502 velut
919 2444 1210 2516 quamdam
1242 2443 1528 2513 caliginem
1554 2481 1570 2507 ,
1602 2442 1794 2510 longus
1823 2456 1951 2496 usus
1982 2458 2109 2513 pec-

511 2540 673 2596 candi
721 2538 988 2607 obduxit,
1037 2539 1157 2593 sine
1206 2538 1325 2605 lege
1377 2535 1604 2590 dimissa
1652 2543 1738 2589 est
1785 2542 1995 2590 natura.
2028 2536 2112 2590 Ad

518 2649 679 2704 quam
706 2633 969 2689 Dominus
986 2631 1168 2685 nimiis
1192 2628 1303 2699 jam
1333 2628 1479 2683 vitiis
1505 2629 1779 2694 obrutam,
1806 2637 1860 2684 et
1880 2629 2114 2699 quadam

520 2724 852 2795 ignorantiae
880 2720 1136 2793 rubigine
1166 2719 1448 2787 infectam,
1483 2719 1667 2774 limam
1692 2719 1828 2791 legis
1853 2719 2112 2786 admovit,

524 2828 585 2873 ut
618 2815 778 2885 hujus
820 2812 1098 2884 frequenti
1143 2813 1517 2868 admonitione
1561 2813 1919 2883 expoliretur,
1950 2822 2005 2867 et
2048 2813 2116 2868 ad

518 2924 679 2968 suum
704 2914 891 2979 posset
920 2907 1099 2963 redire
1127 2906 1413 2977 fulgorem.
1458 2905 1645 2976 Neque
1678 2921 1805 2961 vero
1827 2906 1929 2960 alia
1960 2906 2117 2962 nobis

476 3046 479 3047 ν
523 3016 688 3061 causa
715 2999 1092 3055 difﬁcultatem
1124 2999 1265 3057 bene
1288 2999 1521 3054 faciendi
1556 2999 1651 3070 [At
1680 2997 1931 3070 videndi]
1962 2998 2111 3064 facit,

2208 1791 2411 1861 Israel,
2444 1794 2553 1848 noli
2584 1796 2845 1867 ignorare.
2883 1797 2951 1851 Et
2983 1797 3178 1853 beatus
3204 1798 3405 1854 Paulus
3433 1816 3446 1851 :
3480 1799 3590 1866 Qui
3634 1810 3806 1854 autent

2206 1889 2445 1959 ignorat,
2477 1888 2815 1962 ignorabitur.
2849 1888 3102 1961 Idemque
3128 1889 3259 1945 alibi
3289 1909 3303 1947 :
3340 1890 3622 1962 Propterea
3652 1893 3809 1947 nolite

2208 1980 2322 2049 ﬁeri
2347 1980 2696 2051 imprudentes
2717 2022 2733 2047 ,
2767 1981 2859 2033 sed
2888 1979 3237 2051 intelligente:
3263 2022 3279 2047 ,
3308 1998 3423 2047 qua:
3468 1984 3534 2036 sit
3574 1985 3809 2039 voluntas

2210 2073 2429 2127 Domini
2451 2076 2470 2143 (
2494 2071 2695 2143 Ephes.
2723 2088 2774 2139 v,
2808 2075 2874 2128 17
2895 2086 2934 2140 ).
2961 2073 3177 2129 Initium
3204 2076 3529 2133 obedientite
3558 2090 3641 2134 est
3680 2079 3810 2150 quid

2213 2165 2583 2235 praecipiatur,
2614 2164 2759 2220 velle
2794 2178 3125 2235 cognoscere
3154 2182 3166 2219 :
3197 2176 3252 2221 et
3273 2181 3401 2237 pars
3427 2178 3513 2223 est
3560 2168 3811 2240 obsequii

2214 2257 2473 2313 didicisse
2495 2257 2626 2328 quid
2650 2255 2838 2312 facias.
2875 2257 3028 2313 Scito
3049 2258 3234 2329 itaque
3258 2258 3311 2313 in
3341 2258 3643 2330 Scripturis
3669 2260 3810 2313 divi-

2213 2350 2319 2414 nis,
2344 2363 2443 2420 per
2468 2364 2607 2419 quas
2628 2349 2777 2405 solas
2806 2358 2958 2418 potes
2984 2348 3198 2419 plenam
3230 2350 3322 2405 Dei
3353 2352 3659 2422 intelligere
3700 2366 3805 2405 vo-

2216 2440 2506 2510 luntatem,
2538 2440 2819 2511 prohiberi
2846 2440 3117 2511 qutedam,
3151 2441 3380 2499 concedi
3412 2442 3591 2514 aliqua
3622 2489 3635 2513 ,
3679 2458 3815 2498 non-

2217 2534 2360 2588 nulla
2382 2532 2618 2587 suaderi.
2644 2532 3010 2587 Probibentur
3033 2533 3195 2599 mala,
3218 2534 3612 2605 prmcipiuntur
3633 2536 3771 2591 bona
3800 2552 3813 2590 :

2216 2624 2594 2705 conceduntur
2618 2624 2792 2679 media
2815 2666 2831 2691 ,
2880 2624 3119 2695 perfecta
3148 2627 3468 2683 suadentur.
3516 2626 3572 2681 ln
3605 2626 3817 2683 duobus

2220 2718 2329 2775 illis
2361 2734 2482 2790 qua:
2505 2717 2673 2789 priori
2704 2718 2825 2774 loco
2851 2730 3000 2789 sunt,
3039 2731 3317 2791 peccatum
3349 2736 3512 2778 omne
3537 2722 3821 2777 concludi-

2219 2820 2309 2865 tur
2343 2829 2357 2867 :
2392 2812 2446 2866 in
2485 2820 2717 2882 utroque
2758 2812 2905 2867 enim
2938 2813 3031 2868 Dei
3064 2816 3377 2871 continetur
3412 2816 3723 2887 imperium.
3751 2817 3819 2872 Et

2220 2918 2328 2958 non
2356 2902 2535 2958 solum
2569 2904 2868 2974 praecipere
2888 2944 2905 2971 ,
2932 2903 3029 2960 sed
3067 2914 3125 2961 et
3164 2906 3457 2977 prohibere
3488 2909 3662 2978 ipsum
3690 2950 3703 2974 ,
3734 2910 3821 2979 ju-

2220 2994 2399 3050 bentis
2430 3006 2533 3051 est.
2577 2995 2927 3052 Generaliter
2966 3012 3199 3068 namque
3241 2998 3495 3054 omnibus
3527 3000 3823 3056 mandatur

524 3107 687 3165 quam
718 3093 876 3164 longa
905 3091 1248 3147 consuetudo
1273 3090 1556 3157 vitiorum,
1583 3106 1703 3161 qua:
1731 3104 1831 3146 nos
1855 3090 2044 3146 infecit
2086 3107 2115 3146 a
2145 3083 2194 3148 C
2218 3087 2425 3159 iustitia
2457 3106 2470 3143 :
2500 3104 2662 3161 quam
2693 3088 2945 3146 Salvator
2986 3091 3040 3146 in
3071 3092 3391 3161 Evangelia,
3431 3094 3675 3151 breviter
3700 3098 3825 3167 qui-

526 3198 696 3256 parvo
722 3201 736 3237 :
769 3182 1139 3254 paulatimque
1169 3196 1265 3252 per
1294 3183 1498 3237 multos
1523 3182 1768 3251 corrupit
1815 3197 2019 3248 annos,
2065 3192 2122 3239 et

528 3278 602 3333 ita
628 3285 812 3347 postea
840 3274 1114 3346 obligatos
1156 3273 1264 3329 sibi
1312 3282 1367 3329 et
1411 3272 1655 3330 addictos
1695 3283 1876 3341 tenet,
1908 3285 1970 3331 ut
2010 3277 2118 3332 vim

526 3367 926 3439 quodammodo
982 3366 1234 3423 videatur
1298 3365 1501 3422 habere
1555 3375 1786 3421 naturze.
1832 3368 2005 3422 Omne
2058 3366 2124 3422 il-

527 3461 619 3516 lud
665 3471 917 3531 tempus,
972 3474 1079 3531 quo
1130 3458 1461 3529 negligenter
1509 3456 1688 3513 edocti
1727 3502 1741 3527 ,
1798 3458 1852 3513 id
1908 3467 2010 3524 est,
2054 3458 2122 3515 ad

526 3554 660 3608 vitia
707 3553 905 3608 eruditi
958 3566 1145 3606 sumus
1179 3569 1190 3605 :
1226 3566 1333 3622 quo
1362 3550 1489 3605 mali
1519 3551 1686 3605 etiam
1735 3565 1860 3605 esse
1916 3551 2125 3605 studui-

530 3659 653 3701 mus
677 3689 690 3713 ,
723 3659 845 3699 cum
876 3644 943 3699 ad
974 3644 1327 3699 incitamenta
1357 3643 1613 3714 nequitiae
1633 3684 1649 3711 ,
1683 3642 1996 3699 innocentia
2028 3658 2125 3714 pro

535 3738 764 3794 stultitia
810 3737 1108 3792 duceretur
1150 3754 1163 3791 :
1209 3750 1353 3791 nunc
1408 3736 1568 3792 nobis
1622 3736 1873 3804 resistit,
1905 3749 2125 3794 contra-

531 3846 641 3901 que
669 3844 767 3885 nos
794 3830 982 3884 venit:
1006 3838 1062 3883 et
1090 3843 1285 3884 novam
1314 3828 1647 3884 voluntatem
1681 3829 1965 3900 impugnat
1996 3846 2127 3888 usus

536 3933 697 3980 vetus
728 3939 742 3989 ;
774 3931 831 3978 et
851 3920 1115 3977 miramur
1155 3936 1254 3977 cur
1280 3922 1438 3978 nobis
1465 3938 1563 3993 per
1588 3922 1758 3977 otium
1784 3934 1953 3993 atque
1981 3926 2129 3980 desi-

533 4016 653 4070 dias
684 4014 1077 4081 nescientibus,
1100 4016 1266 4070 etiam
1293 4014 1451 4085 quasi
1479 4014 1548 4068 ab
1572 4014 1680 4069 alio
1709 4016 1970 4071 sanctitas
1995 4033 2130 4073 con-

540 4088 789 4163 teratur:
822 4107 915 4177 qui
948 4106 1152 4162 nullam
1181 4105 1633 4162 consuetudinem
1677 4106 1807 4162 boni
1853 4107 2085 4163 facimus
2109 4153 2124 4178 ,

535 4224 660 4270 cum
688 4207 889 4265 malum
931 4201 1139 4259 tamdiu
1187 4199 1581 4257 didicerimus?
1629 4201 1752 4255 llaec
1800 4201 1872 4255 de
1923 4210 2129 4259 natura:

544 4309 691 4363 bono
721 4297 926 4356 cursim
949 4338 964 4364 ,
996 4294 1153 4366 quasi
1201 4294 1257 4349 in
1283 4294 1391 4349 alio
1439 4308 1607 4363 opere
1632 4291 1776 4347 dicta
1806 4291 1952 4347 siut:
1985 4294 2128 4364 quod

543 4403 671 4461 ideo
697 4416 728 4455 a
760 4396 920 4453 nobis
950 4392 1252 4449 faciendum
1280 4390 1401 4455 fuit,
1433 4398 1493 4444 ut
1524 4387 1619 4443 tibi
1651 4388 1949 4459 planiorem
1980 4389 2129 4445 viam

2223 3181 2368 3247 dem,
2402 3181 2497 3237 sed
2524 3182 2842 3252 plenissime
2864 3181 3364 3254 comprehenderis,
3388 3183 3467 3239 ait
3499 3203 3513 3239 :
3540 3185 3821 3251 Quart-um-

2224 3288 2321 3340 que
2343 3270 2497 3325 vultis
2528 3280 2585 3325 ut
2616 3272 2817 3342 faciant
2857 3271 2996 3325 robis
3026 3272 3289 3343 homines,
3320 3277 3433 3329 lucc
3460 3284 3507 3329 et
3552 3292 3639 3330 vos
3668 3280 3824 3349 facile

2223 3362 2331 3417 illis
2362 3361 2551 3434 (Matt.
2584 3375 2681 3431 vtt,
2710 3362 2812 3433 12)
2845 3380 2858 3417 :
2889 3362 2996 3418 hoc
3026 3372 3141 3432 est,
3194 3374 3251 3419 ut
3291 3365 3427 3422 nihil
3460 3366 3589 3422 mali
3624 3368 3827 3425 infera-

2226 3471 2347 3510 mus
2372 3454 2526 3520 aliis,
2555 3455 2652 3510 sed
2690 3464 3014 3525 przcstemus
3039 3470 3232 3523 omne,
3283 3458 3427 3528 quod
3466 3457 3669 3514 bonum
3696 3471 3779 3515 est
3808 3477 3823 3516 :

2227 3547 2349 3619 quia
2382 3548 2641 3603 volumus
2672 3548 2777 3603 hoc
2804 3548 2873 3604 ab
2904 3548 3028 3603 aliis
3054 3550 3109 3605 in
3142 3564 3244 3606 nos
3273 3559 3567 3623 utrumque
3587 3553 3821 3609 servati.

2228 3644 2355 3699 Haac
2402 3645 2671 3699 sententia
2704 3658 2859 3714 aequo
2883 3643 3007 3713 jure
3035 3645 3300 3716 prrecepti
3332 3646 3621 3703 universos
3652 3656 3822 3702 tenet.

2229 3737 2339 3793 Nec
2361 3737 2456 3792 ulli
2485 3736 2708 3791 omnino
2740 3736 3043 3806 transgredi
3089 3736 3237 3804 licet,
3272 3739 3412 3808 quod
3441 3740 3697 3795 omnibus
3724 3740 3828 3794 im-

2231 3843 2475 3903 peratum
2512 3839 2641 3885 est:
2676 3840 3012 3900 apertusquc
3062 3840 3411 3901 contemptus
3454 3832 3551 3887 Dei
3579 3842 3691 3899 est,
3735 3834 3823 3888 vel

2231 3926 2411 3979 facere
2444 3922 2736 3993 prohibita,
2761 3922 2845 3977 vel
2868 3922 3017 3991 jussa
3053 3939 3160 3977 uon
3197 3922 3401 3979 facere.
3427 3925 3545 3980 Duo
3578 3941 3708 3981 vero
3740 3943 3824 3982 rc-

2230 4017 2395 4087 liqua,
2418 4031 2539 4086 qua:
2564 4027 2867 4084 sequuntur
2899 4033 2913 4071 :
2945 4030 3173 4086 quorum
3194 4032 3359 4071 unum
3392 4018 3740 4085 conceditur,
3772 4029 3829 4075 et

2232 4110 2495 4164 suadetur
2521 4106 2694 4173 aliud,
2720 4106 2772 4162 in
2802 4118 2991 4163 nostra
3017 4116 3289 4178 potestate
3313 4108 3543 4164 dimissa
3576 4121 3707 4165 sunt
3732 4130 3742 4164 :
3771 4121 3828 4166 ut

2230 4212 2326 4259 aut
2350 4218 2471 4260 cum
2504 4200 2701 4258 minori
2725 4201 2898 4272 gloria
2926 4203 3205 4259 concessis
3228 4213 3468 4271 utamur,
3492 4214 3586 4260 aut
3615 4204 3685 4260 ob
3716 4222 3828 4259 ma-

2229 4300 2319 4369 jus
2355 4295 2639 4369 prmmium
2677 4294 2840 4349 etiam
2871 4308 2934 4349 ea
2956 4336 2972 4362 ,
3013 4310 3137 4366 qua:
3167 4296 3327 4351 nobis
3355 4296 3618 4366 permissa
3658 4306 3825 4363 sunt,

2236 4401 2579 4459 respuamus.
2608 4384 2992 4443 Conceduntur
3034 4387 3253 4458 quidem
3287 4388 3490 4459 nuptiae
3514 4429 3531 4457 ,
3575 4389 3827 4445 carnium

533 4503 601 4559 ad
619 4495 914 4570 perlectam
931 4490 1199 4561 justitiam
1224 4497 1617 4550 sterneremus,
1640 4498 1799 4554 quam
1825 4498 1893 4539 eo
1914 4483 2125 4541 facilius
2154 4475 2212 4538 D
2242 4500 2369 4541 usus
2395 4494 2451 4540 et
2483 4484 2591 4538 vini
2627 4499 2641 4539 :
2684 4483 2780 4538 sed
2808 4482 2998 4537 horum
3031 4482 3278 4537 omnium
3312 4482 3665 4547 abstinentia,
3697 4497 3829 4539 con-

539 4608 765 4658 currere
796 4586 997 4661 possis,
1026 4597 1138 4654 quo
1171 4581 1227 4635 in
1249 4594 1311 4635 ea
1345 4578 1479 4633 nihil
1505 4592 1781 4648 asperum,
1815 4577 1950 4632 nihil
1982 4579 2127 4634 inac-

536 4686 791 4751 cessibile
822 4694 941 4736 esse
969 4672 1310 4745 cognoveris.
1341 4668 1477 4724 Nam
1503 4668 1548 4724 si
1577 4669 1742 4724 etiam
1777 4678 1904 4724 ante
1928 4670 2123 4741 legem,

538 4794 596 4841 ut
623 4782 884 4845 diximus,
915 4784 971 4830 et
1000 4771 1172 4827 multo
1202 4775 1332 4821 ante
1363 4762 1577 4819 Domini
1609 4762 1780 4817 nostri
1828 4760 2127 4819 Salvatoris

545 4880 835 4935 adventum
864 4871 1014 4941 juste
1040 4864 1260 4937 quidam
1291 4861 1500 4917 vixisse
1529 4870 1787 4917 etsanctc
1815 4864 2129 4924 refcrantur

540 4970 660 5044 [Αἰ.
694 4960 1036 5032 referuntur]
1066 4981 1079 5016 :
1114 4966 1319 5028 quanto
1344 4953 1518 5025 magis
1552 4964 1672 5023 post
1707 4954 2128 5017 illustratiouem

542 5064 808 5119 adventus
837 5056 973 5123 ejus,
1008 5068 1104 5107 uos
1134 5053 1187 5107 id
1221 5065 1379 5121 posse
1402 5048 1735 5105 credendum
1769 5062 1872 5119 est,
1905 5055 1995 5125 qui
2042 5056 2128 5110 in-

540 5154 734 5213 structi
762 5167 856 5222 per
885 5148 1084 5203 Christi
1103 5147 1354 5217 gratiam,
1386 5156 1439 5201 et
1466 5147 1520 5200 in
1542 5147 1823 5202 meliorem
1850 5149 2127 5204 hominem

538 5247 714 5307 renati
746 5256 933 5298 smnus
962 5257 975 5294 :
1011 5240 1102 5310 qui
1125 5240 1390 5310 sanguine
1409 5240 1527 5309 ejus
1554 5240 1752 5309 expiati
1785 5250 1949 5309 atque
1976 5257 2131 5296 mun-

539 5343 673 5408 dati,
707 5339 960 5408 illiusque
980 5333 1235 5403 exemplo
1267 5332 1333 5387 ad
1374 5333 1667 5402 perfectam
1692 5333 1957 5403 justitiam
1990 5336 2128 5390 inci-

538 5437 631 5493 tati
658 5479 671 5502 ,
726 5429 983 5488 meliores
1020 5428 1126 5482 illis
1164 5440 1288 5481 esse
1335 5425 1626 5490 debemus,
1676 5425 1769 5496 qui
1797 5436 1925 5482 ante
1955 5426 2127 5498 legem

536 5529 760 5585 fuerunt
795 5542 805 5576 :
839 5521 1092 5577 meliores
1118 5521 1281 5575 etiam
1314 5532 1474 5588 quam
1504 5516 1720 5572 fuerunt
1743 5517 1844 5572 sub
1874 5519 2019 5588 lege,
2046 5518 2131 5573 di-

535 5628 691 5674 cente
704 5613 963 5685 Apostolo
981 5630 992 5664 :
1014 5610 1285 5665 Peccatum
1300 5610 1349 5662 in
1366 5607 1502 5662 vobis
1516 5608 1630 5676 jam
1649 5624 1747 5662 non
1760 5608 2125 5664 dominabitur.

534 5711 655 5765 Non
680 5708 812 5766 enim
837 5706 957 5762 estis
981 5703 1072 5759 sub
1100 5702 1227 5772 lege,
1256 5700 1344 5755 sed
1371 5700 1463 5755 sub
1485 5700 1652 5769 gratia
1676 5700 1853 5773 (Rom.
1888 5717 1962 5771 vt,
2000 5701 2124 5774 14).

2235 4584 2359 4641 silio
2391 4578 2723 4653 perfectiora
2754 4577 3039 4634 suadetur.
3081 4576 3164 4632 Ad
3206 4577 3532 4649 virginitatis
3562 4577 3827 4634 honorem

2234 4681 2477 4759 pertinet
2500 4675 2717 4732 licentia
2752 4673 3105 4743 nuptiarum:
3139 4680 3196 4727 et
3216 4684 3464 4727 escarum
3497 4670 3827 4741 indulgentia

2237 4778 2490 4833 virtutem
2514 4766 2863 4825 abstinentia:
2888 4763 3176 4819 clariorem
3209 4762 3361 4819 facit.
3397 4765 3784 4835 Contempsisti
3811 4807 3825 4833 ,

2236 4872 2416 4939 virgo,
2443 4861 2754 4935 conjugium
2777 4858 2987 4915 licitum
3020 4858 3139 4926 tibi,
3166 4857 3479 4928 priusquam
3503 4866 3826 4914 contemne.

2236 4976 2408 5017 retur.
2437 4956 2655 5027 Majoris
2703 4952 2913 5025 praemii
2947 4967 3132 5007 amore
3158 4950 3428 5021 ﬂagrans,
3469 4949 3672 5005 vovisti
3720 4951 3829 5006 Deo

2238 5070 2345 5109 non
2376 5054 2721 5117 imperatam,
2748 5046 2843 5101 sed
2868 5043 3139 5098 laudatam
3167 5041 3538 5112 virginitatem
3573 5060 3585 5096 :
3618 5053 3670 5097 et
3694 5058 3829 5097 con-

2238 5148 2362 5203 silio
2384 5142 2667 5214 Apostoli,
2717 5140 2896 5210 legem
2931 5147 3076 5192 tuam
3122 5135 3297 5190 fecisti
3331 5135 3603 5190 latiorem.
3642 5132 3829 5190 Certa-

2238 5242 2403 5298 minis
2437 5241 2683 5308 ingressa
2714 5247 3006 5303 campum:
3038 5246 3145 5286 non
3179 5238 3286 5284 tam
3320 5228 3560 5284 laborem
3592 5242 3782 5285 cursus
3809 5270 3825 5296 ,

2234 5350 2395 5407 quam
2435 5331 2681 5387 bravium
2711 5325 2960 5382 victoria:
2987 5323 3256 5396 cogitasti.
3304 5322 3570 5393 chcras,
3620 5324 3785 5377 credo
3808 5364 3822 5388 ,

2234 5425 2369 5483 illud
2391 5421 2764 5493 evangelicum
2794 5418 2863 5473 de
2896 5425 3154 5488 perpetua
3179 5414 3430 5469 castitate
3458 5412 3824 5483 pra-conium:

2235 5525 2291 5574 et
2314 5516 2485 5585 ipsius
2519 5521 2571 5568 te
2611 5509 2825 5566 Domini
2847 5522 3031 5563 sermo
3054 5505 3121 5559 ad
3145 5518 3388 5559 amorem
3415 5503 3700 5559 servanda:
3721 5504 3831 5558 vir-

2231 5609 2472 5681 ginitatis
2498 5602 2848 5666 accenderat,
2871 5600 2961 5669 qui
2991 5596 3141 5653 Petri
3162 5609 3329 5663 super
3352 5594 3454 5650 hoc
3476 5594 3826 5658 sententiam.

2233 5702 2350 5773 ipsa
2378 5700 2461 5759 rei
2490 5692 2862 5765 magnitudine
2890 5705 2953 5746 ac
2984 5686 3312 5744 difﬁcultate
3338 5687 3580 5744 laudavi:
3606 5704 3620 5741 ;
3654 5695 3707 5743 et
3734 5702 3833 5742 vo-
