4000 6372
229 315 302 373 23
1200 313 1477 374 PELAGll
1516 314 1608 372 AD
1648 315 2156 375 DEMETRIADEM
2196 317 2560 380 EPISTOLA.
3458 327 3531 387 26

230 430 480 489 luntariis
522 430 853 504 spadonibus
879 444 1102 502 regnum
1134 430 1400 487 (telorum
1445 429 1772 501 promittens
1799 475 1814 501 ,
1845 434 1893 493 Α
1923 430 2041 501 ipse
2070 432 2148 486 ait
2174 450 2186 484 :
2215 431 2371 487 Multi
2400 435 2571 489 dicent
2603 433 2734 489 mihi
2778 436 2831 491 in
2858 436 2952 493 illa
2981 436 3064 494 die
3090 452 3107 493 :
3143 436 3388 507 Domine,
3422 438 3534 497 Do.

228 528 335 583 ait:
362 528 464 596 Qui
490 537 655 600 potest
680 544 884 600 capere,
909 527 1081 596 capiat
1111 526 1345 599 (Matth.
1374 542 1488 594 xu,
1522 523 1638 596 12).
1684 525 1817 580 Rem
1926 527 2084 592 mine,
2114 542 2282 582 nonne
2307 529 2360 582 in
2388 531 2593 584 nomine
2637 539 2725 585 tuo
2757 531 3018 587 da’monia
3061 535 3352 607 cjecimus.’
3391 544 3439 589 et
3474 537 3533 591 in

229 619 415 690 itaque
438 630 545 674 tam
573 634 818 691 magnam
852 635 960 675 non
989 619 1200 689 impero
1224 660 1238 685 ,
1284 634 1391 675 non
1427 620 1674 688 impono,
1718 617 1816 673 sed
1926 619 2131 673 nomine
2159 629 2247 674 tuo
2272 621 2481 677 virtutes
2508 623 2697 678 multas
2730 626 2985 696 fecimus?
3004 636 3053 681 et
3103 636 3224 682 tunc
3249 630 3531 699 conﬁtebor

226 710 419 767 olfero.
442 710 628 782 Neque
656 727 985 783 quemquam
1011 710 1077 767 ad
1108 712 1213 766 hoc
1241 725 1401 781 cogo,
1432 708 1528 767 sed
1558 722 1819 780 provoco.

224 805 564 875 Quamquam
588 805 660 861 de
680 806 815 862 viris
830 814 1037 861 tantum
1052 821 1254 861 sonare
1267 805 1543 871 videatur,
1558 818 1666 858 non
1689 802 1824 858 solis

225 907 406 968 tamen
438 898 573 954 viris
600 898 829 965 dicitur,
861 899 957 955 sed
986 899 1215 969 aequalis
1238 898 1458 969 utrique
1486 896 1641 953 sexui
1659 895 1827 967 virgi-

222 989 415 1045 nitatis
442 990 619 1059 palma
644 989 1002 1060 promittitur.
1029 990 1094 1045 Et
1123 988 1419 1060 Apostolus
1441 987 1508 1044 de
1524 988 1826 1057 virginibus

223 1090 570 1151 prmceptum
617 1081 837 1151 quidem
886 1095 949 1136 se
998 1080 1130 1137 dicit
1188 1095 1297 1137 non
1350 1080 1555 1137 habere
1610 1080 1826 1136 Domini

225 1175 345 1247 [ΑΙ.
382 1172 529 1244 Dei],
556 1175 653 1230 sed
676 1174 769 1230 dat
797 1173 1109 1230 consilium.
1142 1174 1288 1229 Dicit
1316 1175 1532 1244 itaque:
1557 1171 1636 1225 An
1662 1188 1825 1242 expe-

227 1270 503 1320 rimentum
530 1266 765 1335 quaeritis
803 1269 953 1337 ejus,
997 1266 1087 1336 qui
1117 1266 1170 1318 in
1208 1276 1288 1317 me
1329 1262 1559 1334 loquitur
1586 1259 1825 1319 Christus

226 1359 295 1431 (11
326 1360 446 1415 Cor.
477 1366 604 1428 xm,
632 1360 734 1427 5)?

294 1448 424 1504 CAP.
478 1449 1009 1507 X.—Perfectionis
1055 1449 1218 1521 igitur
1266 1457 1459 1505 secuta
1505 1446 1818 1515 consilium,

222 1541 611 1598 beatitudinem
638 1542 895 1613 specialis
920 1534 1175 1614 aggressa
1203 1541 1494 1612 propositi,
1541 1554 1697 1595 serva
1724 1555 1820 1611 ge-

223 1634 407 1690 nerale
451 1636 787 1691 mandatum.
835 1635 993 1701 Dixi,
1031 1634 1282 1703 idemque
1326 1648 1471 1688 nunc
1516 1638 1723 1702 repeto.
1768 1630 1822 1686 In

219 1743 386 1783 causa
409 1728 638 1799 justitite
662 1742 857 1783 omnes
884 1742 1052 1783 unum
1085 1726 1353 1782 debemus
1386 1741 1401 1779 :
1429 1724 1601 1795 virgo,
1637 1723 1819 1786 vidua,

1923 711 2031 767 illis
2056 728 2072 766 :
2100 713 2262 768 Amen
2284 715 2398 770 dico
2427 717 2586 787 vobis,
2618 719 2791 774 nescio
2823 735 2934 786 vos,
2965 720 3211 776 discedite
3237 741 3270 777 a
3300 741 3381 779 me
3412 742 3527 779 om-

1926 822 2038 871 nes,
2078 807 2167 877 qui
2195 810 2478 878 aperantini
2516 811 2841 882 iniquitatem
2872 811 3045 886 (Luc.
3086 831 3202 881 xm,
3248 817 3343 884 26,
3388 818 3524 891 27).

1927 896 2051 953 Tibi
2079 914 2209 954 vero
2231 900 2390 971 longe
2420 912 2505 957 est
2531 903 2633 958 alia
2656 906 2740 959 via
2773 906 3212 977 ingrediendum,
3243 926 3387 981 quat,
3417 926 3523 967 sm-

1928 989 2037 1044 euli
2066 1005 2256 1048 amore
2284 991 2515 1059 calcato,
2539 1010 2757 1067 semper
2783 998 3075 1069 cogitando
3101 1016 3224 1072 qua:
3248 1001 3345 1057 Dei
3368 1012 3518 1068 sunt,

1930 1080 2287 1151 apostolicam
2320 1094 2372 1140 te
2400 1086 2665 1144 exhibere
2708 1089 2789 1145 vis
2816 1090 3103 1161 virginem,
3132 1109 3253 1164 quae
3280 1103 3387 1149 tam
3414 1097 3529 1166 spi-

1930 1176 2033 1230 ritu
2075 1186 2264 1233 sancta
2305 1192 2469 1247 quam
2515 1194 2767 1251 corpore,
2817 1186 3029 1243 Domini
3063 1191 3395 1257 praestolaris
3430 1192 3526 1247 ad-

1926 1276 2148 1322 ventum
2173 1285 2187 1322 :
2210 1278 2263 1322 et
2301 1271 2499 1325 anima:
2532 1280 2640 1327 tua:
2671 1273 2929 1346 lampadi,
2959 1289 3275 1335 sanctorum
3319 1281 3523 1353 jugiter

1924 1372 2147 1428 operum
2179 1359 2416 1417 infundis
2448 1362 2650 1433 oleum,
2683 1376 2739 1421 et
2766 1367 3105 1438 sapientibus
3130 1370 3319 1441 juncta
3352 1374 3521 1446 virgi-

1926 1448 2103 1517 nibus,
2138 1450 2190 1504 iu
2230 1450 2420 1521 sponsi
2458 1452 2671 1508 obviam
2702 1458 3049 1527 praepararis.
3100 1460 3377 1533 Fugieuda
3426 1466 3524 1522 tibi

1927 1541 2037 1599 lata
2068 1542 2159 1598 illa
2188 1544 2275 1600 via
2299 1554 2404 1611 est,
2430 1561 2590 1615 quam
2619 1548 2912 1604 multorum
2940 1550 3006 1606 ad
3029 1564 3257 1609 mortem
3282 1557 3526 1613 euntium

1926 1639 2216 1693 comitatus
2247 1639 2393 1695 terit.
2428 1640 2495 1695 Et
2522 1642 2588 1695 ad
2618 1643 2782 1698 vitam
2816 1652 3103 1713 aeternam,
3130 1651 3342 1720 angusti
3377 1652 3527 1707 illius

1927 1727 2158 1798 itineris,
2204 1729 2346 1799 quod
2387 1732 2540 1801 pauci
2576 1735 2877 1803 reperiunt,
2926 1737 3083 1794 callis
3123 1742 3389 1797 tenendus
3419 1755 3523 1799 cst.

222 1827 411 1889 nupta,
442 1834 711 1885 summus,
746 1819 982 1886 medius,
1020 1832 1075 1874 et
1110 1819 1252 1873 imus
1277 1816 1500 1887 gradus,
1538 1815 1815 1884 aequaliter

1928 1821 2229 1890 Deposuisti
2255 1821 2366 1892 jam
2398 1824 2782 1892 impedimenta
2814 1828 2900 1882 vel
2952 1831 3211 1897 maxima,
3258 1842 3313 1888 et
3360 1850 3523 1893 omne

106 1910 115 1915 ’
214 1913 475 1983 jubentur
505 1914 734 1985 implere
763 1922 1057 1984 praecepta.
1086 1911 1197 1967 Nec
1224 1928 1254 1966 a
1284 1911 1403 1981 lege
1432 1909 1686 1973 solvitur,
1730 1909 1821 1979 qui

219 2021 384 2074 supra
416 2006 589 2078 legem
623 2008 803 2061 facere
837 2005 1110 2076 proponit.
1148 2004 1462 2072 Quinimmo
1494 2001 1677 2057 nullus
1707 2016 1823 2056 ma-

219 2101 306 2170 gis
344 2098 531 2155 illicita
575 2100 749 2155 vitare
775 2098 959 2166 debet,
988 2112 1148 2169 quam
1181 2098 1271 2168 qui
1311 2096 1519 2167 respuit
1544 2110 1666 2166 quas
1691 2094 1823 2150 lice-

220 2193 374 2247 bant.
420 2191 528 2248 Nec
582 2191 867 2263 quisquam
918 2192 991 2246 ita
1031 2206 1059 2244 a
1106 2206 1167 2246 se
1218 2189 1471 2245 mandata
1530 2187 1821 2259 pollicetur

218 2285 512 2356 implenda,
542 2295 602 2341 ut
630 2286 724 2341 ille
753 2286 847 2356 qui
876 2300 1062 2339 amore
1090 2283 1439 2355 perfectionis
1466 2297 1631 2353 supra
1664 2297 1819 2337 man~

215 2379 346 2435 data
375 2381 720 2447 conscendit,
743 2390 801 2436 et
825 2379 952 2434 dum
976 2380 1206 2449 amplius
1234 2378 1427 2435 statuit
1455 2379 1634 2434 facere
1655 2393 1816 2449 quam

218 2480 557 2542 praeceptum
587 2480 692 2538 est,
717 2470 962 2528 ostendit
989 2472 1173 2527 minus
1202 2470 1306 2525 sibi
1338 2480 1673 2540 prmeeptum
1695 2484 1818 2526 esse

215 2579 385 2634 quam
414 2565 675 2634 potuerit.
706 2564 918 2620 Deinde
948 2565 1041 2635 qui
1066 2572 1233 2618 tautae
1261 2577 1322 2618 se
1342 2577 1466 2619 esse
1495 2562 1817 2619 obedientize

215 2656 534 2727 profitetur,
560 2665 622 2712 ut
649 2657 814 2714 etiam
847 2656 1137 2712 consilium
1165 2654 1409 2710 divinum
1456 2653 1689 2709 libenter
1724 2669 1817 2708 au-

217 2747 358 2815 diat,
405 2748 678 2818 quomodo
721 2763 830 2803 non
875 2747 1037 2802 debet
1078 2746 1267 2801 audire
1302 2744 1672 2817 praeceptum?
1719 2744 1817 2799 Illa

214 2841 368 2895 enim
400 2855 489 2895 res
514 2839 799 2896 electionis
829 2838 1006 2911 [Aug.
1036 2834 1425 2909 perfectionis]
1446 2845 1554 2901 est,
1584 2835 1685 2890 ista
1718 2851 1814 2890 ne-

212 2932 508 2987 cessitatis.
542 2933 616 2987 De
652 2931 967 3002 virginitate
1003 2929 1245 2985 dicitur:
1279 2930 1381 2995 Qui
1420 2936 1583 2997 potest
1607 2943 1811 2998 capere,

211 3025 384 3095 capiat
416 3022 633 3094 (Matth.
662 3038 761 3089 vn,
795 3024 915 3095 l9).
942 3022 1019 3079 De
1044 3020 1252 3093 justitia
1279 3038 1387 3076 non
1420 3020 1615 3077 dicitur
1658 3038 1672 3075 :
1712 3020 1815 3085 Qui

212 3124 379 3189 potest
409 3119 603 3188 facere,
633 3117 812 3188 faciat.
850 3116 958 3171 Sed
1002 3116 1169 3169 omnis
1210 3114 1367 3169 arbor
1393 3129 1511 3185 qua:
1539 3124 1642 3167 non
1684 3113 1811 3183 facit

1922 1913 2184 1983 quidquid
2218 1930 2245 1968 a
2276 1915 2573 1985 spiritualis
2611 1917 2736 1973 vitae
2783 1934 2964 1987 cursu,
3004 1922 3089 1978 vel
3135 1924 3392 1995 retardat,
3439 1928 3523 1983 vel

1921 2017 2165 2073 revocat,
2191 2008 2362 2077 prima
2407 2010 2588 2064 statim
2619 2014 2978 2071 conversione
3014 2017 3212 2073 vicisti.
3247 2019 3524 2092 Respuisti

1921 2099 2157 2170 conjugii
2197 2100 2552 2170 voluptatem,
2601 2105 2937 2169 posteritatis
2980 2122 3187 2176 curam,
3237 2110 3525 2170 illecebras

1921 2192 2263 2261 deliciarum,
2307 2195 2489 2250 smculi
2530 2210 2802 2267 pompam,
2834 2198 3143 2257 divitiarum
3184 2205 3518 2275 cupidinem,

1920 2296 2123 2342 etcum
2155 2286 2325 2342 Paulo
2359 2297 2509 2357 potes
2552 2288 2734 2345 dicere
2758 2305 2773 2345 :
2800 2289 2934 2346 Mihi
2978 2296 3205 2349 mundus
3245 2299 3523 2363 cruciﬁxus

1918 2387 2013 2445 est,
2035 2388 2084 2433 et
2104 2395 2198 2450 ego
2218 2381 2410 2434 mundo
2433 2378 2587 2451 (Gal.
2611 2396 2684 2450 vr,
2716 2380 2835 2454 M).
2864 2383 3033 2454 Cujus
3060 2385 3168 2441 tale
3197 2387 3523 2460 principium

1918 2480 2023 2537 est,
2052 2468 2229 2541 qualis
2255 2470 2419 2527 debet
2443 2485 2568 2527 esse
2598 2471 2899 2542 perfectio?
2926 2472 3078 2531 Hane
3115 2476 3248 2532 milii
3278 2484 3332 2532 tu
3354 2482 3524 2535 virtu-

1919 2572 2025 2617 tem
2056 2580 2067 2617 :
2093 2561 2237 2617 hunc
2260 2563 2498 2617 animum
2527 2564 2690 2618 etiam
2723 2565 2775 2618 in
2818 2564 3043 2636 reliquis
3073 2567 3207 2624 affer
3232 2586 3248 2626 :
3269 2584 3441 2641 eaque
3470 2573 3523 2629 vi

1918 2655 2135 2722 mentis,
2166 2671 2271 2725 qua
2300 2655 2556 2710 vitiorum
2586 2655 2902 2713 occasiones
2924 2657 3205 2727 depulisti,
3231 2661 3357 2717 vitia
3376 2680 3523 2721 nunc

1918 2748 2030 2819 ipsa
2060 2762 2279 2819 respue.
2311 2747 2546 2803 Ornetur
2572 2764 2784 2804 morum
2815 2751 3107 2807 sanctitate
3130 2752 3433 2824 virginitas,
3465 2765 3523 2813 et

1918 2840 2219 2911 perfectum
2245 2841 2472 2913 gradum
2497 2842 2622 2898 vita:
2659 2842 2923 2911 perfectio
2944 2845 3329 2916 subsequatur.
3354 2849 3519 2908 Certe

1917 2933 1961 2988 si
1993 2931 2275 2988 smeularis
2314 2933 2423 2987 vita
2467 2933 2566 2988 tibi
2612 2933 2931 3002 placuisset,
2962 2934 3126 2992 dares
3169 2952 3415 3008 cperam,
3448 2957 3518 2998 ne

1916 3027 2037 3096 quis
2069 3036 2122 3081 te
2147 3026 2371 3090 divitiis,
2404 3041 2475 3082 ne
2504 3028 2625 3097 quis
2651 3028 3032 3098 corporalibus
3054 3032 3412 3100 ornamentis,
3448 3050 3518 3090 ne

1916 3117 2038 3189 quis
2080 3134 2263 3175 rerum
2304 3119 2545 3173 omnium
2592 3134 2789 3189 pompa
2817 3119 2932 3192 [ΑΙ.
2976 3121 3199 3193 copia],
3224 3132 3278 3179 et
3304 3123 3518 3181 honore

213 3210 441 3281 fructum
467 3210 679 3277 bonum,
710 3208 1001 3275 excidetur,
1031 3207 1161 3261 etin
1188 3207 1361 3279 ignem
1391 3206 1640 3261 mittetur.
1667 3203 1817 3259 Cou-
1842 3194 1892 3261 C
1920 3209 2255 3281 praecederet
2289 3228 2301 3264 :
2332 3225 2476 3266 nunc
2503 3212 2760 3281 quoniam
2811 3211 3085 3268 diversum
3126 3214 3368 3270 studium
3392 3215 3513 3287 [ΑΙ.

210 3300 394 3358 sidera
419 3341 436 3370 ,
465 3316 673 3373 qumso,
700 3311 961 3373 quantum
982 3315 1012 3354 a
1040 3300 1270 3355 consilio
1300 3298 1465 3354 distet
1495 3298 1811 3369 imperium.

212 3392 293 3448 lbi
341 3393 553 3463 aliquos
604 3393 805 3463 exeipit
847 3410 861 3448 :
908 3391 999 3448 hic
1043 3391 1373 3463 generaliter
1426 3406 1615 3446 omnes
1665 3405 1815 3447 com-

214 3484 530 3556 prehendit.
565 3483 643 3539 lui
674 3485 958 3555 prtemium
1008 3483 1283 3557 proponit,
1326 3484 1427 3538 liic'
1462 3497 1699 3553 poenam.
1733 3482 1812 3538 lbi

214 3580 415 3635 invitat
438 3589 496 3633 ut
524 3578 691 3634 facias
724 3597 738 3633 :
767 3579 855 3632 hic
887 3578 991 3635 nisi
1023 3577 1239 3646 feceris,
1270 3576 1812 3632 comminatur.“ch

214 3672 385 3742 igitur
407 3672 612 3744 optima
644 3671 856 3725 ratione
885 3670 1249 3741 distinguens,
1281 3670 1652 3725 animadverte
1681 3668 1812 3739 quid

213 3763 433 3831 offeras,
460 3763 837 3819 animadverte
861 3762 989 3834 quid
1017 3764 1241 3819 debeas.
1268 3763 1439 3818 Immo
1460 3764 1582 3833 quia
1607 3774 1815 3818 utrum-

212 3872 320 3928 que
342 3856 455 3927 jam
485 3857 677 3923 debes,
709 3866 764 3912 et
792 3855 1174 3924 virginitatem,
1205 3872 1366 3927 quam
1393 3857 1536 3911 ultro
1565 3853 1813 3911 obtulisti

218 3951 356 4015 Deo,
405 3960 463 4006 et
500 3949 762 4020 justitiam
812 3964 972 4020 quam
1023 3951 1139 4020 ipse
1194 3949 1474 4019 przecepit,
1534 3948 1812 4019 integrum

214 4054 507 4116 utrumque
539 4045 812 4114 persolve.
843 4043 944 4099 Ille
986 4058 1179 4099 servus
1232 4044 1459 4097 Domino
1492 4042 1691 4112 placet,
1720 4041 1810 4111 qui

213 4138 285 4191 ita
318 4136 523 4208 aliquid
559 4138 703 4193 ultro
726 4137 912 4209 Operis
940 4146 1182 4203 exercet,
1216 4146 1275 4191 ut
1303 4146 1483 4191 tamen
1510 4135 1677 4190 etiam
1704 4135 1811 4190 im-

211 4239 405 4301 perata
456 4229 738 4300 perficiat:
767 4229 858 4299 qui
904 4243 1015 4283 non
1055 4228 1188 4283 facit
1224 4227 1371 4282 aliud
1409 4243 1507 4297 pro
1555 4228 1684 4293 alio,
1717 4228 1812 4282 sed

211 4334 511 4392 utrumque
541 4338 555 4374 :
583 4337 681 4377 nec
713 4330 910 4389 mutat,
942 4320 1038 4376 sed
1064 4318 1212 4375 addit
1248 4319 1590 4389 obsequium.
1620 4319 1730 4374 Nec
1762 4328 1815 4375 te

208 4430 402 4471 earum
434 4415 680 4486 exempla
726 4414 1022 4484 decipiant,
1070 4430 1192 4485 quae
1242 4412 1351 4469 sibi
1395 4416 1446 4467 in
1480 4413 1595 4467 sola
1640 4411 1811 4468 casti-

211 4518 322 4562 tate
352 4506 767 4577 plautlentes,ut
788 4515 1042 4577 postsuas
1057 4506 1365 4561 voluntates
1385 4504 1543 4577 [Aug.
1563 4505 1811 4576 volupta—

212 4600 316 4672 tes]
333 4609 479 4667 eant,
502 4601 593 4655 Dei
617 4600 947 4655 voluntatem
967 4599 1245 4669 abjieiunt.
1269 4598 1399 4666 Quae
1422 4606 1697 4668 perpetua:
1723 4613 1818 4653 ca-

206 4695 408 4750 stitatis
432 4694 630 4750 bonum
648 4708 753 4747 non
771 4707 890 4747 cum
911 4692 1139 4762 justitia,
1164 4690 1258 4745 sed
1283 4704 1377 4760 pro
1394 4690 1598 4759 justitia
1618 4690 1814 4744 offerre

207 4789 424 4855 volunt,
457 4782 511 4842 et
538 4786 593 4841 in
623 4783 1068 4856 compensatione
1100 4791 1469 4854 peccatorum,
1515 4781 1803 4852 prtemium

208 4880 542 4951 virginitatis
587 4887 950 4933 aunumerant
977 4894 988 4930 :
1013 4885 1173 4945 atque
1200 4890 1300 4945 pro
1331 4874 1580 4944 prmmio,
1630 4872 1810 4943 impu-

1918 3302 2205 3359 diversitas
2235 3302 2427 3358 studiis
2456 3302 2466 3374 |
2507 3303 2778 3358 diversam
2810 3303 2975 3359 vitam
3014 3304 3292 3361 desiderat
3324 3320 3515 3372 :cura,

1918 3410 1986 3451 ne
2012 3396 2133 3466 quis
2157 3404 2210 3451 te
2232 3395 2284 3450 in
2315 3394 2456 3451 bene
2482 3394 2715 3450 vivendo
2742 3394 3086 3450 transcendat
3114 3413 3126 3449 :
3152 3411 3220 3450 ne
3248 3396 3369 3466 quis
3401 3411 3518 3450 mo-

1916 3506 2036 3545 rum
2083 3490 2371 3545 sanctitate
2419 3498 2643 3558 superet
2682 3503 2792 3543 :ne
2822 3490 2944 3557 quis
2989 3488 3085 3543 tibi
3130 3489 3181 3543 iu
3223 3490 3518 3546 virtutibus

1915 3581 2264 3653 prmferatur.
2300 3582 2366 3634 Et
2396 3580 2448 3633 in
2481 3579 2611 3648 illis,
2659 3593 2779 3648 qua:
2817 3588 2945 3633 ante
2966 3577 3225 3646 diximus,
3265 3595 3371 3634 non
3400 3590 3519 3638 erat

1917 3683 2088 3740 tuum,
2120 3683 2177 3726 ut
2206 3682 2297 3725 aut
2327 3680 2383 3724 tu
2410 3686 2602 3725 omnes
2638 3672 2912 3737 vinceres,
2944 3680 3037 3726 aut
3061 3686 3223 3726 nemo
3255 3681 3324 3728 te.
3364 3673 3513 3728 Cun-

1915 3774 2001 3821 cta
2047 3764 2191 3820 enim
2239 3763 2332 3818 illa
2377 3763 2512 3819 foris
2558 3770 2812 3833 petuntur
2854 3772 2959 3817 :ct
2996 3763 3253 3834 quidquid
3296 3764 3516 3822 aliunde

1916 3868 2193 3927 speratur,
2241 3858 2477 3911 alienum
2519 3863 2621 3911 cst.
2667 3855 2795 3911 llaec
2833 3870 2962 3911 vero
3006 3855 3058 3911 in
3111 3869 3198 3912 tua
3250 3867 3517 3929 potestate

1914 3960 2063 4019 sunt,
2092 3962 2148 4006 et
2178 3965 2305 4006 vere
2333 3950 2572 4020 propria,
2601 3964 2723 4018 qua-
2755 3964 2861 4003 non
2900 3949 3238 4005 extrinsecus
3267 3952 3514 4019 veniunt,

1915 4044 2012 4100 sed
2039 4044 2092 4098 in
2123 4043 2242 4113 ipso
2271 4041 2439 4097 corde
2466 4051 2821 4112 generantur.
2856 4040 2945 4095 Illa
2978 4045 3149 4104 enim,
3182 4058 3283 4099 nee
3311 4045 3512 4111 omnis,

1916 4137 2007 4207 qui
2026 4135 2242 4205 QUiBl'll,
2268 4132 2505 4201 invenit;
2536 4148 2636 4188 nec
2661 4132 2749 4200 qui
2779 4132 3066 4202 invenerit,
3093 4145 3513 4205 semperteuet:

1916 4226 2041 4299 quia
2081 4234 2143 4281 ut
2176 4240 2239 4281 ea
2267 4226 2643 4293 commodare,
2685 4225 2756 4280 ita
2786 4234 2840 4280 et
2870 4227 3084 4296 eripere
3120 4242 3280 4283 casus
3312 4237 3514 4299 potest.

1921 4322 2047 4376 “me
2076 4329 2257 4375 autem
2290 4326 2345 4373 et
2374 4318 2550 4372 omnis
2588 4318 2678 4388 qui
2715 4320 2930 4389 quatrit,
2961 4318 3204 4375 invenit:
3228 4328 3283 4375 et
3304 4322 3393 4390 qui
3427 4318 3515 4373 itt-

1916 4414 2149 4480 venerit,
2190 4413 2326 4484 eripi
2366 4412 2468 4468 sibi
2517 4417 2812 4483 numquam
2851 4413 3023 4469 timet.
3069 4412 3175 4468 Ista
3206 4414 3351 4469 enim
3400 4412 3517 4468 sola

1917 4506 2055 4562 bona
2096 4514 2259 4560 sunt:
2290 4521 2408 4575 qua:
2438 4505 2557 4560 sine
2583 4506 2890 4573 voluntate,
2925 4518 3026 4561 nec
3071 4505 3383 4561 invenimus
3412 4503 3516 4558 ali-

1919 4595 2156 4667 quando,
2186 4610 2286 4651 uec
2307 4595 2608 4665 perdimus.

1989 4690 2118 4745 CAP.
2152 4688 2245 4744 XI.
2261 4689 2525 4744 ——llabes
2554 4704 2685 4760 ergo
2705 4699 2758 4746 et
2779 4689 2867 4745 hic
2892 4705 2990 4759 per
3013 4703 3133 4760 qua:
3155 4687 3351 4743 merito
3373 4700 3514 4755 prcc-

1919 4783 2135 4853 ponaris
2157 4784 2299 4851 aliis,
2335 4784 2499 4838 immo
2523 4783 2610 4838 liic
2642 4786 2837 4855 magis.
2866 4782 3002 4837 Nam
3028 4779 3330 4849 corporalis
3358 4779 3515 4834 nobi-

1919 4876 2041 4931 litas
2072 4886 2232 4947 atque
2255 4878 2554 4947 epuleutia,
2589 4886 2802 4932 tuorum
2834 4873 3209 4943 intelliguntur
3239 4884 3379 4940 esse,
3406 4886 3514 4928 non

207 4975 438 5031 nitatem
492 4980 682 5044 petunt
722 4990 734 5025 :
777 4972 862 5026 vel
912 4978 1062 5027 certe
1114 4969 1500 5039 impudentiori
1553 4967 1806 5022 vecordia
1835 4992 1892 5055 ι)
1920 4985 2027 5030 tua,
2072 4972 2396 5045 spirituales
2427 4986 2557 5026 vero
2585 4970 2806 5025 divitias
2835 4967 3015 5022 nullus
3057 4966 3172 5032 tibi,
3208 4976 3408 5037 prmter
3437 4978 3512 5038 te,

205 5068 552 5127 coronandas
583 5081 705 5123 esse
750 5080 809 5121 se
840 5075 1055 5136 putant,
1110 5074 1165 5119 ct
1217 5064 1270 5118 in
1324 5079 1494 5134 regno
1543 5062 1811 5118 caelorum

208 5162 426 5219 exteris
459 5159 847 5231 perferendas,
892 5174 1013 5229 qua:
1058 5157 1162 5213 sibi
1214 5158 1595 5212 mandatorum
1629 5167 1811 5211 trans-

206 5256 498 5327 gressione
529 5251 735 5306 aditum
764 5250 1010 5306 clausere
1050 5250 1199 5320 regni
1233 5248 1517 5304 emlorum.
1554 5247 1675 5301 Non
1705 5264 1814 5301 om-

208 5350 312 5414 nis,
337 5346 587 5402 Christus
617 5341 812 5413 inquit,
846 5344 935 5412 qui
963 5343 1085 5395 dicit
1118 5340 1264 5407 mihi,
1294 5338 1540 5406 Domine,
1570 5339 1809 5407 Domine,

209 5440 423 5495 intrabit
456 5440 509 5492 in
543 5452 759 5510 regnum
790 5435 1037 5491 calorum
1066 5451 1084 5490 :
1110 5436 1201 5490 sed
1223 5435 1312 5501 qui
1337 5435 1462 5504 facit
1490 5434 1811 5490 voluntatem

211 5532 394 5586 Patris
414 5532 537 5598 mei,
561 5530 726 5603 quiin
750 5529 890 5584 cretis
909 5538 1003 5595 est,
1036 5529 1146 5599 ipse
1166 5528 1376 5583 intrabit
1396 5528 1450 5583 in
1472 5545 1690 5601 regnum
1711 5546 1812 5584 σαε-
1836 5524 1841 5530 ⁴

210 5629 389 5681 lorum
419 5623 638 5694 (Matth.
673 5639 768 5691 vn,
799 5624 863 5678 21
884 5624 925 5694 ).
961 5622 1308 5679 Meminerint
1345 5623 1537 5678 stultas
1570 5624 1810 5693 virgines

210 5735 243 5774 a
277 5716 465 5787 sponsi
493 5716 670 5785 ianuis
715 5716 1087 5788 repellendas;
1128 5715 1419 5772 dicendum
1462 5718 1584 5774 eis:
1617 5717 1808 5774 Nescio

212 5826 308 5866 vos
346 5824 364 5863 :
397 5807 615 5876 lllisque
654 5808 956 5879 jungendas
997 5824 1152 5878 esse,
1202 5808 1271 5866 de
1308 5808 1503 5879 quibus
1545 5808 1808 5869 Dominus

1914 5069 2165 5124 conferre
2196 5066 2413 5135 poterit.
2445 5066 2499 5120 lu
2527 5066 2613 5118 liis
2635 5062 2908 5133 ergojure
2928 5060 3195 5118 laudanda
3223 5077 3283 5117 es
3309 5079 3323 5118 :
3351 5061 3405 5119 in
3431 5062 3515 5119 bis

1915 5160 2115 5214 merito
2136 5158 2351 5210 caeteris
2384 5153 2727 5224 pr.cferenda
2759 5167 2818 5207 es
2843 5167 2857 5203 :
2887 5166 3007 5220 qua:
3038 5152 3138 5208 nisi
3168 5168 3233 5209 ex
3271 5163 3345 5221 te,
3373 5166 3422 5209 et
3460 5154 3513 5210 in

1916 5260 1968 5307 te
1990 5263 2112 5305 esse
2143 5263 2249 5303 non
2278 5256 2530 5317 possunt.
2563 5247 2644 5301 An
2676 5244 2797 5299 sola
2829 5244 2928 5300 ista
2959 5247 3063 5302 vita
3098 5259 3204 5315 est,
3234 5263 3354 5319 qua:
3392 5263 3516 5301 cer-

1914 5354 2092 5400 tamen
2125 5357 2233 5396 non
2258 5340 2455 5395 habeat
2479 5338 2546 5394 de
2569 5336 2835 5409 profectu,
2858 5349 2908 5393 et
2934 5338 2986 5394 in
3007 5354 3111 5409 qua
3143 5338 3514 5407 unusqui~que

1917 5437 2019 5491 hoc
2053 5448 2256 5489 tantum
2284 5432 2478 5487 debeat
2519 5446 2839 5502 permanere
2867 5432 3009 5502 quod
3041 5434 3226 5503 coepit,
3275 5443 3375 5484 nec.
3400 5429 3515 5486 ullo

1915 5530 2191 5601 augmenti
2220 5525 2490 5584 desiderio
2522 5526 2587 5581 ad
2612 5526 2818 5596 majora
2849 5524 3177 5580 contendat?
3208 5521 3421 5576 Etcum
3454 5522 3509 5579 in

1914 5622 2173 5679 omnibus
2205 5619 2391 5675 mundi
2438 5619 2655 5683 studiis,
2698 5615 2938 5686 profectu
2974 5630 3078 5669 non
3110 5613 3377 5670 satientur
3410 5614 3508 5669 lio-

1911 5717 2109 5781 mines,
2143 5712 2234 5768 hic
2265 5722 2471 5770 tantum
2502 5713 2736 5783 ccepisse
2777 5706 3055 5764 sufficiet?
3097 5705 3511 5766 Ferventissimi

1912 5811 1969 5868 in
2018 5806 2275 5878 terrenis,
2328 5806 2668 5883 frigidissimi
2717 5807 2773 5867 in
2822 5803 3142 5863 cmlesubus
3188 5817 3400 5859 sumus.
3449 5803 3518 5859 Et
