3998 6198
496 157 566 214 27

1527 149 2018 221 8.,ΙΙΙΕΒΟΝῩΜΙ
2056 148 2344 210 OPERUM
2382 150 2747 209 MANTISSA.

3727 149 3803 206 28

499 286 767 329 summam
800 270 853 329 in
883 271 1048 329 rebus
1072 272 1252 345 parvis
1279 271 1598 329 exhibentes
1635 271 1998 335 alacritatem,
2030 268 2099 325 ad
2126 271 2179 333 Α
2209 270 2609 336 conversionis,
2652 280 2823 324 novus
2853 280 3070 337 semper
3124 265 3286 321 ardor
3326 265 3617 336 accendat,
3661 278 3715 323 et
3744 268 3801 323 in

504 365 712 435 majora
742 366 1123 435 torpescimus.
1160 364 1738 435 Considerare'pudet,
1770 370 2004 432 quantus
2030 361 2102 415 sit

506 458 689 513 fervor
719 458 775 512 in
805 458 1041 524 saeculo,
1070 473 1177 541 qua
1221 472 1351 512 cura
1392 456 1605 527 singula
1654 470 1880 525 qua'que
1920 442 2101 507 studia

508 551 788 607 hominum
820 549 1061 621 quotidie
1088 551 1154 605 ad
1198 552 1521 621 perfectiora
1556 550 1820 604 nitantur.
1869 547 2103 602 Littera-

507 659 631 700 rum
671 642 835 699 ardor
878 643 1028 699 nulla
1059 658 1281 714 prorsus
1318 651 1478 700 :etate
1514 641 1903 713 exstinguitur,
1936 642 2103 695 immo

512 744 898 817 (utsaacularis
938 746 1177 801 auctoris
1199 744 1652 817 utarsentontia)
1685 744 1802 815 ipsa
1835 742 2005 813 magis
2031 757 2103 797 :e-

511 859 621 905 tate
651 846 1042 903 inﬂammatur.
1076 848 1392 902 Divitiarum
1442 861 1595 901 amor
1641 844 1966 902 insatiabilis
1996 853 2100 911 est,

511 941 717 1010 expleri
767 941 939 995 nescit
980 939 1245 995 honorum
1277 939 1497 1010 cupido.
1542 938 1790 995 Celerem
1837 938 2104 993 habiturae

508 1044 599 1087 res
628 1030 814 1096 linem,
845 1031 965 1087 sine
992 1030 1099 1086 fine
1119 1040 1460 1103 quaeruntur.
1492 1030 1602 1087 Nos
1622 1031 1860 1085 divinam
1886 1030 2108 1099 sapien-

512 1126 663 1192 tiam,
703 1125 958 1180 cmlestes
994 1124 1237 1193 divitias,
1288 1124 1629 1180 immortales
1671 1122 1912 1179 honores
1954 1123 2111 1193 pigra

511 1217 746 1287 quadam
792 1216 1255 1289 dissimulatione
1276 1216 1604 1287 negligimus
1642 1231 1658 1270 :
1694 1223 1752 1271 et
1800 1213 2111 1284 spirituales

508 1308 746 1378 divitias,
768 1318 859 1363 aut
886 1323 954 1363 ne
972 1308 1289 1378 attingimus
1317 1308 1560 1378 quidem,
1589 1315 1681 1363 aut
1711 1308 1755 1363 si
1787 1307 1979 1362 leviter
2005 1306 2110 1362 de-

514 1401 935 1471 gustaverimus,
965 1400 1225 1454 continuo
1260 1413 1361 1455 nos
1401 1408 1651 1470 putamus
1693 1414 1818 1454 esse
1858 1400 2108 1453 satiatos.

517 1492 695 1547 Aliter
727 1507 826 1546 nos
868 1490 1047 1546 divina
1093 1492 1366 1563 Sapientia
1406 1492 1473 1547 ad
1514 1506 1643 1547 suas
1686 1490 2108 1561 invitatepnlas.

526 1584 625 1649 Qui
656 1583 812 1637 edunt
838 1599 940 1651 me,
989 1584 1180 1653 inquit,
1224 1585 1392 1638 adhuc
1422 1585 1648 1639 esurient
1683 1593 1770 1637 :et
1801 1584 1893 1655 qui
1926 1600 2004 1637 me
2032 1582 2111 1636 bi-

2204 372 2393 419 tenera
2438 362 2616 417 adhuc
2646 369 2805 416 tntate
2856 360 3065 415 facilius
3116 367 3320 414 sancta:
3363 360 3803 415 conversationis

2204 468 2334 509 usus
2363 454 2647 509 inolescat.
2689 450 2959 523 Quidquid
3003 452 3073 507 in.
3100 459 3152 506 te
3197 452 3431 520 primum
3474 452 3801 519 institueris,

2205 546 2310 601 hoc
2340 546 2602 615 manebit,
2632 554 2686 600 et
2718 544 2783 599 ad
2821 544 3103 599 initiorum
3136 554 3351 597 tuorum
3383 542 3628 613 regulam
3670 543 3803 599 reli-

2203 657 2308 714 qua
2338 642 2446 696 vita
2483 641 2760 696 decurret.
2797 638 2948 694 Finis
2980 638 3031 693 in
3062 638 3180 707 ipso
3205 636 3436 692 exordio
3480 637 3803 707 cogitandus

2204 744 2307 788 est.
2339 732 2525 801 Qualis
2551 732 2615 787 ad
2650 733 2802 787 illum
2834 731 3082 786 ultimum
3116 729 3259 785 diem
3305 729 3592 799 pervenire
3627 731 3802 800 cupis,

2206 825 2330 880 talis
2362 842 2507 881 nunc
2529 826 2639 895 jam
2660 840 2781 880 esse
2807 839 3029 879 conare.
3058 822 3410 878 Consuetudo
3436 830 3540 890 est,
3569 838 3690 892 qua:
3711 833 3807 879 aut
3860 884 3867 890 ,

2205 920 2361 984 vitia,
2390 926 2484 972 aut.
2508 918 2738 974 virtutes
2762 917 2878 984 alit,
2908 931 3141 987 quaeque
3177 916 3232 971 in
3271 915 3355 970 bis
3381 915 3675 986 plurimum
3704 932 3802 972 va-
3880 898 3897 911 ”

2208 1012 2303 1077 let,
2352 1026 2476 1065 cum
2508 1010 2704 1081 quibus
2744 1010 2813 1065 ab
2861 1010 3085 1065 ineunte
3128 1016 3288 1063 :ctate
3337 1008 3498 1063 simul
3546 1009 3804 1066 creverit.

2210 1103 2409 1175 Optimi
2441 1111 2565 1157 sunt
2601 1102 2667 1157 ad
2698 1100 3095 1156 institutionem
3143 1114 3356 1155 morum
3400 1099 3563 1170 primi
3605 1101 3808 1172 quique

2211 1197 2358 1251 anni.
2391 1194 2599 1250 Habent
2622 1195 2766 1249 enim
2792 1194 2908 1266 [AL
2939 1192 3124 1265 etiam]
3152 1194 3204 1247 in
3228 1207 3288 1247 se
3310 1192 3513 1248 lentum
3545 1192 3807 1264 quiddam

2213 1296 2269 1342 et
2294 1287 2481 1357 molle,
2516 1285 2657 1358 quod
2688 1286 2847 1342 facile
2879 1285 3102 1341 formari
3135 1293 3337 1356 queat:
3365 1295 3528 1355 atque
3562 1286 3627 1341 ad
3654 1287 3808 1341 arbi-

2215 1380 2375 1435 trium
2409 1379 2642 1435 volentis
2676 1378 2818 1433 trahi
2854 1397 2867 1434 :
2896 1386 2952 1433 et
2980 1378 3030 1431 in
3061 1378 3277 1433 cunctis
3319 1376 3434 1433 fere
3460 1376 3618 1432 rebus
3643 1377 3810 1432 citius

2213 1473 2544 1528 assuescitur
2572 1486 2732 1527 omne
2761 1470 2904 1541 quod
2937 1480 3182 1525 tenerum
3207 1478 3309 1524 est.
3344 1467 3602 1525 Novellas
3626 1468 3812 1523 adhuc

2216 1574 2271 1620 et
2304 1563 2387 1619 vir
2423 1563 2597 1618 ﬁrmae
2623 1562 2820 1618 radicis
2848 1561 3187 1627 arbusculas,
3219 1560 3346 1615 dum
3370 1559 3438 1615 ad
3469 1574 3685 1615 omnem
3713 1559 3812 1614 du-

522 1677 666 1745 bunt,
693 1676 861 1731 adhuc
880 1650 1095 1749 είιίεηί(
1122 1650 1264 1732 Eccl.
1294 1693 1441 1742 xxiv,
1468 1676 1602 1747 29).
1637 1650 1825 1731 Nullus
1857 1690 2110 1746 umquam
2142 1667 2190 1727 B
2217 1666 2361 1749 dum
2391 1671 2653 1749 sequaces
2687 1661 2835 1720 sunt.
2868 1654 2923 1709 in
2967 1653 3267 1749 quamlibet
3310 1661 3519 1723 partem
3560 1650 3703 1749 ﬂecti
3735 1651 3805 1749 faj

526 1768 721 1825 talibus
749 1770 998 1840 cxpletur
1023 1770 1199 1839 epulis
1224 1788 1237 1825 :
1262 1786 1361 1827 nec
1386 1771 1673 1842 aliquando
1697 1772 1899 1841 patitur
1928 1772 1997 1827 de
2026 1786 2112 1825 sa-

524 1861 706 1916 tietate
734 1861 1030 1918 fastidium.
1057 1862 1232 1919 Tanto
1255 1866 1632 1934 unusquisque
1661 1865 1936 1935 capacior,
1964 1873 2114 1919 tanto

522 1955 732 2010 avidior
759 1957 883 2024 erit,
916 1967 1118 2025 quanto
1153 1958 1275 2012 inde
1309 1958 1430 2028 plus
1470 1958 1734 2015 hauserit.
1771 1959 2029 2014 Dominus
2060 1959 2111 2014 in

527 2048 855 2118 Evangelio:
886 2048 1053 2115 Beati,
1084 2049 1179 2115 ait,
1208 2050 1545 2119 quiesuriunt
1565 2060 1612 2105 et
1632 2050 1811 2106 sitiunt
1826 2052 2115 2121 justitiam:

523 2143 765 2212 quoniam
803 2142 905 2211 ipsi
934 2142 1553 2215 saturabunturﬂlatth.
1589 2159 1644 2210 v,
1678 2142 1775 2212 6),
1812 2145 1929 2197 vult
1967 2144 2114 2199 enim

521 2235 729 2290 esurire
760 2248 860 2289 nos
893 2234 981 2289 hic
1011 2249 1225 2304 semper
1255 2249 1319 2289 ec
1348 2235 1499 2290 sitire
1525 2234 1819 2303 justitiam,
1849 2242 1911 2289 ut
1940 2234 1992 2289 in
2033 2232 2119 2289 fu-

524 2334 668 2394 turo,
695 2324 922 2397 iustitia:
944 2326 1303 2382 retributione
1335 2328 1614 2381 satiemur.

594 2457 725 2513 Car.
761 2456 1387 2512 Xll.—Consideranda
1414 2456 1498 2510 vis
1535 2456 1651 2525 ipsa
1683 2455 1975 2511 verborum
2009 2466 2116 2523 est,

520 2559 580 2605 et
611 2550 682 2604 ita
716 2551 871 2604 nobis
898 2548 1255 2604 desideranda
1288 2556 1368 2603 est
1388 2548 1597 2617 iustitia
1630 2568 1644 2603 :
1674 2555 1735 2602 ut
1762 2548 1814 2602 in
1843 2548 2007 2612 fame,
2036 2549 2122 2603 vel

525 2641 643 2706 siti,
673 2641 828 2695 cibus
857 2639 1196 2694 desideratur
1218 2654 1279 2693 ac
1302 2650 1481 2708 potus.
1516 2639 1582 2693 Et
1612 2639 1714 2694 hoc
1746 2640 1796 2693 in
1829 2655 2122 2695 commune

525 2733 781 2789 omnibus
812 2741 897 2789 est
924 2732 1209 2788 dicendum
1255 2732 1342 2798 iis,
1372 2732 1461 2803 qui
1490 2732 1617 2787 vita:
1644 2732 1967 2788 immortalis
1997 2747 2123 2802 pro-

530 2828 694 2883 missa
725 2826 1056 2881 desiderant.
1089 2825 1207 2881 Jam
1249 2833 1399 2880 tuum
1441 2834 1524 2880 est
1552 2824 1826 2881 mtimare
1852 2834 2119 2895 quantum

529 2919 716 2973 animo
753 2928 1011 2989 prtestare
1035 2917 1237 2974 debeas
1263 2935 1275 2972 :
1304 2933 1423 2987 qua:
1453 2918 1676 2989 majoris
1730 2918 1943 2988 praemii
1975 2917 2125 2972 desi-

532 3011 706 3078 derio,
742 3011 861 3080 plus
888 3009 1064 3065 facere
1095 3010 1448 3079 proposuisti,
1473 3024 1633 3080 quam
1659 3008 1745 3064 vel
1777 3009 1912 3063 alias
1945 3008 2124 3062 facere

518 3117 758 3158 necesse
799 3112 903 3157 est.
950 3101 1244 3170 Apostolus
1294 3101 1561 3156 definiens
1607 3099 1811 3155 Chrisﬁ
1859 3099 2121 3169 virginem

532 3195 694 3266 longe
738 3209 858 3250 eam
909 3193 1181 3264 separavit
1209 3208 1240 3247 a
1275 3202 1487 3264 nupta:
1526 3201 1582 3249 et
1625 3191 1880 3246 diversis
1906 3192 2123 3257 studiis,

532 3284 927 3359 singularitatis
954 3284 1205 3340 meritum
1233 3284 1578 3355 conjugiique
1613 3281 1799 3339 divisit
1827 3300 1839 3337 :
1866 3280 2124 3355 Innupta,

532 3380 728 3451 inquit,
763 3389 811 3435 et
836 3381 978 3451 virgo
1006 3380 1197 3452 cogitat
1214 3395 1330 3449 qua:
1353 3378 1450 3433 Dei
1471 3387 1628 3433 sunt:
1647 3376 1906 3446 quomodo
1927 3378 2131 3448 placeat

536 3473 668 3542 Deo,
693 3483 749 3529 ut
770 3475 837 3529 sit
867 3482 1046 3528 sancta
1074 3489 1287 3545 corpore
1316 3481 1366 3526 et
1406 3472 1621 3541 spiritu.
1673 3471 1803 3538 Quae
1832 3480 2005 3524 autem
2034 3486 2131 3523 nu-

538 3576 627 3635 pta
655 3574 749 3635 est,
775 3566 963 3636 cogitat
992 3582 1107 3636 qua:
1128 3574 1248 3619 sunt
1270 3564 1467 3628 mundi,
1501 3566 1761 3629 quomodo
1787 3563 1993 3634 placeat
2021 3562 2132 3615 viro

536 3656 734 3727 (lCor.
768 3671 858 3721 vn,
888 3656 1081 3722 52,35,
1113 3655 1237 3727 5i).
1268 3656 1399 3723 Quae
1428 3670 1659 3725 corpore
1688 3664 1745 3710 et
1775 3655 1971 3725 spiritu
2002 3670 2133 3709 san—

539 3759 626 3803 cta
671 3758 775 3815 est,
830 3762 930 3802 nec
966 3747 1020 3801 in
1062 3748 1341 3813 membris,
1374 3761 1478 3801 nec
1528 3747 1584 3801 in
1634 3754 1819 3802 mente
1848 3746 2133 3816 delinquit.

544 3841 867 3909 Delinquere
914 3850 1097 3894 autem
1147 3852 1256 3893 non
1297 3838 1350 3892 in
1396 3852 1561 3893 causa
1611 3836 1879 3893 castitatis
1926 3846 2134 3892 tantum

543 3948 667 3990 esse
693 3940 891 4003 potest,
923 3930 1018 3987 sed
1057 3932 1218 3986 etiam
1263 3930 1315 3985 in
1341 3945 1682 4001 quacumque
1712 3941 1866 4001 parte
1889 3929 2135 3999 iustitiae.

544 4027 801 4095 Quamvis
840 4028 984 4083 enim
1024 4026 1173 4095 virgo
1197 4040 1448 4095 corpore,
1491 4025 1642 4096 virgo
1694 4026 1765 4079 sit
1812 4025 2050 4095 spiritu:
2085 4032 2141 4079 et

546 4118 921 4187 nihilominus,
954 4128 1049 4174 aut
1078 4119 1347 4187 manibus,
1392 4130 1485 4173 aut
1515 4118 1708 4183 oculis,
1758 4129 1850 4171 aut
1888 4117 2135 4183 auribus,

548 4221 753 4284 peccet,
777 4222 870 4265 aut
896 4212 1111 4281 lingua:
1135 4210 1407 4279 quomodo
1438 4224 1668 4282 corpore
1699 4218 1887 4263 sancta
1909 4209 2139 4264 dicenda

546 4315 631 4360 est
652 4305 669 4375 [
690 4302 774 4357 At.
801 4312 930 4358 tacet
960 4301 1088 4375 et]?
1112 4302 1320 4357 Deinde
1347 4304 1389 4356 si
1418 4303 1505 4356 vel
1529 4300 1656 4357 odio
1685 4300 1908 4367 inlecta,
1940 4302 2025 4356 vel
2056 4302 2141 4356 in-

552 4396 696 4451 vidia
717 4439 730 4461 ,
762 4394 843 4449 vel
876 4394 1123 4460 avaritia,
1159 4394 1240 4448 vel
1263 4394 1541 4450 iracundia
1571 4394 1640 4449 sit
1669 4410 1682 4446 :
1711 4392 1986 4464 quomodo
2027 4392 2142 4463 spi-

551 4489 659 4545 ritu
710 4487 923 4543 obtinet
973 4486 1353 4542 sanctitatem?
1395 4488 1460 4542 Et
1487 4488 1533 4543 si
1564 4495 1752 4558 nupta,
1796 4504 1916 4558 quae
1962 4502 2151 4543 amore

551 4582 785 4653 conjugii
800 4580 1022 4651 cogitat,
1038 4579 1295 4651 quomodo
1309 4581 1504 4650 placeat
1517 4582 1627 4636 viro
1641 4598 1735 4635 suo
1749 4580 1801 4649 (1
1809 4582 1894 4635 bid
1902 4598 2017 4647 .vu,
2035 4582 2151 4653 34):

552 4683 811 4744 quantum
854 4673 1041 4730 liberis
1060 4672 1352 4742 relinquat,
1378 4687 1498 4743 qua:
1528 4674 1691 4728 variis
1713 4673 1896 4729 mundi
1936 4675 2155 4729 astricta

558 4768 723 4833 curis,
766 4766 943 4822 rarius
986 4764 1052 4821 ad
1097 4764 1431 4821 voluntatem
1478 4765 1573 4821 Dei
1605 4766 2053 4835 respicitztamcn
2089 4763 2157 4820 de

558 4860 797 4929 peccatis
825 4871 1088 4913 excusare
1134 4871 1194 4913 se
1236 4871 1343 4911 non
1375 4864 1553 4927 potest
1579 4874 1591 4909 :
1616 4854 1745 4926 quid
1774 4856 1938 4912 faciet
1964 4855 2157 4925 virgo,

563 4960 685 5017 quae
733 4948 906 5003 soluta
951 4947 1020 5003 ab
1057 4947 1311 5003 omnibus
1356 4945 1515 5018 bojus
1567 4946 1753 5003 mundi
1802 4946 2165 5018 impedimen-

563 5050 655 5116 tis,
686 5062 752 5105 ac
784 5048 976 5116 libera,
1009 5050 1248 5105 scholam
1278 5049 1564 5121 quamdam
1610 5050 1877 5108 castitatis
1911 5052 2160 5123 ingressa

570 5152 694 5211 est?

640 5277 772 5335 CAP.
817 5272 1110 5331 Xlll.—Si
1144 5276 1225 5331 vis
1254 5277 1434 5349 itaque
1481 5280 1741 5351 propositi
1774 5279 1852 5336 tui
1900 5278 2168 5350 magnitu-

570 5380 754 5437 dinem
781 5392 1000 5450 aequare
1028 5377 1290 5446 moribus,
1322 5388 1376 5435 et
1407 5395 1504 5451 per
1530 5381 1710 5437 omnia
1740 5381 1853 5437 Deo
1883 5380 2160 5449 copulari:

572 5482 620 5537 si
654 5483 772 5539 leve
811 5496 877 5537 ac
906 5494 1071 5537 suave
1094 5481 1284 5552 iugum
1312 5482 1537 5549 Christi,
1567 5485 1786 5539 suavius
1815 5483 1913 5540 tibi
1956 5481 2163 5537 levius-

572 5597 677 5652 que
707 5583 788 5636 vis
830 5581 1219 5638 facereznunc
1268 5582 1500 5639 maxime
1530 5584 1581 5639 iu
1618 5584 1773 5641 beata
1819 5584 1927 5640 vita
1971 5598 2163 5640 curam

576 5684 831 5755 impende
867 5701 880 5741 :
918 5699 1062 5741 nunc
1105 5685 1287 5754 stude,
1325 5694 1385 5741 ut
1426 5687 1698 5745 calentem
1737 5688 1974 5745 recentis
2006 5686 2169 5744 tidem

2221 1748 2325 1803 cile
2367 1756 2469 1803 est.
2518 1747 2649 1816 Qure
2698 1756 2890 1802 natura
2938 1745 3254 1816 plerumque
3293 1752 3553 1809 curvatte,
3595 1743 3702 1799 cito
3745 1742 3812 1796 ad

2219 1839 2504 1895 arbitrium
2534 1839 2761 1895 colentis
2789 1838 3161 1909 corriguntur.
3199 1837 3409 1893 Tenera
3441 1836 3559 1908 [AL
3590 1836 3684 1892 ad.
3717 1836 3814 1891 ad-

2219 1930 2356 2003 huc]
2387 1941 2440 1986 et
2479 1930 2667 2002 primre
2714 1930 2891 1985 adhuc
2920 1931 3096 1984 :ctatis
3144 1929 3424 1995 animalia,
3463 1930 3582 1983 sine
3632 1927 3818 1983 labore

2218 2024 2429 2081 domari
2459 2025 2655 2078 Solent.
2688 2023 3008 2092 Quantoque
3045 2022 3204 2077 citius
3234 2036 3262 2075 a
3302 2020 3531 2091 vagandi
3566 2020 3819 2075 libertate

2220 2115 2457 2171 dissueta
2502 2125 2664 2169 sunt:
2692 2122 2840 2168 tanto
2880 2113 3092 2169 facilius
3121 2113 3203 2167 vel
3234 2112 3373 2166 colla
3400 2111 3551 2183 jugo,
3588 2111 3679 2167 vel
3705 2111 3819 2167 fre-

2222 2209 2306 2265 nis
2334 2224 2426 2264 ora
2456 2207 2786 2263 insuescunt.
2809 2198 2926 2277 ipsa
2958 2223 3173 2278 quoque
3204 2207 3506 2262 litterarum
3537 2206 3719 2261 studia
3745 2216 3820 2261 te-

2222 2302 2369 2357 neris
2392 2300 2586 2355 melius
2609 2299 2928 2354 inseruntur
2949 2298 3203 2369 ingeniis.
3226 2297 3392 2368 quue
3416 2298 3631 2368 penitus
3655 2296 3824 2352 iuba:-

2222 2410 2345 2452 rere
2371 2394 2622 2450 sensibus
2648 2393 2809 2459 solet,
2842 2392 2983 2464 quod
3018 2392 3266 2463 primitus
3292 2391 3499 2447 sederit
3528 2391 3583 2446 in
3618 2400 3820 2446 mente.

2224 2489 2340 2543 lloc
2371 2488 2513 2543 idem
2546 2486 2837 2558 plurimum
2867 2485 3032 2540 etiam
3074 2484 3127 2539 in
3167 2485 3308 2540 bene
3351 2484 3569 2539 vivendi
3612 2486 3823 2539 ratione

2224 2580 2406 2637 valet:
2431 2578 2558 2635 dum
2606 2578 2782 2634 adhuc
2809 2578 3030 2634 mobilis
3060 2586 3142 2633 est
3171 2587 3325 2643 aetas,
3366 2586 3422 2632 et
3460 2577 3671 2632 animus
3700 2576 3824 2653 duci

2226 2672 2402 2728 facilis
2434 2690 2446 2723 :
2478 2671 2782 2727 exercenda
2810 2670 2937 2726 boni
2958 2669 3317 2735 consuetudo,
3360 2678 3415 2723 et
3450 2669 3562 2739 jugi
3596 2669 3828 2725 medita-

2228 2764 2375 2819 tione
2405 2762 2775 2819 confirmanda
2812 2771 2918 2818 est.
2950 2760 3334 2832 Occupandum
3366 2771 3450 2815 est
3487 2761 3710 2831 optimis
3742 2776 3829 2816 re-

2228 2858 2331 2914 bus
2357 2857 2630 2928 ingcnium
2668 2874 2679 2909 :
2713 2864 2768 2911 et
2793 2862 2995 2911 sanctae
3021 2854 3460 2909 conversationis
3500 2867 3628 2908 usus
3664 2852 3831 2907 altius

2231 2949 2544 3005 inferendus
2572 2958 2678 3005 est.
2717 2948 2870 3004 Tunc
2899 2962 3031 3003 vero
3060 2946 3126 3002 ad
3172 2947 3523 3017 perfectionis
3554 2944 3828 3015 fastigium

2146 3053 2196 3116 ε
2232 3042 2449 3096 animus
2477 3040 2723 3096 ascendit
2756 3056 2768 3092 :
2800 3047 2854 3095 et
2892 3039 3067 3108 longa:
3100 3036 3510 3093 consuetudinis
3559 3037 3833 3093 beneficio

2232 3136 2400 3191 utitur
2438 3133 2507 3188 ad
2538 3134 2674 3189 bene
2702 3132 2918 3188 vivendi
2968 3130 3301 3186 facultatem.
3332 3131 3399 3185 Et
3428 3130 3660 3184 virtutes
3706 3145 3837 3185 suas

2232 3229 2350 3300 ipse
2379 3228 2543 3284 etiam
2574 3226 2801 3281 miratus
2828 3241 3035 3290 secum,
3060 3223 3292 3295 quodam
3319 3223 3480 3279 modo
3511 3224 3564 3278 in
3588 3238 3649 3279 se
3680 3234 3839 3293 puta-

2231 3320 2311 3375 bit
2341 3328 2524 3374 natum
2560 3333 2682 3372 esse
2716 3315 2860 3384 quod
2891 3315 3083 3371 didicit
3116 3314 3229 3387 [AL
3266 3313 3472 3387 discit].

2304 3413 2435 3468 Car.
2467 3411 2606 3466 XIV.
2630 3441 2700 3450 —-
2721 3410 2972 3480 Respice.
3002 3409 3249 3475 obsecro,
3284 3419 3544 3479 quantum
3578 3422 3605 3462 a
3638 3416 3691 3463 te
3712 3422 3840 3463 san—

2234 3498 2436 3554 ctitatis
2460 3498 2581 3551 avia
2628 3504 2907 3566 materque
2943 3500 3289 3564 exspectant;
3313 3508 3431 3563 quae
3455 3508 3578 3547 cum
3607 3502 3661 3548 te
3683 3494 3841 3562 quasi
3906 3558 3907 3563 η

2238 3606 2438 3647 novum
2467 3598 2524 3647 et
2550 3591 2761 3645 illustre
2791 3588 3064 3661 quoddam
3100 3587 3281 3643 lumen
3310 3588 3495 3659 generi
3527 3602 3625 3641 suo
3650 3600 3843 3641 natum

2239 3700 2364 3741 esse
2400 3694 2593 3754 putant
2622 3682 2743 3756 [ΑΙ.
2772 3682 2994 3755 putent]
3021 3702 3034 3737 :
3077 3698 3220 3739 nunc
3250 3681 3301 3737 in
3336 3692 3388 3736 te
3414 3681 3587 3736 solam
3619 3697 3843 3737 onmem

2239 3793 2428 3834 curam
2458 3778 2622 3831 animi
2659 3776 3089 3831 transtulerunt:
3119 3785 3173 3831 et
3204 3774 3462 3844 propositi
3497 3774 3571 3828 tui
3594 3787 3845 3838 cursum,

2241 3871 2396 3925 miris
2426 3870 2619 3925 studiis
2648 3884 2711 3924 ac
2748 3870 2933 3925 favore
2972 3870 3325 3925 succendunt.
3362 3869 3604 3938 Cumque
3631 3866 3767 3937 ipsa:
3798 3877 3849 3923 te

2242 3963 2309 4017 ad
2357 3962 2698 4018 honesmtem
2753 3978 2965 4019 morum
3013 3965 3082 4019 ab
3127 3963 3348 4019 ineunte
3389 3970 3545 4017 aetate
3576 3961 3852 4016 formave-

2245 4055 2396 4110 rint:
2452 4069 2594 4110 nunc
2641 4069 2671 4108 a
2717 4064 2768 4111 te
2808 4055 2951 4111 vinci
2982 4055 3227 4128 cupiunt,
3281 4063 3531 4125 tuamque
3563 4052 3848 4108 victoriam

2246 4163 2402 4204 suam
2451 4148 2665 4203 laudem
2718 4165 2841 4205 esse
2890 4158 3079 4218 putant
3122 4164 3136 4203 :
3179 4163 3405 4219 quarum
3461 4146 3679 4216 egregia
3718 4161 3849 4213 erga

2248 4241 2417 4296 Deum
2489 4240 2623 4296 ﬁdes
2691 4241 2743 4294 in
2812 4240 3149 4309 professione
3198 4248 3287 4294 tua
3328 4238 3573 4293 maxime
3629 4237 3849 4305 claruit,

2252 4348 2378 4388 cum
2433 4341 2483 4387 te
2524 4332 2634 4402 jam
2666 4332 2870 4402 nuptiis
2903 4341 3292 4403 praeparatam,
3326 4330 3484 4385 simul
3513 4341 3676 4401 atque
3704 4328 3854 4384 aliud

2179 4439 2228 4498 ι)
2257 4424 2396 4477 velle
2427 4422 2771 4491 didicerunt,
2806 4424 2937 4477 mira
2972 4426 3230 4480 continuo
3262 4437 3517 4479 assensus
3543 4422 3855 4483 celeritate.

2255 4515 2324 4571 ad
2368 4515 2420 4571 id
2464 4514 2606 4585 quod
2649 4515 2912 4586 elegeras,
2956 4517 3257 4570 cohortatzc
3291 4526 3436 4570 sunt.
3492 4514 3561 4569 Et
3587 4512 3857 4582 trepidam

2259 4625 2359 4681 pro
2387 4616 2546 4665 :etato
2572 4610 2901 4665 sententiam
2921 4655 2934 4679 ,
2964 4609 3257 4665 voluntatis
3282 4626 3395 4665 sua:
3419 4608 3744 4663 auctoritate
3770 4609 3861 4661 fir-

2261 4710 2585 4759 maverunt:
2614 4713 2875 4773 tuumque
2902 4714 3085 4759 vottnn
3116 4718 3405 4759 commune
3438 4702 3712 4757 fecerunt:
3737 4717 3860 4771 qum

2261 4812 2388 4853 cum
2442 4797 2645 4851 multos
2690 4812 2912 4851 suorum
2963 4796 3014 4851 in
3063 4796 3331 4851 altissimo
3379 4793 3659 4865 dignitatis
3689 4792 3861 4863 gradu

2264 4889 2541 4955 viderint,
2599 4888 2667 4945 de
2710 4890 2859 4946 nullo
2888 4889 2957 4945 ita
2981 4930 2998 4958 ,
3046 4899 3105 4944 ut
3128 4889 3195 4945 de
3227 4896 3279 4944 te
3302 4932 3315 4958 ,
3348 4884 3639 4958 aliquando
3662 4883 3865 4939 laetata:

2266 4990 2412 5038 sunt.
2464 4979 2609 5037 Nihil
2657 4983 2801 5037 enim
2849 4990 2956 5037 tam
3003 4996 3290 5051 magnum,
3333 4978 3466 5034 nihil
3496 4989 3600 5033 tam
3632 4977 3867 5046 praecla-

2268 5096 2387 5137 rum
2429 5080 2482 5136 in
2532 5096 2802 5151 quoquam
2849 5081 3122 5136 viderant.
3174 5080 3301 5137 Sola
3330 5080 3530 5151 quippe
3556 5078 3865 5149 prmstitisti

2267 5182 2454 5254 generi
2484 5191 2596 5249 tuo,
2628 5182 2773 5253 quod
2805 5181 2963 5253 longa
2994 5190 3144 5239 retro
3170 5192 3333 5237 tntate
3367 5196 3475 5236 non
3508 5180 3714 5235 habuit.
3776 5180 3865 5235 Li-

2268 5292 2359 5341 cet
2382 5284 2616 5341 ediderit
2639 5284 2809 5340 virilis
2830 5298 2994 5340 sexus
3016 5282 3397 5339 memorabiles
3427 5282 3783 5338 consulatus:
3815 5291 3869 5338 et

2270 5384 2597 5453 amplissimi
2644 5384 2858 5439 ordinis
2907 5384 3079 5438 fastus
3111 5382 3232 5453 [ΑΙ.
3262 5381 3491 5454 status],
3525 5381 3759 5437 illustris
3790 5380 3871 5435 fa-

2272 5484 2437 5540 milia:
2467 5484 2683 5540 nomina
2730 5484 2984 5555 frequens
3023 5480 3296 5537 audierit:
3329 5480 3465 5535 nihil
3496 5495 3752 5552 umquam
3784 5488 3869 5536 ta-

2274 5601 2398 5643 men
2438 5588 2493 5642 in
2529 5602 2729 5658 genere
2768 5594 2951 5642 vestro
2978 5584 3081 5639 hoc
3113 5592 3208 5636 tuo
3237 5582 3448 5637 honore
3480 5583 3577 5637 fuit
3605 5592 3871 5651 prmum

2275 5691 2407 5759 tius,
2434 5690 2527 5763 qui
2556 5706 2662 5749 non
2692 5687 2962 5761 corporali
3012 5685 3136 5742 albo
3167 5684 3277 5755 [ΑΙ.
3311 5683 3456 5755 alvo]
3478 5726 3491 5751 ,
3521 5683 3615 5740 sed
3644 5684 3697 5738 in
3728 5682 3877 5738 libr)
