3998 6198
437 197 502 256 51
1473 195 1532 254 S.
1575 193 1961 253 HIERONYMI
1999 191 2289 253 OPERUM
2330 192 2726 252 MANTISSA.’

3669 192 3757 251 52

433 312 719 384 jubentur,
776 317 869 366 aut
916 308 1159 381 iubentis
1216 309 1395 365 minus
1444 309 1603 381 digna
1646 322 1878 380 persona
1926 316 2031 364 est.
2060 306 2117 368 Δ
2140 321 2239 364 es:
2268 307 2355 364 cui
2387 322 2493 363 non
2518 317 2624 363 tam
2652 305 2972 379 expellenda
3008 313 3135 363 sunt
3162 306 3291 363 vitia
3315 347 3331 373 ,
3379 321 3543 379 quam
3575 306 3755 365 refel-

442 408 584 477 Quid
633 407 1058 479 tergiversantur
1084 406 1355 463 incassum
1382 451 1396 475 ,
1419 415 1474 461 et
1503 403 1840 476 pracipienti
1866 418 2037 473 oppo-

443 504 623 560 nimus
646 511 852 558 naturaa.
884 500 1266 571 fragilitatem?
1303 500 1477 555 Nemo
1506 499 1678 570 magis
1711 500 1860 553 novit
1888 512 2040 553 men-

448 586 631 652 suram
658 595 853 650 virium
881 602 1189 648 nostrarum
1213 635 1231 660 ,
1282 606 1441 663 quam
1473 592 1563 663 qui
1590 589 1734 661 ipsas
1765 589 1913 646 vires
1942 605 2041 645 no-

445 687 531 744 bis
576 687 745 744 dedit.
786 684 896 741 Nec
924 686 1210 757 quisquam
1243 683 1436 740 melius
1474 690 1734 752 quantum
1767 682 2041 751 possimus

446 778 735 851 intelligit,
782 792 947 848 quam
1004 777 1097 847 qui
1146 776 1317 846 ipsam
1366 775 1620 830 virtutem
1663 772 1821 828 nobis
1867 772 2040 829 nostri

445 874 569 948 [AL
608 881 738 928 tacet
782 870 991 942 nostri]
1035 884 1194 941 posse
1241 867 1481 924 donavit.
1547 866 1660 923 Nec
1704 865 2042 937 impossibile

445 966 645 1038 aliquid
675 964 845 1021 voluit
869 962 983 1036 [ΑΙ.
1009 960 1215 1032 potuit]
1246 960 1516 1030 imperare
1536 1000 1551 1025 ,
1582 958 1675 1030 qui
1702 958 1885 1029 justus
1915 967 2041 1023 est;

445 1074 549 1116 nec
570 1057 920 1114 damnaturus
953 1053 1228 1110 hominem
1259 1052 1400 1119 fuit,
1446 1067 1547 1123 pro
1591 1066 1658 1108 eo
1704 1051 1846 1123 quod
1878 1052 2047 1107 vitare

447 1166 557 1208 non
586 1151 781 1221 potuit,
813 1147 905 1219 qui
938 1147 1062 1216 pius
1090 1154 1196 1202 est.

522 1244 652 1300 CAP.
685 1240 852 1298 XVII.
883 1270 957 1285 ——
980 1240 1242 1312 Sequitur
1268 1256 1281 1293 :
1310 1237 1380 1294 Ut
1422 1237 1535 1292 sitis
1579 1236 2049 1310 irreprehensibiles

451 1349 501 1395 et
527 1336 786 1407 simplices
817 1334 886 1389 ad
916 1349 1137 1390 omnem
1164 1347 1374 1387 morum
1406 1330 1820 1401 perfectionem.
1870 1327 2048 1385 Unum

454 1431 561 1487 hoc
585 1428 835 1486 sufﬁcere
860 1427 1083 1482 verbum
1114 1433 1315 1496 potest,
1345 1422 1490 1495 quod
1526 1422 1690 1479 etiam
1715 1422 1769 1476 in
1790 1420 2052 1493 episcopo

452 1520 704 1592 eligendo
756 1520 900 1576 Deus
946 1518 1113 1589 quaeri
1142 1516 1314 1588 jubet.
1346 1510 1519 1585 Q'uam
1552 1514 1697 1571 enim
1723 1513 2054 1584 circumspe-

453 1623 541 1671 cta
569 1616 681 1669 vita
710 1620 794 1669 est
820 1652 835 1679 ,
874 1626 1036 1682 quam
1085 1620 1270 1665 sancta
1299 1616 1412 1677 est,
1446 1623 1567 1679 quae
1594 1606 1729 1663 nihil
1758 1609 2053 1678 reprelien-

2142 402 2333 457 lenda!
2367 402 2498 471 Qua:
2526 402 2711 474 utique
2749 417 2856 459 non
2887 402 3168 475 suscipere
3194 401 3406 459 facilius
3435 410 3540 470 est,
3575 418 3750 475 quam

2141 495 2311 551 semel
2339 506 2585 568 suscepta
2610 496 2906 567 deponere.

2211 588 2343 646 CAP.
2373 586 2754 645 XVlll.—Nec
2772 604 2900 645 vero
2921 603 3110 645 eorum
3136 596 3282 644 tanta
3302 588 3534 646 dulcedo
3555 598 3664 657 est,
3688 598 3755 646 ut

2144 697 2207 738 ea
2222 681 2518 739 debeamus
2539 681 2799 752 praeferre
2821 682 3132 750 virtutibus,
3152 698 3273 738 cum
3298 697 3399 739 nec
3417 685 3470 739 in
3494 683 3753 739 omnibus

2143 774 2216 830 sit
2258 774 2634 831 delectationis
2681 775 2962 842 illecebra,
2993 785 3047 832 et
3094 791 3123 829 a
3155 776 3432 848 plerisque
3461 790 3524 832 ea
3553 777 3750 842 etiam,

2144 883 2267 940 quae
2295 867 2552 925 videntur
2598 867 2939 935 dulcissima,
2972 877 3322 940 respuantur.
3358 869 3476 926 Duo
3509 885 3751 940 namque

2144 969 2273 1016 sunt
2299 976 2371 1017 ex
2409 959 2665 1016 omnibus
2690 960 2844 1030 vitia,
2872 976 2992 1031 quae
3038 961 3279 1016 maxime
3310 960 3562 1015 homines
3605 961 3752 1016 deci-

2151 1053 2307 1121 piunt
2356 1050 2442 1108 sui
2467 1052 2764 1122 voluptate,
2794 1053 2916 1123 gula
2947 1053 3155 1109 scilicet
3188 1067 3253 1109 ac
3280 1052 3468 1119 libido,
3496 1069 3618 1124 qua:
3656 1054 3751 1108 tle-

2149 1158 2357 1215 ponere
2386 1158 2455 1199 eo
2481 1140 2762 1198 difﬁcilius
2788 1151 2892 1210 est,
2934 1159 3042 1215 quo
3073 1145 3153 1200 eis
3186 1144 3262 1200 uti
3293 1144 3506 1200 dulcius
3551 1152 3667 1209 est;
3696 1151 3757 1199 ct

2150 1244 2331 1292 tamen
2365 1234 2634 1291 haac'vitia
2666 1244 2773 1290 tam
2828 1236 3087 1303 molesta,
3120 1244 3342 1309 tamque
3390 1235 3755 1292 delectatione

2152 1330 2233 1385 sui
2263 1328 2595 1401 periculosa,
2625 1328 2697 1383 ita
2723 1344 2753 1383 a
2780 1328 2968 1383 multis
3006 1328 3206 1384 calcari
3253 1327 3511 1395 vidimus,
3544 1336 3603 1383 ut
3634 1335 3752 1383 tota

2154 1431 2313 1478 aetate
2342 1421 2581 1492 virgines
2628 1421 3033 1492 permanserint
3062 1420 3117 1476 in
3161 1435 3372 1476 summa
3401 1419 3753 1475 abstinentia.

2152 1512 2225 1571 Ut
2254 1513 2320 1568 de
2352 1513 2456 1568 illis
2488 1521 2715 1581 taceam,
2742 1528 2862 1583 quae
2894 1521 3017 1583 post
3044 1512 3363 1568 deliciarum
3395 1512 3616 1583 longum
3646 1509 3754 1565 ﬁu-

2157 1620 2284 1659 xum
2315 1602 2422 1675 [Αι.
2450 1604 2750 1675 luxum],ct
2780 1604 3141 1659 inveteratum
3172 1620 3329 1660 usum
3363 1604 3626 1672 libidinis,
3662 1618 3756 1659 ca-

459 1707 629 1763 sionis
671 1705 927 1761 incurrit!
999 1703 1132 1771 Quis
1169 1711 1349 1758 autem
1394 1699 1634 1758 Sanctior
1680 1708 1860 1772 potest
1907 1716 2050 1769 esse,
2084 1690 2133 1751 B
2158 1697 2325 1751 stitati
2366 1710 2429 1749 ac
2458 1696 2831 1764 temperantiae
2857 1711 2918 1752 se
2944 1695 3197 1751 dederint
3228 1712 3243 1763 ;
3276 1704 3330 1751 ct
3360 1705 3653 1767 utrumque
3677 1695 3759 1750 vi-

459 1813 625 1870 quam
652 1797 766 1868 qui,
795 1811 942 1851 vera:
971 1791 1336 1864 simplicitatis
1367 1792 1620 1848 virtutem
1655 1801 1866 1861 tenens,
1895 1808 2055 1847 num—

463 1904 624 1960 quam
652 1887 797 1944 aliud
823 1876 988 1944 corde
1012 1886 1297 1957 promittit,
1323 1883 1469 1938 aliud
1489 1898 1591 1938 ore
1620 1884 1883 1954 vultuque
1904 1900 2056 1939 men-

418 1970 423 1975 '
464 1986 615 2041 titur.
671 1982 821 2039 Sicut
848 1981 948 2051 ﬁlii
978 1979 1077 2035 Dei
1103 1976 1442 2032 inmaculati.
1483 1976 1600 2031 Non
1628 1984 1712 2031 est
1740 1977 2056 2032 exhortatio

463 2074 860 2140 vehementior,
908 2085 1068 2144 quam
1113 2084 1221 2141 qua
1269 2083 1370 2125 nos
1402 2067 1685 2138 Scriptura
1704 2066 1890 2122 divina
1918 2068 2058 2124 ﬁlios

466 2171 563 2227 Dei
612 2176 790 2226 vocat.
842 2163 975 2234 Quis
1022 2162 1169 2219 enim
1217 2176 1324 2216 non
1373 2160 1701 2223 erubescat,
1751 2169 1807 2214 et
1852 2168 2059 2215 metuat

463 2269 614 2319 tanto
648 2267 803 2331 patre
848 2270 1011 2328 agere
1059 2252 1259 2324 aliquid
1304 2252 1586 2323 indignum
1608 2292 1623 2315 ,
1652 2260 1713 2306 ut
1738 2251 1829 2321 qui
1860 2250 2060 2307 dicitur

465 2353 563 2408 Dei
591 2351 757 2415 ﬁlius,
784 2349 901 2419 ipse
929 2345 1204 2403 efficiatur
1234 2344 1348 2400 vitii
1375 2344 1606 2399 servus?
1634 2343 1701 2397 Et
1735 2341 1941 2398 idcirco
1964 2344 2063 2399 ad-

460 2442 657 2515 jungit,
694 2441 765 2497 Ut
794 2441 953 2495 simus
984 2436 1324 2490 immaculati.
1349 2433 1537 2504 Neque
1557 2434 1702 2488 enim
1734 2432 1843 2505 [ΑΙ.
1875 2432 2061 2507 etiam]

466 2533 725 2591 convenit
765 2532 820 2587 in
867 2529 997 2585 ﬁliis
1047 2529 1179 2594 Dei,
1228 2527 1353 2597 quia
1401 2528 1519 2597 ipse
1545 2536 1631 2582 est
1658 2525 1779 2582 fons
1813 2526 2061 2596 iustitiae,

467 2626 679 2698 peccati
716 2622 985 2677 maculam
1018 2619 1273 2691 reperiri.
1320 2616 1387 2672 In
1416 2618 1587 2673 medio
1613 2618 1840 2674 nationis
1867 2634 2062 2690 praetr,

471 2733 521 2778 et
545 2737 835 2793 perversa,
889 2720 991 2773 hoc
1039 2727 1123 2774 est
1168 2715 1387 2771 dicere:
1438 2715 1696 2782 Quamvis
1732 2712 1935 2771 inﬁnita
1967 2730 2066 2772 vos

472 2816 659 2885 cingat
712 2811 1050 2883 peccantium
1116 2807 1446 2879 multitudo,
1510 2815 1565 2863 et
1618 2807 1900 2862 innumera
1955 2807 2068 2863 sint

476 2907 727 2977 exempla
756 2905 1045 2960 vitiorum:
1095 2916 1192 2957 vos
1222 2910 1404 2957 tamen
1444 2900 1515 2955 ita
1545 2899 1788 2956 caelestis
1817 2900 2068 2955 nativita—

481 3000 550 3055 tis
593 3012 869 3054 memores
900 3010 1023 3051 esse
1048 2993 1264 3050 debetis
1288 3034 1303 3061 ,
1344 3002 1405 3048 ut
1432 2992 1571 3046 inter
1598 2992 1769 3047 malos
1796 2990 2063 3059 viventes,

479 3107 643 3148 omne
691 3091 890 3145 malum
919 3086 1170 3144 vincatis.
1219 3084 1366 3140 Inter
1402 3100 1531 3157 quos
1560 3084 1774 3152 lucetis,
1810 3082 1913 3154 ait,
1942 3087 2072 3140 sicut

482 3184 763 3239 luminaria
811 3182 864 3235 in
914 3178 1010 3234 hoc
1054 3177 1272 3232 mundo.
1322 3176 1390 3231 Et
1438 3190 1654 3231 rursum
1695 3175 1748 3229 in
1780 3174 2074 3247 Evangelio

478 3276 706 3347 legimus
730 3290 744 3327 :
781 3272 925 3327 Tunc
944 3271 1078 3344 justi
1107 3268 1379 3342 fulgebunt
1405 3267 1629 3322 sicutsol
1654 3267 1707 3320 in
1732 3283 1890 3339 regno
1913 3268 2076 3338 patris

479 3386 657 3426 eorum
681 3365 863 3442 (Matt.
890 3363 1026 3435 xm).
1067 3364 1430 3433 Comparatur
1473 3361 1580 3416 vita
1613 3363 1867 3432 praemio,
1901 3372 1959 3417 ut
1986 3363 2077 3432 qui

482 3462 535 3516 in
564 3460 744 3516 futuro
786 3458 917 3514 solis
946 3458 1155 3529 fulgore
1179 3454 1416 3512 donandi
1450 3462 1609 3521 sunt,
1660 3452 1750 3510 hic
1770 3454 1885 3522 jam
1912 3453 2080 3509 simili

481 3555 703 3623 iustitiae
731 3553 976 3607 claritate
1006 3549 1423 3621 reSplendeant,
1462 3554 1519 3604 et
1544 3546 1840 3602 infidelium
1871 3547 2084 3603 czeeita-

488 3655 637 3714 tem,
687 3646 942 3716 operibus
987 3644 1289 3699 sanctitatis
1313 3642 1638 3697 illuminent.
1687 3639 1824 3695 Huic
1846 3639 1965 3695 loco
1994 3639 2084 3696 ille

489 3756 683 3797 sensus
705 3740 971 3811 aptandus
998 3747 1082 3792 est
1104 3778 1118 3804 ,
1155 3753 1318 3807 quem
1345 3736 1412 3790 ad
1436 3733 1745 3790 Corinthios
1775 3732 1915 3787 idem
1941 3737 2085 3803 Apo—

492 3835 667 3890 SIelus
692 3834 987 3895 disserens,
1020 3829 1091 3884 ait
1117 3847 1129 3883 :
1157 3829 1277 3883 Alia
1305 3829 1517 3883 claritas
1537 3826 1684 3891 solis,
1715 3824 1825 3878 alia
1873 3825 2085 3879 claritas

494 3927 662 3993 (ante,
707 3928 812 3982 alia
858 3926 1068 3980 claritas
1114 3922 1405 3979 stellarum.
1448 3920 1617 3976 Stella
1658 3929 1832 3975 autem
1868 3935 1901 3973 a
1934 3918 2089 3973 stella

494 4019 667 4088 differt
690 4021 745 4074 in
776 4020 1032 4084 claritate,
1055 4017 1129 4071 sic
1156 4026 1201 4070 et
1223 4014 1525 4071 resurrectio
1551 4021 1872 4069 mortuorum
1896 4012 1940 4087 (l
1961 4010 2084 4067 Cor.

501 4134 596 4183 xv,
629 4116 722 4183 41,
744 4115 856 4185 42).
884 4114 1137 4184 Disperes
1162 4120 1289 4166 sunt
1317 4112 1368 4166 in
1391 4125 1560 4181 regno
1579 4109 1839 4166 ca'lorum
1854 4122 1953 4179 per
1974 4107 2088 4162 sino

501 4212 749 4283 gulorutn
777 4208 968 4266 merita
989 4208 1318 4263 mansiones.
1366 4204 1661 4259 Diversitas
1681 4202 1822 4257 enim
1841 4214 2089 4271 operum,

497 4304 865 4360 diversitatem
881 4301 1001 4357 facit
1019 4298 1359 4370 praemiorum
1378 4315 1389 4349 :
1412 4304 1779 4367 quantumque
1795 4292 1990 4364 aliquis
2006 4291 2092 4347 hic

501 4397 556 4452 in
587 4396 874 4451 sanctitate
903 4391 1150 4456 fulserit,
1184 4401 1390 4444 tantum
1420 4388 1502 4461 ibi
1522 4386 1745 4456 fulgebit
1776 4382 1831 4438 in
1861 4382 2089 4438 honore.

502 4487 657 4544 Nunc
700 4501 831 4556 ergo
860 4485 927 4540 ad
972 4498 1190 4539 omnem
1231 4496 1440 4535 morum
1474 4478 1857 4550 perfectionem
1897 4476 2095 4531 mentis

500 4582 671 4636 aciem
688 4576 926 4643 intende,
940 4585 993 4632 et
1006 4574 1073 4629 ad
1092 4573 1315 4629 caeleste
1335 4572 1615 4643 praemium
1638 4569 1914 4625 caelestem
1928 4568 2094 4623 vitam

501 4687 652 4743 para.
698 4668 1065 4742 Besplendeat
1094 4666 1344 4722 omnibus
1365 4662 1650 4719 clarissimi
1681 4660 1735 4716 in
1772 4659 1989 4716 modum
2023 4659 2097 4715 si-

502 4764 647 4819 deris
671 4763 930 4820 sanctitas
951 4761 1177 4832 virginis
1202 4775 1217 4814 :
1251 4766 1305 4814 et
1338 4756 1502 4813 futuri
1532 4752 1740 4825 prmmii
1768 4751 2097 4823 magnitudi-

508 4872 652 4923 nem,
684 4857 753 4911 de
780 4857 1017 4911 novitate
1044 4851 1486 4909 conversationis
1517 4846 1784 4903 ostendat.
1826 4845 1946 4902 Tibi
1970 4843 2100 4899 faci-

506 4949 610 5004 lior
641 4950 691 5002 in
722 4948 876 5002 bonis
905 4963 1099 5003 cursus
1126 4954 1245 5015 est,
1285 4961 1442 5017 quam
1474 4941 1738 4999 malorum
1781 4938 1945 4993 animi
1972 4951 2099 4993 con-

505 5040 738 5099 suetudo
766 5057 877 5094 non
908 5042 1123 5096 retinet.
1153 5041 1262 5096 Nec
1289 5039 1543 5095 timemus
1574 5051 1642 5091 ne
1670 5045 1720 5090 te
1749 5049 1777 5088 a
1808 5033 2099 5088 virtutibus

505 5139 633 5193 vitia
676 5133 990 5200 retardent,
1037 5143 1092 5188 et
1132 5134 1363 5205 maligna
1402 5130 1601 5188 diaboli
1649 5128 1857 5185 semina
1898 5124 2099 5181 Christi

506 5231 716 5302 frugem
743 5234 957 5282 necent.
1011 5225 1144 5279 Nam
1170 5226 1212 5277 si
1240 5227 1400 5279 etiam
1427 5225 1504 5279 illi
1536 5222 1629 5294 qui
1659 5222 1819 5290 longo
1843 5218 2101 5290 peccandi

506 5341 628 5393 usu,
646 5324 851 5379 bonum
877 5316 1277 5387 quodammodo
1297 5317 1528 5371 obruere
1556 5327 1782 5379 natum,
1811 5310 2101 5367 instaurari

512 5434 606 5487 per
639 5412 1012 5487 paenitentiam
1058 5416 1323 5481 possunt:
1377 5418 1432 5463 et
1486 5416 1690 5461 mutata
1719 5406 1996 5459 voluntate
2020 5403 2103 5456 vi-

510 5509 668 5563 vendi
690 5548 705 5573 ,
749 5502 1197 5561 consuetudinem
1226 5498 1620 5556 consuetudine
1647 5497 2014 5569 exstinguere,
2044 5509 2106 5549 ac

516 5599 705 5669 optimi
734 5597 932 5667 quique
963 5593 1069 5667 [ΑΙ.
1098 5591 1329 5665 quoque]
1354 5591 1424 5649 de
1450 5589 1837 5661 pessimisfieri
1864 5606 1875 5642 :
1908 5594 2109 5658 quanto

515 5693 684 5765 magis
726 5700 782 5747 tu
814 5699 964 5762 potes
993 5688 1080 5743 illa
1111 5701 1373 5759 superare
1407 5703 1439 5741 a
1471 5686 1667 5758 quibus
1710 5692 1962 5755 superata
2002 5701 2109 5743 non

2159 1791 2293 1845 tium
2321 1830 2336 1856 ,
2388 1789 2663 1844 contraria
2706 1789 2812 1844 sibi
2857 1789 3058 1846 virtute
3112 1792 3465 1846 mutaverint.
3510 1790 3755 1847 Aliorum

2156 1897 2289 1939 vero
2319 1883 2575 1937 vitiorum
2602 1892 2685 1938 est
2706 1882 2863 1956 longe
2883 1883 3100 1940 diversa
3138 1885 3300 1950 ratio,
3327 1901 3448 1956 quae
3478 1900 3602 1941 cum
3627 1886 3757 1942 nihil

2161 1972 2398 2029 habeant
2442 1972 2822 2043 iucunditatis,
2852 1983 3032 2031 tamen
3061 1974 3169 2049 [Αι.
3195 1974 3327 2049 tam]
3353 1978 3581 2033 multum
3610 1994 3759 2033 ama-

2160 2066 2417 2121 ritudinis
2468 2066 2691 2135 habent,
2724 2082 2953 2139 quaeque
3002 2084 3125 2125 cum
3180 2069 3248 2125 ad
3282 2071 3561 2127 vitandum
3588 2074 3757 2131 multo

2162 2158 2273 2212 sint
2294 2155 2560 2223 faciliora,
2587 2171 2716 2213 raro
2738 2172 2769 2213 a
2794 2158 2991 2230 quibus
3013 2159 3273 2228 vitentur,
3296 2163 3562 2221 invenies.
3593 2165 3754 2235 Quid,

2163 2264 2262 2305 oro
2305 2259 2378 2314 te,
2426 2249 2631 2317 invido,
2660 2250 3041 2309 delectationis
3079 2264 3301 2326 prtestat
3340 2256 3565 2326 invidia,
3596 2275 3754 2331 quem

2166 2344 2395 2401 secretis
2424 2343 2748 2416 quibusdam
2798 2347 3151 2404 conscientite
3202 2351 3417 2421 ungulis
3466 2352 3607 2409 livor
3648 2355 3760 2424 ipse

2167 2437 2431 2509 decerpit,
2466 2448 2521 2494 et
2542 2439 2774 2494 alienam
2817 2438 3132 2497 felicitatem
3176 2452 3505 2500 tormentum
3535 2445 3653 2517 eius
3688 2445 3760 2500 fa-

2169 2528 2449 2596 cit?Quid
2477 2543 2613 2584 vero
2638 2532 2779 2586 alter
2826 2531 2896 2586 ab
2939 2531 3065 2590 odio
3108 2535 3376 2592 mercedis
3414 2536 3630 2609 accipit,
3661 2538 3763 2593 n‘si

2172 2620 2465 2677 horribiles
2506 2621 2706 2677 anima:
2737 2624 3011 2711 tenebras,
3042 2635 3096 2683 et
3124 2626 3368 2686 confusae
3395 2630 3590 2687 mentis
3641 2633 3766 2687 Itur-

2172 2714 2396 2770 rorem?
2434 2714 2537 2783 Qui
2562 2716 2712 2771 vultu
2742 2732 2960 2789 semper
3003 2720 3297 2793 animoque
3327 2733 3617 2792 mmrente,
3642 2736 3767 2782 voto

2171 2821 2282 2877 quo
2301 2806 2459 2862 alteri
2480 2807 2594 2863 vult
2625 2824 2849 2879 nocere,
2875 2812 3115 2883 seipsnm
3145 2817 3352 2872 cruciat
3377 2818 3558 2886 τρυιά
3586 2830 3767 2875 autem

2176 2899 2440 2957 iracundo
2468 2900 2621 2958 furor
2640 2918 2771 2960 suus
2797 2905 3034 2973 confert,
3066 2923 3226 2978 quem
3257 2912 3773 2985 saevissimisexagi-

2177 2997 2349 3046 latum
2375 2990 2613 3047 stimulis
2661 2995 3039 3064 conscientias,
3069 2996 3141 3051 ita
3168 2999 3237 3055 ab
3266 3001 3411 3056 omni
3456 3003 3685 3059 consilio
3707 3021 3773 3061 ac

2180 3091 2362 3138 mente
2374 3082 2648 3152 deturbat,
2680 3095 2735 3140 ut
2756 3085 2883 3142 dum
2909 3088 3184 3156 irascitur,
3212 3091 3451 3150 insanire
3478 3094 3774 3161 credatur?

2181 3176 2448 3233 Similiter
2486 3194 2648 3236 curre
2670 3195 2767 3250 per
2793 3182 3025 3254 singula,
3057 3184 3311 3242 invenies
3343 3196 3420 3244 tot
3441 3189 3639 3245 anima:
3663 3198 3779 3245 tor-

2181 3280 2362 3324 menta
2393 3280 2525 3339 quot
2561 3272 2691 3327 vitia
2725 3288 2883 3343 :quze
2911 3278 3095 3346 utique
3124 3291 3192 3333 eo
3224 3277 3435 3335 facilius
3483 3283 3625 3339 vinci
3654 3298 3784 3353 pos-

2185 3368 2336 3429 sunt,
2365 3375 2473 3431 quo
2499 3363 2645 3418 nulla
2673 3364 2904 3421 illiciunt
2927 3382 3027 3422 nos
3053 3368 3349 3440 voluptate.
3399 3373 3613 3439 Quanto
3641 3373 3782 3431 illud

2182 3452 2487 3522 difﬁcilius,
2544 3464 2753 3527 quanto
2797 3457 3017 3528 durius,
3062 3469 3122 3515 ut
3166 3460 3236 3517 de
3285 3464 3551 3521 castitatis
3591 3465 3785 3524 labore

2190 3555 2421 3614 taceam,
2453 3546 2732 3605 abstinere
2772 3565 2802 3605 a
2843 3552 2970 3608 vino
2998 3554 3382 3626 carnibusque,
3415 3557 3535 3628 ipso
3560 3576 3782 3630 quoque

2187 3639 2351 3695 etiam
2398 3641 2540 3705 oleo.
2587 3652 2642 3698 et
2672 3643 2834 3699 vilem
2875 3646 2994 3701 sine
3043 3645 3129 3702 his
3174 3648 3353 3705 cibum
3406 3661 3530 3721 post
3558 3652 3789 3712 biduum

2190 3730 2464 3786 interdum
2481 3733 2845 3806 triduumque,
2872 3737 2961 3792 vix
2979 3740 3203 3810 capere!
3230 3740 3632 3813 fraelajejuniis
3652 3747 3791 3817 vigi-

2198 3823 2391 3893 liisque
2417 3825 2683 3893 membra,
2717 3824 2951 3883 fomenta
2979 3830 3157 3886 balnei
3183 3840 3559 3904 contemnere,
3593 3851 3793 3893 neces-

2191 3916 2364 3971 sarias
2393 3931 2480 3972 res
2530 3933 2733 3991 negare
2777 3924 3017 3993 corpori,
3048 3933 3104 3979 et
3131 3924 3237 3981 vim
3262 3929 3552 3998 quamdam
3586 3930 3795 3990 inferre

2200 4018 2408 4063 naturae
2435 4011 2448 4064 ι
2487 4010 2564 4065 Da
2586 4020 2789 4068 tantam
2813 4015 2865 4070 in
2895 4015 3108 4073 caeteris
3132 4020 3563 4091 magnitudinem
3594 4026 3795 4095 animi,

2192 4113 2247 4158 et
2264 4102 2389 4160 vide
2411 4105 2543 4175 quid
2567 4121 2672 4162 non
2697 4109 2874 4179 possis
2892 4112 3130 4168 efﬁcere.
3149 4114 3254 4170 Sed
3279 4131 3399 4181 nos,
3415 4120 3551 4190 prob
3576 4120 3751 4189 pudor
3776 4122 3793 4175 !

2195 4199 2430 4265 quadam
2454 4200 2815 4257 delectatione
2839 4204 3071 4272 peccati,
3094 4220 3217 4260 cum
3263 4207 3319 4263 in
3345 4208 3669 4278 quibusdam
3703 4227 3799 4267 os-

2196 4288 2474 4346 tendimus
2503 4292 2790 4362 quamdam
2819 4294 2927 4349 vim
2960 4305 3167 4351 natura:
3198 4306 3422 4367 nostrae,
3454 4301 3507 4354 in
3535 4302 3656 4356 aliis
3681 4319 3804 4359 om-

2199 4384 2329 4442 nino
2358 4388 2741 4456 torpescimus,
2772 4396 2829 4445 et
2857 4389 2945 4460 qui
2974 4390 3283 4462 voluptates
3322 4393 3589 4465 corporis,
3621 4396 3803 4452 virtu-

2204 4486 2316 4533 tum
2343 4492 2531 4535 amore
2575 4483 3028 4552 contempsimus,
3061 4498 3276 4540 rursum
3323 4502 3513 4543 amore
3541 4486 3803 4548 vitiorum

2201 4579 2472 4626 tormenta
2510 4573 2858 4645 suscipimus.
2901 4575 3077 4646 Atque
3121 4576 3193 4633 ita
3223 4578 3379 4633 malis
3407 4580 3608 4635 nostris
3647 4581 3807 4638 cedi-

2206 4679 2349 4731 mus,
2387 4673 2448 4720 ut
2485 4680 2546 4722 ea
2598 4682 2701 4723 nec
2741 4676 2993 4738 putemus
3033 4683 3198 4738 posse
3234 4671 3453 4741 deponi.
3485 4672 3639 4740 Quod
3665 4673 3806 4741 hnc.

2202 4775 2416 4830 quaeso,
2450 4760 2769 4832 consilium,
2802 4779 3049 4834 quamam
3079 4763 3197 4821 hzee
3237 4780 3371 4820 nova
3402 4766 3611 4822 vivendi
3657 4771 3810 4825 ratio

2197 4853 2315 4909 est?
2335 4854 2444 4911 Res
2459 4855 2711 4912 difficiles
2740 4864 2794 4913 et
2812 4856 3014 4912 laboris
3039 4857 3228 4927 plenas
3248 4873 3474 4914 securus
3492 4859 3808 4931 aggredior,

2201 4959 2255 5004 et
2288 4948 2530 5003 faciliora
2582 4963 2689 5003 non
2749 4962 2908 5018 posse
2940 4948 3055 5004 ﬁeri
3104 4949 3291 5005 credo.
3341 4950 3515 5006 Vince
3540 4952 3811 5021 maxima,

2199 5042 2504 5099 vincendos
2532 5058 2562 5097 a
2596 5043 2801 5113 parvis.
2824 5042 3079 5111 Excelsa,
3105 5053 3161 5100 et
3189 5044 3356 5100 ardua
3384 5044 3683 5101 indefessus
3710 5062 3818 5103 cx-

2213 5151 2432 5206 supero,
2461 5145 2517 5193 et
2564 5152 2685 5192 cum
2717 5138 2933 5193 venitur
2972 5138 3039 5193 ad
3090 5138 3270 5208 plana,
3298 5138 3515 5194 deficio.
3545 5137 3818 5195 Libenter

2211 5230 2354 5303 fugio
2382 5231 2523 5301 quod
2551 5231 2812 5299 delectat,
2844 5240 2899 5288 et
2926 5233 3053 5287 nolo
3080 5232 3252 5288 vitare
3273 5234 3417 5304 quod
3446 5234 3675 5290 cruciat.
3703 5234 3822 5292 Ve-

2213 5341 2333 5379 rum
2367 5324 2483 5381 lucc
2511 5341 2702 5383 eorum
2728 5335 2875 5390 sunt,
2904 5324 3023 5396 qui,
3050 5324 3143 5380 Dei
3168 5325 3453 5395 voluntate
3471 5332 3819 5397 contempta,

2212 5417 2264 5471 id
2298 5416 2476 5471 solum
2504 5426 2713 5488 petunt,
2746 5417 2889 5487 quod
2924 5417 3137 5474 laudem
3179 5417 3387 5473 facilius
3410 5418 3634 5484 invenit,
3661 5420 3819 5488 quod

2212 5509 2320 5564 cito
2346 5508 2460 5564 exit
2488 5508 2540 5563 in
2572 5507 2767 5563 famam
2803 5527 2814 5561 :
2845 5524 3057 5565 morum
3102 5525 3234 5565 vero
3284 5511 3425 5565 bona
3473 5524 3595 5579 qua:
3621 5524 3820 5567 secre-

2218 5602 2357 5657 tiora
2389 5610 2513 5656 sunt
2541 5599 2837 5671 negligunt.
2862 5602 2942 5656 Tu
2971 5617 3127 5669 vero,
3151 5616 3269 5673 qua:
3292 5601 3514 5657 calcasti
3543 5600 3821 5658 mundum

2229 5706 2283 5753 et
2313 5692 2778 5766 conettpisccntias
2805 5692 2944 5765 eius,
2977 5702 3058 5762 ut,
3100 5696 3305 5751 calcato
3335 5708 3425 5763 eo,
3457 5692 3682 5764 gradum
3717 5692 3824 5751 tibi
