3998 6198
246 252 314 309 3³
1204 250 1480 313 PELAGll
1518 247 1613 309 AD
1649 248 2168 312 DEMETRIADEM
2206 250 2571 311 EPISTULA.
3474 254 3545 322 34

241 367 534 439 quemdam
574 368 898 441 ascendendi
924 370 992 427 ad
1019 370 1218 428 cmlum
1250 372 1482 435 faceres,
1504 368 1694 427 mundi
1723 369 1841 442 glo—
1865 373 1917 435 Α
1944 372 2206 428 ctionem.
2232 372 2532 444 Scriptum
2554 386 2765 430 memor
2790 372 3076 445 csto,'qu:e
3094 370 3227 431 dicit
3254 393 3267 430 :
3295 373 3419 432 Non
3449 378 3550 433 eris

244 461 385 518 riam
414 478 484 520 ne
510 465 752 536 requiras
782 464 889 537 [AL
941 464 1233 539 requires].
1259 464 1342 521 llli
1374 475 1581 520 tantum
1630 465 1848 536 placere

246 556 428 628 stude,
459 559 544 614 cui
575 574 720 631 saepe
743 559 1022 632 displicet,
1047 559 1194 634 quod
1224 558 1544 616 hominibus
1569 558 1767 628 placet,
1794 567 1850 614 et

248 652 339 723 qui
372 652 486 723 ipsa
511 654 791 710 hominum
823 652 1025 725 judicia
1041 653 1389 725 judicaturus
1417 661 1523 708 est.
1556 650 1852 707 Abstinen-

258 745 330 800 Iia
361 753 452 801 tua
481 755 536 802 et
576 745 848 818 jejunium
894 761 961 803 eo
1016 747 1191 817 magis
1236 746 1351 802 Deo
1381 752 1536 816 grata
1566 752 1715 810 sunt,
1746 759 1854 815 quo

249 853 371 894 cum
426 840 638 896 sanctis
692 840 940 897 moribus
984 839 1293 896 offeruntur
1324 884 1339 907 ,
1382 850 1440 894 ut
1467 854 1588 910 quae
1626 840 1680 893 in
1735 838 1855 894 aliis

243 938 373 986 sunt
402 931 726 988 umbracula
750 932 1032 1000 vitiorum,
1060 933 1117 988 in
1172 942 1225 989 te
1253 933 1360 988 sint
1403 940 1720 987 ornamenta
1750 932 1857 987 vir-

243 1031 451 1079 tutum.

322 1114 455 1171 Car.
490 1115 1013 1189 XIX—Respice,
1062 1117 1317 1182 obsecro,
1371 1116 1438 1170 ad
1490 1116 1697 1185 ipsam,
1747 1129 1849 1185 qua

246 1208 394 1279 apud
441 1208 612 1264 Deum
657 1208 927 1264 illustrata
976 1223 1056 1275 es,
1090 1208 1431 1277 dignitatem,
1461 1221 1568 1277 qua
1627 1220 1726 1274 per
1756 1204 1850 1259 ba-

241 1300 509 1370 ptismum
563 1300 617 1354 in
670 1300 766 1355 Dei
798 1300 961 1354 tiliam
1022 1308 1210 1354 renata
1261 1312 1339 1365 es,
1396 1312 1720 1368 rursumque
1751 1310 1851 1366 per

239 1388 717 1446 consecrationem
749 1389 1098 1461 virginitatis,
1129 1402 1327 1459 sponsa
1349 1385 1556 1443 Christi
1584 1400 1707 1443 esse
1735 1401 1849 1443 cte-

239 1482 395 1554 pisti.
447 1479 532 1537 Ex
561 1491 813 1552 utroque,
859 1480 948 1537 hic
986 1490 1110 1537 tuus
1139 1481 1316 1538 honor
1347 1490 1399 1536 te
1425 1480 1492 1536 ad
1519 1480 1848 1537 sollicitudi-

240 1590 374 1632 nem
402 1574 480 1630 tui
526 1573 797 1645 propositi
829 1573 1142 1630 admoneat.
1172 1575 1241 1629 At
1298 1573 1484 1629 nullus
1531 1573 1696 1629 debet
1720 1587 1846 1629 esse

239 1668 321 1725 ibi
371 1666 717 1739 negligentia:
744 1668 922 1734 locus,
969 1668 1058 1723 ubi
1106 1678 1213 1722 tam
1270 1652 1531 1738 praeclara
1578 1667 1844 1723 servanda

1950 473 2330 519 consentaneus
2360 465 2727 538 derogantibus
2763 468 3007 522 adversus
3035 469 3329 540 proximum
3379 478 3544 536 tuum,

1951 554 2001 612 et
2028 575 2136 613 non
2163 559 2386 629 accipies
2411 576 2564 633 super
2588 559 2682 615 illo
2725 570 2995 631 peccatum
3020 560 3209 633 (Lerit.
3235 578 3311 629 tx,
3336 561 3448 630 18).
3479 562 3547 617 Et

1953 651 2082 706 alibi
2110 668 2126 710 :
2158 651 2288 722 Sepi
2317 669 2466 708 aures
2494 662 2609 708 tuas
2651 654 2831 725 spinis,
2873 664 2919 707 et
2950 655 3058 708 noli
3084 653 3268 708 audire
3315 654 3544 725 linguam

1956 760 2180 815 nequam
2206 742 2379 813 (Eccl.
2424 760 2609 810 xxvnt,
2633 745 2747 816 55).
2776 747 3081 800 Accusator
3105 754 3191 800 est
3215 745 3358 801 enim
3387 745 3544 801 audi-

1959 846 2067 906 tor,
2096 841 2189 910 qui
2240 839 2371 895 facit
2395 838 2782 905 detractorem,
2812 840 2903 911 qui
2933 842 2977 897 si
3008 850 3223 895 avertat
3278 854 3460 908 aures,
3491 849 3547 895 et

1958 931 2165 985 vultum
2210 929 2522 1000 contrahat,
2573 945 2637 985 ac
2682 932 2869 987 oculos
2917 931 3204 987 abnuendo
3246 932 3545 998 contineat,

1959 1022 2103 1078 male
2130 1022 2443 1094 loquentem
2487 1024 2648 1078 etiam
2702 1032 2887 1079 tacens
2911 1025 3105 1095 arguit,
3143 1033 3201 1078 ut
3225 1025 3398 1079 discat
3441 1041 3547 1080 non

1953 1112 2188 1167 libenter
2211 1113 2418 1180 dicere,
2445 1114 2587 1184 quod
2620 1114 2877 1170 didicerit
2931 1132 3039 1171 non
3097 1116 3329 1172 libenter
3353 1116 3549 1171 audiri.

1952 1203 2254 1259 Sollicitam
2309 1206 2442 1259 satis
2467 1206 2550 1260 ori
2586 1216 2678 1259 tuo
2708 1207 3012 1261 custodiam
3046 1224 3206 1278 pone.
3242 1208 3357 1263 Non
3403 1208 3546 1263 enim

1949 1306 2031 1351 est
2059 1295 2355 1366 quidquam
2404 1297 2457 1351 in
2489 1297 2669 1364 nobis,
2720 1312 2830 1368 quo
2869 1299 3080 1354 facilius
3130 1315 3355 1369 peccare
3381 1302 3553 1371 possi-

1950 1401 2070 1442 mus
2097 1402 2260 1457 quam
2301 1387 2504 1459 lingua.
2536 1387 2696 1444 Unde
2724 1397 2951 1443 sanctus
2976 1389 3214 1445 Jacobus
3246 1391 3396 1445 illum
3428 1406 3551 1447 esse

1950 1480 2250 1551 perfectum
2282 1483 2503 1551 asserit,
2528 1485 2619 1556 qui
2645 1500 2747 1538 non
2771 1484 2989 1551 offendit
3015 1484 3068 1537 in
3113 1486 3263 1538 verba
3293 1482 3429 1554 (Jac.
3468 1500 3549 1549 ut,

1948 1572 2029 1644 2).
2055 1572 2124 1628 Ει
2177 1574 2459 1645 Scriptura
2493 1576 2625 1631 dicit
2677 1595 2688 1629 :
2724 1575 2874 1632 Mors
2917 1585 2964 1630 et
2992 1577 3096 1630 vita
3124 1586 3199 1631 est
3229 1577 3282 1630 in
3312 1577 3553 1631 manibus

1953 1664 2146 1738 lingua:
2172 1665 2330 1737 (Sap.
2357 1683 2396 1735 t,
2427 1666 2541 1739 Η).
2572 1667 2777 1723 Mentiri
2802 1677 3005 1736 autem,
3031 1669 3359 1737 maledicere
3388 1680 3549 1741 atque

239 1769 394 1817 sunt.
440 1759 740 1816 Pretiosior
792 1759 1100 1817 custoditur
1146 1757 1258 1832 [AL
1295 1759 1589 1831 pretiosior
1630 1776 1848 1831 quoque
1879 1755 1925 1817 Β
1947 1758 2134 1830 jurare
2155 1760 2338 1831 lingua
2364 1771 2453 1815 tua
2481 1763 2713 1820 nesciat.
2738 1761 2875 1831 Quia
2906 1772 2961 1819 et
2984 1777 3045 1818 os
3074 1762 3216 1834 quod
3266 1765 3545 1831 mentitur,

238 1853 415 1910 vestis
439 1852 716 1924 diligentia
755 1851 1034 1908 timidiore
1060 1849 1393 1922 custoditur]
1421 1866 1653 1922 quaeque
1678 1851 1847 1906 vestis

242 1942 491 1999 timidius
541 1958 573 1998 a
624 1941 858 1998 macula.
915 1941 1087 1997 Multo
1113 1942 1343 2011 quaesita
1398 1956 1533 1996 auro
1585 1955 1798 2012 gemma
1832 1981 1848 2007 ,

242 2037 444 2108 majori
466 2036 838 2093 sollicitudine
865 2034 1200 2107 possidetur,
1226 2044 1279 2091 et
1300 2035 1637 2105 generaliter
1662 2032 1852 2105 grandi

241 2145 383 2186 cura
441 2144 633 2201 magna
686 2144 918 2201 qumque
963 2137 1271 2185 servantur.
1304 2128 1459 2184 Unde
1501 2138 1557 2183 et
1607 2126 1741 2183 tusi
1773 2136 1855 2183 te-

242 2221 427 2292 ipsam
468 2220 611 2276 bene
640 2219 921 2276 custodire
975 2220 1156 2288 cupis,
1182 2220 1356 2276 debes
1390 2221 1654 2276 honorem
1701 2229 1852 2275 tuum

241 2330 474 2387 semper
495 2315 727 2389 pretium
749 2313 1196 2385 cogitareJ'anto
1221 2314 1368 2370 enim
1401 2329 1462 2370 se
1482 2312 1855 2384 unusquisque

244 2408 617 2479 negligentius
665 2405 855 2475 utitur,
907 2416 1112 2477 quanto
1160 2420 1221 2462 se
1260 2406 1540 2462 existimat
1583 2406 1854 2461 viliorem.

244 2500 373 2556 Non
405 2500 474 2555 ob
499 2499 663 2555 aliam
718 2514 938 2555 causam
970 2498 1143 2569 magis
1173 2499 1330 2554 nobis
1371 2499 1425 2554 in
1453 2498 1751 2568 Scripturis
1776 2496 1858 2552 di-

244 2593 401 2650 vinis
432 2604 538 2649 tam
572 2592 891 2665 frequenter
914 2591 1149 2647 ﬁliorum
1175 2591 1270 2647 Dei
1312 2605 1510 2647 nomen
1542 2589 1856 2661 imponitur,

248 2697 314 2743 ut
340 2684 469 2741 illud
483 2684 627 2757 quod
646 2684 843 2740 dicitur
870 2698 968 2755 per
998 2682 1312 2753 proltbetam
1340 2700 1353 2738 :
1382 2680 1451 2736 Et
1477 2698 1570 2753 ego
1591 2697 1680 2736 ero
1714 2682 1856 2736 vobis

246 2782 308 2835 in
335 2789 554 2849 patrem,
580 2787 629 2833 et
650 2793 739 2832 vos
774 2777 919 2831 eritis
941 2775 1068 2830 mihi
1090 2778 1143 2830 in
1171 2777 1308 2847 ﬁlios
1350 2786 1400 2830 et
1443 2776 1583 2844 filias
1604 2774 1713 2847 (Al.
1749 2784 1856 2830 Iac.

248 2882 301 2929 et
328 2870 686 2943 ﬁlias](Pltil.
736 2885 819 2937 ιιι,
873 2869 984 2940 l'l),
1030 2869 1155 2922 dicit
1209 2868 1464 2924 Dominus
1514 2870 1859 2938 omnipotens.

250 2964 329 3020 Et
358 2963 684 3033 Apostolus:
715 2959 895 3016 Estote
918 2961 1207 3015 imitatores
1230 2958 1349 3025 Dei,
1382 2960 1513 3015 sicut
1536 2960 1636 3029 ﬁlii
1660 2959 1862 3015 charis-

253 3057 408 3114 simi.
436 3056 503 3111 Et
531 3057 723 3112 beatus
746 3054 987 3110 Joannes
1012 3053 1572 3123 inquit2Charissimi,
1602 3070 1738 3107 nunc
1764 3051 1862 3122 ﬁlii

249 3148 363 3206 Dei
391 3164 587 3215 sumus,
608 3156 658 3202 et
696 3146 927 3201 nondum
961 3145 1208 3217 apparuit
1248 3145 1375 3215 quid
1413 3146 1626 3200 erimus.
1658 3144 1862 3200 Scimus
1890 3134 1937 3195 (ἶ

251 3243 511 3315 quoniam
537 3258 649 3317 cum
672 3225 1053 3313 apparuerunt,
1081 3238 1276 3293 similes
1303 3238 1352 3293 ei
1373 3239 1585 3305 erimus,
1618 3239 1863 3307 quoniam

251 3334 550 3389 ridebimus
568 3349 682 3386 eum
713 3332 865 3387 sicuti
895 3340 992 3399 est,
1020 3339 1077 3385 ut
1098 3332 1187 3401 qui
1209 3329 1359 3385 habet
1382 3330 1519 3385 hanc
1538 3346 1680 3402 spem
1702 3332 1756 3386 in
1781 3346 1863 3398 eo,

252 3423 558 3494 sanctiﬁcet
583 3439 656 3490 se,
683 3425 816 3478 sicut
836 3432 882 3478 ct
910 3421 1001 3476 ille
1024 3432 1239 3477 sanctus
1258 3431 1331 3477 est
1353 3420 1398 3490 ιι
1416 3418 1575 3476 Joan.
1599 3436 1681 3488 ιιι,
1704 3420 1757 3489 ‘2,
1784 3421 1863 3492 5).

259 3518 400 3575 Vult
426 3517 586 3573 nobis
615 3516 858 3575 caelestis
900 3516 1167 3573 doctrina:
1188 3516 1507 3588 dignitatem
1532 3531 1638 3588 qua
1681 3515 1867 3572 donati

259 3625 501 3675 sumus,
534 3608 854 3680 frequenter
882 3608 1156 3680 ingerere,
1199 3617 1253 3664 et
1309 3607 1572 3664 honorem
1622 3618 1865 3665 nostrum

261 3703 533 3775 peccandi
563 3706 827 3773 pudorem
846 3701 1046 3760 facere.
1072 3702 1232 3760 Unde
1250 3705 1415 3760 etiam
1441 3704 1698 3759 Dominus
1729 3705 1868 3773 ipse,

260 3796 333 3851 ad
370 3794 671 3865 perfectam
702 3809 806 3850 nos
832 3794 1223 3866 benignitatem
1251 3811 1477 3863 vocans,
1507 3796 1580 3852 ait
1615 3814 1626 3849 :
1657 3794 1873 3867 Diligite

265 3888 515 3943 inimicos
545 3897 766 3957 vestros,
797 3888 1077 3960 benefacite
1103 3891 1185 3944 his
1222 3891 1311 3959 qui
1340 3889 1556 3944 oderunt
1594 3905 1701 3944 vos.
1757 3888 1821 3944 Et
1853 3905 1869 3946 :

268 3982 436 4037 Orate
479 3999 575 4053 pro
615 3983 1066 4055 persequentibus,
1101 3992 1151 4039 et
1187 3982 1625 4039 calumniantibus
1676 3999 1789 4049 vos,
1815 3991 1873 4037 ut

268 4076 389 4129 sitis
442 4074 545 4144 ﬁlii
584 4075 750 4147 patris
798 4076 975 4142 uestri,
1006 4077 1096 4147 qui
1141 4077 1196 4130 in
1247 4076 1388 4131 caelis
1432 4084 1508 4131 est
1554 4074 1777 4150 (Matth.
1816 4089 1872 4143 v,

269 4166 398 4235 45).
427 4165 544 4221 Non
568 4176 649 4222 est
671 4166 817 4222 enim
843 4166 988 4238 quod
1017 4166 1097 4222 sic
1119 4168 1368 4223 homines
1398 4168 1508 4222 Deo
1536 4166 1700 4222 faciat
1726 4181 1877 4221 ama-

269 4258 441 4323 biles,
466 4267 525 4312 ut
546 4258 722 4327 pietas
745 4258 962 4323 mentis,
990 4265 1048 4313 et
1066 4257 1301 4325 bonitas,
1325 4274 1445 4329 qua:
1474 4266 1623 4312 tanta
1647 4258 1701 4312 in
1719 4256 1875 4312 Chri-

265 4352 464 4405 stiano
479 4363 604 4406 esse
628 4348 816 4415 debet,
846 4351 1097 4405 utetiam
1124 4352 1179 4405 in
1210 4350 1365 4405 malis
1387 4349 1647 4405 abundet.
1673 4349 1877 4420 Deique

1951 1851 2155 1907 occidit
2177 1854 2417 1908 animam
2454 1872 2466 1908 :
2494 1852 2560 1908 Et
2585 1856 2674 1924 qui
2694 1855 3034 1923 maledicunt,
3065 1872 3281 1928 regnum
3314 1854 3411 1910 Dei
3431 1858 3549 1929 (non

1952 1940 2316 2010 possidebunt,
2335 1943 2487 2009 juxta
2515 1943 2833 2014 Apostolum
2859 1947 2901 2018 (Ι
2926 1946 3113 2013 Conv,
3141 1949 3257 2020 ll).
3282 1949 3344 2003 Et
3368 1948 3553 2019 jurare

1957 2033 2075 2102 ipse
2105 2032 2355 2088 Christus
2386 2035 2681 2105 prohibuit,
2716 2038 2807 2106 qui
2855 2038 2991 2091 dixit
3031 2054 3046 2092 :
3086 2038 3192 2110 Ego
3228 2051 3401 2093 autem
3441 2041 3557 2093 dico

1956 2124 2121 2191 vobis,
2151 2141 2253 2179 non
2266 2126 2456 2196 jurare
2479 2127 2709 2181 omnino.
2731 2128 3069 2193 Etrursum:
3099 2128 3180 2182 Sit
3204 2140 3375 2184 autem
3393 2146 3559 2185 sermo

1956 2227 2140 2287 vester,
2168 2228 2277 2285 est,
2308 2229 2424 2275 est:
2455 2237 2580 2287 non,
2611 2237 2713 2275 non
2743 2237 2763 2275 :
2792 2220 2931 2290 quod
2957 2229 3127 2274 autem
3154 2222 3377 2294 amplius
3399 2233 3493 2287 est,
3528 2241 3561 2277 a

1958 2312 2094 2365 malo
2116 2321 2191 2367 est
2212 2311 2430 2385 (Matth.
2471 2329 2528 2379 v,
2560 2313 2647 2378 54,
2691 2312 2805 2386 57).
2837 2314 3158 2383 Apostolus,
3188 2315 3427 2372 breviter
3450 2318 3562 2374 oris

1959 2404 2089 2459 vitia
2113 2419 2394 2473 resecans,
2428 2404 2505 2460 ait
2531 2423 2543 2459 :
2583 2405 2764 2460 Omnis
2790 2422 2960 2461 sermo
2989 2408 3159 2462 malus
3186 2423 3253 2462 ea:
3280 2423 3369 2463 ore
3388 2420 3556 2464 vestro

1958 2511 2061 2551 non
2102 2497 2344 2568 procedat
2368 2513 2388 2562 ;
2417 2498 2510 2551 sed
2538 2498 2583 2552 si
2611 2498 2727 2568 quis
2770 2498 2937 2553 bonus
2962 2499 3033 2552 ad
3060 2500 3469 2570 aedificationem
3491 2503 3558 2573 ﬁ-

1957 2590 2063 2657 dei,
2094 2598 2150 2643 ut
2196 2589 2281 2645 det
2320 2590 2545 2661 gratiam
2587 2590 2917 2645 audientibus
2971 2590 3193 2663 (Ephes.
3223 2608 3298 2659 tv,
3328 2591 3444 2663 29).
3484 2593 3565 2648 Sit

1959 2692 2144 2739 autem
2181 2699 2366 2740 sermo
2398 2684 2622 2755 virginis
2652 2684 2890 2756 prudens
2924 2684 3029 2757 [ΑΙ.
3086 2686 3562 2762 pudc.ns],'m0de-

1960 2784 2079 2832 stus
2128 2784 2185 2832 et
2230 2791 2410 2846 rarus,
2440 2793 2540 2833 nec
2596 2790 2705 2833 tam
2757 2779 3065 2850 eloquentia
3097 2780 3372 2850 pretiosus
3397 2797 3559 2851 quam

1961 2868 2197 2940 pudore.
2242 2869 2508 2926 Mirentur
2534 2886 2727 2927 omnes
2751 2881 2920 2941 tuam,
2952 2878 3007 2927 te
3036 2880 3268 2938 tacente,
3300 2889 3568 2929 verecun-

1962 2961 2142 3029 diam;
2193 2970 2246 3017 te
2289 2962 2567 3034 loquente,
2614 2964 2982 3035 prudentiam.
3017 2965 3147 3022 Mite
3198 2981 3262 3021 ac
3292 2966 3562 3037 placidum

1964 3069 2186 3125 semper
2208 3055 2489 3126 eloquium
2517 3064 2693 3111 tuum.
2726 3056 2899 3111 Ornet
2927 3058 3097 3111 mixta
3128 3072 3251 3112 cum
3297 3059 3567 3128 gravitate

1968 3146 2231 3213 suavitas,
2275 3161 2399 3202 cum
2443 3147 2653 3217 pudore
2684 3148 2972 3218 sapientia.
3001 3145 3083 3202 Sit
3133 3155 3281 3202 certa
3317 3156 3479 3217 atque
3504 3147 3569 3203 li-

1966 3239 2148 3307 brata,
2180 3240 2374 3310 suique
2400 3242 2821 3313 opportunitate
2848 3239 3181 3310 gratissima,
3204 3238 3407 3294 silentii
3444 3254 3572 3295 ver-

1968 3334 2129 3404 hique
2172 3335 2333 3391 ratio.
2363 3335 2475 3390 Nec
2502 3349 2759 3405 umquam
2790 3334 3016 3389 omnino
3038 3334 3267 3403 virginis
3292 3348 3356 3388 os
3379 3334 3570 3405 loqua-

1968 3435 2077 3493 tur,
2110 3437 2169 3482 ut
2192 3429 2427 3484 tacuisse
2458 3428 2656 3484 melius
2677 3426 2769 3481 sit.
2795 3424 2931 3481 Cum
2957 3426 3162 3497 ingenti
3196 3426 3449 3482 cautione
3478 3426 3570 3483 dc-

1969 3519 2061 3577 bet
2090 3520 2257 3591 loqui,
2291 3518 2378 3574 cui
2409 3533 2516 3575 non
2557 3519 2735 3574 solum
2772 3518 2972 3587 malus,
3024 3518 3119 3575 sed
3152 3518 3315 3575 etiam
3363 3519 3574 3577 otiosus

1972 3626 2157 3667 sermo
2186 3612 2440 3667 vitandus
2468 3621 2552 3666 est
2578 3628 2591 3665 :

2045 3702 2177 3759 Cu».
2198 3702 2619 3760 XX.—Summa
2639 3702 2735 3759 tibi
2754 3702 2982 3759 scientia
3010 3703 3100 3770 sit,
3118 3706 3309 3762 notitia
3335 3720 3570 3775 summa,

1974 3795 2126 3862 vitia,
2157 3797 2494 3866 virtutesque
2522 3793 2879 3866 distinguere,
2918 3810 3039 3866 qua:
3068 3812 3399 3869 quamquam
3429 3812 3574 3854 sem-

1976 3902 2073 3959 per
2094 3889 2371 3943 contraria
2400 3886 2507 3942 sibi
2556 3886 2705 3953 sint,
2753 3886 2933 3958 aliqua
2976 3896 3154 3944 tamen
3205 3904 3272 3945 ex
3300 3889 3384 3945 eis
3426 3897 3576 3946 tanta

1972 3981 2274 4052 junguntur
2302 3979 2683 4048 similitudine,
2726 3989 2787 4035 ut
2811 3980 3051 4037 discerni
3077 3981 3299 4038 omnino
3326 3983 3418 4038 vix
3450 3998 3576 4054 pos-

1976 4074 2108 4129 sint.
2138 4072 2308 4139 Quam
2334 4070 2485 4127 multi
2516 4074 2659 4127 enim
2683 4072 2991 4142 superbiam
3026 4074 3296 4130 libertatis
3324 4074 3444 4131 loco
3464 4074 3569 4129 du-

1978 4173 2129 4231 cunt,
2161 4164 2527 4220 adulationem
2560 4180 2657 4235 pro
2709 4163 3014 4221 humilitate
3064 4167 3387 4238 suscipiunt,
3418 4166 3579 4223 mali-

1983 4258 2111 4312 tiam
2138 4257 2440 4327 prudentia:
2487 4256 2887 4326 amplectuntur
2913 4256 3051 4322 vice,
3083 4268 3139 4314 et
3168 4259 3414 4313 stultitia:
3440 4260 3577 4312 sim-

1980 4350 2237 4421 plicitatis
2283 4364 2479 4405 nomen
2507 4348 2614 4420 [Αι.
2637 4350 2924 4404 stultitiam
2957 4350 3326 4421 simplicitatis
3351 4350 3577 4421 nomini]

265 4442 523 4497 imitetur
566 4440 1028 4508 benevolentiam,
1060 4441 1153 4512 qui
1197 4442 1370 4497 solem
1400 4456 1556 4497 suum
1584 4442 1718 4497 oriri
1748 4440 1879 4497 facit
1982 4445 2288 4514 imponunt,
2319 4453 2485 4515 atque
2530 4444 2703 4498 fallaci
2733 4458 2796 4498 ac
2826 4444 3059 4514 pessima
3085 4444 3298 4514 decepti
3322 4443 3582 4498 similitu-

266 4548 443 4604 super
469 4532 644 4587 bonos
665 4542 720 4587 et
738 4532 931 4598 malos,
958 4542 1015 4588 et
1036 4532 1171 4602 pluit
1195 4546 1358 4602 super
1373 4533 1553 4603 justos
1573 4542 1628 4587 et
1649 4531 1879 4602 injustos
1908 4522 1956 4582 D
1982 4537 2130 4603 dine,
2157 4536 2299 4590 vitiis
2328 4550 2431 4608 pro
2477 4536 2771 4592 virtutibus
2801 4537 3124 4606 gloriantur.
3151 4536 3219 4591 Et
3254 4548 3580 4605 quamquam

271 4623 459 4695 (Rom.
492 4639 590 4690 xu,
618 4623 727 4695 15).
761 4623 875 4680 Hoc
900 4625 1082 4694 itaque
1112 4623 1229 4690 tibi,
1259 4624 1345 4681 vel
1384 4623 1439 4678 in
1471 4623 1662 4694 primis
1711 4623 1873 4691 absit,

269 4728 336 4774 ut
359 4718 570 4774 nemini
600 4717 685 4773 vel
718 4719 772 4773 in
824 4717 990 4773 verbo
1015 4717 1180 4773 etiam
1207 4732 1424 4784 noceas,
1459 4725 1518 4771 ut
1547 4718 1598 4771 in
1629 4708 1882 4773 omnibus

266 4812 717 4883 quibuscumque
734 4812 961 4881 poteris,
985 4812 1246 4882 prodesse
1266 4811 1507 4877 studeas,
1532 4820 1589 4867 et
1617 4827 1686 4866 ne
1707 4812 1880 4866 vicem

267 4905 505 4975 quidem
532 4903 659 4959 mali
691 4903 951 4970 reddens,
972 4918 1071 4974 pro
1110 4903 1268 4959 malis
1296 4903 1463 4970 bona,
1490 4904 1708 4961 dicente
1736 4903 1885 4974 Apo-

265 4996 450 5063 stolo,
475 4995 758 5051 restituas.
788 4994 1091 5066 Numquam
1123 4994 1387 5051 detractio
1426 5011 1492 5051 ex
1539 5011 1634 5051 ore
1661 4996 1884 5067 virginis

268 5086 779 5161 procedat.Vilium
803 5088 939 5144 satis
966 5086 1248 5143 hominum
1273 5096 1378 5152 est,
1408 5095 1465 5143 et
1490 5101 1641 5142 suam
1666 5087 1881 5145 laudem

268 5184 673 5256 quaerentium,
704 5183 841 5238 alios
868 5183 1004 5238 viles
1027 5182 1246 5242 facere;
1276 5181 1403 5252 quia
1431 5180 1653 5236 alterius
1676 5182 1888 5253 vitupe-

269 5276 497 5331 ratione
536 5288 598 5329 se
628 5271 839 5328 laudari
871 5282 1062 5343 putant
1087 5282 1176 5331 :et
1201 5272 1290 5343 qui
1320 5287 1419 5327 suo
1447 5269 1644 5326 merito
1671 5271 1888 5342 placere

274 5382 396 5421 non
428 5375 682 5438 possunt,
712 5365 934 5435 placere
959 5365 1148 5421 volunt
1192 5365 1249 5420 in
1297 5364 1708 5434 comparatione
1733 5363 1884 5433 pejo-

272 5476 432 5517 rum.
467 5461 667 5517 Parum
697 5460 957 5527 diximus,
989 5473 1099 5515 non
1122 5460 1297 5515 solum
1321 5458 1438 5530 ipsa
1468 5474 1575 5513 non
1601 5457 1881 5527 detrahas,

271 5552 387 5609 sed
416 5568 483 5609 ne
506 5551 823 5609 detrahenti
850 5550 1070 5622 quidem
1118 5549 1411 5622 aliquando
1466 5549 1678 5606 credas.
1713 5548 1890 5604 Pessi-

271 5660 439 5704 mum
472 5656 556 5702 est
585 5645 692 5701 hoc
742 5644 957 5707 vitium,
988 5641 1134 5715 quod
1180 5641 1414 5697 alterum
1460 5640 1625 5696 vilem
1657 5639 1785 5695 facit
1810 5640 1891 5694 vi-

269 5737 426 5797 deri.
454 5735 571 5795 Non
600 5736 783 5794 minus
810 5735 1031 5793 auribus
1077 5749 1246 5810 quam
1297 5733 1480 5806 lingua
1506 5730 1680 5805 fugias
1709 5731 1889 5791 detra~

1987 4628 2103 4683 haec
2124 4630 2304 4684 omnia
2324 4628 2680 4683 subtilissima
2701 4628 3054 4697 intelligentia
3076 4626 3280 4681 debeas
3301 4639 3581 4693 separare,

1984 4728 2315 4788 cunctasque
2336 4718 2563 4774 virtutes
2586 4734 2708 4774 cum
2741 4720 2853 4773 suis
2882 4718 3039 4772 lineis
3067 4716 3428 4786 insequendo,
3459 4732 3589 4773 nus-

1986 4826 2146 4881 quam
2191 4825 2417 4882 prorsus
2471 4810 2810 4865 abscedere:
2844 4807 3118 4877 praecipue
3175 4814 3357 4862 tamen
3404 4808 3587 4865 fictam

1988 4901 2347 4957 humilitatem
2403 4900 2637 4970 fugiens,
2668 4898 2818 4952 illam
2870 4902 3086 4951 sectare
3131 4910 3253 4967 quas
3298 4912 3427 4954 vera
3475 4910 3582 4969 est,

1989 5007 2152 5062 quam
2196 4992 2446 5046 Christus
2501 4990 2702 5050 docuit,
2739 4986 3121 5056 humilitatem,
3156 4988 3211 5044 in
3242 5004 3349 5061 qua
3379 5006 3484 5048 non
3513 4994 3587 5047 sit

1990 5083 2244 5155 superbia
2274 5082 2504 5135 inclusa.
2525 5080 2673 5134 Multi
2702 5078 2847 5133 enim
2883 5077 3043 5147 hujus
3071 5082 3285 5139 virtutis
3315 5086 3584 5152 umbram,

1992 5175 2281 5230 veritatem
2326 5172 2443 5242 ejus
2474 5160 2777 5239 sequun'tur
2800 5172 2975 5240 pauci.
3027 5172 3290 5231 Perfacile
3317 5186 3403 5231 est
3440 5175 3587 5231 enim

1993 5267 2229 5338 aliquam
2259 5272 2470 5321 veStem
2498 5261 2699 5317 habere
2728 5273 3062 5331 contentam,
3092 5266 3330 5321 salutare
3359 5265 3592 5320 submis-

1992 5362 2129 5429 sius,
2157 5373 2349 5415 manus
2388 5367 2442 5413 et
2482 5370 2657 5426 genua
2697 5355 3023 5422 deosculari,
3071 5357 3331 5412 inclinato
3379 5356 3433 5411 in
3482 5367 3595 5412 ter-

1989 5468 2107 5510 ram
2139 5452 2340 5520 capite,
2370 5449 2653 5518 oculisque
2687 5448 2938 5518 dejectis,
2971 5447 3328 5503 humilitatem
3357 5463 3421 5503 ac
3445 5463 3600 5507 man-

1992 5543 2340 5602 suetudinem
2383 5540 2652 5613 polliceri,
2678 5542 2824 5596 lenta
2857 5553 2994 5593 voce
3025 5539 3283 5609 tenuique
3317 5554 3601 5601 sermones

1996 5637 2311 5705 infringere,
2345 5634 2620 5706 suspirare
2664 5633 2929 5696 crebrius,
2954 5638 3013 5686 et
3052 5631 3118 5685 ad
3174 5647 3336 5690 omne
3365 5637 3593 5694 verbum

1994 5737 2337 5807 peccatorem
2362 5742 2428 5787 ac
2475 5725 2737 5787 miserum
2781 5740 2842 5785 se
2869 5723 3127 5783 clamare.
3173 5722 3241 5782 Et
3267 5726 3314 5785 si
3343 5728 3429 5786 vel
3483 5728 3593 5788 levi
