4000 6312
472 234 541 291 35
1503 227 1561 285 S.
1605 222 1997 291 lllERONYMl
2032 225 2322 291 OPERUM
2357 224 2723 287 MAN'l‘lSSA.
3695 230 3774 291 56

473 365 726 417 sermone
748 346 989 405 oll'eusus
1018 345 1110 413 sit,
1129 344 1388 405 continuo
1414 342 1667 399 attollere
1691 343 2062 413 supercilium,
2094 346 2147 415 Α
2174 359 2318 411 nam,
2351 359 2528 414 neque
2551 345 2739 401 bibere
2761 342 2969 411 vinum,
2996 344 3313 416 Apostoliea
3334 360 3470 403 voce
3491 346 3773 405 laudatum

476 444 661 499 levare
686 442 976 509 cervicem,
1009 449 1063 495 et
1109 439 1399 497 delicatum
1433 437 1580 494 illum
1629 437 1740 492 oris
1766 452 1957 492 sonum
1989 436 2069 497 in,-

479 554 615 596 sano
655 548 881 612 repente
924 535 1164 592 clamore
1206 544 1436 595 mutate.
1472 532 1646 591 Aliam
1678 546 1777 585 nos
1804 529 2073 585 humilita-

486 642 594 689 tem
624 632 870 686 (lltristus
898 629 1100 693 docuit,
1137 628 1229 698 qui
1287 644 1383 684 nos
1434 626 1501 693 ad
1555 625 1862 694 exemplum
1911 640 2068 678 suum

483 724 751 786 hortatur,
789 723 976 778 dicens
1008 740 1019 774 :
1050 719 1249 775 Discite
1279 738 1309 775 a
1336 735 1432 787 me,
1465 718 1583 788 quia
1606 718 1745 769 mitis
1772 732 1882 770 sum
1906 724 1951 769 et
1976 719 2067 768 Itu-

481 818 618 872 ntilis
646 815 801 870 corde
828 813 1047 887 (Matth.
1098 830 1172 880 si,
1200 812 1318 883 9.9).
1348 811 1451 879 Qui
1478 825 1599 877 cum
1631 808 2068 877 malediceretur,

484 930 589 969 nun
607 909 991 973 malutlicebat;
1018 923 1137 971 eum
1161 915 1460 977 pateretur,
1488 919 1595 957 non
1616 900 2068 963 comminabatur.

480 1005 651 1069 Quint
686 1001 840 1055 nobis
888 1000 1243 1061 humilitatem
1292 997 1482 1052 beatus
1538 996 1732 1059 Petrus
1782 993 2069 1057 insinuat:

483 1094 867 1161 Mist’t'iCOI'tles,
896 1090 1155 1162 inquit,et
1176 1089 1425 1156 humiles,
1453 1105 1555 1142 non
1587 1087 1862 1142 recidentes
1880 1086 2074 1140 malum

464 1163 571 1256 pro
598 1188 753 1253 malo,
779 1203 870 1239 nec.
893 1184 1221 1238 maledictum
1246 1198 1341 1253 pro
1373 1182 1649 1235 maledicto
1674 1180 1717 1253 (Ι
1744 1180 1859 1236 Pet.
1878 1196 1933 1246 tt,
1955 1179 2071 1250 Ἠ).

373 1309 383 1327 ι
478 1280 810 1337 Λυίύιηίιηιιιιη
854 1276 1036 1332 omnia
1088 1276 1337 1345 ﬁgmenta
1391 1272 1708 1340 vetbnrum,
1755 1280 1973 1328 cessent
2003 1272 2077 1325 si-

478 1372 662 1427 mulati
710 1378 916 1439 gestus,
951 1375 1006 1431 et
1056 1376 1182 1419 ante
1209 1364 1554 1419 occasionem
1593 1375 1776 1416 sermo
1807 1360 2071 1432 placidus.

477 1465 683 1520 Verum
712 1461 822 1533 [AL
848 1458 1046 1529 virum]
1080 1458 1340 1524 humiLcm
1369 1457 1630 1527 patientia
1661 1456 1899 1511 ostendit
1930 1455 2074 1525 ittth-

478 1557 598 1610 rias.
626 1553 819 1607 Nullus
843 1566 971 1621 ergo
1016 1565 1269 1617 umquam
1298 1549 1347 1602 in
1384 1559 1565 1604 mente
1596 1558 1683 1602 tua
1711 1547 1875 1602 ullius
1902 1548 1973 1601 sit
2000 1546 2079 1602 vi-

479 1647 537 1707 tii
570 1646 741 1700 locus.
766 1642 911 1698 Nihil
942 1644 991 1696 in
1027 1653 1076 1696 te
1116 1640 1434 1711 superbum,
1470 1640 1601 1696 nihil
1633 1654 1916 1711 arrogans,
1946 1637 2077 1699 nihil

2172 447 2253 494 est
2286 435 2466 509 (Rom.
2501 453 2605 504 xtl,
2644 437 2747 506 15,
2781 438 2907 509 21).
2938 437 3208 510 Quidquid
3238 439 3374 495 illud
3398 450 3484 499 est
3512 441 3654 513 quod
3686 442 3774 496 in-

2172 532 2458 591 ﬂammare
2497 547 2703 601 corpus
2744 543 2921 603 potest
2948 573 2962 598 ,
3010 532 3154 604 quod
3191 532 3496 589 fomentum
3529 536 3779 605 suggerit

2172 626 2459 694 voluptati,
2486 626 2753 680 castitatis
2775 640 2963 691 arnore
2985 625 3303 695 fugiendum
3325 636 3429 687 est.
3454 626 3566 682 Nec
3588 638 3771 683 tamen

2175 718 2247 777 ita
2278 730 2473 785 magno
2504 716 2666 786 hujus
2698 717 2777 772 rei
2804 717 3000 777 labore
3038 720 3255 788 gravari
3304 728 3357 773 te
3386 720 3637 775 volumus
3668 740 3681 773 :
3717 728 3775 776 ut

2172 809 2277 867 sub
2310 810 2426 879 ipso
2470 811 2650 866 statim
2688 826 2861 866 onere
2892 812 3255 879 succumbas,
3304 826 3401 881 per
3429 813 3574 883 quod
3615 813 3770 867 multi

2174 900 2305 961 dum
2334 901 2505 956 nimio
2539 904 2753 957 fervere
2781 904 2981 959 mentis
3013 904 3282 959 rationem
3316 918 3540 959 suarum
3571 904 3769 960 virium

2175 1002 2283 1041 non
2314 985 2583 1042 haberent
2612 986 2730 1057 [ΑΙ.
2763 985 3005 1059 habent]
3031 1029 3044 1051 ,
3078 988 3260 1043 subito
3286 989 3649 1046 conciderunt
3669 1032 3684 1055 ,
3718 998 3774 1047 et

2175 1094 2315 1150 pene
2361 1089 2489 1135 ante
2534 1076 2919 1148 debilitatem,
2957 1096 3123 1151 quam
3167 1082 3518 1139 sanctitatem
3550 1083 3618 1139 de
3648 1099 3772 1154 prn-

2178 1176 2360 1244 pnsito
2399 1190 2505 1233 suo
2542 1176 2827 1231 consecuti
2872 1186 3020 1239 sunt.
3063 1174 3314 1245 Optimus
3340 1186 3422 1232 est
3448 1177 3502 1231 iu
3533 1179 3681 1234 omni
3715 1192 3772 1235 re

2177 1269 2374 1326 tnodns
2398 1310 2415 1334 ,
2455 1276 2512 1323 et
2541 1268 2829 1324 laudabilis
2860 1269 3060 1339 ubique
3089 1284 3368 1327 mensura.
3415 1272 3624 1340 Corpus
3661 1286 3769 1325 non

2180 1360 2564 1431 frangendum,
2595 1362 2688 1418 sed
2717 1362 3015 1431 regendum
3042 1373 3147 1418 est.
3183 1362 3305 1417 Sint
3333 1377 3467 1433 ergo
3491 1362 3771 1417 moderata

2178 1464 2368 1511 saneta
2390 1495 2405 1519 ,
2449 1463 2505 1509 et
2548 1453 2824 1525 simplicia
2850 1456 2906 1509 in
2935 1458 3081 1512 onmi
3110 1457 3311 1515 mentis
3346 1455 3654 1512 humilitate
3690 1456 3774 1527 je-

2174 1547 2348 1618 junia,
2381 1564 2501 1617 qua:
2527 1549 2597 1602 ita
2621 1556 2906 1605 attenuent
2926 1564 3148 1620 corpus,
3176 1565 3246 1605 ne
3267 1549 3509 1605 animum
3536 1550 3771 1618 elevem,

2181 1655 2250 1695 ne
2300 1656 2387 1695 res
2434 1640 2758 1697 humilitatis
2803 1642 2988 1711 gignat
3030 1642 3344 1713 superbiam
3370 1683 3386 1707 ,
3437 1654 3494 1698 et
3534 1642 3666 1697 vitia
3706 1643 3776 1698 de

481 1739 712 1809 denique
742 1736 1101 1793 fastidiasunt.
1136 1734 1290 1803 Apud
1324 1735 1487 1789 Deum
1522 1748 1627 1789 non
1656 1743 1738 1787 est
1781 1732 2071 1817 quidquam
2105 1732 2153 1793 Β
2186 1734 2390 1790 virtute
2439 1742 2755 1791 nascantur.
2808 1734 2922 1806 Ego
2946 1776 2960 1801 ,
3008 1734 3228 1806 inquit,
3270 1752 3388 1789 cum
3420 1734 3546 1789 mihi
3576 1736 3776 1790 mulcati

480 1830 785 1887 humilitate
834 1829 1136 1884 sublimius.
1175 1828 1292 1897 [pse
1327 1828 1559 1896 loquitur
1590 1842 1684 1894 per
1708 1826 2026 1895 prophetam
2056 1842 2071 1879 :

481 1924 653 1993 Super
680 1938 830 1993 quem
858 1922 1023 1974 alium
1047 1922 1360 1991 requiescant
1381 1919 1488 1989 [AL
1510 1916 1821 1989 respiciam],
1848 1918 1950 1971 nisi
1986 1934 2076 1971 su-

478 2033 568 2089 per
591 2016 855 2080 humilem,
889 2023 937 2065 et
960 2014 1205 2081 quie'usu,
1238 2019 1283 2065 ct
1310 2018 1605 2065 trementem
1644 2026 1902 2063 sermones
1934 2025 2075 2064 meos

481 2108 613 2179 (Isa.
648 2123 796 2169 uri.
822 2105 879 2175 2)
904 2105 924 2158 ?
950 2105 1014 2158 Et
1042 2118 1336 2172 numquam
1369 2104 1421 2156 in
1452 2104 1584 2156 iram
1618 2101 1938 2161 exardescat
1959 2101 2076 2155 ani-

478 2216 619 2264 ntus,
676 2197 819 2269 quod
856 2210 940 2252 est
986 2196 1337 2251 seminat-ium
1394 2194 1524 2251 odii.
1574 2193 1779 2249 Tantus
1834 2205 2074 2248 mentem

478 2301 624 2348 lttam
656 2294 862 2361 repleat
885 2291 1044 2345 timor
1074 2290 1190 2356 Dei,
1223 2300 1279 2357 tit
1310 2288 1580 2359 indignari
1603 2289 1823 2343 omnino
1852 2302 1958 2342 non
1989 2303 2077 2340 au-

475 2386 625 2453 deas,
644 2395 695 2441 et
716 2387 790 2459 ira
801 2402 848 2439 ttt
878 2394 1021 2439 metu
1046 2385 1247 2439 vineas.
1266 2383 1461 2437 Beatus
1476 2381 1794 2452 Apostolus,
1813 2380 2077 2435 inundans

473 2481 708 2535 animum
753 2486 1018 2546 nostram,
1049 2490 1278 2545 eamque
1308 2476 1360 2528 itt
1392 2474 1756 2529 habitaculum
1790 2474 1879 2527 Dei
1935 2489 2074 2542 prat-

476 2584 702 2642 parans,
732 2569 1006 2624 clamath
1038 2567 1169 2621 dicit
1202 2583 1215 2619 :
1252 2566 1433 2619 Umnis
1472 2564 1791 2631 amaritudo,
1826 2574 1871 2617 et
1898 2564 2001 2629 ira,
2029 2573 2077 2617 et

477 2663 786 2733 indignatio,
822 2670 869 2714 et
919 2659 1137 2723 clamor,
1167 2666 1213 2711 et
1257 2656 1574 2729 blasphemia
1600 2661 1868 2729 auferatur
1888 2674 1918 2713 α
1941 2657 2077 2713 vobis

480 2771 595 2809 cum
624 2753 763 2806 omni
795 2752 993 2806 malitia
1020 2749 1184 2823 (Eph.
1216 2765 1289 2819 tv,
1315 2749 1428 2821 51).

552 2846 683 2901 ΟΜ).
702 2845 845 2900 XXI.
867 2844 1280 2903 —-Adul.ttores
1300 2853 1360 2899 ut
1386 2843 1639 2899 inimicos
1668 2859 1822 2910 cave,
1841 2860 2073 2914 quorum

481 2956 773 2997 sermones
803 2956 970 3012 super
998 2940 1177 2995 oleum
1208 2939 1405 2995 molles
1434 2981 1449 3006 ,
1494 2950 1549 2996 et
1591 2939 1693 3009 ipsi
1723 2948 1849 2995 sunt
1872 2939 2073 3009 iacula.

483 3036 855 3107 Corrumpunt
894 3036 1036 3090 lictis
1079 3035 1328 3091 laudibus
1378 3035 1528 3091 leves
1574 3035 1782 3090 animas
1832 3048 1888 3090 et
1933 3036 2075 3091 male

2178 1836 2363 1890 essent,
2399 1826 2655 1880 induebur
2684 1827 2878 1893 cilicio,
2907 1840 2952 1882 et
2981 1828 3326 1882 humiliabam
3353 1829 3408 1884 in
3426 1828 3637 1900 jejunio
3663 1829 3777 1882 aui-

2179 1934 2315 1970 mam
2352 1934 2520 1972 meum
2553 1917 2739 1989 (Psal.
2774 1936 2949 1985 xxxv,
2984 1920 3113 1990 13).
3149 1919 3334 1975 Vestis
3363 1921 3635 1990 abjeetio,
3671 1921 3775 1976 cibi

2176 2010 2357 2067 vilitas
2383 2049 2401 2076 ,
2434 2009 2629 2079 jejunii
2660 2011 2932 2067 lassitudo
2958 2052 2974 2076 ,
3007 2013 3362 2083 exstinguere
3387 2013 3590 2069 debent
3616 2056 3630 2081 ,
3664 2031 3771 2077 non

2179 2101 2389 2159 nutrire
2408 2102 2741 2170 superbiam.
2761 2103 2893 2171 Quis
2916 2120 3031 2159 rem
3057 2106 3342 2161 medicinae
3363 2109 3556 2162 vulnus
3578 2108 3777 2177 faciat?

2178 2202 2234 2247 et
2266 2193 2391 2248 inde
2417 2207 2545 2247 sana
2577 2193 2739 2249 laedat
2771 2212 3023 2267 quat-que,
3060 2197 3205 2253 unde
3232 2198 3343 2268 jam
3379 2200 3507 2254 laesa
3538 2201 3775 2256 curanda

2179 2284 2340 2340 sunt?
2375 2286 2479 2339 Aut
2505 2302 2623 2354 qute
2656 2290 2929 2357 supererit
2960 2306 3089 2361 spes
3117 2292 3332 2354 salutis,
3366 2294 3413 2347 si
3447 2294 3546 2349 ista
3578 2293 3776 2350 anima:

2179 2377 2418 2439 remedia
2454 2378 2563 2433 sint
2594 2380 2845 2435 venena?

2250 2470 2381 2531 Car.
2415 2470 2587 2527 XXII.
2616 2502 2685 2511 —
2709 2472 2978 2529 Laborem
3013 2474 3207 2544 jejunii
3242 2476 3349 2546 tui,
3384 2475 3776 2533 misericordia:

2179 2576 2345 2632 opera
2384 2566 2810 2632 eontmetnlent,
2856 2576 2910 2622 et
2938 2568 3266 2623 abstinentia
3299 2579 3388 2624 tua
3413 2610 3429 2635 ,
3475 2585 3774 2640 pauperum

2180 2656 2481 2712 refectione
2506 2657 2578 2711 sit
2600 2658 2826 2728 gratior.
2854 2658 3117 2715 Dominus
3147 2662 3387 2731 loquitur
3416 2678 3513 2733 per
3543 2663 3778 2733 prophe-

2182 2747 2762 2806 tatnzhlisericore’iam
2789 2754 2928 2817 volo,
2960 2764 3005 2807 et
3036 2772 3137 2808 non
3168 2756 3486 2826 sacriﬁcium
3514 2755 3660 2829 (θέε.
3697 2771 3773 2823 \‘l,

2180 2839 2275 2913 6).
2322 2840 2376 2896 ltt
2409 2841 2703 2913 Evangelio
2732 2842 2937 2900 Chrisu
2968 2846 3128 2902 vetba
3170 2848 3398 2917 legimus
3430 2868 3442 2903 :
3495 2848 3643 2903 Beati
3680 2851 3777 2902 mi-

2177 2935 2465 2992 sericordes
2492 2978 2505 3003 ,
2542 2938 2791 3007 quoniam
2824 2940 2927 3009 ipsi
2962 2940 3371 2996 misericordiam
3397 2953 3778 3014 consequentur

2181 3028 2408 3100 (Matth.
2439 3048 2492 3099 v,
2525 3031 2612 3103 7).
2642 3030 2750 3087 Sed
2778 3046 2965 3101 quasso
2996 3032 3137 3089 banc
3164 3048 3353 3090 curam
3383 3039 3502 3091 vice
3533 3046 3623 3090 tua
3652 3037 3773 3090 avia

484 3128 720 3186 credulis
749 3129 1027 3184 mentibus
1060 3128 1315 3182 blandum
1349 3129 1543 3184 vulnus
1574 3127 1821 3197 inﬂigunt
1851 3126 1961 3199 [ΑΙ.
1995 3128 2071 3183 in-
2104 3111 2148 3175 C
2184 3131 2471 3193 tuaterque
2500 3126 2826 3196 suscipiant.
2878 3125 2991 3182 Illae
3031 3127 3134 3183 has
3168 3140 3351 3198 partes
3381 3144 3481 3201 pro
3508 3139 3561 3185 te
3589 3138 3772 3200 agant.

488 3220 757 3294 lingunt].
788 3220 979 3277 Crevit
1009 3222 1112 3276 huc
1140 3222 1191 3275 itt
1223 3231 1411 3276 nostra
1450 3228 1610 3276 :Blale
1644 3222 1832 3278 vitium
1862 3263 1876 3287 ,
1925 3231 1980 3278 et
2023 3223 2075 3278 itt

485 3314 676 3369 ultimo
707 3317 814 3369 line
845 3317 1038 3381 stetit,
1088 3330 1190 3370 nec
1230 3314 1340 3383 jam
1376 3314 1561 3384 augeri
1592 3322 1791 3381 potest.
1835 3313 1892 3371 ltt
1940 3313 2078 3370 hanc

484 3425 673 3465 omnes
708 3424 807 3463 nos
834 3408 1077 3467 scholam
1111 3406 1459 3477 studiumque
1499 3406 1755 3461 dedimus
1778 3445 1797 3473 ,
1850 3416 1909 3462 ut
1956 3406 2075 3461 ofﬁ-

485 3504 629 3559 cium
657 3511 909 3574 putemus
932 3501 1179 3556 illudere.
1204 3499 1466 3569 Quodque
1489 3500 1590 3571 ipsi
1611 3501 1679 3556 ab
1703 3500 1824 3555 aliis
1849 3500 2079 3557 libenter

485 3597 810 3663 accipimus,
842 3593 893 3647 id
920 3593 1039 3647 aliis
1067 3594 1219 3663 quasi
1248 3593 1520 3661 quoddam
1549 3608 1745 3650 munus
1776 3592 2075 3653 oll'erimus.

489 3688 561 3747 Et
588 3704 682 3759 spe
716 3686 1051 3756 recipiendae
1082 3686 1258 3741 laudis
1284 3730 1297 3753 ,
1331 3701 1429 3741 eos
1454 3702 1484 3741 a
1513 3687 1709 3756 quibus
1740 3686 1947 3742 laudari
1981 3704 2077 3742 vo-

491 3783 696 3850 lumus,
729 3790 857 3843 ante
884 3779 1191 3834 laudamus.
1218 3780 1375 3850 Step0
1404 3778 1743 3834 adulantium
1774 3781 2080 3836 resistimus

492 3876 677 3937 verbis
707 3872 773 3937 ad
808 3872 1003 3935 faciem
1030 3913 1045 3939 ,
1095 3883 1151 3928 et
1198 3872 1249 3928 itt
1286 3880 1500 3929 secreto
1540 3872 1743 3928 mentis
1787 3872 2037 3929 favemus
2064 3918 2078 3943 ,

494 3966 908 4034 maximumque
936 3963 1175 4023 fruetum
1201 3964 1411 4033 ecpisse
1449 3979 1549 4020 nos
1580 3964 1831 4022 ducimus
1855 4007 1872 4035 ,
1919 3966 1967 4021 si
1999 3966 2081 4021 vel

492 4060 634 4121 ﬁctis
666 4058 917 4114 laudibus
946 4057 1328 4128 prtedieatuur.
1360 4056 1470 4113 Nec
1496 4059 1799 4128 cogitamus
1824 4058 1951 4129 quid
1981 4058 2080 4130 ipsi

495 4149 667 4213 simus
698 4149 813 4221 [AL
842 4146 1110 4219 sumus],
1155 4148 1250 4204 sed
1274 4148 1403 4219 quid
1435 4150 1618 4210 alteris
1644 4165 1768 4206 esse
1798 4152 2085 4206 videamur

500 4241 607 4315 [ΑΙ.
636 4238 929 4311 videmur].
964 4239 1114 4295 Unde
1140 4254 1207 4295 eo
1239 4240 1503 4309 perducta
1542 4254 1633 4296 res
1676 4249 1799 4307 est,
1838 4250 1939 4309 ut,
1983 4258 2079 4298 ne-

491 4337 667 4406 glecta
699 4333 928 4388 veritate
965 4332 1143 4395 metiti
1169 4372 1183 4398 ,
1233 4332 1301 4393 de
1343 4334 1461 4387 sola
1497 4331 1757 4402 opinione
1786 4348 2040 4388 curemus
2062 4375 2078 4401 ,

490 4429 585 4501 qui
636 4429 1003 4487 testimonium
1052 4427 1177 4481 vitae
1223 4434 1465 4491 nostrae,
1517 4441 1625 4481 non
1671 4441 1701 4481 a
1748 4427 2081 4482 conscientia

492 4532 680 4579 nostra
710 4563 726 4588 ,
769 4522 866 4578 sed
898 4537 929 4579 at
955 4520 1095 4581 fama
1128 4521 1385 4591 petimus.
1418 4520 1581 4575 Beata
1614 4533 1768 4573 mens
1795 4528 1919 4586 est,
1959 4536 2081 4589 qua:

490 4617 730 4686 perfecte
753 4615 855 4670 hoc
873 4613 1062 4669 vitium
1083 4613 1276 4678 vineit,
1295 4622 1350 4667 et
1373 4626 1475 4665 nec
1492 4611 1745 4666 adulatur
1766 4612 2078 4681 aliquando,

490 4723 595 4764 nec
624 4707 865 4769 adulanti
896 4705 1093 4763 credit.
1124 4704 1257 4770 Qua:
1302 4716 1404 4757 nec
1439 4702 1642 4773 decipit
1666 4702 1909 4757 alterum
1934 4743 1948 4767 ,
1980 4716 2082 4758 nec

490 4802 611 4871 ipsa
642 4799 944 4870 decipitur,
982 4806 1300 4865 tantumque
1329 4793 1433 4849 hoc
1459 4794 1662 4849 malum
1693 4810 1793 4850 nec
1829 4794 1954 4851 iacit
1984 4796 2081 4850 ali-

488 4892 729 4964 quando,
762 4907 861 4947 nec
892 4890 1112 4961 patitur.
1148 4886 1293 4942 Nihil
1326 4901 1582 4956 umquam
1612 4888 1666 4941 in
1697 4896 1749 4941 te
1770 4885 1956 4941 ﬁctum
1987 4888 2079 4957 sit,

487 4989 619 5047 nihil
645 4986 866 5045 omnino
888 4978 1564 5039 fueatum.Conscientiam
1588 4988 1757 5049 tuam,
1783 4994 1907 5051 qua:
1927 4992 2078 5037 certe

490 5083 605 5139 Deo
655 5092 877 5147 semper
921 5084 1108 5146 patet,
1159 5076 1214 5130 in
1267 5074 1617 5129 multitudine
1663 5073 1878 5130 versari
1926 5084 2075 5144 puta.

488 5176 792 5243 Numquam
822 5168 970 5225 aliud
1018 5168 1185 5224 corde
1218 5178 1442 5232 teneas,
1483 5167 1632 5223 aliud
1681 5184 1780 5224 ore
1831 5169 2079 5237 proferas

492 5268 603 5339 [AL
630 5262 814 5322 ‘corde
837 5306 853 5332 ,
895 5264 1044 5319 aliud
1085 5279 1181 5320 ore
1210 5265 1569 5335 prmtendas].
1610 5263 1885 5333 Quidquid
1915 5262 2081 5332 pudet

491 5364 692 5428 dicere,
724 5360 924 5432 pudeat
953 5359 1118 5414 etiam
1147 5360 1411 5437 cogitare.
1441 5358 1570 5415 Illud
1593 5373 1729 5413 vero
1757 5366 1939 5412 notunt
1965 5357 2077 5426 jam

489 5456 745 5511 omnibus
773 5465 942 5524 atque
968 5452 1300 5523 divulgatum
1322 5460 1427 5515 est,
1453 5466 1613 5520 quam
1636 5452 1786 5507 utilis
1809 5465 2078 5521 quamque

492 5550 621 5606 huic
653 5548 933 5618 proposito
960 5547 1268 5601 necessaria
1300 5553 1383 5599 est
1408 5587 1421 5611 ,
1463 5543 1793 5612 jejuniorum
1827 5554 1882 5599 et
1911 5544 2079 5597 absti-

470 5640 691 5698 nentiae
718 5639 916 5706 virtus,
952 5638 1191 5693 maxime
1219 5638 1271 5690 in
1303 5634 1388 5689 his
1417 5635 1605 5701 annis,
1639 5637 1695 5691 in
1726 5636 1925 5706 quibus
1955 5650 2079 5689 eor-

492 5732 613 5805 pori
642 5730 817 5805 major
846 5738 1012 5784 aestus
1037 5727 1199 5784 inest.
1249 5726 1370 5785 Non
1395 5724 1725 5784 manducare
1752 5726 1936 5797 itaque
1958 5740 2080 5784 car-

2178 3215 2293 3273 lllte
2321 3217 2633 3275 thesaurum
2668 3231 2819 3276 tuum
2861 3221 2915 3277 in
2954 3224 3154 3278 ctelum
3202 3223 3410 3281 levent.
3449 3224 3662 3279 Illarum
3704 3225 3777 3279 sit

2181 3311 2491 3367 esurientes
2522 3313 2674 3369 alere
2701 3315 2826 3369 cibo
2844 3360 2858 3384 ,
2894 3316 3103 3372 vestire
3128 3317 3303 3372 nudos
3324 3363 3338 3387 ,
3368 3318 3592 3374 visitare
3619 3319 3773 3373 inﬁr-

2182 3416 2321 3467 mos,
2354 3404 2668 3472 peregrinos
2698 3413 2843 3460 tecto
2873 3408 3172 3477 suscipere,
3208 3418 3263 3463 et
3291 3411 3480 3465 aeterni
3511 3424 3609 3481 spe
3640 3425 3778 3479 prat-

2183 3495 2276 3550 mii
2306 3539 2320 3563 ,
2374 3494 2595 3553 Christo
2636 3498 2690 3552 in
2733 3502 3064 3569 pauperibus
3110 3502 3345 3557 fenerari
3396 3521 3410 3557 :
3455 3505 3546 3575 qui
3593 3504 3771 3561 dixit:

2185 3586 2557 3659 Quodcumque
2585 3590 2783 3658 fecistis
2826 3593 2917 3647 uni
2957 3608 3021 3647 ex
3063 3594 3145 3648 Itis
3190 3594 3439 3665 fratribus
3469 3596 3595 3650 meis
3622 3596 3779 3650 mini-

2183 3678 2303 3743 mis,
2326 3679 2455 3732 mihi
2476 3681 2672 3747 fecistis
2702 3680 2882 3753 (Matt.
2920 3699 3052 3753 xxv,
3080 3682 3193 3755 45).
3222 3684 3341 3739 Tibi
3372 3701 3521 3751 vero,
3544 3687 3777 3742 maxime

2182 3771 2313 3828 dum
2346 3771 2399 3827 itt
2433 3774 2721 3843 preposito
2753 3785 3085 3833 maturescat
3123 3776 3335 3836 animus
3360 3818 3376 3845 ,
3421 3779 3490 3834 ab
3525 3778 3776 3836 omnibus

2182 3868 2635 3938 occupationibus
2666 3870 3032 3926 recedendum
3063 3878 3186 3936 est,
3231 3882 3286 3926 et
3330 3886 3494 3927 omne
3535 3872 3771 3931 studium

2182 3958 2473 4030 omnisque
2500 3974 2635 4016 cura
2660 3959 2718 4016 in
2743 3961 3002 4018 ornandis
3025 3963 3268 4019 moribus
3288 3962 3617 4020 exhibenda.
3649 3964 3776 4033 Qui-

2183 4051 2285 4107 bus
2309 4052 2382 4105 ita
2415 4066 2611 4111 vacare
2636 4052 2805 4107 debes
2828 4094 2845 4122 ,
2893 4062 2949 4108 et
2990 4062 3158 4108 totam
3189 4069 3457 4124 occupare
3494 4066 3729 4110 mentem
3757 4097 3773 4121 ,

2185 4156 2246 4203 ut
2272 4160 2378 4202 non
2411 4146 2635 4203 divitem
2666 4157 2718 4204 te
2742 4149 2946 4204 sentias
2974 4164 3120 4215 esse,
3152 4164 3256 4205 nec
3285 4151 3582 4205 dominam.
3612 4148 3777 4211 Nohi-

2183 4236 2355 4295 litatis
2386 4239 2452 4295 ad
2483 4240 2587 4297 hoc
2618 4251 2823 4297 tantum
2856 4242 3175 4297 memineris
3201 4284 3216 4308 ,
3263 4251 3325 4297 ut
3364 4260 3488 4299 eum
3530 4244 3775 4300 claritate

2183 4332 2419 4402 generis,
2452 4345 2664 4386 morum
2696 4330 2990 4387 sanctitate
3018 4334 3318 4389 contendas
3344 4353 3355 4388 ;
3386 4346 3442 4390 et
3470 4350 3591 4389 eum
3624 4334 3775 4390 nobi-

2186 4422 2339 4478 litate
2388 4424 2676 4493 corporis,
2726 4424 2892 4478 animi
2937 4424 3142 4481 virtute
3188 4426 3426 4482 nobilior
3474 4426 3772 4497 proficias:

2107 4492 2160 4552 D
2187 4515 2472 4586 magisque
2494 4492 2596 4570 illa
2623 4516 2909 4573 nobilitate
2933 4517 3186 4588 glorieris
3207 4560 3220 4583 ,
3254 4535 3374 4589 quae
3406 4492 3548 4575 illi—os
3584 4521 3678 4575 Dei
3724 4530 3778 4577 et

2190 4609 2505 4666 cohaeredes
2529 4610 2728 4666 Christi
2761 4611 2909 4667 facit.
2955 4615 3038 4668 Ad
3086 4630 3246 4683 quam
3279 4614 3325 4669 si
3361 4630 3581 4685 semper
3609 4613 3779 4685 inspi-

2184 4703 2298 4759 cias
2327 4720 2339 4757 :
2368 4702 2496 4757 dum
2518 4703 2697 4758 credis
2718 4703 2971 4772 gaudium
3001 4715 3050 4759 te
3080 4705 3281 4760 habere
3301 4706 3444 4776 quod
3472 4706 3643 4776 majus
3669 4715 3779 4783 est,

2186 4794 2397 4851 desinis
2438 4795 2506 4850 de
2545 4811 2611 4851 eo
2644 4800 2785 4865 quod
2832 4795 3012 4851 minus
3039 4808 3123 4852 est
3152 4798 3395 4868 gloriari.
3442 4800 3632 4854 Omnis
3675 4799 3777 4854 ista

2189 4890 2433 4960 praeclari
2462 4891 2677 4960 generis
2701 4890 2959 4962 dignitas,
2987 4902 3043 4947 et
3066 4893 3278 4948 illustre
3300 4892 3476 4949 Anicii
3499 4893 3779 4964 sanguinis

2184 4984 2354 5040 decus
2381 5028 2396 5054 ,
2437 4985 2504 5040 ad
2548 4986 2786 5041 animam
2836 4987 3251 5042 transferantur.
3301 4989 3394 5043 Ille
3423 4991 3641 5057 clarus,
3685 4990 3781 5046 ille

2184 5077 2458 5145 sublimis,
2495 5079 2586 5134 ille
2613 5079 2687 5133 sit
2719 5079 2915 5134 nobilis
2942 5119 2957 5144 ,
2986 5079 3080 5133 ille
3112 5090 3238 5134 tunc
3277 5081 3540 5150 integram
3574 5080 3778 5136 nobili-

2186 5180 2355 5229 tatem
2384 5188 2540 5229 suam
2573 5187 2793 5228 set-vare
2833 5188 2892 5227 se
2922 5180 3101 5241 putet,
3133 5173 3179 5228 si
3208 5173 3534 5245 dedigttetur
3570 5178 3781 5229 servire

2186 5268 2331 5323 vitiis
2358 5309 2374 5334 ,
2404 5267 2474 5323 ah
2499 5267 2689 5337 eisque
2714 5266 3100 5336 nonsuperari
3133 5284 3147 5320 :
3178 5266 3224 5320 Α
3248 5282 3351 5335 quo
3379 5267 3512 5320 enim
3542 5268 3658 5337 quis
3685 5283 3781 5321 su-

2186 5370 2418 5431 peratur,
2450 5362 2607 5430 hujus
2631 5370 2677 5415 et
2702 5377 2875 5415 servus
2902 5370 2975 5415 est
3003 5359 3067 5431 (ll
3090 5359 3208 5415 Pet.
3236 5375 3295 5421 tt.
3322 5360 3435 5431 15).
3468 5358 3606 5428 Quid
3632 5361 3779 5415 enim

2187 5451 2290 5507 hac
2314 5452 2577 5505 servitute
2603 5452 2768 5507 animi
2799 5453 3094 5521 indignius,
3127 5452 3324 5522 quidve
3349 5452 3582 5522 turpius,
3616 5467 3779 5522 quam

2185 5558 2309 5599 eum
2335 5542 2388 5596 in
2410 5557 2495 5604 eo,
2530 5552 2622 5596 attt
2643 5542 2951 5598 dotninatur
2973 5545 3181 5614 odium,
3209 5556 3299 5599 aut
3330 5554 3518 5612 regnat
3548 5542 3783 5598 invidia?

2185 5651 2347 5706 qttam
2373 5650 2495 5688 eum
2521 5649 2646 5689 eum
2674 5645 2765 5691 aut
2791 5638 3017 5693 avaritia
3040 5638 3307 5708 possidet,
3335 5644 3428 5690 aut
3454 5643 3671 5706 captum
3702 5638 3783 5693 ira

2186 5736 2356 5795 tcttet,
2387 5729 2475 5787 vel
2503 5738 2655 5787 certe
2684 5742 2881 5789 caetera
2908 5732 3013 5790 sibi
3052 5732 3181 5788 vitia
3204 5730 3519 5805 vindicant?
3546 5728 3666 5786 Non
3698 5740 3791 5789 est
3834 5800 3837 5807 ι
