3998 6198
216 275 287 337 37

1184 279 1458 340 PELAGII
1496 280 1590 338 AD
1627 279 2125 340 DEMETRIADEM
2168 279 2523 345 EPISTULA.

3434 295 3506 355 38

212 399 353 493 quod
397 401 503 459 sibi
543 404 740 477 aliquis
781 405 851 462 de
892 406 1174 464 nobilitate
1202 408 1421 477 generis
1452 405 1798 461 blandiatur:
1828 410 1882 471 Α
1908 410 1993 460 nis
2027 406 2077 461 in
2112 408 2596 478 reprehensionem
2628 410 2997 484 intemperans
3022 414 3204 484 cadit,
3250 420 3504 493 quodque

215 491 258 545 si
285 508 352 549 ex
385 496 610 553 meliore
639 507 793 569 parte
821 499 896 554 sit
920 498 1174 556 famulus.
1224 501 1393 556 Multo
1418 511 1504 555 est
1534 500 1808 570 indignius

215 596 397 642 mente
424 589 624 645 servire
648 632 661 656 ,
703 605 863 662 quam
892 608 1144 662 corpore.
1179 593 1525 662 Superﬂuum
1575 593 1811 649 arbitror

218 691 270 735 te
302 696 542 748 monere,
586 702 749 756 quam
781 704 943 759 parca
975 689 1028 742 in
1058 672 1407 760 procedendo
1437 689 1637 743 debeas
1667 704 1809 752 esse,

214 787 375 843 quam
403 791 521 829 rara
554 794 566 828 :
600 792 722 833 cum
753 788 807 835 te
840 779 944 834 hoc
972 782 1138 835 etiam
1185 780 1467 835 Stecularis
1496 782 1564 834 ab
1592 778 1814 835 infantia

215 864 474 921 honestas
497 866 789 936 docuerit,
834 879 889 925 et
916 869 1079 925 facile
1125 870 1391 941 intelligas
1427 871 1480 925 id
1517 870 1611 925 tibi
1647 870 1818 926 multo

218 957 398 1027 magis
430 959 485 1012 in
526 958 631 1014 hac
665 961 772 1016 vita
806 977 928 1017 esse
959 963 1330 1029 servandum,
1381 977 1542 1033 quam
1584 964 1819 1017 maxime

209 1060 493 1105 secretum
539 1052 715 1108 decet.
772 1054 904 1110 Illud
951 1055 1263 1122 admoneo,
1309 1066 1369 1110 ut
1412 1056 1542 1122 ipsis
1602 1070 1818 1124 quoque

208 1143 640 1200 salutationibus
663 1190 677 1214 ,
723 1162 842 1215 qua:
872 1146 965 1200 tibi
997 1148 1050 1201 in
1081 1146 1327 1201 cubiculo
1360 1155 1452 1199 tuo
1491 1145 1815 1200 exhibenda:

208 1245 383 1302 sunt,
416 1237 780 1292 certissimum
816 1239 1031 1292 modum
1063 1253 1231 1308 ponas
1276 1255 1289 1290 :
1334 1254 1438 1292 non
1464 1237 1572 1292 sint
1606 1238 1809 1302 nimim,

206 1343 396 1397 neque
425 1329 751 1397 quotidiana:
778 1369 793 1395 ,
839 1345 906 1383 ne
932 1347 1037 1384 non
1079 1340 1186 1384 tam
1216 1329 1451 1385 officium
1478 1372 1493 1397 ,
1535 1345 1696 1400 quam
1726 1329 1811 1384 in-

207 1421 588 1491 quietudinem
622 1430 877 1489 prasstare
902 1422 1214 1477 videantur.

287 1512 415 1579 CAP.
445 1510 784 1567 KXlll.-——Et
804 1529 1130 1584 quamquam
1149 1528 1311 1569 omne
1329 1513 1451 1568 vitae
1473 1523 1578 1568 tua:
1599 1521 1812 1581 tempus

208 1603 404 1659 divino
426 1603 631 1658 debeas
661 1606 813 1674 operi
846 1619 1171 1661 consecrare
1213 1623 1226 1659 :
1270 1616 1325 1661 et
1357 1605 1555 1659 nullam
1590 1619 1811 1675 prorsus

210 1696 408 1749 horam
434 1710 464 1751 a
493 1696 760 1766 spirituali
792 1695 1037 1766 profectu
1078 1712 1297 1753 vacuam
1338 1712 1461 1753 esse
1500 1697 1808 1761 conveniat,

1909 497 2182 555 laudabile
2210 510 2293 555 est
2323 502 2375 556 in
2409 511 2652 574 tempore
2705 520 2805 561 suo
2830 547 2844 572 ,
2891 506 2950 561 fit
2985 507 3053 563 de
3096 509 3379 569 nimietate
3417 516 3503 571 sui

1910 590 2201 660 culpabile.

1987 688 2118 742 (In.
2152 685 2417 740 XXIV.-—
2442 688 2778 747 Generaliter
2817 692 3034 763 quidem
3062 740 3077 765 ,
3120 696 3216 753 sed
3258 698 3503 758 breviter

1916 777 2255 847 strictimque
2283 780 2573 837 dicendum
2605 794 2687 838 est
2732 804 2743 839 :
2789 786 2843 840 in
2881 787 3041 843 bonis
3083 804 3297 861 quoque
3337 794 3500 851 rebus

1918 866 2182 937 quidquid
2213 869 2432 924 modum
2463 876 2793 937 excesserit,
2821 877 3007 932 vitium
3037 890 3143 935 est.
3172 882 3361 955 Magna
3395 897 3501 953 esr,

1920 974 2138 1029 magna,
2174 960 2417 1030 inquam,
2454 974 2509 1019 et
2538 982 2655 1034 qua!
2678 968 2869 1036 grandi
2901 971 3079 1027 studio
3110 986 3340 1044 constat,
3378 995 3503 1048 per-

1917 1051 2075 1105 fecta:
2087 1056 2211 1107 vitae
2233 1056 2389 1121 ratio,
2416 1070 2913 1131 consummata:un
2935 1066 3214 1134 sapientiae
3235 1077 3343 1134 est,
3367 1072 3506 1128 scire

1915 1142 2043 1211 quid
2068 1158 2175 1212 quo
2204 1144 2511 1215 insequaris
2540 1150 2722 1215 modo,
2754 1162 2807 1206 et
2834 1154 2897 1206 ad
2929 1170 3144 1211 omnem
3168 1171 3345 1215 actum
3374 1179 3510 1231 prm-

1914 1232 2138 1323 ferendo
2152 1236 2440 1291 consilium
2461 1255 2475 1293 :
2496 1239 2625 1293 nihil
2649 1240 2836 1299 facere
2849 1247 2992 1315 quod
3014 1248 3206 1305 fecisse
3224 1254 3503 1323 pmoiteat.

1913 1320 2054 1377 Intra
2084 1325 2242 1381 unius
2270 1324 2418 1381 hora:
2440 1329 2677 1398 spatium
2703 1340 2940 1388 mutatur
2962 1335 3175 1393 habitus
3195 1320 3499 1413 :jejnnare,

1913 1416 2208 1485 abstinere,
2243 1422 2495 1490 psallere,
2525 1425 2781 1496 vigilare,
2831 1445 2938 1483 non
2984 1441 3090 1486 tam
3142 1436 3325 1492 studio
3364 1455 3502 1509 opus

1916 1507 2139 1573 habent,
2169 1526 2329 1581 quam
2358 1515 2657 1571 voluntate.
2686 1518 2964 1586 Quidlibet
2992 1524 3257 1595 incipiens
3276 1571 3289 1596 ,
3322 1507 3504 1587 sta—tim

1913 1614 1969 1659 ut
1992 1606 2245 1674 voluerit,
2279 1611 2344 1663 ad
2375 1611 2488 1680 ipsa
2517 1602 2790 1683 perfectus
2821 1628 2905 1673 est
2938 1637 2952 1674 :
2987 1622 3154 1679 immo
3185 1625 3261 1680 illi
3292 1626 3393 1683 hoc
3424 1628 3505 1683 fa-

1914 1696 2067 1753 cilius
2097 1700 2275 1755 facere
2308 1715 2553 1773 possunt,
2588 1708 2677 1777 qui
2712 1720 2958 1767 recentes
2985 1718 3231 1785 corporis
3260 1717 3405 1774 vires
3435 1721 3503 1777 de

209 1806 344 1846 cum
374 1791 470 1846 tibi
504 1793 564 1848 in
593 1794 708 1862 lege
745 1790 963 1845 Domini
1003 1792 1088 1847 die
1131 1807 1195 1846 ae
1238 1802 1400 1847 nocte
1442 1789 1808 1845 meditandum
1841 1794 1889 1856 Β
1916 1791 2117 1845 saeculo
2147 1793 2213 1846 ad
2246 1797 2579 1863 propositum
2613 1800 2865 1856 afferunt.
2898 1804 3075 1861 Mores
3106 1823 3235 1864 vero
3266 1820 3500 1879 mutare,

209 1885 291 1939 sit
319 1883 490 1956 (Paul.
524 1884 563 1956 ι)
596 1901 611 1942 :
643 1884 805 1939 debet
832 1894 1013 1941 tamen
1048 1884 1245 1953 aliquis
1275 1900 1401 1939 esse
1422 1883 1813 1938 determinatus

210 1987 272 2031 ct
305 1977 629 2031 constitutus
670 1975 929 2031 horarum
977 1991 1235 2031 numerus
1260 2015 1277 2041 ,
1322 1991 1430 2045 quo
1459 1973 1669 2041 plenius
1701 1973 1815 2029 Deo

207 2083 381 2123 vaces
406 2110 422 2136 ,
464 2078 519 2122 ct
554 2069 645 2138 qui
680 2080 733 2123 te
772 2068 839 2122 ad
877 2082 1146 2123 summam
1193 2068 1359 2121 animi
1409 2066 1762 2122 intentionem
1797 2109 1812 2133 ,

208 2161 373 2219 velut
397 2160 625 2229 quadam
655 2161 773 2231 lege
796 2164 1091 2216 contineat.
1120 2160 1394 2229 Optimum
1412 2169 1507 2214 est
1533 2174 1665 2229 ergo
1691 2159 1817 2213 huic

208 2253 374 2323 operi
405 2256 721 2311 matutinum
750 2254 996 2321 deputari
1034 2262 1249 2323 tempus
1276 2293 1292 2318 ,
1337 2251 1387 2305 id
1422 2261 1504 2306 est
1532 2252 1815 2305 meliorem

207 2348 325 2403 diei
365 2356 578 2417 partem
606 2388 620 2412 ,
670 2357 724 2401 et
766 2362 935 2415 usque
974 2346 1043 2400 ad
1092 2346 1281 2401 harant
1317 2346 1533 2400 tertiam
1574 2344 1815 2398 animam

118 2508 121 2511 _
208 2439 460 2511 quotidie
486 2440 538 2493 in
566 2438 775 2494 caelesti
806 2453 981 2509 agone
1006 2447 1309 2493 certantem
1337 2479 1351 2503 ,
1386 2440 1489 2493 hoc
1522 2438 1672 2492 velut
1704 2436 1817 2506 slli—

210 2536 431 2591 ritualis
458 2536 693 2605 quodam
724 2538 974 2606 paleslrte
1006 2536 1248 2591 exerceri
1278 2536 1589 2608 gymnasio.
1628 2538 1724 2591 llis
1757 2547 1813 2591 tu

216 2645 318 2697 per
343 2628 588 2697 singulos
630 2628 746 2684 dies
794 2630 942 2683 boris
985 2630 1036 2683 in
1081 2632 1397 2684 secretioris
1432 2629 1630 2684 domus
1659 2638 1818 2699 parte

213 2737 319 2785 ora
348 2764 363 2789 ,
393 2723 580 2778 clauso
606 2722 862 2778 cubiculo
890 2731 982 2777 tuo
1013 2721 1230 2793 (Matth.
1260 2738 1333 2791 vr,
1364 2723 1441 2794 6).
1476 2723 1690 2779 Adhibe
1722 2724 1816 2779 tibi

216 2818 387 2871 i-tiam
416 2818 471 2871 in
501 2818 634 2871 urbe
662 2815 767 2887 [ΑΙ.
793 2815 945 2889 orbe]
974 2817 1343 2887 solitudinem,
1375 2828 1432 2872 et
1457 2827 1659 2872 remota
1686 2832 1817 2887 pau-

218 2916 391 2982 lgspcr
412 2911 481 2964 ab
504 2910 832 2975 hominibus,
865 2914 1087 2982 propius
1114 2912 1223 2967 Deo
1247 2912 1479 2983 jungere
1509 2931 1521 2966 :
1546 2914 1821 2982 aspectui-

216 3020 329 3073 qne
362 3012 580 3057 tuorum
624 3003 866 3067 reddita,
899 3002 1156 3058 lectionis
1198 3004 1433 3059 fructum
1466 3014 1521 3060 et
1551 3006 1819 3061 orationis

217 3096 474 3153 ostende.
490 3093 635 3151 Nihil
657 3095 804 3149 enim
828 3097 879 3148 in
905 3096 1007 3149 hoc
1029 3104 1240 3150 secreto
1266 3099 1436 3166 magis
1458 3111 1619 3166 agere
1633 3096 1818 3161 debes,

1922 1884 2273 1955 singulasque
2303 1890 2529 1944 virtutes
2554 1893 2717 1948 animi
2743 1896 2975 1953 formare
3003 1899 3054 1954 in
3085 1917 3164 1970 se,
3197 1912 3359 1974 atque
3386 1920 3510 1977 pcr-

1923 1978 2086 2033 ficcrc
2114 2021 2128 2045 ,
2160 1982 2382 2049 grandis
2416 1984 2580 2037 studii
2622 1995 2705 2040 est
2731 2030 2745 2051 ,
2777 1998 2831 2044 et
2866 1992 3039 2062 longa:
3071 2000 3506 2057 consuetudinis.

1918 2070 2103 2140 Itaque
2132 2073 2285 2127 multi
2318 2073 2370 2127 iu
2401 2076 2507 2146 [AL
2534 2078 2659 2131 add.
2690 2079 2813 2152 hoc]
2842 2086 3123 2153 proposito
3146 2092 3508 2163 senescimus,

1919 2171 1975 2218 et
2000 2180 2060 2217 ea
2088 2206 2102 2229 ,
2140 2175 2362 2235 propter
2390 2182 2509 2237 qum.
2540 2168 2605 2223 ad
2638 2170 2810 2239 ipsum
2845 2177 3180 2243 propositum
3224 2181 3471 2237 venimus
3494 2225 3510 2252 ,

1921 2269 2027 2310 non
2059 2257 2338 2311 habemus.
2368 2258 2477 2312 Tua
2503 2276 2633 2315 vero
2658 2267 3002 2321 conversatio
3028 2284 3162 2323 nova
3186 2286 3304 2326 esse
3328 2273 3513 2343 debet,

1919 2350 2052 2404 mira
2085 2349 2343 2419 gravitas,
2379 2352 2663 2421 patientia,
2692 2359 3073 2425 mansuetudo,
3109 2362 3283 2431 pietas
3311 2383 3335 2417 εν
3359 2366 3514 2434 quid-

1918 2442 2047 2511 quid
2077 2443 2321 2497 sanctius
2351 2454 2427 2497 est
2459 2456 2621 2513 atque
2653 2446 2945 2515 peril-otius
2970 2493 2984 2516 ,
3033 2453 3291 2523 quidquid
3335 2458 3505 2526 magis

1922 2533 2031 2587 Deo
2051 2542 2101 2587 te
2118 2534 2498 2599 commendare
2516 2546 2711 2605 potest,
2728 2548 2778 2591 et
2795 2540 3053 2610 majorem
3076 2545 3124 2596 in
3147 2544 3286 2599 callo
3310 2545 3507 2615 favere,

1920 2623 1970 2678 id
2001 2639 2216 2693 semper
2246 2641 2474 2695 sequere
2498 2671 2510 2695 ,
2573 2629 2623 2682 id
2673 2644 2891 2700 semper
2937 2633 3261 2701 amplectere
3298 2637 3315 2706 (
3342 2636 3363 2690 1
3390 2636 3509 2693 Cor.

1918 2734 1987 2772 vn
2017 2762 2030 2782 ,
2064 2718 2134 2773 54
2159 2721 2199 2789 ).
2245 2720 2449 2790 Sponsa
2494 2721 2693 2779 Christi
2738 2726 2870 2780 nihil
2907 2726 3069 2785 debet
3096 2743 3215 2783 esse
3246 2732 3511 2788 ornatius.

1920 2808 2093 2864 Tanto
2117 2812 2321 2881 majore
2345 2814 2588 2882 placendi
2612 2816 2793 2871 studio
2815 2833 2950 2887 opus
2973 2828 3075 2887 est,
3108 2831 3316 2892 quanto
3340 2824 3514 2893 major

1921 2914 2002 2957 est
2030 2903 2118 2958 ille
2142 2905 2226 2959 cui
2252 2905 2575 2976 placendum
2602 2918 2703 2963 est.
2730 2909 2923 2965 Saeculi
2948 2928 3078 2967 vero
3104 2916 3361 2985 virgines,
3392 2933 3512 2987 quae

1922 3012 1982 3053 se
2016 3000 2215 3067 nuptiis
2257 3012 2566 3069 praeparant
2592 3044 2605 3069 ,
2651 3012 2705 3058 et
2749 3004 3137 3075 indulgentiam
3174 3012 3344 3081 magis
3371 3014 3515 3083 Apo-

1924 3090 2049 3143 stnli
2072 3132 2085 3153 ,
2116 3106 2275 3161 quam
2303 3093 2587 3147 consilium
2618 3097 2765 3166 sequi
2800 3098 3037 3161 malunt,
3081 3101 3361 3173 magisque
3392 3121 3510 3159 am-

217 3206 389 3261 quam
418 3191 653 3244 animam
692 3188 891 3243 divinis
920 3189 1151 3258 eloquiis
1184 3203 1432 3257 pascere.
1467 3190 1531 3241 Et
1559 3200 1819 3258 quantum
1850 3172 1895 3237 C
1930 3184 2238 3253 plectuntur
2263 3185 2672 3243 incontinentiae
2698 3190 3020 3259 remedium,
3046 3208 3206 3263 quam
3236 3172 3513 3262 prmmium

214 3287 272 3339 ei
306 3300 410 3356 per
438 3292 603 3339 totam
634 3282 888 3338 sufﬁcere
915 3282 1088 3352 possit
1118 3282 1266 3337 diem
1297 3327 1311 3351 ,
1358 3278 1461 3337 hoc
1489 3298 1609 3338 eam
1656 3282 1821 3337 veluti

216 3378 358 3432 cibo
390 3375 671 3445 pinguiore
694 3378 915 3430 satiare.
966 3374 1044 3429 Ita
1076 3376 1387 3445 Scripturas
1436 3390 1619 3430 sacras
1663 3376 1780 3447 lege
1807 3419 1822 3443 ,

224 3479 290 3523 ut
320 3483 543 3539 semper
574 3468 887 3523 memineris
924 3469 1014 3523 Dei
1048 3468 1135 3522 illa
1161 3469 1324 3525 verba
1353 3484 1495 3534 esse,
1530 3472 1620 3539 qui
1650 3470 1824 3540 legem

220 3577 386 3617 suam
410 3578 517 3616 non
543 3564 717 3616 solum
748 3563 899 3629 sciri,
932 3563 1027 3618 sed
1049 3564 1211 3617 etiam
1240 3562 1456 3632 impleri
1478 3563 1653 3633 jubet.
1684 3563 1827 3619 Nihil

223 3653 380 3709 enim
406 3653 631 3723 prodest
659 3652 900 3709 facienda
926 3653 1179 3709 didicisse
1196 3697 1210 3719 ,
1241 3662 1296 3709 et
1319 3671 1426 3709 non
1452 3655 1650 3711 facere.
1676 3656 1829 3726 Opti-

222 3763 316 3802 me
338 3747 511 3802 uteris
535 3746 766 3801 lectione
786 3746 989 3811 divina,
1012 3748 1058 3800 si
1074 3760 1191 3800 eam
1218 3746 1313 3801 tibi
1337 3746 1599 3803 adhibeas
1622 3748 1827 3817 Speculi

219 3841 369 3905 vice,
402 3850 462 3894 ut
487 3837 564 3892 ibi
590 3838 737 3893 velut
762 3837 828 3892 ad
854 3838 1137 3908 imaginem
1166 3852 1319 3893 suum
1341 3841 1519 3893 anima
1546 3839 1825 3909 rt-Spiciat,

219 3944 284 3986 et
310 3931 397 3986 vel
430 3929 572 3985 foeda
598 3946 829 3999 quaeque
854 3932 1109 4000 corrigat,
1150 3931 1228 3984 vel
1254 3930 1475 4000 pulchra
1503 3930 1623 4001 plus
1644 3942 1824 3987 ornet.

223 4025 549 4079 Lectioncm
575 4023 886 4091 frequenter
908 4021 1269 4091 interrumpat
1292 4022 1491 4087 oratio,
1518 4032 1572 4077 et
1592 4023 1826 4078 animam

212 4115 431 4186 jugiter
478 4113 852 4168 adlucrentcm
894 4113 1048 4181 Deo,
1094 4122 1244 4184 grata
1290 4114 1614 4171 vicissitudo
1656 4120 1827 4172 Sancti

218 4210 416 4279 operis
444 4205 727 4262 accendat.
780 4206 932 4261 Nunc
961 4215 1015 4261 tc
1046 4208 1211 4276 igitur
1249 4207 1386 4261 ordo
1434 4207 1666 4263 instruat
1714 4225 1828 4266 cce-

221 4302 389 4355 lcstis
419 4298 663 4353 historia:
704 4315 717 4351 :
770 4314 910 4353 nunc
950 4309 1196 4354 sanetum
1231 4300 1397 4353 David
1427 4300 1661 4355 oblectet
1700 4318 1829 4356 cau-

221 4396 401 4446 ticum
435 4410 448 4445 :
485 4405 632 4445 nunc
658 4388 964 4447 Salomonis
992 4391 1204 4445 erudiat
1233 4391 1512 4462 Sapientia
1544 4411 1557 4447 :
1593 4408 1736 4448 nunc
1764 4395 1829 4449 ad

222 4487 492 4540 timorem
535 4483 783 4546 Domini,
825 4482 1228 4552 increpationes
1273 4483 1498 4539 incitent
1535 4485 1832 4555 propheta-

222 4592 351 4629 full]

220 4672 242 4720 t
275 4667 456 4721 hristo
504 4665 561 4720 in
605 4667 749 4720 omni
796 4681 1007 4729 morum
1040 4667 1333 4720 sanctitate
1358 4666 1672 4736 coniungat.
1702 4667 1832 4733 Qua:

225 4760 481 4832 paranda
520 4767 683 4825 sunt,
715 4758 994 4813 memoriae
1022 4758 1236 4829 penitus
1266 4759 1446 4814 insere
1476 4777 1487 4812 ε
1522 4775 1693 4829 caque
1718 4760 1833 4831 jugi

225 4852 593 4908 rneditatiune
632 4866 919 4909 conserva.
972 4852 1105 4918 Qua:
1144 4852 1464 4906 maturanda
1513 4862 1680 4919 sunt,
1729 4853 1838 4909 fre-

222 4956 471 5017 quenter
499 4944 744 5009 revolvc,
776 4953 836 4999 ut
865 4943 1107 5003 divinum
1138 4943 1242 5000 hoc
1267 4944 1539 5009 studium,
1575 4955 1630 5000 et
1673 4947 1838 5002 (mle-

222 5044 335 5093 stis
359 5037 572 5101 schola,
589 5047 641 5091 et
666 5050 846 5091 mores
867 5034 1029 5090 simul
1051 5034 1275 5106 virginis
1297 5044 1496 5090 ornent
1514 5045 1570 5091 et
1590 5052 1831 5105 sensum,

227 5130 570 5199 tradantque
623 5127 719 5181 tibi
766 5142 888 5181 cum
941 5127 1205 5197 sapientia
1259 5128 1627 5182 sanctitatem.
1683 5128 1835 5185 Unde

228 5222 531 5291 Scriptura
564 5220 700 5275 dicit
744 5235 759 5273 :
802 5218 904 5285 Qui
933 5228 1171 5289 qua’runt
1207 5218 1374 5277 Deum
1403 5261 1416 5284 ,
1458 5220 1717 5273 invenient
1748 5238 1837 5275 sa-

225 5318 492 5389 pientiora
514 5314 871 5387 cumjustitia.
891 5314 971 5369 Sit
991 5322 1173 5368 autem
1199 5314 1313 5381 ipsa
1336 5312 1500 5367 lectio
1514 5322 1836 5382 temperata,

225 5411 323 5465 cui
365 5402 531 5464 tinem‘
550 5406 865 5471 consilium,
900 5421 1004 5459 non
1036 5406 1299 5463 lassitudo
1327 5406 1591 5474 imponat.
1619 5403 1753 5459 Nam
1785 5417 1839 5460 ut

223 5502 604 5557 immoderata
624 5499 830 5570 jejunia
851 5506 907 5553 et
926 5497 1089 5553 ardor
1114 5496 1482 5562 absriuemiaa,
1510 5505 1567 5552 et
1586 5511 1841 5552 enormes

226 5595 679 5667 inordinata‘que
707 5594 903 5665 vigilite
924 5635 939 5659 ,
973 5592 1409 5663 intemperantia:
1437 5599 1838 5662 eoarguuntur,

226 5693 415 5760 idque
441 5691 723 5746 nimietate
751 5692 832 5743 sui
858 5688 1096 5759 pariunt,
1129 5698 1186 5742 ut
1214 5684 1328 5742 haec
1358 5687 1472 5757 ipsa
1504 5698 1713 5755 postea,
1744 5702 1843 5743 nec

223 5780 597 5843 mediocriter
628 5780 847 5853 quidem
871 5778 991 5841 fieri
1013 5779 1263 5854 possint;
1300 5780 1372 5839 ita
1393 5780 1629 5838 studium
1654 5778 1845 5837 lectio-

399 4590 413 4625 :
458 4588 604 4629 nunc
646 4551 1070 4642 Evangelieaet
1100 4574 1411 4642 Apostolica
1460 4551 1730 4643 perfectio
1778 4588 1830 4632 te
1860 4551 1911 4611 Π

1926 3277 2299 3344 Continentitc,
2335 3288 2394 3333 ut
2418 3281 2635 3349 sponsis
2664 3280 2932 3349 placeant,
2965 3298 3169 3353 eosque
3195 3286 3245 3337 in
3270 3301 3514 3341 amorem

1929 3370 2013 3425 sui
2055 3371 2223 3440 magis
2269 3372 2540 3438 incitent,
2594 3376 2730 3428 mira
2773 3390 2831 3429 se
2874 3376 3244 3432 sollicitudine
3284 3378 3519 3436 formare

1928 3464 2171 3531 student,
2205 3474 2259 3518 et
2290 3465 2592 3518 naturalem
2625 3466 2870 3532 corporis
2898 3467 3380 3537 pulchritudinem,
3430 3486 3520 3526 or-

1929 3556 2090 3609 nandi
2124 3569 2240 3611 arte
2268 3558 2672 3610 commendant.
2721 3555 2845 3612 llaec
2883 3569 2964 3612 est
2998 3558 3104 3614 illis
3136 3574 3232 3630 per
3261 3561 3378 3616 dies
3409 3563 3520 3619 sin-

1928 3646 2087 3715 gulos
2131 3660 2261 3699 cura
2302 3647 2574 3715 praecipua
2610 3663 2622 3699 :
2656 3646 2972 3703 dcccntibus
3002 3649 3139 3706 fucis
3165 3651 3411 3709 colorare
3444 3654 3521 3710 fa-

1929 3738 2092 3805 ciem,
2121 3738 2401 3806 implicare
2424 3753 2556 3793 auro
2578 3740 2807 3809 crinem,
2833 3752 2885 3795 et
2909 3742 3162 3799 ardentes
3184 3746 3519 3803 concharum

1931 3829 2161 3900 lapides,
2196 3831 2392 3901 capitis
2432 3832 2693 3887 honorem
2727 3832 2928 3901 facere,
2961 3838 3299 3906 suspendere
3332 3857 3399 3894 cx
3430 3858 3525 3897 au-

1930 3922 2081 3978 ribus
2103 3925 2451 3994 patrimonia,
2468 3924 2690 3980 brachia
2713 3943 2907 3981 ornare
2932 3929 3226 3985 monilibus
3247 3946 3309 3987 ac
3333 3932 3526 4002 latera,

1931 4025 1986 4071 et
2016 4017 2256 4071 inclusas
2282 4032 2416 4070 auro
2443 4032 2682 4087 gemmas
2705 4032 2734 4072 a
2759 4019 2899 4074 collo
2925 4020 2975 4073 in
3000 4031 3186 4091 pectus
3206 4023 3521 4080 demittere.

1931 4107 2047 4163 Non
2094 4107 2360 4163 minorem
2403 4124 2633 4179 sponsus
2680 4120 2801 4165 tuus
2841 4114 3068 4183 requirit
3108 4126 3398 4181 ornatum,
3432 4116 3523 4186 qui

1931 4217 2054 4258 cum
2099 4201 2405 4256 universam
2450 4202 2750 4257 Ecclesium
2796 4205 3048 4259 salutaris
3099 4220 3253 4276 aqua:
3308 4207 3525 4262 lavacro

1934 4296 2273 4367 purificatam
2297 4296 2416 4350 sine
2441 4297 2649 4351 macula
2676 4313 2919 4367 rugaque
2943 4298 3262 4363 reddiderit,
3286 4298 3527 4368 quotidie

1931 4388 2076 4457 cupit
2108 4404 2226 4443 eam
2259 4390 2371 4442 fieri
2416 4388 2781 4458 pulchriorem
2812 4431 2825 4452 ,
2866 4401 2923 4443 ut
2955 4391 3121 4445 semel
3151 4408 3182 4443 a
3215 4390 3359 4444 vitiis
3393 4404 3523 4460 pec-

1932 4484 2176 4550 catisque
2204 4480 2457 4534 mundata
2483 4526 2495 4549 ,
2544 4496 2763 4550 semper
2788 4490 3012 4536 ornetur
3041 4481 3238 4537 decore
3267 4483 3522 4536 virtutum

1936 4571 2154 4645 (Ephes.
2184 4589 2240 4636 γ,
2270 4573 2360 4635 26,
2391 4573 2505 4644 ΞἹ).
2543 4576 2604 4627 lit
2628 4573 2673 4627 si
2698 4573 2798 4628 hoc
2821 4589 2851 4629 a
2875 4584 2985 4628 tota
3013 4568 3237 4644 requirit
3263 4569 3522 4638 Ecclesia,

1936 4666 2105 4734 inqua
2121 4678 2175 4723 et
2196 4667 2370 4721 vidum
2384 4667 2732 4723 continentur
2745 4677 2979 4739 ctnuptzc
3001 4686 3013 4720 :
3036 4677 3319 4738 quantum,
3346 4671 3525 4733 putas,

1936 4768 2211 4829 exspectat
2234 4775 2261 4813 a
2290 4759 2519 4830 virgine,
2546 4776 2664 4830 qua:
2686 4777 2751 4815 ex
2776 4760 3147 4830 pulcherrimo
3172 4759 3272 4810 hoc
3293 4757 3526 4826 quodam

1939 4851 2193 4907 Ecclesia:
2220 4860 2431 4921 parato,
2465 4852 2615 4907 velut
2644 4852 2925 4919 augustior
2946 4848 3163 4918 quidam
3190 4847 3289 4901 llos
3315 4848 3531 4904 videtur

1939 4945 2155 5000 electa!
2207 4946 2438 4998 Assume
2476 4958 2609 5011 ergo
2645 4957 2863 4997 onmem
2906 4942 3056 4995 illum
3088 4949 3337 4995 ornatum
3365 4983 3381 5009 ,
3432 4958 3531 5013 per

1941 5050 2100 5105 quem
2125 5033 2341 5101 placere
2353 5032 2569 5086 Christo
2591 5040 2763 5099 potes.
2781 5030 2924 5086 Satis
2944 5029 3219 5100 pulchram
3240 5032 3351 5088 Deo
3372 5033 3532 5089 crede

1946 5128 2139 5181 faciem
2179 5135 2322 5179 tuam
2349 5168 2363 5191 ,
2418 5123 2464 5177 si
2507 5124 2819 5178 hominibus
2854 5124 3079 5194 pulchra
3119 5142 3381 5197 apparere
3424 5143 3532 5181 non

1946 5221 2184 5276 studeas.
2221 5217 2365 5273 Istud
2396 5226 2777 5271 ornamentum
2812 5233 2965 5274 serva
2992 5218 3186 5289 capitis
3210 5260 3225 5286 ,
3260 5219 3407 5290 quod
3439 5232 3531 5271 ac-

1947 5316 2217 5387 quisivisti
2248 5310 2571 5368 Cbrismatis
2613 5322 2959 5367 sacramento
2990 5354 3006 5379 ,
3056 5328 3178 5367 eum
3211 5313 3309 5367 tibi
3341 5314 3393 5365 in
3425 5326 3537 5365 ca:-

1952 5408 2104 5462 lestis
2136 5406 2286 5477 regni
2329 5402 2645 5475 mysterium
2682 5447 2696 5471 ,
2748 5405 2995 5459 diadema
3031 5402 3307 5473 quoddam
3344 5401 3541 5470 regalis

1949 5499 2227 5557 unctionis
2266 5495 2579 5567 impositum
2627 5505 2728 5550 est.
2778 5498 2993 5566 Optima
3040 5500 3366 5547 ornamenta
3416 5505 3541 5551 sunt

1950 5595 2161 5651 aurium
2189 5635 2203 5660 ,
2254 5590 2424 5646 verba
2461 5588 2582 5643 Dei.
2631 5589 2713 5644 Ad
2742 5605 2803 5643 ea
2835 5588 2947 5643 sola
2980 5593 3197 5657 paratus
3227 5601 3349 5641 esse
3381 5586 3543 5647 debet

1914 5722 1919 5726 ι
1951 5686 2167 5741 auditus
2190 5682 2443 5753 virginis:
2470 5694 2641 5750 eaque
2662 5678 3073 5750 pretiosissimis
3096 5675 3368 5744 lapidibus
3390 5692 3541 5735 antc-

1955 5780 2119 5839 ferre.
2153 5776 2344 5837 Omnia
2378 5788 2603 5850 prorsus
2629 5774 2875 5834 membra
2916 5772 3246 5832 decorentur
3285 5775 3548 5843 operibus
