3998 6198
484 229 558 290 39
1493 223 1550 283 S.
1591 221 1978 281 HIERONYMI
2015 219 2300 279 OPERUM
2342 218 2709 278 MANTISSA.
3716 213 3790 274 40

486 345 795 403 sanctitatis
830 362 844 400 :
877 352 1101 417 totaque
1156 340 1436 415 virginalis
1480 340 1644 396 animi
1691 336 2042 411 pulchritudo
2071 381 2086 408 ,
2118 343 2169 402 Α
2196 352 2477 411 praesume
2497 337 2812 394 victoriam.
2857 337 2982 393 Harc
3021 333 3168 417 enim
3212 334 3256 390 si
3287 340 3344 389 tu
3375 332 3556 389 omnia
3588 331 3793 389 instru-

490 439 750 512 gemmati
798 439 1021 503 monilis
1048 438 1239 506 instar,
1276 439 1424 494 vario
1448 436 1708 491 virtutum
1742 434 1957 505 fulgore
1997 448 2089 489 re-

500 531 806 604 splendeat.
824 531 976 587 Tunc
996 544 1127 586 vere
1155 532 1615 601 coucuplscetrex
1638 527 1893 583 decorem
1917 534 2089 595 tuum,

494 623 751 695 dicetque
779 622 875 679 tibi
912 639 925 677 :
961 620 1094 676 Tota
1124 622 1354 692 formosa
1380 637 1455 686 es,
1482 618 1720 692 proxima
1744 633 1881 685 mea,
1910 624 1957 671 et
1983 633 2096 669 ma-

494 720 616 775 cula
643 734 743 772 non
771 725 845 772 est
864 716 916 771 in
941 726 988 771 te
1016 714 1196 790 (Cant.
1223 731 1276 782 v,
1310 714 1389 786 7).
1423 713 1491 768 Et
1515 714 1628 768 haec
1650 711 1745 766 tibi
1772 719 2092 766 ornamenta

495 826 618 884 quas
645 809 786 877 dixi,
822 811 986 866 etiam
1016 818 1176 866 erunt
1208 808 1542 864 munimenta
1578 804 1812 859 maxima
1844 822 1855 857 :
1890 810 1950 857 et
1975 817 2097 870 qua:

501 908 617 977 ipsa
646 915 696 960 te
719 903 824 975 [ΑΙ.
851 912 905 959 te
928 902 1122 973 ipsam]
1146 916 1341 956 ornare
1366 899 1505 964 Deo,
1533 906 1588 953 et
1608 904 1797 952 contra
1819 894 2094 951 diabolum

499 1011 715 1052 armare
747 994 981 1067 possint,
1015 994 1104 1064 qui
1137 1007 1232 1063 per
1262 992 1379 1048 leve
1412 989 1684 1046 interdum
1713 987 2099 1060 quodcumque

494 1090 684 1147 vitium
712 1088 777 1143 ad
804 1089 1041 1144 animam
1073 1085 1378 1158 ingreditur
1410 1095 1505 1140 :et
1534 1083 1578 1138 si
1602 1085 1861 1138 virtutum
1896 1096 2099 1151 propu-

494 1182 722 1256 gnacula
754 1195 861 1236 non
890 1180 1185 1247 resistant,
1230 1185 1419 1233 nostro
1450 1190 1550 1230 nos
1577 1175 1794 1245 repellit
1836 1174 1959 1229 loco
1986 1214 2001 1239 ,
2046 1182 2101 1227 et

498 1276 761 1332 continuo
776 1272 843 1330 de
866 1273 1023 1329 hoste
1050 1272 1109 1326 fit
1127 1271 1399 1326 dominus.
1420 1268 1648 1338 Propter
1664 1265 1806 1337 quod
1820 1264 2102 1335 Scriptura

500 1382 603 1424 nos
623 1366 966 1430 adhortatur,
980 1372 1034 1418 et
1057 1361 1218 1418 dicit:
1241 1361 1301 1416 Si
1321 1360 1535 1433 spiritus
1550 1367 1850 1430 potestatem
1870 1356 2105 1413 habentis

499 1459 788 1514 ascenderit
811 1473 968 1528 super
986 1466 1055 1523 te,
1069 1457 1236 1509 locum
1251 1463 1395 1508 tuum
1409 1469 1471 1508 ne
1484 1451 1741 1507 dimiseris
1764 1449 1932 1523 (Eccl.
1952 1466 2002 1515 χ,
2022 1449 2100 1521 4).

577 1550 709 1610 αλιι.
743 1548 986 1604 XXV.—
1006 1547 1091 1603 Ab
1117 1562 1185 1602 eo
1208 1547 1318 1617 jam
1342 1558 1608 1615 tempore,
1635 1558 1743 1615 quo
1765 1544 1995 1614 primum
2011 1557 2106 1613 per

511 1642 839 1714 virginitatis
864 1639 1263 1713 professionem
1295 1637 1525 1693 Domino
1550 1647 1871 1692 consecrata
1899 1649 1980 1699 es,
2009 1632 2105 1688 ad-

2197 441 2377 488 menta
2418 430 2705 502 possideas
2726 471 2741 496 ,
2785 444 2978 485 secura
3009 415 3277 499 procedes
3303 425 3372 482 ad
3405 425 3650 497 praelium
3678 425 3793 496 spi—

2198 522 2416 591 rituale,
2466 536 2566 578 nec
2614 521 2837 593 pavebis
2887 520 3162 577 diabolum
3207 534 3332 575 cum
3384 526 3497 574 toto
3548 518 3793 575 exercitu

2196 632 2319 673 suo.
2354 615 2551 673 Cadent
2580 617 2712 672 enim
2743 634 2775 671 a
2805 617 2965 672 latere
3010 624 3099 671 tuo
3133 615 3295 682 mille,
3337 623 3385 669 et
3422 614 3594 669 decem
3628 613 3796 668 millia

2198 731 2230 770 a
2271 713 2465 768 dextris
2514 714 2616 768 tuis
2657 729 2677 769 :
2718 713 2787 767 ad
2836 722 2883 768 te
2942 720 3117 766 autem
3164 726 3266 764 non
3306 707 3794 780 appropinquabant

2198 808 2217 878 (
2251 807 2394 862 Psal.
2428 822 2538 874 κει,
2594 807 2624 860 7
2649 806 2690 877 ).
2725 807 2924 862 Beatus
2956 819 3171 877 quoque
3214 803 3450 859 lacubus
3477 803 3566 858 ille
3592 801 3797 858 Christi

2200 902 2358 957 miles
2405 899 2672 956 emeritus
2699 915 2807 955 non
2838 898 3014 954 minor
3047 896 3203 953 nobis
3243 896 3569 951 auctoritate
3597 894 3665 951 de
3694 895 3797 951 hoc

2203 994 2349 1048 bello
2384 992 2669 1047 victoriam
2717 991 3007 1062 pollicetur
3048 1010 3061 1044 :
3110 989 3351 1055 Subditi,
3391 989 3597 1060 inquit,
3640 996 3797 1043 estote

2202 1079 2316 1136 Deo
2353 1098 2372 1136 :
2402 1082 2624 1135 resistite
2671 1089 2843 1134 autent
2873 1080 3103 1146 diabolo,
3135 1090 3182 1133 et
3214 1080 3376 1151 fugiet
3407 1096 3438 1132 a
3466 1079 3606 1133 vobis
3637 1077 3795 1150 (Jac.

2204 1189 2280 1241 tv,
2310 1174 2341 1227 7
2367 1174 2407 1247 ).
2439 1170 2693 1227 Ostendit
2739 1173 3014 1243 quomodo
3063 1173 3320 1228 resistere
3362 1171 3658 1227 debeamus
3685 1171 3799 1226 dia-

2204 1266 2355 1333 bolo,
2384 1268 2430 1322 si
2460 1269 2648 1339 utique
2675 1266 2850 1323 simus
2878 1264 3079 1322 subditi
3115 1264 3245 1331 Deo,
3281 1263 3511 1335 ejusque
3550 1262 3801 1317 faciendo

2204 1358 2569 1426 Voluntatem,
2602 1368 2661 1414 ut
2705 1357 2947 1413 divinam
2996 1356 3157 1411 etiam
3191 1369 3500 1410 mereamur
3527 1353 3753 1423 gratiam
3783 1371 3797 1410 :

2206 1462 2262 1507 et
2292 1450 2498 1507 facilius
2529 1466 2761 1521 nequam
2804 1449 3054 1520 spiritui,
3101 1447 3313 1503 auxilio
3353 1446 3533 1503 sancti
3565 1445 3804 1518 Spiritus

2206 1545 2549 1601 resistamus.
2591 1542 2779 1614 Neque
2816 1558 2947 1598 vero
3000 1550 3186 1615 aperta
3231 1549 3421 1596 contra
3459 1554 3560 1595 nos
3599 1549 3804 1611 pugnat

2207 1640 2347 1706 acie,
2378 1654 2478 1695 nec
2509 1638 2725 1709 publica
2758 1637 3041 1692 nobiscum
3086 1634 3265 1691 fronte
3305 1634 3673 1706 congreditur,
3709 1634 3805 1690 sed

506 1735 737 1794 versarii
769 1735 821 1790 in
852 1743 905 1789 te
944 1734 1115 1789 crevit
1150 1731 1357 1787 odium.
1402 1731 1465 1785 Et
1490 1729 1581 1800 qui
1613 1729 1799 1784 aliena
1830 1727 1977 1782 lucra
2008 1741 2106 1797 pro
2136 1734 2184 1795 B
2210 1733 2340 1788 dolo
2387 1733 2556 1787 vincit
2596 1747 2660 1787 ac
2707 1730 2919 1799 fraude,
2952 1739 3247 1801 nostraque
3280 1739 3476 1787 contra
3506 1745 3606 1786 nos
3637 1731 3808 1785 utitur

510 1833 626 1888 suis
670 1829 888 1887 damnis
917 1829 1100 1895 habet,
1145 1842 1206 1884 se
1244 1826 1495 1881 amisisse
1538 1823 1710 1892 ducit,
1758 1819 2018 1893 quidquid
2053 1832 2105 1877 te

509 1937 885 1996 possessuram
918 1920 1087 1977 dolet.
1120 1917 1326 1975 Grandi
1358 1917 1453 1973 tibi
1492 1931 1629 1986 opus
1680 1922 1764 1969 est
1808 1914 2102 1984 vigilantia,

509 2016 809 2089 grandique
847 2028 977 2070 cura
1020 2030 1035 2067 :
1079 2022 1135 2067 et
1181 2020 1330 2066 tanto
1370 2009 1653 2065 sollicitius
1700 2005 1977 2064 cavendus
2022 2013 2109 2062 est

510 2109 785 2173 inimicus,
832 2115 1038 2179 quanto
1087 2104 1231 2174 apud
1281 2104 1450 2159 Deum
1502 2101 1667 2156 ditior
1716 2115 1839 2156 esse
1870 2098 2104 2170 coepisti.

513 2200 726 2258 Vacuus
758 2199 933 2255 viator
968 2209 1021 2254 et
1066 2197 1242 2253 nudus
1280 2211 1384 2252 non
1419 2194 1572 2251 timet
1603 2194 1833 2250 latronis
1859 2191 2104 2248 insidias.

510 2296 748 2352 Securus
793 2309 822 2348 a
867 2292 1147 2349 nocturnis
1193 2291 1403 2346 furibus
1447 2288 1653 2345 dormit
1680 2302 1911 2359 pauper,
1943 2286 2109 2341 etiam

509 2389 555 2447 si
584 2389 816 2445 claustra
848 2400 957 2441 non
987 2384 1217 2440 muniat.
1248 2380 1413 2437 Diviti
1450 2396 1584 2436 vero
1622 2394 1758 2450 opes
1788 2393 1902 2434 suae
1944 2378 2112 2433 latro-

515 2481 601 2536 nis
647 2492 873 2549 semper
922 2476 1291 2545 imaginantur
1319 2487 1628 2539 occursum,
1664 2480 1721 2525 et
1763 2469 1874 2541 jugi
1908 2468 2113 2525 sollici-

513 2572 723 2635 tudine,
765 2567 1016 2625 noctium
1054 2581 1307 2621 somnum
1347 2564 1619 2620 adimunt.
1653 2562 1807 2619 Unde
1848 2570 1953 2616 tua:
1980 2575 2113 2632 quo-

515 2676 623 2734 que
661 2659 888 2723 divitiae,
929 2657 1171 2713 cmlestis
1213 2658 1521 2723 thesaurus,
1567 2656 1667 2710 ista
1694 2654 1948 2708 cautione
1976 2651 2115 2708 indi-

517 2762 650 2825 gcnt
694 2760 858 2822 atque
900 2750 1169 2806 custodia.
1203 2748 1422 2815 Quanto
1452 2746 1615 2803 ditior
1656 2761 1735 2814 es,
1772 2753 1920 2800 tanto
1948 2744 2114 2799 debes

520 2861 643 2903 esse
672 2844 1000 2916 vigilantior.
1035 2844 1138 2910 Qui
1170 2843 1316 2898 enim
1349 2842 1468 2914 plus
1509 2841 1773 2913 possidet,
1803 2840 1926 2910 plus
1955 2838 2116 2894 debet

519 2941 719 2995 timere
764 2952 833 2993 ne
864 2935 1076 3006 perdat.
1120 2934 1373 2991 Invidere
1405 2949 1514 2989 non
1553 2942 1736 2988 cessat
1762 2940 1951 2987 auctor
1980 2930 2117 2985 invi-

517 3033 643 3088 dize.
677 3031 744 3087 Et
787 3028 879 3102 qui
907 3027 1083 3085 semel
1130 3042 1161 3082 a
1193 3028 1304 3084 Deo
1349 3028 1465 3098 ipse
1510 3026 1789 3098 projectus
1814 3034 1928 3090 est,
1964 3032 2115 3079 tanto

2210 1824 2506 1880 voluntate.
2562 1824 2637 1880 De
2694 1838 2965 1880 consensu
3024 1832 3215 1879 nostro
3269 1822 3617 1878 adversarius
3662 1823 3808 1879 vires

2209 1917 2337 1990 [Αι.
2390 1918 2460 1975 de
2509 1932 2783 1974 consensu
2823 1918 3263 1973 adversariorum
3323 1914 3515 1987 vires]
3568 1916 3807 1987 accipit,

2210 2019 2508 2082 nostroque
2537 2025 2660 2078 nos,
2689 2020 2750 2065 ut
2774 2009 2881 2065 dici
2909 2009 3070 2079 solet,
3092 2009 3305 2080 jugulat
3329 2008 3528 2080 gladio.
3558 2008 3808 2064 Infirmus

2211 2102 2386 2158 hostis
2433 2112 2521 2159 est
2566 2104 2660 2173 qui
2708 2118 2814 2158 non
2864 2111 3043 2173 potest
3088 2102 3307 2158 vincere
3351 2101 3452 2158 nisi
3512 2100 3808 2159 volentem.

2212 2197 2409 2254 Procul
2441 2213 2471 2252 a
2514 2198 2671 2253 nobis
2712 2196 3049 2268 desperatio,
3089 2198 3283 2267 procul
3326 2198 3503 2253 omnis
3532 2197 3599 2253 ab
3627 2198 3810 2252 animo

2211 2291 2433 2348 recedat
2475 2306 2645 2363 pavor
2686 2290 3147 2348 adversariorum.
3190 2290 3305 2346 Non
3337 2291 3681 2361 adjuvemus,
3712 2292 3809 2348 sed

2212 2384 2497 2441 vincamus
2539 2383 2905 2440 adversarios.
2949 2384 3087 2439 Dant
3129 2384 3205 2439 illi
3246 2383 3463 2456 quidem
3494 2385 3807 2452 consilium,

2213 2476 2309 2532 sed
2336 2486 2583 2541 nostrum
2611 2488 2696 2532 est
2726 2477 2809 2533 vel
2838 2476 3063 2547 eligere,
3095 2477 3179 2532 vcl
3211 2492 3475 2547 respuere
3504 2477 3648 2550 quod
3681 2493 3810 2549 sug-

2213 2578 2429 2639 gerunt.
2472 2568 2590 2624 Non
2636 2568 2780 2625 enim
2817 2569 3084 2639 cogendo,
3130 2571 3224 2626 sed
3265 2571 3544 2647 suadendo
3589 2582 3812 2628 nocent.

2214 2658 2333 2715 Non
2380 2670 2707 2730 extorquent
2748 2676 2777 2715 a
2822 2661 2980 2716 nobis
3010 2675 3361 2730 consensum,
3401 2664 3495 2719 sed
3527 2675 3811 2734 expetunt.

2220 2749 2373 2807 Unde
2403 2751 2565 2808 etiam
2592 2752 2821 2809 Ananiae
2849 2753 3076 2811 dicitur:
3106 2753 3284 2823 Quare
3309 2758 3523 2811 tentavit
3551 2775 3639 2811 cor
3666 2768 3815 2812 tuam

2218 2846 2447 2903 Satanas
2496 2849 2703 2903 mentiri
2752 2858 2799 2903 te
2849 2848 3075 2919 Spiritui
3122 2858 3302 2904 sancto
3347 2852 3573 2921 (Actor.
3612 2868 3666 2920 v,
3701 2854 3815 2924 5)?

2216 2938 2372 3006 Quod
2415 2940 2603 3011 utique
2643 2940 2718 2995 illi
2750 2940 3047 3010 Apostolus
3079 2946 3369 3013 numquam
3414 2943 3734 3014 imputaret,
3768 2948 3815 3002 si

2218 3030 2271 3085 id
2310 3031 2516 3102 absque
2558 3032 2729 3104 ipsius
2773 3033 3056 3089 voluntate
3099 3034 3353 3091 diabolus
3401 3034 3642 3093 fecisset.
3696 3038 3814 3109 Ipsa

522 3125 714 3194 majori
746 3120 919 3178 livore
943 3130 1247 3191 torquetur,
1280 3129 1485 3189 quanto
1523 3118 1755 3189 aliquem
1802 3115 1945 3187 apud
1988 3131 2111 3171 eum
2140 3113 2186 3177 C
2217 3122 2385 3176 etiam
2418 3122 2529 3176 Eva
2573 3122 2696 3178 ideo
2725 3122 2845 3195 [AL
2885 3122 3029 3196 jam]
3069 3125 3466 3182 condemnatur
3509 3144 3538 3182 a
3584 3128 3817 3184 Domino

520 3216 718 3273 viderit
738 3214 1049 3271 clariorem.
1073 3214 1174 3282 Qui
1198 3212 1390 3268 invidit
1412 3209 1538 3267 Eva:
1561 3209 1894 3282 paradisum,
1914 3217 2117 3279 quanto

521 3308 691 3379 magis
730 3306 939 3363 invidet
976 3306 1076 3361 tibi
1113 3320 1343 3376 regnum
1385 3304 1681 3360 caelorum!
1715 3301 1946 3370 Cuncta,
1979 3301 2115 3356 mihi

517 3402 704 3467 crede,
738 3401 833 3457 ille
862 3416 1005 3457 nunc
1030 3400 1306 3467 circumit,
1351 3409 1409 3456 ut
1447 3400 1637 3455 beatus
1668 3399 1861 3453 Petrus
1886 3398 1986 3467 ait,
2021 3397 2116 3454 de-

519 3495 751 3553 vorandi
779 3504 834 3552 te
858 3494 1086 3565 cupidus
1124 3494 1167 3568 (l
1202 3493 1321 3550 Pet.
1354 3510 1409 3560 v,
1441 3494 1533 3566 8):
1566 3494 1620 3549 in
1649 3495 1867 3549 modum
1894 3492 2113 3564 rugien-

519 3592 590 3647 tis
618 3591 793 3647 leonis
822 3589 1148 3662 ingreditur,
1173 3590 1257 3647 vel
1287 3604 1437 3646 more
1460 3588 1635 3645 dolosi
1667 3588 1840 3644 hostis
1862 3586 2115 3643 universa

522 3683 881 3755 perlustrans,
923 3682 1176 3753 explorat
1212 3697 1404 3738 omnes
1433 3681 1613 3738 aditus
1651 3681 1848 3737 animm
1877 3691 2021 3736 tuae:
2046 3694 2115 3736 an

523 3774 593 3829 sit
622 3772 824 3843 aliquid
864 3772 1139 3828 infirmum
1172 3782 1229 3828 et
1254 3774 1437 3828 minus
1464 3782 1658 3839 tutum,
1691 3788 1788 3843 per
1812 3772 1957 3844 quod
1989 3787 2116 3843 pos-

523 3868 596 3922 sit
647 3865 912 3937 irrepere.
948 3865 1202 3921 Rimatur
1248 3880 1391 3921 nunc
1439 3866 1531 3922 ille
1558 3866 1763 3931 omnia,
1810 3873 1866 3921 et
1907 3863 2115 3934 singula

522 3974 753 4031 qumque
791 3968 1133 4030 pertentans,
1162 3958 1355 4030 quzerit
1385 3959 1600 4016 vulneri
1627 3958 1809 4015 locum
1835 3975 1851 4014 :
1874 3958 2029 4029 cujus
2060 3966 2117 4012 tu

522 4052 747 4107 insidias
772 4051 1007 4109 sollicite
1037 4050 1205 4108 debes
1235 4052 1545 4122 providere,
1573 4063 1628 4107 ut
1651 4068 1772 4124 qute
1801 4067 1924 4108 cum
1950 4051 2119 4106 Paulo

523 4160 633 4202 non
668 4146 887 4216 ignores
917 4144 1147 4200 astutias
1195 4144 1314 4215 ejus
1345 4144 1418 4217 (ll
1457 4144 1577 4201 Cor.
1606 4159 1667 4208 ll,
1716 4143 1831 4214 ll).
1861 4144 1963 4212 Qui
1993 4159 2117 4199 cum

525 4238 798 4294 terribiles
834 4237 1038 4293 diaboli
1077 4246 1380 4308 potestates
1434 4238 1877 4307 principatusque
1913 4236 2120 4292 descri-

524 4328 640 4395 bat,
670 4342 771 4384 nos
798 4328 1153 4384 nihilominus
1177 4329 1428 4383 hortatur
1458 4328 1525 4383 ad
1557 4343 1814 4398 pugnam,
1851 4328 2118 4382 hostium-

524 4434 632 4490 que
661 4420 773 4474 vim
821 4418 1031 4490 pandit,
1083 4428 1143 4473 ut
1169 4427 1363 4491 augeat
1405 4418 1828 4475 sollicitudinem
1856 4420 2115 4475 militum.

2221 3211 2376 3284 (Cen.
2408 3211 2648 3284 tt):quia
2684 3215 2753 3269 ab
2781 3230 2849 3270 eo
2884 3231 3042 3285 quem
3085 3226 3294 3287 poterat
3325 3232 3605 3289 superare,
3653 3236 3818 3292 supe-

2218 3315 2333 3361 rata
2375 3316 2481 3361 est.
2528 3305 2639 3361 Nec
2672 3305 2819 3362 enim
2858 3308 3149 3363 meruisset
3176 3324 3205 3363 a
3234 3309 3492 3377 Domino,
3532 3311 3817 3382 injustitite

2218 3398 2403 3469 puniri
2430 3414 2553 3469 qua:
2584 3400 2725 3456 victa
2752 3408 2859 3469 est,
2894 3402 3001 3457 nisi
3032 3402 3253 3459 vincere
3282 3404 3397 3473 ipsa
3432 3405 3722 3475 potuisset.

2290 3493 2422 3550 Car.
2444 3492 2636 3549 XXVI.
2659 3524 2731 3535 —
2757 3495 2926 3566 llujus
2954 3496 3275 3567 nequissimi
3297 3497 3471 3554 hostis
3498 3513 3584 3555 est
3611 3500 3708 3557 illa
3732 3502 3818 3559 vel

2218 3587 2393 3659 prima
2424 3587 2716 3657 calliditas,
2759 3601 2815 3645 et
2850 3604 2938 3645 ars
2982 3589 3093 3646 doli
3126 3590 3312 3662 plena,
3346 3591 3571 3664 fatigare
3602 3597 3818 3667 cogita-

2220 3680 2460 3735 tionibus
2509 3680 2677 3737 rudes
2724 3681 2936 3737 animas
2984 3698 2999 3737 :
3047 3692 3102 3739 et
3147 3684 3383 3741 novellis
3430 3687 3484 3740 in
3533 3691 3819 3758 proposito

2221 3774 2495 3830 mentibus
2544 3773 2614 3830 de
2664 3775 2779 3847 ipsa
2828 3776 3099 3833 interdum
3158 3780 3572 3836 conversatione
3620 3781 3821 3840 alTerre

2222 3881 2515 3923 maerorem
2542 3884 2556 3921 :
2582 3877 2641 3923 ut
2673 3866 2832 3924 facile
2856 3869 2925 3925 ab
2955 3868 3113 3941 hujus
3153 3871 3233 3927 rei
3262 3872 3507 3941 profectu
3539 3874 3822 3930 deterrea-

2223 3970 2313 4017 tur
2344 3961 2583 4028 animus,
2629 3963 2788 4031 cujus
2824 3962 2975 4018 initia
3015 3978 3202 4020 amara
3244 3967 3584 4037 cognoverit.
3628 3966 3820 4039 Itaque

2221 4055 2362 4110 solet
2398 4063 2505 4108 tam
2552 4054 2804 4110 sordidas
2847 4070 3252 4128 nonnumquam
3294 4068 3351 4113 et
3382 4059 3577 4128 impias
3613 4060 3822 4132 cogita-

2222 4149 2402 4204 tiones
2452 4148 2695 4205 inserere
2740 4149 2931 4217 menti,
2964 4158 3024 4206 ut
3060 4152 3152 4222 qui
3201 4159 3459 4218 tentatur,
3492 4152 3621 4208 dum
3659 4170 3818 4210 suum

2223 4239 2357 4296 illud
2408 4249 2561 4311 putat
2606 4256 2728 4297 esse
2776 4245 2919 4314 quod
2966 4243 3189 4315 cogitat,
3240 4244 3564 4301 deteriorem
3613 4261 3673 4302 se
3722 4262 3822 4318 per

2224 4334 2479 4403 spiritum
2520 4333 2859 4391 immundum
2906 4338 3186 4407 proposito
3226 4352 3325 4393 suo
3354 4339 3648 4395 arbitretur
3682 4339 3822 4396 elle-

2221 4436 2402 4491 ctum;
2462 4427 2743 4499 multoque
2814 4430 3087 4500 puriorem
3159 4432 3392 4487 animam
3453 4433 3705 4489 habuisse
3761 4449 3824 4490 se

524 4512 641 4569 Non
670 4512 814 4569 enim
843 4511 957 4567 vult
988 4525 1089 4565 nos
1118 4524 1243 4566 esse
1283 4511 1524 4576 timidos,
1566 4510 1661 4567 sed
1692 4522 1927 4582 paratos.
1960 4512 2115 4569 Deni-
2149 4506 2203 4569 D
2226 4520 2448 4590 credat,
2497 4536 2618 4577 cum
2658 4522 2835 4578 adhuc
2876 4539 2965 4579 res
3008 4524 3193 4581 εωοιιιί
3238 4534 3468 4581 amaret,
3501 4526 3624 4582 γυιι
3670 4528 3823 4583 enim

523 4623 630 4678 que
659 4622 766 4663 non
787 4606 970 4677 fugam
998 4601 1210 4673 suadet,
1229 4602 1325 4658 sed
1348 4618 1499 4658 arma
1523 4606 1788 4675 suggerit:
1813 4603 2119 4675 Pmpterea,

528 4701 725 4771 inquit,
756 4699 975 4772 accipite
1004 4713 1150 4752 arma
1177 4696 1299 4764 Dei,
1348 4705 1403 4752 ut
1443 4698 1650 4770 possitis
1696 4699 1928 4754 resistere
1958 4700 2013 4753 in
2035 4701 2121 4756 die

528 4793 688 4857 malo,
723 4808 787 4846 ac
809 4792 864 4846 in
896 4791 1133 4845 omnibus
1181 4790 1399 4860 perfecti
1427 4799 1566 4843 stare
1609 4790 1628 4859 (
1656 4788 1847 4863 Epltes.
1879 4805 1952 4858 vr,
1987 4792 2054 4847 15
2076 4790 2117 4861 ).

527 4887 606 4941 Ac
657 4887 840 4939 statim
886 4885 1254 4939 instrumenta
1304 4881 1520 4953 singula
1573 4882 1871 4953 spiritualis
1924 4898 2121 4954 pugnae

532 4974 774 5040 tradens,
801 4975 1011 5029 addidit
1036 4985 1093 5031 et
1121 4976 1297 5031 dixit:
1322 4974 1470 5031 State
1490 4991 1610 5049 ergo
1647 4977 1893 5031 succincti
1924 4977 2121 5033 lumbos

528 5073 721 5120 vestros
758 5065 810 5117 in
845 5066 1055 5120 ueritate
1084 5082 1103 5120 :
1125 5076 1174 5121 et
1212 5067 1381 5122 induti
1422 5068 1636 5122 loricam
1656 5070 1900 5139 justitite,
1939 5082 1984 5124 et
2016 5070 2125 5125 cal-

528 5158 660 5213 ceati
680 5156 833 5231 pedes
861 5158 915 5211 in
929 5161 1305 5230 prwparatione
1329 5160 1597 5231 Evangelii
1622 5162 1789 5231 pacis,
1810 5162 1866 5214 in
1887 5160 2125 5215 erunibus

528 5260 849 5309 assumentes
896 5258 1098 5305 scutum
1139 5250 1298 5319 ﬁdei,
1338 5253 1394 5307 in
1436 5268 1542 5324 quo
1572 5252 1782 5323 possitis
1816 5251 1987 5306 omnia
2022 5251 2123 5305 tela

526 5346 823 5416 nequissimi
856 5345 1009 5418 ignea
1039 5345 1365 5418 exstinguere
1385 5360 1406 5399 :
1431 5353 1479 5399 et
1516 5343 1722 5415 galeam
1750 5342 1940 5398 salutis
1969 5359 2122 5397 assu-

525 5440 668 5508 mite,
713 5448 763 5494 et
804 5438 1044 5512 gladium
1089 5437 1329 5508 spiritus,
1372 5437 1511 5508 quod
1539 5445 1614 5491 est
1642 5436 1845 5491 verbum
1872 5433 1993 5501 Dei,
2034 5452 2125 5506 per

525 5548 730 5585 onmem
780 5533 1035 5587 rationem
1085 5540 1134 5585 et
1184 5531 1610 5587 obsecrationem.
1668 5531 1739 5586 Et
1770 5529 2023 5600 quoniam
2054 5529 2123 5585 de

526 5623 631 5681 hoc
676 5622 823 5677 bello
870 5623 1001 5678 licet
1045 5622 1209 5678 etiam
1265 5623 1482 5677 feminis
1512 5622 1875 5692 triumphare,
1907 5622 2124 5693 suscipe

523 5710 643 5775 haec
687 5726 840 5769 arma
867 5712 1049 5779 Pauli,
1093 5722 1149 5771 et
1196 5713 1332 5770 tanti
1382 5712 1690 5771 hortatione
1718 5713 1871 5771 ducis
1915 5722 2121 5779 certam

2224 4611 2329 4680 his,
2360 4615 2558 4685 quibus
2586 4614 2799 4671 invidet
2825 4615 3220 4672 callidissimus
3248 4615 3500 4674 inimicus
3532 4618 3823 4676 horrorem

2223 4706 2483 4777 propositi
2514 4722 2580 4762 ex
2611 4707 2996 4775 desperatione
3024 4707 3204 4764 facere
3231 4708 3560 4777 sanctitatis,
3592 4719 3650 4765 ut
3699 4726 3823 4781 eos,

2223 4797 2512 4854 obsidente
2558 4798 2811 4864 tristitia,
2853 4808 2907 4855 et
2947 4800 2993 4855 si
3039 4816 3069 4854 a
3104 4802 3385 4872 proposito
3423 4818 3531 4857 non
3574 4812 3824 4872 revocat,

2224 4897 2373 4944 certe
2425 4890 2655 4945 retineat
2707 4905 2737 4945 a
2796 4890 3059 4963 profectu.
3108 4892 3338 4964 Propter
3386 4893 3531 4965 quod
3586 4897 3826 4951 maxime

2226 4990 2540 5034 sanctarum
2593 4981 2689 5036 tihi
2736 4980 3143 5051 Scripturarum
3196 4985 3435 5041 studium
3483 4985 3824 5057 diligendum

2226 5081 2311 5126 est
2348 5089 2361 5125 :
2404 5072 2758 5129 illuminanda
2791 5074 2992 5130 divinis
3033 5075 3268 5148 eloquiis
3307 5078 3485 5133 anima
3525 5095 3538 5132 :
3575 5091 3630 5134 et
3658 5093 3829 5135 coru-

2227 5173 2416 5218 scante
2447 5164 2541 5220 Dei
2571 5165 2763 5234 verbo,
2795 5166 3001 5222 diaboli
3031 5168 3360 5238 repellenda:
3398 5180 3527 5225 sunt
3559 5172 3825 5229 tenebrae.

2172 5306 2187 5313 -
2225 5252 2349 5309 Cito
2377 5254 2521 5311 enim
2555 5256 2694 5328 fugit
2719 5258 2813 5314 ille
2842 5258 2911 5315 ab
2940 5274 3003 5316 ea
3033 5262 3246 5331 anima,
3276 5276 3439 5332 quam
3471 5278 3655 5320 sermo
3686 5265 3831 5323 divi-

2229 5362 2332 5401 nus
2364 5348 2653 5418 illuminat,
2686 5366 2807 5421 quae
2847 5352 3168 5409 crelestibus
3214 5370 3432 5427 semper
3477 5358 3832 5427 cogitationi-

2229 5443 2331 5498 bus
2372 5455 2693 5514 occupatur,
2733 5449 2786 5502 in
2827 5464 2933 5520 qua
2973 5451 3248 5507 assiduum
3295 5462 3382 5508 est
3429 5453 3520 5509 Dei
3569 5455 3829 5523 verbum,

2230 5533 2385 5601 cujus
2413 5534 2522 5588 vim
2554 5550 2787 5606 nequam
2819 5541 3043 5610 spiritus
3076 5558 3181 5599 non
3221 5553 3401 5615 potest
3442 5544 3609 5602 ferre.
3649 5545 3714 5603 Et
3747 5548 3831 5603 id-

2227 5624 2378 5679 circo
2427 5625 2621 5681 beatus
2673 5628 2803 5685 illud
2860 5631 3153 5702 Apostolus
3201 5635 3459 5706 spiritalis
3511 5636 3638 5693 belli
3681 5639 3831 5696 inter

2227 5727 2424 5776 caetera
2448 5717 2808 5782 instrumenta
2829 5725 3010 5798 gladio
3029 5729 3361 5802 comparavit
3389 5727 3607 5804 (Ep/res.
3636 5747 3692 5803 v,
3714 5734 3829 5809 Π).
