4000 6376
140 362 202 422 Μ
1115 357 1386 419 PELAGII
1426 358 1515 416 AD
1553 355 2052 416 DEMETRIADEM
2091 356 2440 414 EPISTULA.
3323 359 3398 420 62

140 483 236 538 Est
264 491 447 537 autem
497 480 817 538 tutissimum
844 474 1004 551 atque
1027 482 1340 550 perlectum,
1367 487 1427 532 ut
1452 485 1725 530 assuescat
1751 477 1807 537 Α
1829 473 1922 529 cti.
1953 473 2066 540 Qua
2093 473 2161 527 de
2195 489 2250 528 re
2279 473 2443 528 debes
2475 473 2643 544 (saepe
2687 473 2825 528 enim
2871 483 3056 544 repeto
3102 475 3245 547 quod
3280 476 3400 534 ﬁeri

141 577 357 631 animus
398 577 626 631 sollicita
670 591 883 646 semper
913 574 1266 646 pervigilique
1315 570 1558 626 custodia
1606 568 1717 622 dis-

142 684 369 725 cernere
418 670 778 740 cogitationes
825 682 951 722 suas
993 684 1008 722 :
1053 676 1109 722 ct
1155 665 1219 720 ad
1266 666 1495 734 primum
1555 661 1720 715 animi

142 775 349 819 motum
381 763 486 836 [ΑΙ.
522 765 697 818 deerat
727 757 956 831 motum]
987 760 1072 815 vel
1109 759 1378 830 probare,
1413 757 1495 810 vel
1532 770 1722 826 repro-

144 858 296 926 bare,
331 858 472 928 quod
503 856 745 926 cogitat:
788 865 844 909 ιιι
889 855 973 907 vel
1001 852 1176 906 bonas
1203 851 1563 920 cogitationes
1592 847 1722 912 alat,

144 955 226 1005 vel
274 951 460 1004 statim
506 950 818 1017 exstinguat
865 945 1058 1000 malas.
1093 944 1193 998 llic
1233 957 1466 1013 namque
1497 941 1616 997 fons
1643 949 1729 995 est

143 1045 295 1111 boni,
345 1045 452 1116 [ΑΙ.
506 1043 673 1098 Hinc.
831 1047 888 1094 et
925 1038 1071 1109 quod
1115 1036 1291 1108 origo]
1328 1045 1384 1091 et
1409 1037 1561 1104 origo
1599 1048 1730 1102 pec-

144 1137 330 1200 candi,
357 1135 646 1203 omnisque
670 1133 903 1204 ingentis
927 1131 1114 1185 delicti
1137 1132 1189 1184 in
1219 1129 1384 1183 corde
1410 1127 1728 1197 principium

145 1237 232 1282 est
262 1227 528 1297 cogitatio
559 1226 682 1297 (At.
715 1223 1040 1294 cogitatione
1062 1221 1382 1290 principium
1416 1227 1518 1280 est,
1545 1232 1664 1285 qttzn
1687 1217 1726 1285 '|,

145 1337 268 1392 qua:
316 1319 739 1388 unumquodque
789 1330 924 1386 opus
967 1315 1113 1369 velut
1159 1313 1241 1381 in}
1261 1311 1495 1380 quadam
1548 1310 1730 1363 cordis

147 1413 329 1468 tabula
381 1410 657 1480 depingit,
712 1417 1002 1476 antequam
1055 1403 1240 1458 faciat.
1293 1402 1427 1456 Nam
1479 1402 1594 1454 sive
1639 1401 1730 1455 ille

144 1515 324 1566 actus,
357 1503 471 1556 sive
511 1514 694 1556 sermo
735 1500 837 1564 sit,
872 1505 931 1550 ut
967 1496 1290 1564 proferatur,
1322 1501 1448 1546 ante
1481 1491 1728 1560 disponi-

147 1605 253 1660 tur,
309 1605 364 1649 et
398 1594 788 1664 cogitationum
829 1588 1063 1644 consilio
1101 1587 1430 1642 discernitur
1477 1583 1618 1654 quod
1652 1582 1732 1638 [ιι-

148 1698 326 1740 turum
373 1697 475 1740 est.
533 1685 688 1738 Vides
729 1695 890 1752 quam
935 1679 1085 1734 brevi
1131 1677 1404 1733 interdum
1458 1687 1733 1731 momento

145 1795 374 1850 quaeque
405 1779 504 1832 ista
535 1779 656 1848 quis
683 1776 906 1846 cogitet,
932 1773 1274 1845 cogitataque
1298 1771 1550 1843 perﬁciat
1582 1790 1594 1824 :
1627 1786 1731 1826 nec

1824 579 2039 635 semper
2073 564 2178 635 [AL
2227 565 2416 634 semel]
2465 564 2608 636 volo)
2661 574 2877 620 sanctas
2925 566 3232 636 Scripturas
3275 569 3398 625 sine

1824 654 2230 711 intermissione
2277 657 2563 724 meditari,
2594 657 2784 729 hisque
2817 667 2958 713 tuam
3006 661 3215 730 replere
3245 678 3404 718 men-

1827 757 1934 803 tem
1961 767 1974 800 :
1997 758 2051 803 et
2073 750 2229 802 malis
2253 750 2666 819 cogitationibus
2695 752 2872 807 locum
2901 750 3167 822 auferens,
3193 754 3392 812 divinis

1827 841 2066 896 animum
2121 844 2372 897 sensibus
2420 859 2685 914 occupare
2738 863 2751 899 :
2813 855 3179 918 quantumque
3232 850 3402 906 Deum

1830 934 2045 1004 diligas,
2093 952 2154 991 ex
2207 935 2498 992 dilectione
2547 938 2681 1007 legis
2729 939 2844 1010 ejus
2895 943 3202 1000 ostendere.
3245 944 3404 1001 Unde

1831 1028 2106 1099 Scriptura
2164 1029 2296 1085 dicit
2339 1045 2354 1083 :
2394 1029 2494 1095 Qui
2550 1033 2725 1085 timent
2775 1032 3088 1102 Dominum,
3146 1037 3404 1109 inquirent

1831 1124 1970 1195 quod
1999 1122 2373 1193 beneplacitum
2401 1132 2475 1177 est
2507 1125 2586 1178 illi
2605 1142 2621 1177 :
2635 1134 2680 1178 et
2707 1127 2793 1190 qui
2819 1127 3043 1201 diligunt
3071 1146 3205 1196 eum,
3239 1131 3402 1202 reple-

1833 1216 2022 1267 buntur
2046 1217 2155 1286 lege
2174 1218 2284 1283 ejus
2313 1215 2485 1284 (Eccl.
2517 1232 2576 1282 ll,
2607 1217 2682 1288 7).
2709 1219 2856 1274 Tunc
2885 1223 3128 1276 sentiens
3153 1233 3410 1292 quantum

1831 1305 1895 1358 ad
1926 1305 2044 1374 ejus
2072 1321 2314 1360 amorem
2344 1307 2562 1375 adjuvet
2599 1317 2652 1364 te
2699 1312 2964 1379 sapientia
2997 1331 3010 1367 :
3052 1326 3309 1384 quantum
3340 1319 3412 1372 sit

1830 1395 1883 1450 in
1914 1404 1965 1450 te
1995 1397 2189 1450 divinae
2228 1397 2361 1466 legis
2406 1399 2664 1452 auxilium
2685 1442 2700 1466 ,
2734 1413 2789 1456 et
2831 1404 3057 1460 Domino
3086 1422 3208 1461 cum
3243 1409 3411 1464 David

1831 1487 1953 1542 lenta
1981 1489 2249 1553 cantabis,
2282 1488 2349 1541 In
2380 1490 2535 1544 corde
2559 1506 2668 1544 meo
2698 1491 2944 1547 abscondi
2972 1497 3173 1567 eloquia
3200 1509 3319 1564 tua,
3354 1510 3414 1555 ut

1832 1596 1932 1634 non
1963 1597 2162 1650 peccem
2190 1581 2285 1635 tibi
2330 1581 2462 1650 (Ps.
2501 1599 2685 1651 ottvttt,
2731 1586 2818 1652 16,
2863 1588 2926 1642 51
2968 1597 3024 1643 et
3055 1592 3250 1661 seqq.).
3299 1593 3410 1648 Ex-

1832 1675 2078 1730 citandus
2138 1685 2221 1730 est
2281 1677 2420 1730 enim
2483 1679 2849 1746 spiritualibus
2909 1683 3145 1738 stimulis
3195 1699 3413 1753 semper

1833 1768 2066 1834 animus,
2088 1778 2142 1824 et
2169 1769 2362 1840 majori
2390 1771 2632 1840 quotidie
2658 1773 2854 1830 ardore
2885 1778 3247 1833 reuovandus.
3281 1780 3412 1835 Ora-

145 1875 432 1944 quicqmm
455 1871 701 1937 οιηιιίηο,
722 1870 805 1924 vel
837 1867 1044 1939 lingua,
1076 1867 1163 1922 vel
1191 1882 1374 1934 manu,
1408 1865 1732 1934 exterisque
1761 1863 1810 1926 B
1838 1859 1997 1915 tionis
2053 1861 2334 1929 instantia,
2398 1863 2722 1920 illuminatio
2765 1868 3014 1924 lectionis
3035 1910 3051 1936 ,
3104 1871 3412 1928 sollicitudo

149 1967 414 2022 membris
455 1966 655 2036 agitur,
699 1964 800 2017 nisi
831 1961 1188 2032 cogitationes
1214 1969 1342 2014 ante
1383 1959 1727 2014 dictaverint.

153 2059 307 2114 Unde
336 2069 393 2114 et
421 2057 685 2112 Dominus
725 2054 781 2111 in
813 2053 1105 2124 Evangelia
1130 2051 1262 2108 dicit
1305 2069 1318 2105 :
1360 2051 1437 2107 De
1464 2052 1616 2106 corde
1641 2051 1735 2105 Ito-

153 2154 308 2205 ruinis
356 2149 636 2223 procedunt
677 2147 1014 2218 cogitationes
1043 2145 1214 2206 maliv,
1255 2144 1592 2207 adulterium,
1625 2143 1738 2212 for-

153 2246 367 2310 nicatio,
402 2244 715 2308 homicidia,
760 2246 932 2311 furta,
965 2240 1102 2309 falsa
1132 2240 1449 2304 testimonia,
1478 2239 1730 2305 avaritia,

151 2337 416 2406 nequitia,
449 2335 598 2389 dolus
619 2379 634 2404 ,
676 2333 1026 2403 impudicitia,
1070 2333 1251 2386 oculus
1281 2331 1469 2396 malus,
1500 2328 1736 2401 blasphe-

153 2432 291 2496 mia,
325 2429 596 2500 superbia,
638 2427 885 2482 stultitia.
930 2424 1059 2480 Hatc
1100 2435 1216 2478 sunt
1249 2439 1366 2495 qua:
1403 2424 1738 2494 coinquinant

154 2524 391 2577 homines
422 2521 637 2595 (Matth.
673 2537 763 2586 xv,
792 2521 885 2584 19,
906 2518 1022 2591 9.0).
1051 2519 1242 2574 Omnis
1267 2534 1398 2588 ergo
1429 2517 1739 2573 sollicitudo

155 2622 272 2683 tua,
311 2615 490 2670 omnis
531 2614 762 2669 intentio
791 2613 951 2668 debet
981 2626 1102 2668 esse
1127 2613 1182 2666 in
1211 2609 1456 2667 custodia
1485 2610 1590 2681 [Αι.
1618 2625 1738 2665 cor-

155 2709 244 2763 dis
273 2706 562 2778 custodia].
595 2707 674 2762 tbi
710 2715 761 2761 te
790 2707 1026 2760 maxime
1051 2714 1268 2773 oportet
1295 2702 1586 2758 observare
1616 2717 1738 2772 pec-

154 2812 360 2866 catum,
389 2801 482 2855 ubi
510 2800 660 2855 nasci
691 2800 832 2854 solet
856 2815 870 2853 :
895 2798 1185 2868 statimque
1209 2797 1278 2852 ad
1303 2797 1529 2867 primam
1559 2806 1736 2851 tenta-

156 2895 321 2948 tionis
375 2906 684 2963 repugnare
747 2890 942 2946 faciem
1007 2907 1020 2944 :
1080 2902 1137 2945 et
1189 2889 1386 2943 malum
1445 2897 1740 2958 antequam

154 2997 402 3050 crescat,
448 2987 812 3055 exstinguere.
853 2982 964 3039 Nec
1004 2983 1148 3040 enim
1187 2981 1615 3053 exspectandum
1657 2992 1742 3036 est

155 3089 503 3148 augmentum
547 3081 666 3148 ejus
709 3078 810 3144 rei,
843 3093 964 3148 qua:
997 3075 1172 3131 timeri
1201 3077 1365 3132 debet
1394 3093 1423 3130 a
1454 3091 1618 3146 parvo
1645 3095 1657 3131 :
1687 3085 1742 3130 et

156 3190 274 3244 qua:
320 3183 471 3228 tanto
520 3172 733 3238 facilius
757 3173 1009 3238 vincitur,
1045 3180 1246 3241 quanto
1290 3171 1338 3225 ei
1381 3171 1541 3224 citius
1583 3185 1742 3237 repu-

1836 1953 2165 2022 vigiliarum,
2196 1963 2251 2008 et
2276 1955 2493 2019 diurna,
2525 1964 2580 2010 ct
2609 1968 2872 2013 nocturna
2902 1960 3020 2032 ejus
3055 1962 3404 2020 incitamenta

1832 2055 1976 2100 sunt.
2008 2045 2155 2100 Nihil
2185 2047 2326 2100 enim
2370 2049 2422 2101 in
2453 2047 2554 2102 hoc
2585 2051 2859 2119 proposito
2887 2057 2997 2108 otio
3019 2054 3259 2111 deterius
3288 2067 3409 2114 est:

1837 2137 1981 2206 quod
2015 2153 2122 2191 non
2155 2137 2493 2192 solummodo
2526 2155 2629 2194 non
2663 2143 2894 2212 acquirit
2925 2160 3094 2204 nova:
3127 2150 3219 2204 sed
3250 2151 3411 2206 etiam

1836 2241 1988 2300 parta
2033 2231 2136 2300 (At.
2171 2231 2375 2301 parata]
2409 2233 2698 2288 consumit.
2727 2236 2938 2291 Sancta:
2965 2237 3086 2292 vitae
3115 2241 3252 2295 ratio
3281 2257 3412 2313 pro-

1836 2337 1992 2378 cessu
2039 2323 2240 2392 gaudet
2283 2337 2338 2377 ct
2381 2327 2583 2380 crescit
2627 2344 2639 2380 :
2687 2331 2990 2385 cessatione
3039 2335 3328 2402 torpescit,
3360 2345 3416 2390 et

1837 2413 2038 2469 deﬁcit.
2083 2415 2426 2480 Quotidianis
2471 2433 2534 2474 ac
2574 2422 2883 2476 recentibus
2927 2424 3186 2481 virtutum
3236 2427 3418 2484 incre-

1837 2509 2034 2564 mentis
2067 2525 2221 2564 mens
2251 2511 2606 2568 instauranda
2632 2525 2715 2569 est
2749 2533 2763 2570 :
2803 2525 2862 2573 et
2891 2519 3100 2575 vivendi
3130 2522 3285 2577 nobis
3313 2523 3420 2582 hoc

1839 2605 1960 2667 iter,
1995 2617 2098 2658 n0n
2135 2605 2202 2660 de
2245 2615 2542 2672 transacto,
2585 2609 2680 2663 sed
2710 2608 2779 2666 de
2819 2613 3028 2684 reliquo
3059 2616 3412 2674 metiendum.

1839 2702 2103 2768 Quamdiu
2148 2720 2334 2760 sumus
2363 2707 2414 2761 in
2447 2706 2548 2763 hoc
2576 2724 2840 2780 corpore,
2884 2729 3174 2785 numquam
3216 2732 3318 2771 nos
3349 2718 3417 2772 ad

1840 2796 2133 2864 perfectura
2173 2802 2391 2856 venisse
2433 2803 2714 2858 credamus
2746 2820 2760 2860 :
2793 2805 2872 2861 sic
2896 2808 3041 2862 enim
3074 2810 3264 2864 melius
3299 2827 3423 2880 per-

1841 2887 2073 2942 venitur.
2105 2889 2331 2946 Tamdiu
2371 2908 2478 2948 non
2513 2895 2808 2950 relabimur
2845 2907 3014 2966 retro,
3054 2903 3309 2970 quamdiu
3349 2904 3417 2958 ad

1842 2978 2024 3048 priora
2065 2982 2469 3039 contendimus.
2508 2987 2577 3040 At
2607 2987 2696 3040 ubi
2737 2991 3066 3058 coeperimus
3101 3004 3279 3057 stare,
3325 2995 3422 3048 dc-

1842 3072 2152 3127 scendimus
2189 3091 2203 3128 :
2244 3085 2596 3146 nostrumque
2622 3094 2728 3134 non
2758 3083 3038 3151 progredi,
3075 3084 3185 3154 jam
3217 3088 3417 3142 reverti

1843 3175 1944 3218 est.
1997 3164 2188 3222 Cesset
2227 3170 2405 3222 omnis
2439 3169 2680 3239 ignavia,
2721 3185 2773 3228 et
2812 3175 3016 3230 inutilis
3047 3177 3114 3230 de
3148 3181 3422 3246 prieterito

154 3276 375 3333 gnatur.
409 3265 535 3318 Ideo
567 3263 766 3318 clamat
785 3263 1060 3330 Scriptura
1089 3260 1269 3315 divina
1296 3279 1309 3314 :
1337 3261 1491 3313 Omni
1513 3261 1744 3314 custodia
1772 3253 1818 3319 C
1848 3256 2035 3314 labore
2056 3262 2344 3317 securitas.
2369 3263 2426 3318 Si
2448 3264 2700 3320 volumus
2726 3282 2828 3322 non
2855 3270 3056 3336 redire,
3087 3273 3419 3330 currendum

155 3373 306 3410 serva
336 3372 426 3410 cor
447 3364 625 3408 tuum:
644 3370 708 3408 ea:
736 3369 795 3406 eo
825 3354 961 3407 enim
987 3353 1151 3405 exitus
1178 3352 1294 3405 rita:
1318 3349 1502 3422 (Prov.
1526 3367 1602 3419 tv,
1625 3349 1737 3422 2i).

229 3450 363 3504 CAP.
413 3447 625 3504 XXVII.
653 3477 723 3488 —-
751 3447 1197 3517 Distinguendum
1237 3460 1321 3501 est
1368 3454 1547 3500 autem
1600 3445 1742 3500 inter

159 3544 296 3598 istas
329 3541 718 3612 cogitationes,
750 3541 944 3611 quibus
973 3540 1219 3595 voluntas
1257 3540 1422 3606 favet,
1455 3551 1588 3610 quas
1617 3554 1738 3594 cum

157 3635 456 3689 dilectione
503 3633 886 3702 amplectitur,
935 3641 988 3687 et
1035 3632 1173 3686 inter
1221 3647 1314 3687 eas
1350 3632 1735 3703 cogitationes,

155 3742 275 3794 qua:
308 3725 491 3783 tenuis
526 3726 729 3782 umbrae
760 3725 923 3779 modo
969 3723 1350 3793 pra-tervolare
1384 3733 1620 3779 mentem
1649 3740 1742 3779 so-

159 3822 290 3888 lent,
349 3837 585 3891 seseque
636 3819 1031 3887 tantummodo,
1075 3819 1161 3874 vel
1216 3819 1548 3876 transeundo
1592 3835 1748 3874 mon-'

159 3926 330 3972 strare
380 3935 393 3970 :
431 3931 569 3984 quas
595 3913 770 3968 Graeci
797 3914 992 3973 τύπους
1044 3921 1243 3966 vocant
1275 3929 1289 3966 :
1322 3913 1406 3967 vel
1433 3923 1580 3967 certe
1605 3914 1745 3966 inter

161 4009 281 4064 illas
325 4026 448 4081 qua:
494 4007 820 4078 repugnanti
869 4021 932 4061 ac
982 4006 1150 4060 invito
1194 4005 1376 4060 animo
1422 4015 1738 4076 suggerunt,

160 4103 356 4170 quibus
391 4117 550 4156 mens
588 4115 708 4156 cum
754 4099 983 4154 horrore
1013 4099 1243 4168 quodam
1285 4098 1536 4154 renititur
1564 4113 1628 4152 ac
1658 4115 1745 4152 res

158 4194 301 4250 sistit
344 4213 359 4248 :
405 4193 612 4265 quibus
661 4201 719 4246 ut
746 4190 1104 4245 contristatur
1133 4191 1404 4258 admissis,
1446 4192 1518 4246 ita
1545 4191 1746 4261 gaudet

160 4289 426 4359 expulsis.
456 4289 514 4343 ln
537 4287 646 4342 illis
671 4284 890 4354 quidem
915 4300 1034 4353 qua:
1059 4299 1121 4339 se
1150 4285 1345 4340 leviter
1369 4283 1533 4340 menti
1557 4294 1744 4340 osten-

160 4381 324 4445 dunt.
373 4393 431 4437 et
461 4379 614 4450 quasi
645 4379 901 4450 fugiendo
927 4378 1303 4433 demonstrant
1330 4393 1426 4443 se,
1478 4392 1578 4433 nec
1625 4393 1748 4448 pec-

162 4483 338 4529 catum
365 4473 610 4536 omnino,
647 4485 752 4526 nec
786 4485 962 4540 pugna
989 4479 1091 4525 est.
1133 4469 1192 4524 lu
1237 4469 1308 4524 iis
1353 4477 1569 4536 autem,
1621 4483 1742 4524 cum

163 4567 357 4639 quibus
399 4564 714 4636 aliquandiu
763 4567 943 4620 anima
983 4564 1248 4632 luctatur,
1301 4563 1494 4635 quibus
1541 4563 1748 4620 resistit

163 4663 414 4716 voluntas
456 4659 566 4731 [Αι.
600 4658 891 4730 voluptas],
931 4659 1136 4728 aequale
1181 4667 1454 4714 certamen
1500 4669 1604 4714 est.
1642 4661 1748 4714 Aut

165 4755 305 4810 enim
337 4753 738 4818 consentimus,
769 4761 824 4805 et
852 4751 1115 4806 vincimur
1157 4767 1171 4805 :
1218 4758 1311 4804 aut
1357 4753 1662 4821 respuimus
1693 4762 1748 4808 et

167 4846 433 4901 vincimus
455 4889 470 4915 ,
501 4854 559 4900 et
591 4843 918 4913 acquirimus
947 4843 1016 4898 de
1050 4858 1220 4913 pugna
1253 4842 1360 4913 (At.
1401 4845 1748 4916 pugnationej

168 4939 472 4997 victoriam.
537 4935 598 4990 ln
652 4935 742 4990 illa
801 4950 929 5005 ergo
986 4935 1358 4990 tantummodo
1417 4936 1752 5005 cegitatione

172 5042 448 5101 peccatum
487 5041 602 5098 est,
652 5045 772 5100 quae
819 5029 1146 5099 suggestioni
1192 5044 1513 5085 consensum
1554 5033 1754 5086 mentis

170 5128 316 5184 dedit
357 5146 370 5184 :
418 5145 544 5199 qua:
577 5126 776 5181 malum
817 5140 973 5181 suum
1006 5125 1205 5180 blande
1233 5125 1413 5180 iuvet:
1441 5141 1559 5196 qua:
1587 5127 1640 5181 in
1672 5126 1752 5181 la-

173 5232 312 5279 etum
339 5225 509 5293 gestit
538 5235 843 5290 erumpere.
880 5219 1218 5289 Hujusmodi,
1250 5219 1505 5288 cogitatio
1536 5219 1751 5275 etiamsi

177 5329 238 5370 ex
266 5317 451 5387 aliquo
484 5313 742 5384 impedita
775 5329 937 5379 casu,
986 5330 1090 5367 non
1144 5312 1366 5382 impleat
1395 5313 1750 5380 voluntatum,

178 5409 530 5463 nihilominus
579 5407 791 5462 aetione
841 5406 1086 5461 criminis
1137 5406 1529 5460 condemnatur
1580 5421 1610 5460 a
1645 5407 1754 5460 Do-

180 5500 326 5554 mino
359 5517 374 5554 :
415 5509 476 5554 ut
520 5499 648 5554 illud
695 5499 750 5553 in
799 5498 1090 5568 Evangelio
1120 5499 1350 5567 legimus
1380 5515 1394 5553 :
1425 5498 1524 5564 Qui
1552 5498 1754 5560 viderit,

185 5591 386 5658 inquit,
414 5590 681 5646 mulierem
715 5591 783 5645 ad
812 5592 1272 5659 concupiscendum
1311 5607 1454 5656 eant,
1489 5593 1603 5662 jam
1634 5608 1758 5645 utce-

185 5681 368 5737 chatus
403 5693 475 5737 est
518 5700 626 5738 eam
660 5686 714 5739 in
751 5684 906 5740 corde
944 5700 1038 5737 suo
1085 5682 1288 5755 (Matt.
1336 5699 1389 5749 v,
1437 5682 1506 5741 28
1531 5681 1570 5752 ).
1601 5683 1760 5754 Apud

186 5776 390 5844 Deum,
422 5776 508 5830 cui
549 5789 674 5833 nota
721 5787 847 5838 sunt
875 5775 1053 5834 omnia
1082 5775 1245 5833 etiam
1275 5784 1565 5846 antequam
1608 5776 1760 5843 fiant,

185 5866 447 5934 voluntas
482 5867 713 5938 perlecta
762 5868 1016 5938 faciendi,
1053 5875 1344 5952 reputatur.
1361 5881 1462 5946 pro
1488 5881 1651 5942 opem
1687 5869 1765 5929 [ει.

470 5961 737 6025 ΡΑτιιοι..
785 5957 995 6024 XXX.

1845 3359 1948 3406 est.
1979 3351 2178 3408 Beatus
2217 3355 2512 3424 Apostolus
2553 3357 2624 3414 de
2661 3358 2750 3414 die
2798 3360 2850 3414 in
2893 3361 3036 3416 diem
3077 3364 3262 3418 vivens
3307 3366 3420 3422 Deo

1844 3459 1948 3498 non
1979 3445 2106 3513 quid
2137 3457 2260 3502 ante
2283 3446 2524 3512 fecisset,
2550 3451 2646 3504 sed
2673 3451 2799 3520 quid
2823 3454 3002 3509 facere
3029 3455 3254 3512 deberet
3279 3474 3418 3515 scm-

1844 3549 1940 3606 pcr
1969 3538 2278 3607 attendens,
2313 3541 2557 3597 dicebat:
2581 3541 2817 3612 Fratres,
2846 3563 2937 3619 ego
2967 3564 3045 3602 me
3072 3564 3174 3603 non
3196 3554 3417 3607 arbitror

1845 3631 2285 3703 comprehendisse
2327 3633 2550 3702 aliquid.
2601 3634 2772 3690 Unum
2812 3648 3018 3708 autem,
3067 3657 3183 3708 qtae
3215 3646 3420 3714 quidem

1845 3735 1963 3777 sunt
1994 3735 2126 3778 retro
2160 3726 2482 3795 Oblivisceris,
2511 3728 2580 3780 ad
2605 3744 2666 3782 ea
2701 3745 2821 3784 vero
2850 3747 2966 3800 qua:
2991 3745 3108 3789 sunt
3137 3737 3314 3807 priora
3341 3757 3421 3796 me

1846 3815 2149 3881 extendens,
2176 3817 2244 3869 ad
2279 3817 2592 3872 destinatum
2625 3837 2902 3891 persequor
2931 3824 3158 3880 brevium
3187 3845 3422 3898 superna:

1846 3907 2125 3962 uocationis
2149 3906 2248 3961 Dei
2280 3907 2459 3980 (Phil.
2492 3926 2572 3978 ttt,
2606 3913 2693 3979 1'5,
2730 3914 2855 3984 M).
2890 3915 2944 3971 Si
2971 3917 3180 3975 beatus
3223 3922 3420 3981 Paulus

1845 4014 1944 4053 vas
1981 4001 2295 4069 electionis,
2341 4004 2434 4074 qui
2473 4007 2543 4060 ita
2582 4004 2854 4064 Christum
2901 4013 3134 4068 indutus
3172 4027 3318 4086 erat,
3360 4031 3421 4077 ut

1844 4093 2053 4148 diceret
2095 4113 2108 4148 :
2158 4094 2288 4150 Vivo
2322 4107 2493 4151 autem
2525 4102 2642 4170 jam
2683 4117 2785 4154 non
2828 4120 2940 4175 ego,
2973 4107 3091 4161 vivit
3115 4124 3230 4162 vero
3260 4111 3313 4165 in
3341 4127 3422 4168 me

1845 4184 2082 4240 Christus
2114 4185 2257 4256 (Gal.
2291 4202 2351 4253 ll,
2383 4189 2505 4255 20);
2526 4191 2704 4248 adhuc
2735 4204 2911 4250 tamen
2938 4209 2994 4251 se
3024 4201 3286 4262 extendit,
3320 4205 3421 4258 ad-

1848 4275 1951 4330 huc
1993 4278 2190 4332 crescit
2221 4287 2276 4334 et
2311 4280 2523 4348 prolicit
2559 4299 2573 4335 :
2619 4284 2748 4352 quid
2777 4301 2881 4340 nos
2919 4287 3099 4344 facere
3137 4291 3421 4361 debemus,

1847 4369 2042 4438 quibus
2071 4372 2366 4440 optandum
2394 4383 2496 4438 est,
2522 4374 2655 4430 utin
2694 4377 2797 4433 line
2846 4392 3052 4448 nostro,
3093 4384 3240 4439 Pauli
3272 4388 3422 4456 prin-

1846 4463 1987 4532 cipio
2012 4469 2424 4533 comparemur?
2459 4467 2598 4539 Ergo
2628 4480 2684 4524 tu
2722 4471 2862 4527 hunc
2889 4474 3099 4532 imitare
3121 4480 3208 4549 qui
3241 4480 3416 4538 dixit:

1847 4551 2138 4610 latitatores
2176 4558 2272 4611 mei
2324 4569 2480 4614 estote
2505 4603 2520 4627 ,
2569 4563 2701 4615 sicut
2747 4574 2792 4617 et
2829 4581 2920 4636 ego
2958 4566 3149 4622 Christi
3193 4572 3212 4642 (
3235 4573 3255 4626 l
3295 4573 3415 4630 Cor.

1773 4635 1829 4700 Π
1853 4661 1930 4713 tv,
1961 4648 2018 4702 11
2045 4647 2087 4719 ).
2119 4650 2454 4708 Obliviscere
2491 4667 2652 4709 omne
2683 4635 3016 4725 praeteritum
3043 4679 3057 4714 :
3097 4669 3152 4716 ct
3181 4635 3422 4732 quotidie

1853 4739 2110 4796 inchoare
2141 4749 2193 4796 te
2224 4753 2347 4812 puta
2378 4760 2482 4798 :ne
2512 4761 2611 4815 pro
2644 4750 2894 4817 praesenti
2940 4751 3060 4816 die,
3114 4767 3226 4821 quo
3254 4754 3422 4813 debes

1853 4835 2056 4890 servire
2095 4836 2230 4902 Deo,
2276 4840 2607 4907 praeteritum
2640 4842 2896 4912 imputes.
2940 4845 3156 4912 Optime
3199 4851 3424 4914 quaesita

1856 4930 2152 4996 custodies,
2181 4932 2225 4986 si
2254 4947 2472 5001 semper
2509 4935 2768 5004 inquiras.
2800 4937 3060 4992 Damnum
3089 4953 3270 5008 parata
3298 4960 3426 5002 sen-

1857 5024 2010 5086 tient,
2054 5026 2097 5079 si
2133 5041 2320 5094 parare
2349 5029 2683 5081 cessavcris..
3427 5073 3430 5076 .

1927 5114 2053 5169 Car.
2089 5113 2324 5168 XXVIII.
2346 5146 2411 5155 —-
2437 5117 2590 5170 Dicas
2610 5119 2831 5174 forsitan
2859 5137 2869 5171 :
2890 5119 3118 5181 Grandis
3137 5126 3292 5186 labor
3315 5147 3421 5194 est.

1859 5208 1961 5265 Sed
2008 5206 2218 5274 respice
2259 5211 2398 5275 quod
2434 5210 2750 5276 promissum
2791 5223 2872 5268 est
2899 5229 2914 5268 :
2941 5215 3110 5276 Omne
3148 5239 3281 5296 opus
3309 5229 3432 5288 love

1862 5303 1975 5358 ﬁeri
2006 5301 2166 5364 solet,
2191 5317 2310 5355 cum
2336 5302 2451 5370 ejus
2474 5308 2703 5370 pretium
2733 5308 2997 5378 cogitatur
3026 5333 3040 5369 :
3068 5329 3122 5373 et
3146 5335 3269 5389 spes
3300 5339 3438 5392 prm—

1863 5396 1955 5450 mii
1987 5392 2238 5450 solatium
2265 5402 2347 5448 est
2377 5393 2592 5448 laboris.
2620 5397 2707 5452 Sic
2729 5400 2892 5457 duros
2913 5407 3140 5474 agricola
3172 5412 3434 5472 inurath

1866 5489 1958 5544 diu
1984 5501 2255 5556 campum,
2288 5496 2342 5540 et
2381 5486 2688 5556 pinguiores
2723 5495 2842 5548 otio.
2861 5495 3046 5564 glebas
3079 5502 3317 5557 violento
3344 5521 3442 5562 νο,

1870 5596 2018 5635 mere
2061 5579 2284 5634 scidisse
2312 5593 2372 5632 se
2415 5582 2632 5649 gaudet,
2674 5594 2729 5638 ct
2768 5587 2960 5641 mirum
2994 5591 3044 5645 in
3079 5593 3295 5650 modum
3327 5597 3438 5670 ipsa

1869 5675 2049 5745 operis
2069 5672 2390 5728 difﬁcultate
2415 5673 2566 5729 lat-tus
2593 5691 2743 5746 spem
2769 5680 2965 5748 segetis
2991 5683 3060 5738 de
3083 5684 3264 5744 labore
3293 5700 3449 5756 meti-

1869 5776 1974 5822 tur.
2014 5766 2105 5820 Sic
2129 5766 2431 5836 negotiator
2457 5769 2647 5824 avidus
2673 5772 2838 5826 maria
2869 5783 3166 5834 contemnit
3196 5797 3211 5836 :
3237 5795 3454 5855 specta-

1871 5877 1937 5931 re.
1978 5875 2144 5926 ausus
2198 5862 2481 5927 ﬂuctuum
2505 5879 2725 5945 Spuma
2773 5867 3088 5942 rabiemque
3113 5909 3118 5916 -
3143 5885 3454 5957 ventorum.

2971 5960 3012 6029 2
