4000 6302
572 233 657 295 ιιι.
1576 228 1636 288 S.
1676 221 2061 286 IIIERONYMI
2091 218 2372 281 OPERUM
2412 218 2775 278 MANTISSA.
3767 211 3844 275 Μ

577 348 900 420 Βιιαιιτιιθείῐι
929 348 1071 405 οπιηὶ
1102 348 1293 403 labore
1315 359 1377 401 ac
1418 345 1661 415 periculo
1688 345 1893 398 lucrum
1926 342 2143 412 cogitat,
2172 344 2225 402 Α
2251 339 2399 394 illum
2433 348 2640 392 tantum
2670 336 2810 393 diem
2842 340 3009 389 totam
3042 328 3146 405 [AL
3177 337 3280 385 tac.
3309 326 3497 401 totam]
3528 344 3659 399 pars
3684 336 3757 395 te,
3783 331 3843 385 in

576 456 651 498 et.
672 444 1041 499 lassitudinem
1072 441 1229 494 simul
1258 440 1591 495 obliviscitur
1622 448 1674 492 et
1701 439 1967 490 timorem.
2004 435 2146 497 Con-

577 536 781 599 sidera,
817 549 1018 604 quaeso,
1054 532 1473 602 magnitudinem
1516 530 1721 599 prmmii
1762 528 1862 593 tui,
1895 530 1938 581 si
1967 538 2153 581 tamen

578 626 909 683 considerari
956 634 1133 694 patest
1184 622 1437 693 quidquid
1488 621 1803 674 immensam
1868 628 1970 672 est.
2023 617 2153 670 Post

576 720 887 773 abscessum
908 717 1123 777 animm,
1166 725 1287 784 post
1317 715 1495 767 carnis
1523 714 1819 775 interitum,
1847 719 1969 779 post
1996 709 2150 763 favil-

574 808 654 867 las
682 820 734 865 et
764 810 1026 877 cinerem,
1061 810 1110 863 iit
1138 808 1414 862 meliorem
1447 814 1643 858 statum
1676 806 1823 874 virgo
1852 803 2155 874 reparanda

572 918 650 957 es.
676 900 977 959 Mandatum
1001 911 1156 955 terra:
1174 912 1369 966 corpus
1392 898 1441 951 in
1465 899 1660 952 uelum
1686 896 2005 952 elevandum
2021 906 2104 950 est
2130 911 2146 949 :

571 1006 631 1053 et
661 996 889 1051 mortale
930 1007 1074 1048 tuutn
1110 992 1527 1047 immortalitatis
1572 992 1781 1046 honore
1834 989 2151 1045 mutandum

570 1099 670 1147 est.
702 1088 831 1145 Post
857 1089 974 1143 hinc
997 1088 1315 1158 angelorum
1348 1100 1406 1140 es
1436 1086 1685 1140 donanda
1716 1085 1990 1139 consortio
2022 1101 2035 1133 :
2065 1098 2152 1137 re-

568 1201 729 1253 gnum
757 1194 1039 1251 acceptura
1067 1182 1351 1244 caelorum,
1382 1195 1445 1233 ac
1473 1180 1525 1233 in
1553 1186 1870 1248 perpetuum
1900 1191 2153 1230 mansura

568 1292 687 1335 cum
717 1276 946 1331 Christo.
974 1275 1111 1341 Qttid
1137 1289 1264 1342 ergo
1297 1272 1563 1326 retribues
1593 1271 1821 1325 Domino
1849 1286 1947 1340 pro
1972 1268 2151 1323 omni-

568 1371 667 1425 bus
688 1384 807 1437 qua:
837 1368 1087 1422 retribuit
1117 1365 1216 1419 tibi
1245 1364 1418 1435 (Psal.
1446 1363 1606 1431 cxv)?
1633 1364 1773 1430 Quid
1801 1374 1947 1417 tanto
1973 1379 2151 1416 remu-

569 1472 821 1511 neratore
850 1460 1043 1511 durum
1078 1456 1315 1524 putabis,
1347 1455 1503 1524 cujus
1540 1465 1686 1509 tanta
1732 1464 1858 1509 sunt
1886 1454 2150 1525 praelia?

572 1550 725 1609 Unde
755 1550 945 1605 beatus
970 1551 1280 1619 Apostolus,
1302 1550 1493 1613 Nulln',
1528 1550 1852 1619 inquit,suut
1883 1550 2152 1620 condignw

567 1646 835 1712 passiones
862 1643 1019 1713 hujus
1047 1645 1287 1713 temporis
1310 1645 1378 1695 ad
1406 1644 1635 1713 futuram
1655 1644 1894 1713 gloriam,
1926 1659 2042 1713 qua:
2070 1659 2153 1696 re-

2256 449 2360 502 quu
2391 431 2572 485 mundi
2597 432 2767 501 gloria
2800 428 3029 485 linienda
3053 437 3156 481 est.
3183 425 3363 490 Illum,
3393 430 3632 496 inquam,
3663 425 3839 492 diem,

2253 540 2412 593 quem
2453 524 2706 579 Salvator
2732 523 2936 579 diluvio
2967 522 3301 589 comparavit
3342 536 3356 575 :
3386 520 3476 589 qui
3506 521 3704 574 multos
3735 521 3839 574 lal-

2252 620 2351 674 laci
2382 620 2672 674 securitate
2718 618 2995 689 deceptos,
3032 616 3256 683 furtivo,
3305 626 3364 669 ut
3396 616 3471 669 ait
3512 615 3834 682 Apestolus,

2252 711 2672 783 comprehendet
2696 712 2927 767 adventu
2951 711 2995 779 (l
3028 708 3203 763 Thess.
3240 723 3271 759 v
3300 748 3314 771 ,
3338 706 3414 777 2).
3440 708 3612 774 Quem
3645 707 3838 763 beatus

2252 821 2462 875 quoque
2502 805 2698 875 Petrus
2733 803 3050 859 describens
3090 801 3166 855 ait
3204 818 3216 854 :
3251 800 3493 859 Adveniet
3524 800 3841 861 uutemdies

2251 898 2461 953 Domini
2491 899 2624 952 sicut
2654 901 2741 968 [ur
2779 913 2795 950 :
2828 899 2879 949 in
2910 912 3010 965 qua
3047 892 3159 947 caeli
3202 908 3389 963 nutgno
3428 893 3620 962 impetu
3665 901 3835 945 trans-

2249 993 2413 1047 ibunt.
2448 992 2723 1045 Elementa
2756 1007 2873 1044 itero
2898 1006 2930 1043 α
2959 987 3128 1043 calore
3152 988 3489 1049 resolventur.
3528 985 3654 1039 Cum
3676 987 3838 1058 igitur

2255 1084 2360 1155 [ΑΙ.
2395 1093 2537 1138 tacet
2574 1082 2755 1154 igitur]
2792 1081 2900 1138 hac
2931 1082 3101 1136 omnia
3141 1080 3467 1137 dissoluenda
3502 1080 3625 1141 sint,
3654 1081 3836 1149 quales

2254 1187 2447 1245 oportet
2476 1192 2567 1230 nos
2587 1192 2696 1230 esse
2722 1177 2774 1227 in
2800 1175 2988 1229 sanctis
3009 1172 3471 1227 conversatiouibus
3494 1182 3539 1225 ct
3556 1171 3843 1242 pfetatibus

2251 1281 2598 1343 exspectantes
2632 1282 2681 1326 et
2716 1279 3050 1342 properantes
3078 1271 3130 1322 in
3167 1270 3440 1322 adrrntum
3469 1266 3680 1323 Domini
3709 1264 3837 1328 Dei,

2250 1366 2303 1417 in
2330 1381 2428 1434 quo
2456 1366 2569 1418 εαξὶὶ
2594 1363 2833 1419 ardentes
2857 1363 3133 1427 solventur,
3166 1372 3212 1414 et
3235 1360 3478 1416 elementa
3500 1358 3630 1429 ignis
3659 1358 3840 1413 calore

2250 1459 2507 1513 tabcscent
2532 1459 2598 1531 (ιι
2625 1460 2737 1513 Pet.
2766 1475 2843 1523 ιιι,
2873 1460 2999 1527 10)?
3023 1458 3234 1512 Recens
3263 1458 3460 1511 lactant
3481 1463 3583 1519 est,
3604 1463 3658 1509 et
3684 1454 3839 1523 quod

2252 1552 2364 1621 ipsa
2389 1552 2607 1617 audisti,
2628 1567 2749 1605 cum
2770 1552 2835 1604 ad
2860 1551 3101 1605 stridula:
3122 1550 3360 1603 buccime
3380 1563 3592 1610 sonum,
3626 1545 3838 1601 Gotho—

2252 1656 2479 1715 rumqu‘e
2522 1645 2842 1710 clamorem,
2880 1644 3093 1714 lugubri
3139 1658 3396 1719 Oppressa
3439 1649 3583 1695 metu
3614 1640 3837 1695 domina

568 1737 819 1793 relabitur
845 1739 898 1791 in
929 1738 1074 1791 nobis
1104 1738 1281 1805 (llam.
1313 1755 1427 1803 vui,
1459 1740 1568 1810 18).
1598 1738 1730 1805 Quid
1757 1740 1898 1792 enim
1929 1739 2147 1807 dignum
2181 1726 2227 1793 Β
2253 1740 2402 1793 orbis
2451 1738 2618 1791 Roma
2666 1738 3015 1792 contremuit.
3049 1736 3148 1792 Ubi
3184 1744 3307 1790 tunc
3331 1734 3627 1789 nobilitatis
3660 1734 3834 1787 ordo?

568 1833 653 1887 Vel
687 1832 882 1893 facere,
914 1830 997 1884 vel
1045 1829 1153 1899 pati
1196 1844 1478 1895 possumus
1510 1834 1559 1881 in
1594 1830 1740 1884 brevi
1778 1829 1879 1883 hoc
1909 1840 2149 1895 tempore

570 1925 697 1974 vita:
732 1932 928 1977 nostra:
960 1938 973 1976 :
1005 1937 1123 1975 cum
1161 1922 1213 1976 id
1252 1922 1655 1977 immortalitate
1688 1921 1765 1975 sit
1790 1936 2155 1989 cetnpettsan—-

573 2018 694 2071 dum
720 2016 741 2066 ?

640 2110 769 2161 ur.
802 2105 988 2162 XXIX.
1022 2136 1090 2146 —-
1116 2106 1339 2175 Propter
1362 2106 1507 2176 quod
1534 2106 1673 2161 idem
1702 2105 1988 2175 Apostolus
2028 2105 2103 2159 ait
2129 2120 2147 2163 :

564 2201 631 2261 ,Η
675 2202 809 2257 enim
833 2203 968 2269 quod
996 2204 1047 2255 in
1078 2203 1313 2268 praesenti
1340 2204 1527 2255 serrula
1558 2212 1628 2255 est
1659 2210 2065 2254 momentaneum
2087 2216 2151 2251 ac

564 2298 666 2349 true
696 2294 1045 2353 tribultmotris
1070 2306 1258 2349 nostrie
1281 2312 1297 2347 :
1324 2312 1483 2365 supra
1500 2294 1712 2347 modum
1737 2294 1787 2345 in
1813 2293 2144 2357 sublimitate,

564 2403 809 2449 talentum
852 2392 1034 2461 gloria:
1071 2391 1267 2461 pondus
1318 2398 1561 2458 operatur
1613 2391 1667 2441 in
1720 2388 1864 2440 nobis
1912 2385 2149 2456 (llCor.

566 2501 637 2547 iv,
662 2486 773 2555 Π).
810 2484 1169 2555 .Respuantur
1214 2484 1475 2543 liquores,
1515 2480 1883 2549 despiciantur
1923 2478 2144 2532 divitias.

564 2578 681 2644 lipsi}
732 2593 943 2646 quoque
972 2580 1077 2630 vita
1112 2588 1296 2633 nostra
1330 2575 1568 2645 martyrii
1599 2590 1783 2628 arnore
1813 2585 2151 2627 conuentum

564 2684 669 2725 tur.
707 2671 773 2725 Et
801 2672 917 2725 luet:
944 2671 1123 2725 eninia
1152 2671 1315 2726 etiam
1349 2672 1394 2724 si
1428 2684 1525 2738 pro
1564 2668 1887 2723 {eternitatis
1926 2667 2147 2735 primulo

563 2779 667 2819 non
716 2764 1009 2828 darentur,
1053 2774 1238 2819 essent
1287 2774 1463 2818 tamen
1511 2762 1835 2832 quandoque
1884 2760 2143 2829 peritura.

560 2858 603 2909 Λ
614 2856 829 2921 mittunt
851 2858 1009 2910 etiam
1032 2857 1133 2911 hoc
1159 2857 1233 2910 itli
1252 2856 1345 2925 qui
1360 2870 1573 2925 semper
1594 2854 1818 2923 cupiunt
1836 2853 2144 2921 possidere.

562 2950 735 3013 Quam
761 2949 955 3003 multos
979 2948 1239 3005 meritoria
1262 2957 1449 3001 nostra
1473 2945 1667 3001 retinet
1693 2946 1745 2998 in
1774 2945 2026 2998 maximis
2048 2943 2147 2995 lto-

563 3039 786 3094 tioribus
823 3055 887 3093 ac
927 3040 1128 3095 divitiis
1171 3040 1518 3103 constitutos,
1549 3047 1772 3106 repente
1820 3038 1886 3091 de
1930 3042 2148 3091 summo

2254 1833 2340 1885 ubi
2363 1834 2498 1886 certi
2526 1840 2583 1885 et
2598 1831 2836 1885 distincti
2868 1832 3009 1885 illius
3029 1828 3299 1897 dignitatis
3322 1828 3561 1899 gradus?
3586 1826 3835 1883 Permix-

2251 1933 2301 1977 ta
2332 1923 2536 1987 omnia,
2569 1931 2625 1977 et
2669 1924 2860 1977 timore
2888 1924 3133 1986 contusa,
3169 1921 3316 1974 omni
3346 1920 3528 1975 domui
3562 1920 3830 1989 planctus,

2248 2025 2303 2071 et
2327 2016 2550 2086 :cqualis
2580 2017 2681 2070 fuit
2704 2032 2800 2085 per
2828 2027 3051 2071 cunctos
3081 2030 3264 2083 pavor.
3300 2013 3474 2070 Unum
3503 2024 3619 2069 erat
3642 2030 3834 2069 servus

2249 2120 2303 2165 et
2334 2110 2553 2164 nobilis.
2588 2110 2789 2163 Eadem
2820 2109 3069 2162 omnibus
3094 2107 3269 2177 imago
3311 2108 3502 2161 mortis
3532 2124 3548 2163 :
3576 2106 3679 2160 nisi
3707 2106 3835 2175 quia

2251 2202 2421 2271 magis
2450 2218 2568 2255 eam
2615 2202 2878 2255 timebant
2919 2200 3016 2261 illi,
3050 2200 3246 2267 quibus
3278 2198 3451 2253 fuerat
3489 2199 3596 2252 vita
3630 2198 3829 2266 jucun-

2249 2294 2388 2349 dior.
2458 2296 2511 2349 Si
2572 2295 2642 2348 ita
2711 2294 2957 2347 mortalis
3012 2292 3261 2347 timemus
3310 2294 3480 2347 hostis
3539 2294 3829 2351 humanam

2250 2405 2473 2442 uetitum
2504 2408 2517 2442 :
2544 2389 2668 2458 quid
2699 2388 2955 2441 faciemus
2979 2400 3099 2442 cum
3132 2388 3391 2458 clangeret
3443 2390 3674 2444 terribili
3706 2390 3833 2444 tuba

2248 2482 2499 2538 intonare
2539 2485 2604 2537 de
2652 2482 2788 2536 cedo
2817 2484 3043 2551 emperit
3078 2499 3092 2536 :
3126 2484 3189 2537 et
3231 2484 3296 2537 ad
3333 2485 3475 2537 illam
3517 2483 3833 2555 archangeli

2247 2590 2457 2639 vocem,
2490 2575 2638 2628 omni
2676 2577 2901 2629 buccina
2931 2574 3241 2641 clariorem,
3275 2586 3419 2630 totus
3451 2577 3617 2632 simul
3647 2592 3834 2631 remu-

2245 2668 2355 2734 giet
2390 2666 2657 2720 mundus?
2687 2681 2807 2718 cum
2841 2668 3136 2721 viderimus
3166 2682 3330 2736 super
3358 2683 3456 2722 nos
3504 2684 3609 2723 non
3641 2686 3833 2724 manu-

2249 2758 2384 2813 facta
2413 2774 2562 2811 arma
2589 2761 2823 2820 concuti,
2856 2760 2949 2813 sed
2974 2770 3026 2814 et
3048 2761 3274 2815 virtutes
3297 2761 3555 2819 ctelorutn
3590 2778 3832 2815 commo-

2246 2850 2376 2909 veri.
2413 2851 2553 2903 sicut
2580 2849 2843 2920 Pt'qpheta
2875 2852 3044 2905 dicit:
3077 2851 3203 2905 Cum
3230 2855 3421 2907 uenerit
3448 2853 3706 2908 Dominus
3735 2874 3831 2926 po-

2246 2958 2365 2996 nere
2396 2940 2565 2994 orbem
2596 2952 2747 2997 terra:
2773 2944 3027 2997 desertum
3060 2960 3076 2997 :
3106 2956 3154 2998 et
3188 2957 3479 3015 peccatores
3522 2948 3736 3015 perdere
3764 2964 3830 3000 ea:

2245 3050 2307 3086 eo
2335 3031 2467 3105 (lsa.
2504 3049 2620 3098 xm,
2654 3036 2712 3101 4)
2738 3052 2753 3087 :
2779 3041 2896 3105 quis
2920 3047 3048 3092 tunc
3078 3038 3234 3092 nobis
3259 3054 3447 3108 pavor,
3482 3057 3601 3107 qua:
3628 3042 3822 3108 caligo,

562 3135 659 3201 illo
676 3134 941 3203 potentite
979 3133 1192 3203 fastigio
1220 3134 1525 3187 concidisse
1554 3148 1568 3188 :
1601 3142 1657 3186 et
1691 3133 1893 3198 eosqui
1926 3141 2140 3185 tumore
2169 3105 2219 3175 C
2245 3140 2367 3195 qua:
2396 3127 2654 3191 lencbrm.
2688 3143 2809 3181 cum
2843 3144 2940 3182 nos
2968 3132 3165 3199 sumius
3194 3145 3258 3185 ac
3283 3130 3444 3185 taliae
3470 3132 3777 3185 admonitos
3806 3176 3822 3200 ,

560 3228 705 3293 elati,
748 3227 890 3283 aliud
914 3226 1162 3294 quiddam
1186 3242 1341 3293 quam
1368 3224 1619 3279 homines
1638 3240 1757 3278 esse
1778 3240 1836 3277 se
1856 3224 2132 3293 putabant,

557 3322 705 3379 evita
746 3323 959 3377 tandem
1004 3337 1105 3381 suo
1149 3320 1397 3375 docuisse
1436 3334 1534 3372 nos
1578 3318 1703 3387 quid
1747 3318 1963 3372 fuerint.
1998 3317 2135 3384 Quid

557 3414 700 3473 enim
730 3413 784 3469 in
814 3413 921 3471 hoc
950 3412 1150 3469 mundo
1180 3412 1412 3467 stabile?
1449 3411 1586 3477 Quid
1616 3426 1745 3466 vero
1774 3410 1986 3465 ﬁrmum
2015 3410 2139 3464 est?

559 3508 697 3578 Qttid
725 3523 886 3575 porro
908 3523 1013 3561 non
1040 3507 1207 3561 breve
1236 3516 1293 3562 et
1322 3506 1605 3569 incertum,
1627 3516 1680 3560 et
1708 3507 1858 3560 casui
1887 3521 1993 3558 non
2020 3519 2137 3558 ser-

562 3602 750 3663 viens?
777 3601 943 3666 Quale
972 3600 1113 3655 istud
1164 3600 1360 3655 bonum
1384 3609 1485 3663 est,
1512 3600 1656 3669 quod
1699 3614 1915 3667 semper
1946 3598 2137 3650 timeas

559 3695 846 3751 amittere?
871 3693 1009 3761 quod
1037 3691 1119 3745 vel
1145 3691 1489 3746 auferendum
1515 3693 1609 3746 abs
1641 3700 1695 3745 te
1725 3702 1958 3753 metuas,
1989 3689 2075 3741 vel
2106 3702 2137 3740 a

563 3799 616 3841 te
642 3785 1051 3855 relinquendum
1083 3784 1258 3841 scias?
1284 3785 1409 3839 Nam
1451 3794 1507 3840 et
1532 3786 1577 3840 si
1609 3784 1758 3839 nullo
1800 3784 1850 3836 id
1876 3782 2138 3850 eripiatur

562 3896 714 3949 essu,
743 3879 823 3937 vel
860 3888 1033 3934 morte
1058 3888 1202 3934 certe
1232 3879 1558 3948 perdendum
1590 3889 1692 3932 est.
1730 3877 1795 3929 Et
1824 3875 1869 3928 si
1901 3876 2010 3928 vita
2040 3890 2137 3926 no-

562 3987 670 4031 stra
704 3972 952 4031 tendatur
979 3989 1071 4041 per
1096 3973 1239 4028 mille
1266 3990 1437 4029 annos
1460 3984 1542 4027 :et
1563 3973 1627 4026 ad
1653 3982 1956 4026 extremum
1986 3971 2132 4023 illum

563 4067 725 4129 totius
756 4066 899 4120 diem
936 4067 1130 4131 :etatis,
1162 4067 1470 4134 quotidiana
1499 4064 1819 4119 deliciarum
1855 4064 2133 4131 Voluptati:

564 4159 845 4215 veniamus
877 4172 890 4209 :
921 4158 1073 4227 quale
1100 4157 1221 4225 hoc,
1250 4176 1453 4229 quiusa,
1491 4157 1579 4209 ditt
1604 4164 1707 4220 est,
1732 4153 1874 4223 quod
1906 4155 2011 4209 [ine
2038 4157 2135 4208 de—

562 4254 734 4308 letur!
765 4257 872 4307 Aut
899 4252 1019 4322 quis
1040 4252 1181 4307 illius
1208 4251 1505 4321 voluptatis
1535 4252 1737 4303 fructus
1768 4257 1869 4313 est,
1901 4251 1991 4318 qui
2023 4258 2134 4301 sta-

564 4349 656 4403 tim
691 4357 744 4399 ιιι
774 4348 1082 4407 cessaverit.
1111 4346 1380 4401 videbitur
1408 4342 1505 4397 tibi
1527 4358 1632 4395 non
1665 4340 2127 4411 fuissengjam,

561 4448 887 4507 transactum
926 4441 1051 4493 vita:
1098 4449 1198 4493 tum
1228 4448 1437 4505 tempus
1467 4434 1647 4487 animo
1673 4434 1915 4487 revolve.
1945 4433 2137 4488 Nonne

2241 3230 2293 3272 et
2326 3228 2503 3273 tamen
2534 3222 2829 3288 imparatos
2849 3222 2967 3276 dies
2992 3223 3084 3277 ille
3114 3223 3591 3293 repererit?Tunc,
3630 3226 3824 3295 inquit,

2241 3313 2482 3383 plangant
2503 3331 2657 3385 super
2686 3332 2741 3368 se
2771 3332 2946 3369 omnes
2972 3318 3130 3370 tribus
3158 3328 3305 3371 teme
3332 3335 3348 3369 :
3380 3328 3426 3371 et
3454 3319 3695 3373 videbunt
3724 3318 3825 3373 Fi-

2240 3406 2369 3459 lium
2410 3407 2631 3459 hominis
2681 3410 2961 3462 venientem
2992 3411 3045 3461 in
3084 3410 3298 3464 nubibus
3339 3410 3453 3464 cali
3479 3428 3595 3466 cum
3642 3414 3830 3467 virtute

2240 3499 2404 3552 multa
2426 3510 2469 3551 ct
2499 3502 2785 3569 majestate.
2808 3499 2951 3553 Tunc
2974 3502 3141 3556 dicent
3164 3502 3443 3560 montibus.
3468 3502 3651 3557 Coclite
3669 3520 3831 3570 super

2242 3611 2332 3646 nos
2346 3610 2365 3647 .'
2381 3603 2427 3646 et
2450 3594 2697 3662 collibus,
2713 3593 2922 3664 Operite
2943 3612 3034 3655 nos
3054 3614 3071 3649 :
3088 3607 3137 3650 et
3150 3599 3326 3668 petris,
3346 3597 3551 3669 Aperite
3576 3615 3659 3652 tios
3681 3600 3833 3655 nobis

2238 3688 2468 3760 (Matth.
2498 3704 2643 3758 xxiv,
2678 3692 2748 3746 50
2769 3700 2815 3741 el
2846 3708 2983 3762 seqq.
3016 3688 3144 3744 Luc.
3172 3706 3286 3756 xxi,
3317 3692 3385 3745 27
3416 3703 3461 3746 et
3488 3696 3686 3763 seqq.).
3722 3693 3829 3747 Ve-

2241 3799 2363 3836 rum
2392 3783 2506 3837 [nec
2526 3800 2716 3838 eorum
2738 3786 2866 3847 sint,
2898 3787 2988 3855 qui
3024 3786 3186 3840 variis
3213 3787 3370 3856 hujus
3401 3788 3583 3847 mundi
3618 3787 3825 3843 detenti

2238 3876 2405 3942 curis,
2443 3876 2509 3931 de
2532 3876 2727 3931 mundi
2763 3892 2869 3931 non
2901 3878 3140 3948 cogitant
3176 3878 3300 3934 line.
3334 3879 3413 3934 Tu
3440 3894 3572 3935 vero
3611 3881 3695 3935 cui
3728 3880 3827 3933 τιά-

2238 3981 2432 4023 ventus
2483 3971 2684 4025 Christi
2730 3971 2939 4027 dierum
2987 3975 3335 4042 noctiumque
3386 3975 3666 4029 meditatio
3714 3985 3818 4038 est.

2238 4062 2325 4115 cui
2368 4078 2467 4130 pro
2504 4064 2859 4119 conscientia)
2904 4066 3162 4135 puritate,
3209 4066 3423 4121 Domini
3460 4068 3823 4137 est'optanda

2240 4162 2529 4227 prtesentia
2564 4180 2578 4213 :
2614 4178 2733 4233 quae
2764 4167 3286 4219 consummationem
3316 4166 3501 4219 saeculi
3522 4166 3676 4234 quasi
3698 4181 3822 4222 cer-

2237 4262 2347 4304 tum
2401 4256 2601 4319 prwtnii
2655 4256 2731 4308 tui
2780 4265 2995 4325 tempus
3041 4269 3348 4325 exSpectas,
3396 4259 3821 4314 exsultationem

2236 4343 2305 4399 de
2327 4347 2468 4400 C(l'lo
2506 4347 2727 4416 capies,
2777 4361 2880 4402 non
2914 4352 3188 4405 timorem.
3223 4352 3375 4405 Tunc
3416 4354 3560 4405 enim
3595 4361 3648 4405 tu
3691 4366 3821 4406 san-

2236 4449 2447 4493 ctorum
2483 4442 2649 4494 mixta
2669 4442 2870 4511 eboris,
2904 4452 2957 4497 et
2980 4445 3187 4497 sanctis
3208 4444 3462 4497 comitata
3490 4445 3816 4513 virginibus,

557 4537 823 4593 videbitur
862 4539 953 4594 tibi
985 4538 1172 4593 umbra
1204 4534 1447 4605 quaedam
1489 4529 1654 4584 luisse
1680 4529 1824 4599 quod
1867 4531 2081 4585 transiit
2112 4548 2125 4587 ε
2156 4502 2441 4603 nspouso
2483 4535 2698 4589 obviam
2749 4535 3082 4603 subvolabis,
3126 4547 3181 4592 et
3204 4538 3355 4593 dices
3398 4557 3409 4592 :
3457 4537 3636 4593 Inreni
3664 4554 3816 4609 quem

558 4638 614 4687 et
636 4630 702 4684 ad
723 4631 888 4687 instar
915 4631 1109 4687 somnii
1137 4626 1331 4687 tenuis,
1363 4624 1622 4676 incertum
1652 4637 1772 4676 esse
1802 4638 1961 4678 omne
1987 4626 2127 4695 quod

564 4720 800 4779 videtur?
827 4724 938 4779 Hoc
968 4722 1108 4776 idem
1142 4725 1198 4769 et
1234 4712 1543 4781 decrepitus
1581 4727 1744 4767 senex
1766 4714 1966 4768 sentire
2012 4723 2129 4783 pot-

563 4826 664 4884 est,
693 4816 780 4871 cui
807 4813 1060 4872 convenit
1080 4809 1265 4861 dicere
1284 4820 1408 4859 cum
1437 4808 1693 4873 propheta
1719 4823 1731 4857 :
1762 4804 1884 4858 Dies
1900 4807 1998 4859 mei
2028 4808 2128 4860 sio-

558 4923 612 4965 ut
658 4913 835 4966 umbra
883 4906 1263 4961 declinaverunt
1306 4941 1322 4969 ,
1372 4910 1417 4952 et
1468 4916 1559 4971 ego
1604 4904 1733 4954 sicut
1780 4902 1954 4969 fenum
2010 4904 2131 4956 ανιιί

557 5009 574 5079 (
585 5007 725 5064 Psal.
759 5004 892 5071 xxt).

626 5103 755 5156 (lar.
781 5091 952 5153 XXX.
974 5118 1044 5132 ο-
1063 5090 1212 5160 Quod
1241 5094 1282 5146 si
1310 5090 1424 5147 haec
1450 5094 1610 5147 etiam
1633 5091 1720 5147 hic
1744 5105 2027 5162 possumus
2049 5092 2128 5145 tli-

555 5210 678 5250 rere
708 5208 722 5244 :
756 5189 845 5243 ubi
874 5186 1116 5254 quamvis
1145 5185 1351 5252 brevis,
1386 5197 1563 5241 tamen
1603 5186 1725 5255 quia
1776 5200 2014 5255 pra-setis
2044 5192 2130 5240 est

553 5289 663 5343 vita
686 5282 808 5342 ista,
840 5278 1015 5345 magni
1046 5276 1295 5347 penditur
1326 5293 1340 5331 :
1367 5277 1490 5345 quid
1522 5278 1576 5331 in
1608 5276 1787 5330 futuro
1817 5277 2011 5330 dicturi
2038 5290 2128 5330 su-

555 5390 697 5434 mus,
726 5369 817 5423 ubi
846 5372 1049 5438 majore
1076 5370 1394 5425 cternitatis
1430 5370 1715 5437 pravsentia
1743 5368 1849 5440 [AL
1875 5367 2125 5441 scientia]

555 5471 885 5522 transactum
916 5476 1076 5518 omne
1104 5477 1203 5533 pro
1230 5462 1396 5515 nihilo
1419 5464 1535 5515 est?
1566 5462 1689 5516 llaec
1720 5470 1775 5515 tu
1800 5472 1973 5515 tecum
2008 5463 2129 5515 dili-

552 5563 743 5626 genter
763 5554 1062 5615 revolvens.
1080 5566 1132 5609 et
1157 5553 1473 5609 brevitatem
1491 5552 1614 5607 vita-
1629 5554 1786 5622 hujus
1807 5552 2125 5609 aeternitatis

552 5646 1004 5717 contemplatione
1050 5646 1357 5715 deSpiciens
1384 5686 1399 5711 ,
1428 5646 1602 5714 ipsum
1630 5660 1847 5718 quoque
1878 5656 2124 5701 contem-

548 5749 699 5818 ptum
725 5742 930 5816 mundi,
954 5740 1147 5821 majori
1173 5739 1342 5803 animi
1368 5738 1569 5801 virtute
1594 5748 1883 5803 contemno
1926 5757 1957 5800 επ
1977 5749 2032 5801 et
2056 5741 2124 5803 ad

2234 4629 2461 4695 quwsivit
2492 4628 2668 4681 anima
2704 4644 2816 4682 mea
2865 4629 3052 4700 (Cum.
3106 4645 3183 4695 ιιι,
3216 4630 3250 4682 4
3279 4630 3317 4699 ).
3363 4631 3473 4685 Nec
3514 4632 3677 4685 ullius
3702 4634 3821 4701 jam

2236 4721 2923 4789 temporisseparationem
2957 4723 3193 4787 timebis,
3224 4738 3346 4791 qua:
3384 4724 3552 4779 semel
3593 4726 3815 4779 immor-

2236 4812 2457 4865 talitatis
2482 4815 2678 4881 gloria,
2710 4822 2765 4867 et
2788 4813 3213 4884 ineorruptionis
3244 4818 3533 4886 splendore
3564 4818 3811 4873 donanda

2234 4919 2295 4958 es
2336 4923 2347 4957 :
2382 4915 2438 4958 et
2463 4922 2585 4959 cum
2625 4907 2842 4960 Christo
2889 4922 3108 4975 semper
3159 4910 3341 4964 futura
3391 4925 3490 4975 es,
3545 4914 3815 4980 Apostolo

2236 4997 2451 5051 dicente
2489 5014 2504 5051 :
2554 4998 2811 5064 Quoniam
2850 5002 2959 5070 ipse
2997 5000 3249 5055 Dominus
3275 5004 3327 5055 in
3346 5006 3502 5074 jussu
3534 5017 3577 5058 et
3615 5006 3667 5056 in
3694 5021 3810 5059 voce

2235 5090 2555 5160 archangeli,
2578 5102 2623 5143 et
2651 5091 2705 5143 in
2726 5092 2847 5144 tuba
2870 5093 2962 5145 Dei
2982 5094 3255 5146 descendet
3282 5095 3345 5147 de
3371 5096 3591 5149 ctelo:et
3619 5098 3811 5150 mortui

2233 5183 2321 5252 qui
2348 5186 2403 5235 in
2432 5183 2634 5237 Christo
2674 5195 2821 5251 sunt,
2863 5199 3126 5257 resurgant
3164 5190 3343 5257 primi;
3375 5190 3572 5243 Deinde
3597 5207 3689 5245 nos
3722 5193 3817 5261 qui

2233 5276 2445 5330 vivimus
2478 5293 2493 5329 :
2526 5280 2619 5347 qui
2652 5279 3010 5342 relinquimur,
3051 5282 3204 5336 simul
3248 5283 3519 5351 rapientur
3550 5299 3663 5336 cum
3703 5284 3816 5338 illis

2236 5369 2289 5421 in
2320 5370 2540 5423 uultibus
2565 5371 2761 5424 obviam
2790 5371 3009 5426 Domino
3038 5375 3091 5427 in
3122 5389 3271 5427 aere:
3292 5386 3338 5428 et
3368 5376 3447 5429 ita.
3466 5390 3673 5443 semper
3693 5392 3815 5429 eum

2235 5460 2440 5513 Christo
2488 5466 2678 5515 erimus
2711 5462 2769 5534 (ι
2797 5462 2976 5519 Thess.
3006 5481 3077 5531 iv,
3114 5467 3199 5530 16,
3242 5468 3354 5535 17).
3389 5468 3515 5522 Htec
3540 5469 3607 5522 sit
3649 5471 3816 5536 igitur

2232 5564 2367 5607 cura
2391 5562 2478 5607 tua
2506 5567 2743 5623 semper,
2786 5556 2887 5611 hoc
2910 5558 3145 5613 studium
3170 5576 3183 5613 :
3212 5559 3329 5615 hmo
3350 5560 3548 5629 jugiter
3583 5563 3819 5631 virginis

2233 5645 2397 5702 corde
2428 5647 2733 5704 volvantur.
2784 5647 2841 5703 1n
2886 5649 2971 5705 his
3001 5653 3167 5707 totius
3207 5654 3311 5707 diei
3343 5663 3586 5708 versetur
3631 5654 3812 5710 labor.

2236 5736 2296 5797 In
2341 5737 2425 5798 his
2450 5749 2747 5805 nocturnus
2776 5740 2883 5818 ιΑι.
2914 5744 3111 5847 noctis}
3149 5758 3370 5813 somnus
3396 5755 3713 5822 reponatur.
3748 5748 3813 5811 tu
