4000 6380
169 369 234 425 ts
866 334 867 337 γ
975 371 1303 433 EPISTULA
1349 373 1415 430 ιι.
1454 372 1544 431 ne
1584 371 2088 432 coarguamus
2145 373 2640 436 HAEREDITATE.
3356 375 3427 435 is

171 485 277 539 haec
307 484 414 558 [AL
449 485 577 560 hoc]
604 487 784 543 anima
825 504 1016 547 rursus
1046 493 1285 562 cvigilel.
1315 492 1525 548 Etenim
1564 491 1742 546 nullus
1767 495 1818 553 Α
1848 507 1941 545 ore
1965 494 2263 562 respondit,
2296 511 2402 565 quo
2434 497 2666 565 amplius
2697 494 3123 564 confutarentur,
3156 495 3200 549 si
3233 494 3427 564 prode-

168 578 317 633 labur
346 580 516 636 durus
555 599 569 636 :
614 583 820 638 nullum
856 595 1067 655 tempus
1105 588 1324 657 longum
1364 585 1532 641 videri
1563 585 1742 654 debet,

170 689 274 742 quo
300 674 467 743 gloria
501 675 606 747 [Λὶ.
640 678 797 750 dena]
826 681 1144 735 mternitatis
1172 681 1493 749 acquiritur.

298 787 601 844 MONlTUM
644 790 708 846 IN
751 792 1140 849 EPISTULA.“
1177 793 1619 861 SEQUENTEM.

242 900 452 956 Gaudeo
476 905 529 977 in
560 922 638 958 me
671 916 845 959 notum
890 910 1137 960 hactenus
1172 909 1365 959 nemini
1395 906 1746 977 subsequentis

172 974 438 1049 Auctorem
470 976 731 1049 it‘pistoltc
768 980 1170 1045 deprehendisse
1202 994 1219 1030 :
1256 980 1392 1049 quod
1438 974 1570 1031 enim
1619 980 1747 1047 false

174 1048 427 1119 triltuatur
463 1046 801 1118 Hieronymo,
828 1060 1005 1114 palam.
1032 1060 1127 1114 est,
1160 1064 1204 1101 et
1231 1046 1394 1119 sigla;
1422 1052 1531 1115 ipse
1558 1046 1748 1102 clamat

173 1116 235 1169 ab
274 1115 680 1186 llicroiigmianu
719 1121 968 1173 dissidens
1008 1122 1229 1173 immane
1260 1115 1524 1187 quantum.
1564 1121 1749 1189 Accepi

174 1202 344 1239 autem
378 1206 405 1237 ιι
438 1190 724 1253 Cenuatlio,
771 1191 885 1257 q..is
928 1192 1013 1243 ille
1052 1194 1241 1255 fuerit;
1283 1208 1371 1242 nec
1416 1207 1535 1242 sane
1581 1190 1748 1257 inﬁmi

174 1258 405 1311 SitbSt’i.ii
434 1263 673 1327 scriptor,
708 1264 795 1313 sed
826 1264 997 1329 magni
1039 1262 1312 1329 Augustini
1346 1259 1640 1329 discipulus
1658 1276 1743 1311 re-

173 1341 346 1399 pertus
372 1343 464 1381 est.
504 1334 787 1396 l'.ttlt‘ttpitts
821 1328 1096 1398 presbyter
1122 1328 1217 1397 (ait
1250 1330 1337 1384 ille
1366 1330 1478 1382 Lib.
1509 1332 1574 1382 de
1610 1328 1743 1381 Viris

170 1404 483 1458 iiii!bli'lbil‘i,
512 1418 621 1470 (Ἤρ.
642 1406 787 1469 xux)
820 1404 1035 1467 scripsit
1064 1404 1132 1452 ad
1163 1404 1292 1455 duas
1321 1417 1539 1463 sorores,
1571 1403 1743 1452 ancil-

167 1474 246 1524 las
272 1474 513 1529 Christi,
558 1490 674 1537 qua:
711 1476 778 1522 ob
807 1473 1148 1523 devotionem
1181 1472 1473 1540 pudicitia,
1508 1483 1560 1523 et
1590 1486 1741 1540 uino-

166 1559 277 1594 rem
327 1544 607 1607 religionis
635 1545 992 1596 exlurredatm
1023 1554 1150 1595 sont
1183 1539 1212 1595 ξι
1240 1542 1576 1611 parentibus,
1612 1539 1742 1611 Epi-

166 1611 325 1665 stolas
360 1613 524 1675 duas,
558 1615 608 1665 in
655 1615 868 1667 modum
905 1614 1163 1668 librorum
1193 1614 1589 1667 consolatorias
1631 1618 1740 1666 ele-

162 1698 307 1752 ganti
358 1695 415 1737 et
445 1696 633 1751 aperto
676 1701 957 1748 sermone,
1008 1701 1111 1739 non
1145 1686 1319 1741 solum
1367 1686 1608 1749 ratione,
1643 1683 1741 1737 sed

163 1756 324 1808 etiam
370 1757 695 1807 testuiiuniis
734 1756 1129 1821 Scripturarum
1166 1756 1419 1809 tnttnitas.
1460 1754 1633 1826 Hujus
1660 1756 1740 1805 ni-

163 1828 346 1878 mirum
376 1836 453 1879 est
487 1828 685 1888 titulus,
718 1827 794 1880 Ad
816 1826 1059 1881 Geruntii
1088 1826 1224 1880 lilias
1255 1827 1319 1880 de
1342 1826 1733 1880 cuntemnenda

1846 596 2057 650 rentur,
2090 586 2227 641 falso
2270 601 2326 641 se
2354 603 2600 657 qnterere
2629 604 2789 659 quem
2822 590 3171 658 sprevissent,
3204 588 3425 643 dicente

1847 680 1966 751 ipso
2011 699 2023 731 :
2070 680 2132 736 Si
2158 682 2502 736 credidissetis
2532 685 2705 753 utique
2735 691 2780 737 et
2808 681 2934 735 mihi
2964 682 2983 755 (
3008 681 3162 736 Joau.
3205 698 3255 747 ν,
3284 682 3353 735 46
3382 681 3423 751 ).

1848 774 1955 829 Sed
2004 775 2260 844 quoniam
2295 785 2349 828 et
2392 790 2491 846 ego
2539 787 2720 831 vester
2764 792 2906 841 sum,
2954 787 3007 831 et
3033 791 3128 831 vos
3156 791 3282 831 vere
3311 776 3426 830 scio

1848 868 2108 936 quaesisse
2152 867 2410 936 judicium
2455 870 2597 938 ejus,
2648 872 2741 941 qui
2770 870 3086 941 Egyptium
3132 852 3428 940 gaudenter

1850 958 2079 1023 occidit,
2111 971 2166 1013 et
2209 976 2330 1015 cum
2378 960 2711 1028 adversario,
2745 962 2871 1016 dum
2905 963 2956 1016 in
2998 964 3080 1016 via
3111 963 3265 1029 estis,
3300 961 3428 1014 niti-

1852 1051 1983 1106 mini
2032 1053 2141 1106 cito
2189 1052 2563 1108 conlmderare
2593 1056 2968 1121 concordiam,
3022 1054 3163 1123 apud
3216 1053 3430 1107 Judaaos

1850 1145 1953 1198 sibi
1982 1161 2133 1200 suam
2167 1149 2489 1200 sententiam
2539 1148 2931 1217 relinquemus,
2968 1163 3131 1218 super
3162 1147 3310 1217 ipsos
3339 1148 3428 1216 qui

1849 1251 1969 1289 eam
2001 1236 2276 1305 protulere
2304 1242 2637 1295 venientem.

1919 1327 1982 1381 ll.
2024 1328 2133 1381 Nos
2162 1330 2454 1384 humilibus
2484 1332 2553 1386 de
2584 1334 2794 1389 Domini
2849 1335 3072 1389 lenitate
3121 1335 3368 1390 dicemus
3401 1351 3414 1388 :

1852 1417 2009 1472 Vobis
2032 1420 2212 1473 datum
2235 1429 2306 1474 est
2334 1423 2468 1474 scire
2488 1427 2787 1494 mysterium
2814 1426 3028 1497 (Matth.
3056 1442 3174 1490 xm,
3210 1428 3314 1497 Η).
3353 1430 3427 1480 At:

1845 1511 2097 1578 proinde,
2154 1525 2210 1566 ut
2247 1514 2312 1568 ad
2341 1516 2630 1570 exordium
2692 1519 2999 1572 diverticuli
3068 1529 3429 1579 revertamur,

1846 1600 2224 1660 lia'reditatem
2268 1606 2413 1661 illam
2469 1610 2622 1662 vobis
2675 1609 2917 1662 arbitror
2954 1609 3433 1671 contcmucmlam,

1844 1710 1941 1749 nec
1993 1698 2195 1767 aliquid
2225 1716 2255 1753 ει
2277 1700 2459 1767 judice
2484 1702 2675 1755 smeuli
2702 1702 3114 1772 postulandum.
3147 1701 3430 1769 Quomodo

1842 1790 1983 1843 enim
2017 1790 2174 1844 vobis
2224 1792 2347 1845 illos
2377 1794 2502 1847 licet
2533 1793 2708 1856 adire,
2738 1795 2829 1863 qui
2858 1794 3021 1849 etiam
3080 1808 3179 1847 suo
3226 1793 3432 1861 judicio

164 1900 505 1950 haereditate.
549 1896 612 1949 1n
656 1882 830 1961 textu,
865 1900 951 1959 Si,
984 1899 1177 1966 inquit,
1221 1910 1385 1953 causa
1414 1896 1734 1950 oll‘ensionis

1864 1884 2095 1938 nesciunt
2124 1886 2453 1940 veritatem?
2496 1887 2945 1957 Quandoquidem
2982 1887 3187 1941 Pilatus
3231 1902 3296 1941 ex
3346 1887 3423 1956 ip-

161 1980 242 2021 est
264 1968 539 2031 Christus,
562 1971 970 2037 amplexandnm
995 1980 1080 2023 est
1103 1972 1251 2038 impii
1276 1968 1445 2037 patris
1469 1968 1735 2037 Elegium,

164 2056 272 2091 non
323 2040 616 2093 dolendum
646 2082 658 2096 ,
700 2057 764 2093 ne
812 2042 1126 2093 recedamus
1154 2056 1181 2093 τι
1214 2040 1454 2104 Christo,
1500 2042 1585 2092 cui
1637 2054 1737 2093 nos

162 2110 254 2163 illa
303 2110 687 2163 Exhzcrcdatiu
734 2113 1095 2164 commendat.
1150 2109 1217 2163 Et
1265 2108 1507 2181 inferius,
1557 2110 1740 2163 Noluit

164 2182 449 2234 vobiscum
474 2181 763 2234 Gerontius
795 2183 844 2234 in
887 2182 1199 2235 cmlestibus
1251 2185 1449 2235 hauere
1489 2194 1693 2248 partem
1722 2198 1735 2232 :

164 2267 263 2305 cur
292 2268 388 2305 vos
421 2262 623 2317 partem
664 2270 729 2307 ex
759 2269 927 2309 oensu
952 2253 1068 2320 ejus
1094 2253 1454 2307 desideratis?
1486 2253 1735 2316 Denique,

164 2322 359 2387 Vobis,
394 2324 535 2383 hinc,
569 2322 935 2378 exltatrcdatio
969 2327 1057 2377 illa
1096 2326 1291 2379 futura:
1323 2323 1653 2377 limreditatis
1686 2326 1737 2376 in

160 2393 481 2448 cwlestihus
526 2393 657 2448 fecit
700 2408 1075 2464 augmentum,
1116 2404 1162 2447 et
1201 2406 1386 2449 cwtera
1426 2395 1505 2446 Itis
1555 2396 1736 2462 paria,

158 2482 281 2535 qua:
320 2481 386 2518 ea:
422 2466 659 2517 unirerso
684 2477 920 2519 Contextu
949 2466 1221 2535 intelliges.
1255 2466 1510 2519 Consonat
1543 2481 1741 2535 quoque

162 2538 453 2603 temporis,
503 2538 555 2587 in
600 2538 734 2604 quod
786 2535 1067 2602 Eutropius
1114 2537 1204 2590 ille
1248 2537 1536 2605 confertur,
1580 2550 1741 2588 nota:

160 2609 422 2675 siquidem
471 2606 748 2659 Paulinum
786 2610 979 2678 tutique
1024 2606 1313 2668 Nolanum,
1344 2609 1429 2673 qui
1462 2610 1740 2671 Senatum,

162 2680 411 2730 honores
438 2687 493 2730 ιιι
518 2678 733 2731 divitias
771 2678 1022 2749 l'cliqttil)
1067 2679 1377 2731 nobilissimo
1407 2678 1460 2730 in
1490 2679 1744 2749 ejusmodi

160 2749 325 2803 rebus
379 2751 760 2801 contemnendis
802 2753 1033 2816 exemplo
1056 2792 1069 2813 ,
1120 2752 1190 2801 ait
1236 2766 1252 2802 :
1285 2750 1464 2818 Nuper
1494 2766 1614 2802 eum
1648 2765 1742 2803 sua

162 2821 584 2874 matrefamilias
620 2822 895 2887 pra'iuisse.
939 2821 1035 2872 llic
1060 2838 1176 2873 vero
1215 2820 1467 2874 Paulinus
1497 2837 1528 2872 α
1563 2823 1745 2873 stimuli

156 2891 312 2945 rebus
342 2908 399 2943 se
440 2894 637 2955 penitus
673 2893 875 2944 demum
905 2893 1127 2959 expediit
1157 2893 1294 2946 circa
1316 2908 1509 2944 annum
1532 2891 1658 2954 595,
1689 2903 1745 2945 ut

157 2964 202 3015 si
242 2964 381 3013 tit/eo
418 2963 536 3015 uelis
569 2965 699 3013 hanc
726 2960 1013 3026 Epistulam
1043 2974 1153 3031 post
1179 2966 1307 3017 alios
1341 2963 1412 3030 pl.
1444 2980 1512 3017 nt.
1550 2965 1741 3025 decem,

155 3035 265 3086 sive
294 3034 366 3086 ad
396 3049 430 3087 γ
455 3035 629 3087 διῑέιιιί
657 3033 859 3085 initium
888 3035 1097 3101 referre,
1131 3036 1361 3101 proxime
1388 3037 1454 3086 ad
1483 3036 1745 3087 veritatem.

155 3106 464 3158 accesseris.
509 3105 677 3157 Porro
717 3115 890 3157 autem
934 3107 1168 3173 apprime
1195 3105 1516 3169 Christiano,
1558 3118 1606 3158 et
1632 3120 1747 3174 qua:

161 3177 223 3230 S.
276 3178 558 3248 Augustini
600 3178 886 3229 auditorem
929 3180 1132 3239 deceat,
1171 3178 1417 3248 doctrina
1465 3181 1578 3248 ejus
1626 3188 1699 3229 est
1727 3192 1743 3228 :

154 3264 321 3316 eoque
355 3246 411 3300 se
441 3249 600 3317 magis
632 3248 842 3311 probat,
887 3249 1020 3315 quod
1056 3249 1114 3302 S.
1162 3246 1441 3300 Paulinum
1482 3246 1747 3317 tantopere

157 3321 369 3371 laudat.
430 3317 550 3371 Non
587 3320 741 3385 igitur
769 3318 1053 3369 audiendus
1093 3317 1457 3383 Bcllarminus,
1488 3319 1569 3373 cui
1613 3321 1747 3371 risus

155 3398 230 3443 est
284 3392 488 3441 Auctor
534 3388 936 3457 Pelagianorum
998 3404 1183 3441 ueneno
1232 3391 1483 3455 imbutus,
1543 3391 1745 3453 sentire,

154 3463 306 3529 quod
355 3476 467 3513 non
510 3458 980 3531 Horatii/tristitiao
1019 3459 1224 3514 diuitias
1260 3463 1551 3527 possidere:
1592 3478 1752 3531 neque

155 3535 314 3604 enim
333 3531 541 3599 aliquid
566 3549 626 3583 ea;
654 3529 751 3582 hac
776 3536 938 3604 etiam
960 3542 1030 3583 est
1060 3544 1199 3604 parte
1221 3549 1282 3587 ex
1303 3530 1405 3596 Itis,
1429 3549 1544 3603 quin
1570 3532 1630 3584 de
1660 3529 1751 3585 usu

154 3602 477 3655 divitiarum
507 3604 756 3662 edisserit,
803 3602 939 3671 quod
982 3602 1079 3655 non
1111 3615 1370 3671 arreptum
1416 3602 1478 3657 ea:
1518 3604 1751 3673 ntagistri

153 3675 239 3727 sui
280 3675 571 3746 Augustini
606 3673 833 3744 I-fjnstola
863 3676 931 3725 ad
962 3674 1220 3727 Hilarium
1257 3676 1643 3743 Syracusanum
1676 3676 1749 3726 ui-

156 3745 378 3813 deatur,
401 3755 453 3799 ct
480 3746 541 3798 ab
568 3745 662 3797 illa
686 3746 1040 3799 ltwi-eticorum
1066 3747 1269 3800 insania
1297 3764 1397 3801 non
1430 3748 1577 3816 longe
1597 3746 1751 3801 absit.

751 3835 1085 3893 EPISTULA
1125 3836 1191 3892 ll.

678 3944 746 3985 AD
784 3944 1027 3985 GEIllliVTll
1069 3942 1258 3987 FlLlAS.

553 4019 628 4077 De
661 4025 1027 4079 contemnenda
1066 4010 1380 4079 linireditate.

234 4118 276 4172 ι.
321 4118 533 4175 CunCti
575 4118 683 4173 mei
725 4131 918 4175 sensus
946 4117 1142 4173 allecto
1195 4118 1348 4172 vobis
1389 4126 1617 4178 vacant,
1658 4116 1763 4170 etsi

158 4214 390 4270 interim
446 4216 577 4269 loco
603 4229 859 4283 segregor
894 4230 905 4266 :
945 4227 1068 4266 nam
1099 4221 1157 4266 et
1182 4211 1365 4266 videre
1390 4227 1487 4265 vos
1517 4210 1651 4265 mihi
1679 4210 1760 4263 vi-

157 4310 301 4365 deor
349 4320 410 4365 et
451 4309 650 4362 audire
696 4326 708 4362 :
753 4318 860 4361 tam
909 4322 995 4361 me
1030 4317 1346 4375 occupatum
1382 4304 1545 4359 habet
1584 4316 1762 4359 vestra

156 4403 421 4456 dilectio.
475 4398 637 4465 Quod
678 4398 721 4452 si
771 4415 861 4452 vus
902 4398 1130 4453 invicem
1174 4397 1411 4460 iacietis,
1465 4410 1584 4450 cum
1633 4396 1763 4451 illud

158 4494 529 4566 impossibile
560 4492 629 4546 sit
662 4492 778 4546 ﬁeri
808 4508 904 4563 per
931 4508 1182 4561 carnem,
1230 4490 1487 4560 possibile
1524 4490 1768 4546 redditur

156 4606 224 4653 ex
255 4590 501 4659 spiritu,
552 4594 604 4638 ut
636 4584 727 4639 iiut
766 4585 994 4638 dUtll’lllll
1045 4584 1320 4638 hominum
1351 4598 1545 4651 corpus
1574 4599 1763 4637 unum.

1844 1993 2031 2032 sorum
2062 1979 2236 2046 curia,
2271 1981 2346 2034 sic
2368 1981 2606 2051 loquitur
2627 1983 2693 2034 ad
2724 1981 3016 2035 Dominum
3046 1981 3218 2046 :Qaid
3245 1992 3319 2033 est
3342 1996 3431 2033 re-

1842 2069 1971 2122 ritas
1997 2067 2218 2139 (Joann.
2269 2086 2426 2134 ιιι-ιιι,
2476 2072 2567 2143 56)
2595 2072 2617 2123 ?
2645 2070 2845 2141 Nempe
2890 2072 2978 2127 hic
3003 2074 3167 2141 judex
3206 2084 3345 2139 erat,
3378 2083 3435 2126 et

1842 2162 2059 2229 negotia
2121 2178 2418 2231 causasque
2476 2164 2801 2233 litigantium
2856 2166 3159 2233 libripende
3203 2166 3430 2234 justitim

1845 2263 1996 2308 tanto
2023 2257 2367 2325 statutojure
2394 2258 2645 2313 solvebat
2675 2277 2687 2311 :
2728 2268 2781 2313 et
2812 2260 2938 2329 quid
2987 2259 3075 2313 hic
3104 2261 3319 2315 valebat
3349 2262 3429 2313 fa-

1845 2364 1989 2414 cere,
2023 2353 2067 2404 si
2101 2367 2205 2404 non
2254 2363 2477 2408 noverat
2505 2354 2831 2409 veritatem?
2858 2354 3017 2409 Certe
3064 2354 3431 2423 Evangelistre

1844 2442 1983 2496 adeo
2004 2442 2210 2512 justum
2242 2444 2409 2500 fuisse
2456 2446 2687 2518 Pilatum
2734 2457 3191 2512 commemorant,
3245 2458 3305 2501 ut
3347 2448 3431 2500 in~

1845 2547 2134 2591 nocentem
2162 2539 2348 2593 mallet
2379 2539 2666 2595 absolvere
2693 2556 2852 2611 quam
2896 2541 3125 2609 punire:
3168 2549 3220 2594 et
3251 2551 3430 2593 tamen

1846 2629 2133 2683 veritatem
2157 2630 2310 2699 quasi
2339 2630 2551 2686 discere
2581 2632 2789 2701 capiat,
2822 2633 3066 2703 inquirit.
3118 2632 3251 2687 Nam
3291 2632 3435 2686 veri-

1850 2721 1974 2772 tatis
2003 2720 2293 2788 ignoratio,
2323 2721 2771 2793 interrogationis
2817 2736 2899 2779 est
2946 2727 3106 2779 actio.
3138 2724 3277 2790 Quid
3304 2739 3432 2793 ergo

1848 2811 2136 2866 dicemus?
2182 2813 2379 2868 lnanes
2435 2816 2555 2870 sine
2600 2815 2763 2870 dubie
2794 2817 3105 2870 mortalium
3154 2830 3333 2882 curas,
3382 2825 3437 2870 et

1848 2904 2173 2958 uniformem
2205 2906 2559 2961 mundialium
2614 2924 2798 2963 rerum
2832 2909 3071 2978 prodidit
3101 2908 3433 2964 falsitatem:

1848 2999 2035 3067 ibique
2074 2998 2278 3067 judicia
2303 3015 2431 3054 vera
2462 3017 2568 3055 non
2593 3016 2736 3068 esse,
2771 3002 2859 3057 ubi
2884 3002 2993 3057 sint
3020 3003 3241 3057 mentita
3268 3017 3433 3072 nego-

1850 3094 1925 3145 tia
1950 3108 1963 3143 :
1997 3107 2163 3161 seque
2194 3092 2245 3146 in
2280 3093 2441 3147 rebus
2471 3097 2785 3149 carentibus
2808 3097 3056 3161 veritate,
3085 3110 3273 3149 carere
3302 3111 3434 3148 vero

1846 3183 2053 3253 judicio
2090 3184 2311 3253 judicat.
2344 3185 2482 3253 Quid
2513 3187 2657 3242 enim
2686 3188 2840 3256 quasi
2875 3198 3115 3241 nostrum
3152 3185 3290 3255 apud
3340 3186 3436 3241 illa

1771 3266 1820 3331 C
1856 3280 2142 3332 tribunalia
2196 3289 2533 3349 repetemus,
2585 3282 2652 3345 si,
2698 3281 3088 3350 prmscribcntc
3144 3279 3428 3349 Apostolo,

1852 3371 1982 3426 nihil
2010 3373 2279 3427 intulimus
2311 3375 2362 3427 in
2394 3375 2530 3428 hunc
2559 3376 2811 3429 mundum
2842 3393 2860 3429 :
2890 3392 3064 3429 verum
3088 3391 3180 3428 nec
3228 3374 3435 3442 auferre

1852 3465 1978 3536 quid
1997 3482 2268 3537 possumus
2297 3466 2336 3537 (l
2357 3466 2495 3521 Tim.
2528 3484 2599 3531 ις,
2622 3470 2679 3536 7)
2708 3471 2731 3520 ?
2758 3469 2812 3522 Si
2837 3470 2978 3523 enim
3004 3467 3135 3522 nihil
3160 3467 3439 3520 intulimus

1856 3558 1909 3612 in
1945 3560 2088 3613 hunc
2121 3560 2381 3614 mundum
2410 3560 2705 3623 veniendo,
2748 3570 2805 3614 et
2854 3560 2984 3614 nihil
3031 3560 3261 3613 atiferre‘
3296 3570 3443 3626 pute-

1864 3656 2035 3708 rimus
2067 3653 2317 3708 abeundo
2348 3671 2362 3707 :
2415 3654 2549 3708 falso
2582 3654 2782 3724 aliquid
2814 3663 3054 3723 nostrum
3094 3653 3178 3708 hic
3206 3669 3329 3708 esse
3358 3654 3445 3707 (ll~

1857 3750 2057 3812 cimus,
2086 3747 2175 3800 ubi
2204 3746 2355 3801 nobis
2380 3757 2526 3801 totus
2556 3764 2693 3816 pene
2724 3749 2957 3802 mundus
2987 3750 3195 3803 alienus
3226 3756 3332 3802 est.
3364 3750 3438 3802 De

1858 3853 1966 3908 quo
1997 3838 2152 3892 nubis
2173 3838 2300 3908 quid
2320 3838 2487 3907 judex
2508 3841 2691 3894 sa-culi
2717 3842 2957 3895 tribuere
2981 3842 3086 3912 Ml.
3115 3842 3438 3913 retribuercl

1861 3934 2086 4001 poterit,
2121 3932 2163 3985 si
2190 3931 2320 3985 nihil
2358 3944 2546 3985 natura
2577 3933 2845 3987 donavit?
2876 3934 3015 4002 Quid
3068 3935 3270 3990 Pilatus
3300 3938 3447 3991 veri-

1865 4026 1996 4080 tatis
2043 4026 2405 4095 intcrrogator
2454 4028 2635 4096 potius
2662 4044 2817 4096 quam
2855 4029 3128 4094 prolator:
3170 4030 3319 4098 quid,
3364 4032 3448 4085 in-

1869 4135 2053 4190 quam,
2092 4119 2195 4173 nisi
2228 4120 2546 4184 Barrabam,
2600 4138 2763 4191 quem
2815 4122 2936 4175 ideo
2975 4123 3144 4177 .ludmi
3182 4125 3289 4177 lleo
3326 4128 3449 4182 «mli

1865 4209 2182 4281 przcl‘erunt,
2217 4210 2341 4281 quia
2368 4211 2433 4264 ad
2459 4211 2694 4280 judicem
2726 4215 2909 4268 smeuli
2965 4217 3359 4270 cumularunt?
3386 4219 3441 4275 In

1865 4318 1971 4374 quo
2001 4303 2187 4371 utique
2220 4302 2453 4372 perﬁdus
2498 4306 2729 4375 populus
2763 4323 2867 4361 non
2921 4324 3092 4371 reum,
3163 4310 3256 4364 sed
3313 4324 3440 4366 rea-

1867 4406 1979 4449 tum
2020 4394 2249 4465 accepit.
2281 4394 2387 4450 Sed
2416 4395 2529 4451 huic
2559 4398 2628 4453 de
2670 4397 2878 4468 judicio
2907 4400 3017 4454 sint
3050 4401 3214 4469 dicta,
3243 4418 3346 4457 non
3376 4402 3444 4459 de

1870 4489 2102 4555 negotio.

1939 4580 2029 4636 ΙΙΙ.
2069 4579 2338 4636 Caeterum
2369 4582 2512 4652 quod
2543 4582 2608 4638 ad
2638 4599 2855 4640 causam
2906 4586 3161 4656 pertinet,
3215 4604 3320 4643 non
3355 4605 3450 4643 so—

158 4679 295 4741 Nam
334 4691 397 4732 ut
450 4676 687 4747 probem
738 4676 898 4729 etiam
930 4684 1110 4729 vestra
1160 4691 1366 4730 mecum
1395 4675 1617 4743 vigilare
1653 4659 1979 4730 col-Dium
2026 4688 2251 4735 moneo,
2294 4674 2388 4729 sed
2438 4676 2702 4743 obtestor,
2766 4687 2822 4731 ut
2860 4679 2905 4732 si
2960 4679 3279 4734 Ceruutium
3346 4695 3446 4747 pio

160 4773 378 4843 luquia,
414 4770 663 4838 accipite
692 4769 816 4838 quid
847 4768 913 4822 de
956 4768 1305 4831 hereditate,
1332 4767 1477 4837 quod
1501 4768 1771 4837 suggessi-

162 4869 265 4923 stis
304 4865 589 4937 cogitanti
621 4864 784 4918 altius
816 4866 1080 4925 videatur,
1115 4864 1366 4933 quoniam
1410 4878 1495 4917 me
1523 4864 1684 4917 etiam
1717 4863 1769 4917 in

163 4961 486 5016 carnalium
533 4956 821 5013 arbitrium
855 4975 949 5024 per
989 4958 1287 5027 Splt'illlalia
1318 4956 1609 5027 delegisds.
1640 4956 1774 5012 Pos-

165 5069 282 5115 seni
315 5054 558 5123 quidem
592 5049 777 5104 direre
805 5069 817 5103 :
845 5049 972 5115 Quis
1002 5066 1081 5103 me
1108 5051 1371 5103 constituit
1409 5050 1654 5120 judicem,
1684 5058 1774 5103 aut

166 5150 456 5203 divisorem
491 5147 631 5198 inter
653 5161 739 5197 ros
763 5141 913 5213 (Luc.
942 5159 1038 5211 xtl,
1073 5141 1197 5213 ιω
1225 5143 1270 5197 si
1303 5156 1407 5197 non
1438 5143 1505 5197 ad
1531 5142 1775 5199 infideles

167 5241 558 5310 processisset
599 5239 704 5292 ista
736 5239 1026 5294 sententia.
1059 5237 1368 5293 Judmorum
1422 5240 1564 5293 enim
1604 5239 1778 5294 incre-

167 5334 379 5390 dulitas
434 5333 545 5388 hac
603 5329 813 5385 Domini
848 5331 1196 5400 responsione
1240 5331 1617 5400 repercutitur,
1673 5346 1778 5386 non

169 5430 400 5484 seritur.
439 5425 585 5480 Nam
637 5423 735 5493 ipsi
779 5422 1068 5491 aliquando
1115 5422 1289 5478 Judaei
1338 5423 1389 5475 in
1444 5423 1558 5491 ipso
1601 5422 1781 5492 Moyse

176 5519 576 5575 visitationem
624 5515 769 5569 illam
804 5514 1017 5570 Domini
1064 5530 1169 5569 non
1217 5514 1462 5569 videntes
1489 5529 1588 5581 qua
1620 5513 1785 5585 {Egy-

181 5615 369 5685 ptium
426 5609 625 5665 fratris
663 5608 1222 5663 liheratoroccidcrat
1261 5625 1276 5661 :
1324 5609 1674 5678 scquentique
1703 5608 1790 5661 die

182 5708 436 5765 fratrum
461 5702 775 5763 discordias
797 5703 1053 5772 risusque
1078 5702 1267 5756 volens
1294 5701 1505 5765 sedare,
1535 5700 1647 5753 ausi
1671 5709 1797 5753 sunt

180 5802 384 5859 dicere
413 5814 426 5850 :
462 5794 600 5861 Quis
624 5805 669 5849 te
693 5798 951 5851 constituit
974 5796 1277 5867 principem,
1297 5804 1387 5848 aut
1398 5794 1627 5866 judicem
1649 5807 1798 5863 super

187 5908 296 5959 non
348 5884 592 5970 (Eucti.
639 5901 696 5962 ιι.
725 5887 791 5953 14
812 5887 871 5964 )?
909 5890 993 5951 Ae
1024 5888 1257 5967 proinde
1280 5901 1378 5955 suo
1410 5886 1515 5949 illis
1544 5885 1803 5947 Dominus

1868 4766 2083 4822 Christo
2141 4765 2481 4831 offendistis,
2535 4771 2585 4823 in
2618 4786 2677 4824 ea
2726 4772 3025 4827 ollensione
3066 4773 3293 4825 daretis.
3345 4773 3446 4836 Qui

1872 4861 2006 4915 enim
2058 4862 2449 4929 perseveraverit
2499 4879 2654 4932 usque
2698 4865 2749 4915 in
2779 4866 2954 4930 ﬁnem,
3007 4864 3091 4917 hic
3135 4866 3306 4918 salvus
3348 4868 3448 4920 erit

1874 4954 2087 5026 (Matth.
2106 4971 2159 5017 x,
2178 4955 2294 5025 εξ).
2320 4956 2450 5011 Nam
2478 4960 2521 5011 si
2551 4972 2711 5011 causa
2736 4958 3051 5011 olfensionis
3073 4967 3157 5011 est
3176 4958 3448 5025 Christus,

1874 5046 2285 5115 amplexandum
2337 5057 2420 5101 est
2470 5047 2614 5115 impii
2662 5047 2827 5115 patris
2875 5047 3139 5115 elogium,
3194 5066 3297 5103 non
3348 5051 3450 5105 (lo-

1883 5139 2103 5194 lcndum
2132 5155 2146 5190 :
2179 5154 2246 5192 ne
2291 5139 2606 5193 recedamus
2634 5155 2661 5191 a
2687 5138 2919 5203 Christo,
2969 5144 3052 5195 cui
3084 5160 3185 5199 nos
3225 5146 3312 5199 illa
3353 5163 3454 5203 ex-

1887 5231 2181 5286 haaredatio
2219 5230 2586 5297 commendat,
2633 5232 2771 5285 sicut
2815 5234 3072 5304 scriptum
3119 5249 3199 5291 est
3238 5258 3248 5289 :
3305 5238 3457 5294 Beati

1886 5325 2005 5378 estis
2035 5339 2151 5377 cum
2177 5323 2425 5392 persecuti
2447 5340 2533 5376 vos
2564 5324 2775 5391 fuerint,
2810 5335 2853 5379 et
2876 5329 3233 5383 maledixerint
3266 5332 3465 5384 nomini

1888 5428 2054 5473 vestro
2097 5428 2353 5488 tamquam
2385 5417 2541 5483 malo,
2576 5427 2783 5490 propter
2808 5422 2973 5491 filium
3003 5424 3225 5477 nominis
3270 5442 3287 5477 :
3333 5442 3465 5493 gau-

1897 5515 2008 5567 dete
2055 5514 2108 5566 in
2157 5510 2250 5565 illa
2293 5512 2396 5573 die,
2442 5522 2487 5564 et
2536 5516 2787 5568 exsultate
2817 5532 2833 5568 :
2864 5532 2978 5568 ecce
3046 5532 3237 5568 merces
3302 5526 3471 5574 vestra

1897 5606 2062 5657 multa
2104 5613 2179 5657 est
2227 5605 2278 5655 in
2320 5603 2445 5656 (telo
2471 5603 2622 5676 (Luc.
2656 5621 2708 5667 v,
2741 5606 2803 5659 ‘2l
2838 5617 2884 5659 et
2910 5607 3093 5676 seqq).
3143 5606 3290 5662 lianc
3332 5623 3476 5665 mer-

1899 5680 2086 5752 cedem
2111 5694 2339 5749 oll’ensio
2369 5694 2463 5751 illa
2493 5698 2748 5767 providit,
2773 5700 2925 5766 cujus
2958 5700 3183 5767 poenitet
3204 5700 3474 5763 veritatis.

1903 5789 2055 5857 Quod
2081 5791 2124 5842 si
2158 5797 2362 5845 vocata:
2394 5792 2459 5847 ad
2494 5792 2773 5847 Dominum
2798 5792 2849 5847 in
2873 5792 3102 5863 imagine
3137 5790 3471 5871 Levitarum,

1908 5880 2279 5958 spiritualibus
2320 5884 2532 5961 gladiis,
2566 5900 2857 5963 corporeos
2907 5885 3180 5951 occidistis
3208 5887 3430 5954 allectus
3460 5911 3475 5955 ς
