  <div class='ocr_page' id='page_1' title='image "/cluster/home/n/w/nwhite01/storage/ocr_20150623/30/uva.x000826572/031.png"; bbox 0 0 4000 6314; ppageno 0'>
   <div class='ocr_carea' id='block_1_1' title="bbox 522 236 3798 310">
    <p class='ocr_par' dir='ltr' id='par_1_1' title="bbox 522 236 3798 310">
     <span class='ocr_line' id='line_1_1' title="bbox 522 236 3798 310; baseline -0.004 -2"><span class='ocrx_word' id='word_1_1' title='bbox 522 254 588 310; x_wconf 69' lang='grc'><strong>47</strong></span> <span class='ocrx_word' id='word_1_2' title='bbox 1543 248 1599 306; x_wconf 89' lang='lat' dir='ltr'><strong>S.</strong></span> <span class='ocrx_word' id='word_1_3' title='bbox 1644 243 2020 304; x_wconf 69' lang='lat' dir='ltr'><strong>IIlliIlONYiII</strong></span> <span class='ocrx_word' id='word_1_4' title='bbox 2063 243 2350 302; x_wconf 81' lang='lat' dir='ltr'><strong>OPERUM</strong></span> <span class='ocrx_word' id='word_1_5' title='bbox 2390 240 2753 303; x_wconf 68' lang='lat' dir='ltr'><strong>MANTISSA.</strong></span> <span class='ocrx_word' id='word_1_6' title='bbox 3719 236 3798 296; x_wconf 66' lang='lat'><strong>48</strong></span> 
     </span>
    </p>
   </div>
   <div class='ocr_carea' id='block_1_2' title="bbox 522 356 3789 440">
    <p class='ocr_par' dir='ltr' id='par_1_2' title="bbox 522 356 3789 440">
     <span class='ocr_line' id='line_1_2' title="bbox 522 356 3789 440; baseline -0.002 -19"><span class='ocrx_word' id='word_1_7' title='bbox 522 366 919 440; x_wconf 55' lang='lat' dir='ltr'><strong>qnem‘patrcm</strong></span> <span class='ocrx_word' id='word_1_8' title='bbox 969 365 1333 421; x_wconf 65' lang='lat' dir='ltr'><strong>desideratis?</strong></span> <span class='ocrx_word' id='word_1_9' title='bbox 1367 363 1512 420; x_wconf 82' lang='lat' dir='ltr'><strong>Unus</strong></span> <span class='ocrx_word' id='word_1_10' title='bbox 1541 375 1626 419; x_wconf 90' lang='lat' dir='ltr'><strong>est</strong></span> <span class='ocrx_word' id='word_1_11' title='bbox 1650 364 1794 418; x_wconf 91' lang='lat' dir='ltr'><strong>enim</strong></span> <span class='ocrx_word' id='word_1_12' title='bbox 1826 373 1979 432; x_wconf 90' lang='lat' dir='ltr'><strong>pater</strong></span> <span class='ocrx_word' id='word_1_13' title='bbox 2003 376 2101 417; x_wconf 89' lang='lat' dir='ltr'><strong>no-</strong></span> <span class='ocrx_word' id='word_1_14' title='bbox 2127 363 2181 426; x_wconf 81' lang='grc' dir='ltr'>Α</span> <span class='ocrx_word' id='word_1_15' title='bbox 2207 363 2448 427; x_wconf 90' lang='lat' dir='ltr'><strong>teritttm,</strong></span> <span class='ocrx_word' id='word_1_16' title='bbox 2477 363 2568 434; x_wconf 87' lang='lat' dir='ltr'><strong>qui</strong></span> <span class='ocrx_word' id='word_1_17' title='bbox 2625 362 2840 419; x_wconf 90' lang='lat' dir='ltr'><strong>Christo</strong></span> <span class='ocrx_word' id='word_1_18' title='bbox 2893 359 3174 432; x_wconf 85' lang='lat' dir='ltr'><strong>pecuniam</strong></span> <span class='ocrx_word' id='word_1_19' title='bbox 3232 356 3591 430; x_wconf 73' lang='lat' dir='ltr'><strong>prtetulerunt</strong></span> <span class='ocrx_word' id='word_1_20' title='bbox 3642 356 3789 432; x_wconf 82' lang='lat' dir='ltr'><strong>(Act.</strong></span> 
     </span>
    </p>
   </div>
   <div class='ocr_carea' id='block_1_3' title="bbox 525 455 2099 532">
    <p class='ocr_par' dir='ltr' id='par_1_3' title="bbox 525 455 2099 532">
     <span class='ocr_line' id='line_1_3' title="bbox 525 455 2099 532; baseline -0.003 -17"><span class='ocrx_word' id='word_1_21' title='bbox 525 473 636 516; x_wconf 88' lang='lat' dir='ltr'><strong>ster</strong></span> <span class='ocrx_word' id='word_1_22' title='bbox 660 463 746 532; x_wconf 90' lang='lat' dir='ltr'><strong>qui</strong></span> <span class='ocrx_word' id='word_1_23' title='bbox 783 463 832 515; x_wconf 91' lang='lat' dir='ltr'><strong>in</strong></span> <span class='ocrx_word' id='word_1_24' title='bbox 861 460 1011 515; x_wconf 74' lang='lat' dir='ltr'><strong>cmlis</strong></span> <span class='ocrx_word' id='word_1_25' title='bbox 1037 469 1138 522; x_wconf 88' lang='lat' dir='ltr'><strong>est,</strong></span> <span class='ocrx_word' id='word_1_26' title='bbox 1164 473 1226 512; x_wconf 90' lang='lat' dir='ltr'><strong>ac</strong></span> <span class='ocrx_word' id='word_1_27' title='bbox 1261 457 1484 527; x_wconf 91' lang='lat' dir='ltr'><strong>proinde</strong></span> <span class='ocrx_word' id='word_1_28' title='bbox 1515 456 1774 511; x_wconf 82' lang='lat' dir='ltr'><strong>Dominus</strong></span> <span class='ocrx_word' id='word_1_29' title='bbox 1806 455 2099 510; x_wconf 72' lang='lat' dir='ltr'><strong>limrcditas</strong></span> 
     </span>
    </p>
   </div>
   <div class='ocr_carea' id='block_1_4' title="bbox 526 548 2097 620">
    <p class='ocr_par' dir='ltr' id='par_1_4' title="bbox 526 548 2097 620">
     <span class='ocr_line' id='line_1_4' title="bbox 526 548 2097 620; baseline -0.003 -12"><span class='ocrx_word' id='word_1_30' title='bbox 526 563 728 608; x_wconf 88' lang='lat' dir='ltr'><strong>vestra.</strong></span> <span class='ocrx_word' id='word_1_31' title='bbox 758 554 810 607; x_wconf 93' lang='lat' dir='ltr'><strong>ln</strong></span> <span class='ocrx_word' id='word_1_32' title='bbox 843 551 1058 608; x_wconf 88' lang='lat' dir='ltr'><strong>Christo</strong></span> <span class='ocrx_word' id='word_1_33' title='bbox 1088 551 1230 606; x_wconf 90' lang='lat' dir='ltr'><strong>enim</strong></span> <span class='ocrx_word' id='word_1_34' title='bbox 1265 549 1644 620; x_wconf 90' lang='lat' dir='ltr'><strong>possidendum</strong></span> <span class='ocrx_word' id='word_1_35' title='bbox 1672 558 1778 618; x_wconf 88' lang='lat' dir='ltr'><strong>est,</strong></span> <span class='ocrx_word' id='word_1_36' title='bbox 1808 548 1955 620; x_wconf 87' lang='lat' dir='ltr'><strong>quod</strong></span> <span class='ocrx_word' id='word_1_37' title='bbox 1976 563 2097 604; x_wconf 89' lang='lat' dir='ltr'><strong>cum</strong></span> 
     </span>
    </p>
   </div>
   <div class='ocr_carea' id='block_1_5' title="bbox 523 642 2098 744">
    <p class='ocr_par' dir='ltr' id='par_1_5' title="bbox 523 642 2098 744">
     <span class='ocr_line' id='line_1_5' title="bbox 523 642 2098 744; baseline -0.004 -41"><span class='ocrx_word' id='word_1_38' title='bbox 523 651 745 744; x_wconf 42' lang='lat' dir='ltr'><strong>Cirris“)</strong></span> <span class='ocrx_word' id='word_1_39' title='bbox 773 657 858 703; x_wconf 91' lang='lat' dir='ltr'><strong>est.</strong></span> <span class='ocrx_word' id='word_1_40' title='bbox 881 645 1290 717; x_wconf 88' lang='lat' dir='ltr'><strong>possidendum.</strong></span> <span class='ocrx_word' id='word_1_41' title='bbox 1319 645 1398 698; x_wconf 85' lang='lat' dir='ltr'><strong>Ne</strong></span> <span class='ocrx_word' id='word_1_42' title='bbox 1440 642 1786 699; x_wconf 86' lang='lat' dir='ltr'><strong>revertamini</strong></span> <span class='ocrx_word' id='word_1_43' title='bbox 1835 642 1901 698; x_wconf 90' lang='lat' dir='ltr'><strong>ad</strong></span> <span class='ocrx_word' id='word_1_44' title='bbox 1950 657 2098 698; x_wconf 86' lang='lat' dir='ltr'><strong>mor-</strong></span> 
     </span>
    </p>
   </div>
   <div class='ocr_carea' id='block_1_6' title="bbox 526 736 2096 814">
    <p class='ocr_par' dir='ltr' id='par_1_6' title="bbox 526 736 2096 814">
     <span class='ocr_line' id='line_1_6' title="bbox 526 736 2096 814; baseline -0.006 -14"><span class='ocrx_word' id='word_1_45' title='bbox 526 736 837 814; x_wconf 54' lang='lat' dir='ltr'><strong>tttum,&#39;qui</strong></span> <span class='ocrx_word' id='word_1_46' title='bbox 902 740 1186 811; x_wconf 86' lang='lat' dir='ltr'><strong>sequimini</strong></span> <span class='ocrx_word' id='word_1_47' title='bbox 1241 740 1536 794; x_wconf 77' lang='lat' dir='ltr'><strong>viventem.</strong></span> <span class='ocrx_word' id='word_1_48' title='bbox 1590 737 1824 806; x_wconf 73' lang='grc' dir='ltr'><strong>Μαι-τηε,</strong></span> <span class='ocrx_word' id='word_1_49' title='bbox 1901 736 2096 806; x_wconf 79' lang='lat' dir='ltr'><strong>inquit,</strong></span> 
     </span>
    </p>
   </div>
   <div class='ocr_carea' id='block_1_7' title="bbox 529 827 2100 906">
    <p class='ocr_par' dir='ltr' id='par_1_7' title="bbox 529 827 2100 906">
     <span class='ocr_line' id='line_1_7' title="bbox 529 827 2100 906; baseline -0.005 -16"><span class='ocrx_word' id='word_1_50' title='bbox 529 836 778 906; x_wconf 74' lang='lat' dir='ltr'><strong>sepeliant</strong></span> <span class='ocrx_word' id='word_1_51' title='bbox 825 843 1058 886; x_wconf 86' lang='lat' dir='ltr'><strong>mortuos</strong></span> <span class='ocrx_word' id='word_1_52' title='bbox 1088 849 1207 885; x_wconf 80' lang='lat' dir='ltr'><strong>suos</strong></span> <span class='ocrx_word' id='word_1_53' title='bbox 1257 829 1469 902; x_wconf 79' lang='lat' dir='ltr'><strong>(Matth.</strong></span> <span class='ocrx_word' id='word_1_54' title='bbox 1501 844 1616 895; x_wconf 84' lang='lat' dir='ltr'><strong>vni,</strong></span> <span class='ocrx_word' id='word_1_55' title='bbox 1647 827 1760 899; x_wconf 74' lang='grc'><strong>22).</strong></span> <span class='ocrx_word' id='word_1_56' title='bbox 1791 829 1858 882; x_wconf 86' lang='lat' dir='ltr'><strong>At</strong></span> <span class='ocrx_word' id='word_1_57' title='bbox 1888 830 1933 884; x_wconf 90' lang='lat' dir='ltr'><strong>si</strong></span> <span class='ocrx_word' id='word_1_58' title='bbox 1958 829 2100 898; x_wconf 89' lang='lat' dir='ltr'><strong>jam-</strong></span> 
     </span>
    </p>
   </div>
   <div class='ocr_carea' id='block_1_8' title="bbox 522 922 2099 1001">
    <p class='ocr_par' dir='ltr' id='par_1_8' title="bbox 522 922 2099 1001">
     <span class='ocr_line' id='line_1_8' title="bbox 522 922 2099 1001; baseline -0.003 -19"><span class='ocrx_word' id='word_1_59' title='bbox 522 930 730 1001; x_wconf 81' lang='lat' dir='ltr'><strong>pridem</strong></span> <span class='ocrx_word' id='word_1_60' title='bbox 772 927 991 983; x_wconf 74' lang='lat' dir='ltr'><strong>dixistis</strong></span> <span class='ocrx_word' id='word_1_61' title='bbox 1035 943 1047 978; x_wconf 91' lang='lat'><strong>:</strong></span> <span class='ocrx_word' id='word_1_62' title='bbox 1099 924 1278 988; x_wconf 86' lang='lat' dir='ltr'><strong>Pater,</strong></span> <span class='ocrx_word' id='word_1_63' title='bbox 1311 939 1412 976; x_wconf 83' lang='lat' dir='ltr'><strong>non</strong></span> <span class='ocrx_word' id='word_1_64' title='bbox 1443 922 1677 976; x_wconf 73' lang='lat' dir='ltr'><strong>norimus</strong></span> <span class='ocrx_word' id='word_1_65' title='bbox 1708 931 1796 976; x_wconf 87' lang='lat' dir='ltr'><strong>te:</strong></span> <span class='ocrx_word' id='word_1_66' title='bbox 1827 931 1887 975; x_wconf 91' lang='lat' dir='ltr'><strong>ut</strong></span> <span class='ocrx_word' id='word_1_67' title='bbox 1932 931 2099 978; x_wconf 87' lang='lat' dir='ltr'><strong>testa—</strong></span> 
     </span>
    </p>
   </div>
   <div class='ocr_carea' id='block_1_9' title="bbox 519 1013 2100 1084">
    <p class='ocr_par' dir='ltr' id='par_1_9' title="bbox 519 1013 2100 1084">
     <span class='ocr_line' id='line_1_9' title="bbox 519 1013 2100 1084; baseline -0.006 -7"><span class='ocrx_word' id='word_1_68' title='bbox 519 1034 762 1078; x_wconf 89' lang='lat' dir='ltr'><strong>mentum</strong></span> <span class='ocrx_word' id='word_1_69' title='bbox 795 1019 1007 1074; x_wconf 87' lang='lat' dir='ltr'><strong>Domini</strong></span> <span class='ocrx_word' id='word_1_70' title='bbox 1058 1016 1392 1071; x_wconf 73' lang='lat' dir='ltr'><strong>servaretis:</strong></span> <span class='ocrx_word' id='word_1_71' title='bbox 1427 1014 1552 1084; x_wconf 89' lang='lat' dir='ltr'><strong>quid</strong></span> <span class='ocrx_word' id='word_1_72' title='bbox 1601 1013 1779 1068; x_wconf 88' lang='lat' dir='ltr'><strong>adhuc</strong></span> <span class='ocrx_word' id='word_1_73' title='bbox 1827 1013 2100 1083; x_wconf 73' lang='lat' dir='ltr'><strong>repudiati</strong></span> 
     </span>
    </p>
   </div>
   <div class='ocr_carea' id='block_1_10' title="bbox 528 1103 2102 1185">
    <p class='ocr_par' dir='ltr' id='par_1_10' title="bbox 528 1103 2102 1185">
     <span class='ocr_line' id='line_1_10' title="bbox 528 1103 2102 1185; baseline -0.006 -18"><span class='ocrx_word' id='word_1_74' title='bbox 528 1115 698 1185; x_wconf 88' lang='lat' dir='ltr'><strong>patris</strong></span> <span class='ocrx_word' id='word_1_75' title='bbox 747 1111 990 1182; x_wconf 67' lang='lat' dir='ltr'><strong>qumritis</strong></span> <span class='ocrx_word' id='word_1_76' title='bbox 1034 1106 1465 1165; x_wconf 71' lang='lat' dir='ltr'><strong>testamentum?</strong></span> <span class='ocrx_word' id='word_1_77' title='bbox 1497 1106 1594 1160; x_wconf 79' lang='lat' dir='ltr'><strong>llic</strong></span> <span class='ocrx_word' id='word_1_78' title='bbox 1640 1115 1724 1158; x_wconf 79' lang='lat' dir='ltr'><strong>est</strong></span> <span class='ocrx_word' id='word_1_79' title='bbox 1776 1105 1864 1160; x_wconf 91' lang='lat' dir='ltr'><strong>ille</strong></span> <span class='ocrx_word' id='word_1_80' title='bbox 1893 1103 2102 1174; x_wconf 85' lang='lat' dir='ltr'><strong>gladius</strong></span> 
     </span>
    </p>
   </div>
   <div class='ocr_carea' id='block_1_11' title="bbox 523 1195 2102 1273">
    <p class='ocr_par' dir='ltr' id='par_1_11' title="bbox 523 1195 2102 1273">
     <span class='ocr_line' id='line_1_11' title="bbox 523 1195 2102 1273; baseline -0.006 -16"><span class='ocrx_word' id='word_1_81' title='bbox 523 1208 612 1273; x_wconf 89' lang='lat' dir='ltr'><strong>qui</strong></span> <span class='ocrx_word' id='word_1_82' title='bbox 645 1222 672 1258; x_wconf 91' lang='lat' dir='ltr'><strong>a</strong></span> <span class='ocrx_word' id='word_1_83' title='bbox 703 1203 930 1259; x_wconf 89' lang='lat' dir='ltr'><strong>Domino</strong></span> <span class='ocrx_word' id='word_1_84' title='bbox 958 1217 1055 1270; x_wconf 89' lang='lat' dir='ltr'><strong>per</strong></span> <span class='ocrx_word' id='word_1_85' title='bbox 1081 1211 1272 1262; x_wconf 89' lang='lat' dir='ltr'><strong>terras,</strong></span> <span class='ocrx_word' id='word_1_86' title='bbox 1304 1207 1514 1266; x_wconf 80' lang='lat' dir='ltr'><strong>patrem</strong></span> <span class='ocrx_word' id='word_1_87' title='bbox 1545 1211 1573 1248; x_wconf 91' lang='lat' dir='ltr'><strong>a</strong></span> <span class='ocrx_word' id='word_1_88' title='bbox 1604 1195 1714 1248; x_wconf 93' lang='lat' dir='ltr'><strong>ﬁlio</strong></span> <span class='ocrx_word' id='word_1_89' title='bbox 1757 1204 2102 1264; x_wconf 86' lang='lat' dir='ltr'><strong>separaturus</strong></span> 
     </span>
    </p>
   </div>
   <div class='ocr_carea' id='block_1_12' title="bbox 528 1287 2102 1365">
    <p class='ocr_par' dir='ltr' id='par_1_12' title="bbox 528 1287 2102 1365">
     <span class='ocr_line' id='line_1_12' title="bbox 528 1287 2102 1365; baseline -0.009 -11"><span class='ocrx_word' id='word_1_90' title='bbox 528 1299 805 1354; x_wconf 87' lang='lat' dir='ltr'><strong>immissus</strong></span> <span class='ocrx_word' id='word_1_91' title='bbox 849 1305 934 1351; x_wconf 89' lang='lat' dir='ltr'><strong>est</strong></span> <span class='ocrx_word' id='word_1_92' title='bbox 958 1293 1175 1365; x_wconf 79' lang='lat' dir='ltr'><strong>(Matth.</strong></span> <span class='ocrx_word' id='word_1_93' title='bbox 1210 1307 1270 1357; x_wconf 82' lang='lat' dir='ltr'><strong>x,</strong></span> <span class='ocrx_word' id='word_1_94' title='bbox 1301 1288 1418 1359; x_wconf 71' lang='grc'><strong>54).</strong></span> <span class='ocrx_word' id='word_1_95' title='bbox 1450 1288 1564 1342; x_wconf 89' lang='lat' dir='ltr'><strong>lloc</strong></span> <span class='ocrx_word' id='word_1_96' title='bbox 1594 1296 1680 1343; x_wconf 88' lang='lat' dir='ltr'><strong>est</strong></span> <span class='ocrx_word' id='word_1_97' title='bbox 1714 1303 1839 1342; x_wconf 90' lang='lat' dir='ltr'><strong>vere</strong></span> <span class='ocrx_word' id='word_1_98' title='bbox 1865 1287 2102 1341; x_wconf 85' lang='lat' dir='ltr'><strong>circum-</strong></span> 
     </span>
    </p>
   </div>
   <div class='ocr_carea' id='block_1_13' title="bbox 524 1378 2101 1455">
    <p class='ocr_par' dir='ltr' id='par_1_13' title="bbox 524 1378 2101 1455">
     <span class='ocr_line' id='line_1_13' title="bbox 524 1378 2101 1455; baseline -0.008 -8"><span class='ocrx_word' id='word_1_99' title='bbox 524 1394 705 1447; x_wconf 85' lang='lat' dir='ltr'><strong>cidere</strong></span> <span class='ocrx_word' id='word_1_100' title='bbox 735 1399 1009 1453; x_wconf 87' lang='lat' dir='ltr'><strong>naturam,</strong></span> <span class='ocrx_word' id='word_1_101' title='bbox 1040 1383 1184 1455; x_wconf 90' lang='lat' dir='ltr'><strong>quod</strong></span> <span class='ocrx_word' id='word_1_102' title='bbox 1214 1382 1383 1438; x_wconf 79' lang='lat' dir='ltr'><strong>Judzei</strong></span> <span class='ocrx_word' id='word_1_103' title='bbox 1413 1380 1609 1445; x_wconf 90' lang='lat' dir='ltr'><strong>forma,</strong></span> <span class='ocrx_word' id='word_1_104' title='bbox 1639 1388 1693 1434; x_wconf 90' lang='lat' dir='ltr'><strong>et</strong></span> <span class='ocrx_word' id='word_1_105' title='bbox 1735 1395 1842 1434; x_wconf 92' lang='lat' dir='ltr'><strong>non</strong></span> <span class='ocrx_word' id='word_1_106' title='bbox 1871 1378 2101 1434; x_wconf 82' lang='lat' dir='ltr'><strong>veritate</strong></span> 
     </span>
    </p>
   </div>
   <div class='ocr_carea' id='block_1_14' title="bbox 522 1471 2096 1547">
    <p class='ocr_par' dir='ltr' id='par_1_14' title="bbox 522 1471 2096 1547">
     <span class='ocr_line' id='line_1_14' title="bbox 522 1471 2096 1547; baseline -0.008 -10"><span class='ocrx_word' id='word_1_107' title='bbox 522 1482 878 1538; x_wconf 87' lang='lat' dir='ltr'><strong>custodiunt:</strong></span> <span class='ocrx_word' id='word_1_108' title='bbox 927 1489 982 1534; x_wconf 91' lang='lat' dir='ltr'><strong>et</strong></span> <span class='ocrx_word' id='word_1_109' title='bbox 1025 1476 1417 1533; x_wconf 89' lang='lat' dir='ltr'><strong>circumcidere</strong></span> <span class='ocrx_word' id='word_1_110' title='bbox 1472 1475 1648 1529; x_wconf 90' lang='lat' dir='ltr'><strong>cultro</strong></span> <span class='ocrx_word' id='word_1_111' title='bbox 1697 1474 1912 1544; x_wconf 88' lang='lat' dir='ltr'><strong>petrino</strong></span> <span class='ocrx_word' id='word_1_112' title='bbox 1959 1471 2096 1547; x_wconf 83' lang='lat' dir='ltr'><strong>(Jos.</strong></span> 
     </span>
    </p>
   </div>
   <div class='ocr_carea' id='block_1_15' title="bbox 523 1564 2100 1644">
    <p class='ocr_par' dir='ltr' id='par_1_15' title="bbox 523 1564 2100 1644">
     <span class='ocr_line' id='line_1_15' title="bbox 523 1564 2100 1644; baseline -0.006 -15"><span class='ocrx_word' id='word_1_113' title='bbox 523 1593 576 1642; x_wconf 90' lang='lat' dir='ltr'><strong>v,</strong></span> <span class='ocrx_word' id='word_1_114' title='bbox 607 1573 688 1644; x_wconf 67' lang='lat' dir='ltr'><strong>lt).</strong></span> <span class='ocrx_word' id='word_1_115' title='bbox 718 1572 878 1626; x_wconf 86' lang='lat' dir='ltr'><strong>Petra</strong></span> <span class='ocrx_word' id='word_1_116' title='bbox 909 1581 1080 1624; x_wconf 84' lang='lat' dir='ltr'><strong>autem</strong></span> <span class='ocrx_word' id='word_1_117' title='bbox 1105 1578 1212 1622; x_wconf 87' lang='lat' dir='ltr'><strong>erat</strong></span> <span class='ocrx_word' id='word_1_118' title='bbox 1240 1567 1471 1622; x_wconf 72' lang='lat' dir='ltr'><strong>Christus</strong></span> <span class='ocrx_word' id='word_1_119' title='bbox 1499 1567 1550 1637; x_wconf 94' lang='lat' dir='ltr'><strong>(l</strong></span> <span class='ocrx_word' id='word_1_120' title='bbox 1573 1565 1694 1621; x_wconf 84' lang='lat' dir='ltr'><strong>Cor.</strong></span> <span class='ocrx_word' id='word_1_121' title='bbox 1719 1582 1774 1633; x_wconf 69' lang='grc' dir='ltr'><strong>χ,</strong></span> <span class='ocrx_word' id='word_1_122' title='bbox 1803 1565 1882 1637; x_wconf 73' lang='grc'><strong>4).</strong></span> <span class='ocrx_word' id='word_1_123' title='bbox 1914 1564 1964 1620; x_wconf 92' lang='lat' dir='ltr'><strong>Is</strong></span> <span class='ocrx_word' id='word_1_124' title='bbox 1992 1565 2100 1620; x_wconf 81' lang='lat' dir='ltr'><strong>uti-</strong></span> 
     </span>
    </p>
   </div>
   <div class='ocr_carea' id='block_1_16' title="bbox 520 1658 2100 1736">
    <p class='ocr_par' dir='ltr' id='par_1_16' title="bbox 520 1658 2100 1736">
     <span class='ocr_line' id='line_1_16' title="bbox 520 1658 2100 1736; baseline -0.007 -16"><span class='ocrx_word' id='word_1_125' title='bbox 520 1681 626 1736; x_wconf 90' lang='lat' dir='ltr'><strong>que</strong></span> <span class='ocrx_word' id='word_1_126' title='bbox 653 1664 742 1734; x_wconf 89' lang='lat' dir='ltr'><strong>qui</strong></span> <span class='ocrx_word' id='word_1_127' title='bbox 775 1661 910 1717; x_wconf 75' lang='lat' dir='ltr'><strong>dixit</strong></span> <span class='ocrx_word' id='word_1_128' title='bbox 952 1679 964 1714; x_wconf 90' lang='lat'><strong>:</strong></span> <span class='ocrx_word' id='word_1_129' title='bbox 1001 1661 1063 1715; x_wconf 89' lang='lat' dir='ltr'><strong>Si</strong></span> <span class='ocrx_word' id='word_1_130' title='bbox 1091 1660 1204 1731; x_wconf 82' lang='lat' dir='ltr'><strong>quis</strong></span> <span class='ocrx_word' id='word_1_131' title='bbox 1230 1658 1475 1712; x_wconf 82' lang='lat' dir='ltr'><strong>amaverit</strong></span> <span class='ocrx_word' id='word_1_132' title='bbox 1501 1667 1717 1730; x_wconf 84' lang='lat' dir='ltr'><strong>patrem,</strong></span> <span class='ocrx_word' id='word_1_133' title='bbox 1751 1664 1841 1710; x_wconf 91' lang='lat' dir='ltr'><strong>aut</strong></span> <span class='ocrx_word' id='word_1_134' title='bbox 1886 1665 2100 1712; x_wconf 83' lang='lat' dir='ltr'><strong>matrem</strong></span> 
     </span>
    </p>
   </div>
   <div class='ocr_carea' id='block_1_17' title="bbox 2206 450 3785 526">
    <p class='ocr_par' dir='ltr' id='par_1_17' title="bbox 2206 450 3785 526">
     <span class='ocr_line' id='line_1_17' title="bbox 2206 450 3785 526; baseline -0.001 -18"><span class='ocrx_word' id='word_1_135' title='bbox 2206 471 2322 520; x_wconf 86' lang='lat' dir='ltr'><strong>vttt,</strong></span> <span class='ocrx_word' id='word_1_136' title='bbox 2362 455 2480 526; x_wconf 74' lang='lat'><strong>20).</strong></span> <span class='ocrx_word' id='word_1_137' title='bbox 2509 455 2782 510; x_wconf 82' lang='lat' dir='ltr'><strong>Exeuntes</strong></span> <span class='ocrx_word' id='word_1_138' title='bbox 2807 455 2977 511; x_wconf 84' lang='lat' dir='ltr'><strong>semel</strong></span> <span class='ocrx_word' id='word_1_139' title='bbox 3007 453 3075 510; x_wconf 88' lang='lat' dir='ltr'><strong>de</strong></span> <span class='ocrx_word' id='word_1_140' title='bbox 3095 452 3356 519; x_wconf 87' lang='lat' dir='ltr'><strong>Sodoma,</strong></span> <span class='ocrx_word' id='word_1_141' title='bbox 3380 463 3575 508; x_wconf 90' lang='lat' dir='ltr'><strong>cuneta</strong></span> <span class='ocrx_word' id='word_1_142' title='bbox 3604 450 3785 507; x_wconf 91' lang='lat' dir='ltr'><strong>relin-</strong></span> 
     </span>
    </p>
   </div>
   <div class='ocr_carea' id='block_1_18' title="bbox 2205 544 3792 620">
    <p class='ocr_par' dir='ltr' id='par_1_18' title="bbox 2205 544 3792 620">
     <span class='ocr_line' id='line_1_18' title="bbox 2205 544 3792 620; baseline -0.002 -18"><span class='ocrx_word' id='word_1_143' title='bbox 2205 563 2433 620; x_wconf 89' lang='lat' dir='ltr'><strong>quamus</strong></span> <span class='ocrx_word' id='word_1_144' title='bbox 2464 548 2745 604; x_wconf 79' lang='lat' dir='ltr'><strong>incendiis.</strong></span> <span class='ocrx_word' id='word_1_145' title='bbox 2776 547 2932 603; x_wconf 78' lang='lat' dir='ltr'><strong>Videt</strong></span> <span class='ocrx_word' id='word_1_146' title='bbox 2956 546 3060 602; x_wconf 90' lang='lat' dir='ltr'><strong>Lot</strong></span> <span class='ocrx_word' id='word_1_147' title='bbox 3111 548 3304 602; x_wconf 80' lang='lat' dir='ltr'><strong>uxoris</strong></span> <span class='ocrx_word' id='word_1_148' title='bbox 3351 544 3603 616; x_wconf 81' lang='lat' dir='ltr'><strong>exemplo</strong></span> <span class='ocrx_word' id='word_1_149' title='bbox 3650 545 3792 600; x_wconf 84' lang='lat' dir='ltr'><strong>iram</strong></span> 
     </span>
    </p>
   </div>
   <div class='ocr_carea' id='block_1_19' title="bbox 2207 638 3789 711">
    <p class='ocr_par' dir='ltr' id='par_1_19' title="bbox 2207 638 3789 711">
     <span class='ocr_line' id='line_1_19' title="bbox 2207 638 3789 711; baseline 0 -16"><span class='ocrx_word' id='word_1_150' title='bbox 2207 640 2446 707; x_wconf 89' lang='lat' dir='ltr'><strong>Domini,</strong></span> <span class='ocrx_word' id='word_1_151' title='bbox 2481 656 2604 711; x_wconf 74' lang='lat' dir='ltr'><strong>qua:</strong></span> <span class='ocrx_word' id='word_1_152' title='bbox 2653 642 2705 696; x_wconf 91' lang='lat' dir='ltr'><strong>in</strong></span> <span class='ocrx_word' id='word_1_153' title='bbox 2759 642 2915 706; x_wconf 90' lang='lat' dir='ltr'><strong>iram,</strong></span> <span class='ocrx_word' id='word_1_154' title='bbox 2959 639 3084 710; x_wconf 84' lang='lat' dir='ltr'><strong>quia</strong></span> <span class='ocrx_word' id='word_1_155' title='bbox 3133 642 3484 710; x_wconf 89' lang='lat' dir='ltr'><strong>retrospexit,</strong></span> <span class='ocrx_word' id='word_1_156' title='bbox 3537 638 3789 695; x_wconf 86' lang='lat' dir='ltr'><strong>incurrit.</strong></span> 
     </span>
    </p>
   </div>
   <div class='ocr_carea' id='block_1_20' title="bbox 2208 730 3788 788">
    <p class='ocr_par' dir='ltr' id='par_1_20' title="bbox 2208 730 3788 788">
     <span class='ocr_line' id='line_1_20' title="bbox 2208 730 3788 788; baseline -0.001 -2"><span class='ocrx_word' id='word_1_157' title='bbox 2208 730 2390 786; x_wconf 86' lang='lat' dir='ltr'><strong>Noluit</strong></span> <span class='ocrx_word' id='word_1_158' title='bbox 2439 735 2721 787; x_wconf 84' lang='lat' dir='ltr'><strong>vobiscum</strong></span> <span class='ocrx_word' id='word_1_159' title='bbox 2764 732 3063 788; x_wconf 85' lang='lat' dir='ltr'><strong>Ccruntius</strong></span> <span class='ocrx_word' id='word_1_160' title='bbox 3121 732 3174 786; x_wconf 93' lang='lat' dir='ltr'><strong>in</strong></span> <span class='ocrx_word' id='word_1_161' title='bbox 3218 731 3536 788; x_wconf 69' lang='lat' dir='ltr'><strong>coelestibus</strong></span> <span class='ocrx_word' id='word_1_162' title='bbox 3584 730 3788 786; x_wconf 87' lang='lat' dir='ltr'><strong>habere</strong></span> 
     </span>
    </p>
   </div>
   <div class='ocr_carea' id='block_1_21' title="bbox 2206 823 3794 896">
    <p class='ocr_par' dir='ltr' id='par_1_21' title="bbox 2206 823 3794 896">
     <span class='ocr_line' id='line_1_21' title="bbox 2206 823 3794 896; baseline 0 -18"><span class='ocrx_word' id='word_1_163' title='bbox 2206 833 2414 895; x_wconf 90' lang='lat' dir='ltr'><strong>partem</strong></span> <span class='ocrx_word' id='word_1_164' title='bbox 2447 842 2460 878; x_wconf 91' lang='lat'><strong>:</strong></span> <span class='ocrx_word' id='word_1_165' title='bbox 2491 840 2588 880; x_wconf 91' lang='lat' dir='ltr'><strong>cur</strong></span> <span class='ocrx_word' id='word_1_166' title='bbox 2611 841 2710 880; x_wconf 88' lang='lat' dir='ltr'><strong>vos</strong></span> <span class='ocrx_word' id='word_1_167' title='bbox 2738 834 2944 896; x_wconf 79' lang='lat' dir='ltr'><strong>portent</strong></span> <span class='ocrx_word' id='word_1_168' title='bbox 2977 840 3042 880; x_wconf 83' lang='lat' dir='ltr'><strong>ex</strong></span> <span class='ocrx_word' id='word_1_169' title='bbox 3077 840 3243 880; x_wconf 89' lang='lat' dir='ltr'><strong>censu</strong></span> <span class='ocrx_word' id='word_1_170' title='bbox 3301 825 3422 894; x_wconf 92' lang='lat' dir='ltr'><strong>ejus</strong></span> <span class='ocrx_word' id='word_1_171' title='bbox 3469 823 3794 880; x_wconf 86' lang='lat' dir='ltr'><strong>desideratis</strong></span> 
     </span>
    </p>
   </div>
   <div class='ocr_carea' id='block_1_22' title="bbox 2204 918 3793 990">
    <p class='ocr_par' dir='ltr' id='par_1_22' title="bbox 2204 918 3793 990">
     <span class='ocr_line' id='line_1_22' title="bbox 2204 918 3793 990; baseline 0.002 -19"><span class='ocrx_word' id='word_1_172' title='bbox 2204 918 2260 972; x_wconf 91' lang='lat' dir='ltr'><strong>in</strong></span> <span class='ocrx_word' id='word_1_173' title='bbox 2295 919 2499 984; x_wconf 86' lang='lat' dir='ltr'><strong>terris;</strong></span> <span class='ocrx_word' id='word_1_174' title='bbox 2546 920 2688 990; x_wconf 90' lang='lat' dir='ltr'><strong>quod</strong></span> <span class='ocrx_word' id='word_1_175' title='bbox 2737 920 2785 974; x_wconf 89' lang='lat' dir='ltr'><strong>si</strong></span> <span class='ocrx_word' id='word_1_176' title='bbox 2839 920 2932 975; x_wconf 90' lang='lat' dir='ltr'><strong>ille</strong></span> <span class='ocrx_word' id='word_1_177' title='bbox 2971 928 3152 975; x_wconf 88' lang='lat' dir='ltr'><strong>vestra</strong></span> <span class='ocrx_word' id='word_1_178' title='bbox 3210 919 3446 990; x_wconf 87' lang='lat' dir='ltr'><strong>gloriosa</strong></span> <span class='ocrx_word' id='word_1_179' title='bbox 3509 927 3793 989; x_wconf 83' lang='lat' dir='ltr'><strong>tantopere</strong></span> 
     </span>
    </p>
   </div>
   <div class='ocr_carea' id='block_1_23' title="bbox 2206 1013 3795 1082">
    <p class='ocr_par' dir='ltr' id='par_1_23' title="bbox 2206 1013 3795 1082">
     <span class='ocr_line' id='line_1_23' title="bbox 2206 1013 3795 1082; baseline 0.001 -16"><span class='ocrx_word' id='word_1_180' title='bbox 2206 1013 2534 1082; x_wconf 85' lang='lat' dir='ltr'><strong>contempsit</strong></span> <span class='ocrx_word' id='word_1_181' title='bbox 2563 1030 2574 1064; x_wconf 91' lang='lat'><strong>:</strong></span> <span class='ocrx_word' id='word_1_182' title='bbox 2604 1028 2703 1067; x_wconf 88' lang='lat' dir='ltr'><strong>cur</strong></span> <span class='ocrx_word' id='word_1_183' title='bbox 2729 1029 2836 1068; x_wconf 87' lang='lat' dir='ltr'><strong>non</strong></span> <span class='ocrx_word' id='word_1_184' title='bbox 2861 1029 2960 1069; x_wconf 90' lang='lat' dir='ltr'><strong>vos</strong></span> <span class='ocrx_word' id='word_1_185' title='bbox 3005 1013 3149 1069; x_wconf 88' lang='lat' dir='ltr'><strong>illius</strong></span> <span class='ocrx_word' id='word_1_186' title='bbox 3186 1013 3502 1070; x_wconf 88' lang='lat' dir='ltr'><strong>inhonorata</strong></span> <span class='ocrx_word' id='word_1_187' title='bbox 3550 1026 3795 1072; x_wconf 83' lang='lat' dir='ltr'><strong>conteru-</strong></span> 
     </span>
    </p>
   </div>
   <div class='ocr_carea' id='block_1_24' title="bbox 2208 1104 3790 1178">
    <p class='ocr_par' dir='ltr' id='par_1_24' title="bbox 2208 1104 3790 1178">
     <span class='ocr_line' id='line_1_24' title="bbox 2208 1104 3790 1178; baseline 0.003 -20"><span class='ocrx_word' id='word_1_188' title='bbox 2208 1105 2379 1160; x_wconf 89' lang='lat' dir='ltr'><strong>nitis?</strong></span> <span class='ocrx_word' id='word_1_189' title='bbox 2424 1104 2604 1172; x_wconf 88' lang='lat' dir='ltr'><strong>Ferte,</strong></span> <span class='ocrx_word' id='word_1_190' title='bbox 2654 1121 2750 1161; x_wconf 90' lang='lat' dir='ltr'><strong>oro</strong></span> <span class='ocrx_word' id='word_1_191' title='bbox 2793 1109 2912 1177; x_wconf 85' lang='lat' dir='ltr'><strong>vos,</strong></span> <span class='ocrx_word' id='word_1_192' title='bbox 2962 1107 3234 1178; x_wconf 90' lang='lat' dir='ltr'><strong>patienter</strong></span> <span class='ocrx_word' id='word_1_193' title='bbox 3281 1106 3404 1163; x_wconf 90' lang='lat' dir='ltr'><strong>ﬁdei</strong></span> <span class='ocrx_word' id='word_1_194' title='bbox 3457 1116 3636 1176; x_wconf 80' lang='lat' dir='ltr'><strong>notas,</strong></span> <span class='ocrx_word' id='word_1_195' title='bbox 3690 1107 3790 1163; x_wconf 82' lang='lat' dir='ltr'><strong>sti—</strong></span> 
     </span>
    </p>
   </div>
   <div class='ocr_carea' id='block_1_25' title="bbox 2205 1199 3792 1272">
    <p class='ocr_par' dir='ltr' id='par_1_25' title="bbox 2205 1199 3792 1272">
     <span class='ocr_line' id='line_1_25' title="bbox 2205 1199 3792 1272; baseline 0.001 -18"><span class='ocrx_word' id='word_1_196' title='bbox 2205 1208 2386 1269; x_wconf 89' lang='lat' dir='ltr'><strong>gmata</strong></span> <span class='ocrx_word' id='word_1_197' title='bbox 2409 1199 2711 1255; x_wconf 88' lang='lat' dir='ltr'><strong>Christiana</strong></span> <span class='ocrx_word' id='word_1_198' title='bbox 2733 1242 2747 1268; x_wconf 89' lang='lat'><strong>,</strong></span> <span class='ocrx_word' id='word_1_199' title='bbox 2777 1201 3035 1257; x_wconf 67' lang='lat' dir='ltr'><strong>Ecclesia:</strong></span> <span class='ocrx_word' id='word_1_200' title='bbox 3060 1210 3451 1272; x_wconf 88' lang='lat' dir='ltr'><strong>paupertatem.</strong></span> <span class='ocrx_word' id='word_1_201' title='bbox 3497 1201 3678 1267; x_wconf 86' lang='lat' dir='ltr'><strong>Ferte,</strong></span> <span class='ocrx_word' id='word_1_202' title='bbox 3711 1202 3792 1256; x_wconf 88' lang='lat' dir='ltr'><strong>in-</strong></span> 
     </span>
    </p>
   </div>
   <div class='ocr_carea' id='block_1_26' title="bbox 2208 1291 3786 1364">
    <p class='ocr_par' dir='ltr' id='par_1_26' title="bbox 2208 1291 3786 1364">
     <span class='ocr_line' id='line_1_26' title="bbox 2208 1291 3786 1364; baseline 0.004 -22"><span class='ocrx_word' id='word_1_203' title='bbox 2208 1307 2390 1361; x_wconf 89' lang='lat' dir='ltr'><strong>quam,</strong></span> <span class='ocrx_word' id='word_1_204' title='bbox 2451 1291 2840 1362; x_wconf 88' lang='lat' dir='ltr'><strong>impudicorum</strong></span> <span class='ocrx_word' id='word_1_205' title='bbox 2887 1293 3082 1364; x_wconf 87' lang='lat' dir='ltr'><strong>elogia,</strong></span> <span class='ocrx_word' id='word_1_206' title='bbox 3133 1292 3458 1364; x_wconf 78' lang='lat' dir='ltr'><strong>virginitatis</strong></span> <span class='ocrx_word' id='word_1_207' title='bbox 3514 1293 3786 1348; x_wconf 63' lang='lat' dir='ltr'><strong>hieredes.</strong></span> 
     </span>
    </p>
   </div>
   <div class='ocr_carea' id='block_1_27' title="bbox 2205 1383 3792 1454">
    <p class='ocr_par' dir='ltr' id='par_1_27' title="bbox 2205 1383 3792 1454">
     <span class='ocr_line' id='line_1_27' title="bbox 2205 1383 3792 1454; baseline 0.001 -16"><span class='ocrx_word' id='word_1_208' title='bbox 2205 1383 2461 1440; x_wconf 72' lang='lat' dir='ltr'><strong>Visitatas</strong></span> <span class='ocrx_word' id='word_1_209' title='bbox 2483 1400 2580 1440; x_wconf 87' lang='lat' dir='ltr'><strong>vos</strong></span> <span class='ocrx_word' id='word_1_210' title='bbox 2601 1401 2720 1441; x_wconf 91' lang='lat' dir='ltr'><strong>esse</strong></span> <span class='ocrx_word' id='word_1_211' title='bbox 2740 1387 3069 1454; x_wconf 75' lang='lat' dir='ltr'><strong>cognoscite,</strong></span> <span class='ocrx_word' id='word_1_212' title='bbox 3100 1397 3154 1441; x_wconf 87' lang='lat' dir='ltr'><strong>et</strong></span> <span class='ocrx_word' id='word_1_213' title='bbox 3181 1395 3325 1441; x_wconf 89' lang='lat' dir='ltr'><strong>tanta</strong></span> <span class='ocrx_word' id='word_1_214' title='bbox 3358 1386 3657 1441; x_wconf 89' lang='lat' dir='ltr'><strong>visitatione</strong></span> <span class='ocrx_word' id='word_1_215' title='bbox 3677 1387 3792 1440; x_wconf 86' lang='lat' dir='ltr'><strong>cla-</strong></span> 
     </span>
    </p>
   </div>
   <div class='ocr_carea' id='block_1_28' title="bbox 2205 1475 3791 1547">
    <p class='ocr_par' dir='ltr' id='par_1_28' title="bbox 2205 1475 3791 1547">
     <span class='ocr_line' id='line_1_28' title="bbox 2205 1475 3791 1547; baseline 0.001 -18"><span class='ocrx_word' id='word_1_216' title='bbox 2205 1475 2469 1543; x_wconf 88' lang='lat' dir='ltr'><strong>riﬁcatas,</strong></span> <span class='ocrx_word' id='word_1_217' title='bbox 2501 1492 2568 1532; x_wconf 89' lang='lat' dir='ltr'><strong>ne</strong></span> <span class='ocrx_word' id='word_1_218' title='bbox 2597 1487 2804 1547; x_wconf 88' lang='lat' dir='ltr'><strong>partem</strong></span> <span class='ocrx_word' id='word_1_219' title='bbox 2830 1493 2955 1533; x_wconf 91' lang='lat' dir='ltr'><strong>cum</strong></span> <span class='ocrx_word' id='word_1_220' title='bbox 2990 1477 3298 1534; x_wconf 89' lang='lat' dir='ltr'><strong>inﬁdelibus</strong></span> <span class='ocrx_word' id='word_1_221' title='bbox 3320 1479 3609 1534; x_wconf 84' lang='lat' dir='ltr'><strong>haberetis.</strong></span> <span class='ocrx_word' id='word_1_222' title='bbox 3636 1478 3791 1531; x_wconf 82' lang='lat' dir='ltr'><strong>Mun-</strong></span> 
     </span>
    </p>
   </div>
   <div class='ocr_carea' id='block_1_29' title="bbox 2206 1567 3790 1638">
    <p class='ocr_par' dir='ltr' id='par_1_29' title="bbox 2206 1567 3790 1638">
     <span class='ocr_line' id='line_1_29' title="bbox 2206 1567 3790 1638; baseline 0 -16"><span class='ocrx_word' id='word_1_223' title='bbox 2206 1568 2307 1624; x_wconf 89' lang='lat' dir='ltr'><strong>dus</strong></span> <span class='ocrx_word' id='word_1_224' title='bbox 2333 1567 2436 1624; x_wconf 91' lang='lat' dir='ltr'><strong>iste</strong></span> <span class='ocrx_word' id='word_1_225' title='bbox 2461 1583 2562 1623; x_wconf 86' lang='lat' dir='ltr'><strong>vos</strong></span> <span class='ocrx_word' id='word_1_226' title='bbox 2591 1584 2714 1625; x_wconf 92' lang='lat' dir='ltr'><strong>cum</strong></span> <span class='ocrx_word' id='word_1_227' title='bbox 2746 1568 2974 1625; x_wconf 87' lang='lat' dir='ltr'><strong>Domino</strong></span> <span class='ocrx_word' id='word_1_228' title='bbox 2993 1579 3176 1625; x_wconf 91' lang='lat' dir='ltr'><strong>vestro</strong></span> <span class='ocrx_word' id='word_1_229' title='bbox 3215 1585 3322 1625; x_wconf 91' lang='lat' dir='ltr'><strong>non</strong></span> <span class='ocrx_word' id='word_1_230' title='bbox 3351 1568 3590 1638; x_wconf 81' lang='lat' dir='ltr'><strong>agnovit.</strong></span> <span class='ocrx_word' id='word_1_231' title='bbox 3635 1568 3690 1622; x_wconf 92' lang='lat' dir='ltr'><strong>Si</strong></span> <span class='ocrx_word' id='word_1_232' title='bbox 3721 1569 3790 1623; x_wconf 90' lang='lat' dir='ltr'><strong>de</strong></span> 
     </span>
    </p>
   </div>
   <div class='ocr_carea' id='block_1_30' title="bbox 2206 1660 3786 1732">
    <p class='ocr_par' dir='ltr' id='par_1_30' title="bbox 2206 1660 3786 1732">
     <span class='ocr_line' id='line_1_30' title="bbox 2206 1660 3786 1732; baseline -0.002 -15"><span class='ocrx_word' id='word_1_233' title='bbox 2206 1662 2408 1718; x_wconf 80' lang='lat' dir='ltr'><strong>szeculo</strong></span> <span class='ocrx_word' id='word_1_234' title='bbox 2435 1665 2648 1729; x_wconf 86' lang='lat' dir='ltr'><strong>essetis,</strong></span> <span class='ocrx_word' id='word_1_235' title='bbox 2683 1662 2941 1718; x_wconf 74' lang='lat' dir='ltr'><strong>smculum</strong></span> <span class='ocrx_word' id='word_1_236' title='bbox 2971 1677 3066 1718; x_wconf 91' lang='lat' dir='ltr'><strong>vos</strong></span> <span class='ocrx_word' id='word_1_237' title='bbox 3094 1672 3321 1719; x_wconf 89' lang='lat' dir='ltr'><strong>amaret.</strong></span> <span class='ocrx_word' id='word_1_238' title='bbox 3371 1660 3550 1732; x_wconf 80' lang='lat' dir='ltr'><strong>Reges</strong></span> <span class='ocrx_word' id='word_1_239' title='bbox 3599 1661 3786 1715; x_wconf 75' lang='lat' dir='ltr'><strong>szeculi</strong></span> 
     </span>
    </p>
   </div>
   <div class='ocr_carea' id='block_1_31' title="bbox 523 1749 3792 1828">
    <p class='ocr_par' dir='ltr' id='par_1_31' title="bbox 523 1749 3792 1828">
     <span class='ocr_line' id='line_1_31' title="bbox 523 1749 3792 1828; baseline -0.002 -17"><span class='ocrx_word' id='word_1_240' title='bbox 523 1774 680 1828; x_wconf 73' lang='lat' dir='ltr'><strong>super</strong></span> <span class='ocrx_word' id='word_1_241' title='bbox 713 1773 810 1818; x_wconf 87' lang='lat' dir='ltr'><strong>me,</strong></span> <span class='ocrx_word' id='word_1_242' title='bbox 841 1773 942 1809; x_wconf 87' lang='lat' dir='ltr'><strong>non</strong></span> <span class='ocrx_word' id='word_1_243' title='bbox 972 1764 1044 1809; x_wconf 74' lang='lat' dir='ltr'><strong>est</strong></span> <span class='ocrx_word' id='word_1_244' title='bbox 1072 1770 1154 1807; x_wconf 85' lang='lat' dir='ltr'><strong>me</strong></span> <span class='ocrx_word' id='word_1_245' title='bbox 1183 1753 1369 1824; x_wconf 82' lang='lat' dir='ltr'><strong>dignus</strong></span> <span class='ocrx_word' id='word_1_246' title='bbox 1399 1749 1613 1825; x_wconf 81' lang='lat' dir='ltr'><strong>(Matth.</strong></span> <span class='ocrx_word' id='word_1_247' title='bbox 1643 1768 1699 1818; x_wconf 69' lang='grc' dir='ltr'><strong>ι,</strong></span> <span class='ocrx_word' id='word_1_248' title='bbox 1723 1750 1838 1821; x_wconf 84' lang='grc'><strong>57).</strong></span> <span class='ocrx_word' id='word_1_249' title='bbox 1863 1751 1976 1806; x_wconf 87' lang='lat' dir='ltr'><strong>Iloe</strong></span> <span class='ocrx_word' id='word_1_250' title='bbox 2001 1765 2099 1807; x_wconf 89' lang='lat' dir='ltr'><strong>vos</strong></span> <span class='ocrx_word' id='word_1_251' title='bbox 2129 1757 2176 1819; x_wconf 87' lang='grc' dir='ltr'>Β</span> <span class='ocrx_word' id='word_1_252' title='bbox 2203 1768 2233 1809; x_wconf 87' lang='lat' dir='ltr'><strong>a</strong></span> <span class='ocrx_word' id='word_1_253' title='bbox 2283 1755 2410 1810; x_wconf 90' lang='lat' dir='ltr'><strong>ﬁliis</strong></span> <span class='ocrx_word' id='word_1_254' title='bbox 2439 1758 2551 1811; x_wconf 91' lang='lat' dir='ltr'><strong>suis</strong></span> <span class='ocrx_word' id='word_1_255' title='bbox 2602 1755 2798 1812; x_wconf 88' lang='lat' dir='ltr'><strong>tributa</strong></span> <span class='ocrx_word' id='word_1_256' title='bbox 2827 1771 2934 1812; x_wconf 91' lang='lat' dir='ltr'><strong>non</strong></span> <span class='ocrx_word' id='word_1_257' title='bbox 2991 1765 3247 1826; x_wconf 90' lang='lat' dir='ltr'><strong>poscunt.</strong></span> <span class='ocrx_word' id='word_1_258' title='bbox 3306 1753 3371 1809; x_wconf 87' lang='lat' dir='ltr'><strong>In</strong></span> <span class='ocrx_word' id='word_1_259' title='bbox 3431 1752 3668 1809; x_wconf 76' lang='lat' dir='ltr'><strong>domibus</strong></span> <span class='ocrx_word' id='word_1_260' title='bbox 3711 1769 3792 1806; x_wconf 82' lang='lat' dir='ltr'><strong>re-</strong></span> 
     </span>
    </p>
   </div>
   <div class='ocr_carea' id='block_1_32' title="bbox 511 1844 2097 1917">
    <p class='ocr_par' dir='ltr' id='par_1_32' title="bbox 511 1844 2097 1917">
     <span class='ocr_line' id='line_1_32' title="bbox 511 1844 2097 1917; baseline -0.004 -13"><span class='ocrx_word' id='word_1_261' title='bbox 511 1844 701 1917; x_wconf 64' lang='lat' dir='ltr'><strong>eladio</strong></span> <span class='ocrx_word' id='word_1_262' title='bbox 729 1858 960 1915; x_wconf 89' lang='lat' dir='ltr'><strong>utentes,</strong></span> <span class='ocrx_word' id='word_1_263' title='bbox 993 1846 1116 1901; x_wconf 89' lang='lat' dir='ltr'><strong>illos</strong></span> <span class='ocrx_word' id='word_1_264' title='bbox 1166 1844 1446 1901; x_wconf 90' lang='lat' dir='ltr'><strong>imitamini</strong></span> <span class='ocrx_word' id='word_1_265' title='bbox 1478 1844 1716 1908; x_wconf 78' lang='lat' dir='ltr'><strong>Levites,</strong></span> <span class='ocrx_word' id='word_1_266' title='bbox 1762 1844 1830 1899; x_wconf 87' lang='lat' dir='ltr'><strong>ab</strong></span> <span class='ocrx_word' id='word_1_267' title='bbox 1851 1844 2097 1900; x_wconf 89' lang='lat' dir='ltr'><strong>interiori</strong></span> 
     </span>
    </p>
   </div>
   <div class='ocr_carea' id='block_1_33' title="bbox 526 1935 2098 2012">
    <p class='ocr_par' dir='ltr' id='par_1_33' title="bbox 526 1935 2098 2012">
     <span class='ocr_line' id='line_1_33' title="bbox 526 1935 2098 2012; baseline -0.006 -14"><span class='ocrx_word' id='word_1_268' title='bbox 526 1943 744 1998; x_wconf 80' lang='lat' dir='ltr'><strong>homine</strong></span> <span class='ocrx_word' id='word_1_269' title='bbox 788 1956 886 2012; x_wconf 87' lang='lat' dir='ltr'><strong>per</strong></span> <span class='ocrx_word' id='word_1_270' title='bbox 913 1939 1202 1995; x_wconf 79' lang='lat' dir='ltr'><strong>exterioris</strong></span> <span class='ocrx_word' id='word_1_271' title='bbox 1234 1938 1403 1992; x_wconf 85' lang='lat' dir='ltr'><strong>vestri</strong></span> <span class='ocrx_word' id='word_1_272' title='bbox 1441 1946 1617 1991; x_wconf 88' lang='lat' dir='ltr'><strong>castra</strong></span> <span class='ocrx_word' id='word_1_273' title='bbox 1664 1945 1967 2001; x_wconf 90' lang='lat' dir='ltr'><strong>currentes,</strong></span> <span class='ocrx_word' id='word_1_274' title='bbox 1996 1935 2098 1990; x_wconf 83' lang='lat' dir='ltr'><strong>ob-</strong></span> 
     </span>
    </p>
   </div>
   <div class='ocr_carea' id='block_1_34' title="bbox 521 2026 2098 2102">
    <p class='ocr_par' dir='ltr' id='par_1_34' title="bbox 521 2026 2098 2102">
     <span class='ocr_line' id='line_1_34' title="bbox 521 2026 2098 2102; baseline -0.004 -16"><span class='ocrx_word' id='word_1_275' title='bbox 521 2038 641 2090; x_wconf 84' lang='lat' dir='ltr'><strong>vios</strong></span> <span class='ocrx_word' id='word_1_276' title='bbox 670 2033 890 2088; x_wconf 85' lang='lat' dir='ltr'><strong>allectus</strong></span> <span class='ocrx_word' id='word_1_277' title='bbox 925 2046 1021 2102; x_wconf 91' lang='lat' dir='ltr'><strong>pro</strong></span> <span class='ocrx_word' id='word_1_278' title='bbox 1052 2028 1265 2083; x_wconf 86' lang='lat' dir='ltr'><strong>Domini</strong></span> <span class='ocrx_word' id='word_1_279' title='bbox 1296 2043 1481 2083; x_wconf 89' lang='lat' dir='ltr'><strong>amore</strong></span> <span class='ocrx_word' id='word_1_280' title='bbox 1519 2027 1763 2098; x_wconf 79' lang='lat' dir='ltr'><strong>jugulate</strong></span> <span class='ocrx_word' id='word_1_281' title='bbox 1794 2044 1807 2080; x_wconf 90' lang='lat'><strong>:</strong></span> <span class='ocrx_word' id='word_1_282' title='bbox 1835 2026 1990 2096; x_wconf 82' lang='lat' dir='ltr'><strong>juxta</strong></span> <span class='ocrx_word' id='word_1_283' title='bbox 2017 2027 2098 2081; x_wconf 88' lang='lat' dir='ltr'><strong>le-</strong></span> 
     </span>
    </p>
   </div>
   <div class='ocr_carea' id='block_1_35' title="bbox 525 2121 2098 2198">
    <p class='ocr_par' dir='ltr' id='par_1_35' title="bbox 525 2121 2098 2198">
     <span class='ocr_line' id='line_1_35' title="bbox 525 2121 2098 2198; baseline -0.004 -16"><span class='ocrx_word' id='word_1_284' title='bbox 525 2129 797 2198; x_wconf 82' lang='lat' dir='ltr'><strong>gislatoris</strong></span> <span class='ocrx_word' id='word_1_285' title='bbox 815 2125 1095 2194; x_wconf 87' lang='lat' dir='ltr'><strong>imperium</strong></span> <span class='ocrx_word' id='word_1_286' title='bbox 1121 2131 1560 2192; x_wconf 87' lang='lat' dir='ltr'><strong>pertranseuntes</strong></span> <span class='ocrx_word' id='word_1_287' title='bbox 1582 2121 1812 2190; x_wconf 88' lang='lat' dir='ltr'><strong>primum</strong></span> <span class='ocrx_word' id='word_1_288' title='bbox 1835 2121 2098 2176; x_wconf 87' lang='lat' dir='ltr'><strong>virtutum</strong></span> 
     </span>
    </p>
   </div>
   <div class='ocr_carea' id='block_1_36' title="bbox 520 2209 2102 2280">
    <p class='ocr_par' dir='ltr' id='par_1_36' title="bbox 520 2209 2102 2280">
     <span class='ocr_line' id='line_1_36' title="bbox 520 2209 2102 2280; baseline -0.008 -5"><span class='ocrx_word' id='word_1_289' title='bbox 520 2219 815 2276; x_wconf 82' lang='lat' dir='ltr'><strong>exercitum</strong></span> <span class='ocrx_word' id='word_1_290' title='bbox 844 2232 963 2271; x_wconf 87' lang='lat' dir='ltr'><strong>eum</strong></span> <span class='ocrx_word' id='word_1_291' title='bbox 994 2215 1172 2270; x_wconf 89' lang='lat' dir='ltr'><strong>reditu</strong></span> <span class='ocrx_word' id='word_1_292' title='bbox 1205 2230 1220 2270; x_wconf 94' lang='lat'><strong>:</strong></span> <span class='ocrx_word' id='word_1_293' title='bbox 1255 2213 1506 2268; x_wconf 85' lang='lat' dir='ltr'><strong>videlicet</strong></span> <span class='ocrx_word' id='word_1_294' title='bbox 1528 2221 1586 2266; x_wconf 89' lang='lat' dir='ltr'><strong>ut</strong></span> <span class='ocrx_word' id='word_1_295' title='bbox 1616 2209 1892 2280; x_wconf 83' lang='lat' dir='ltr'><strong>praeterita</strong></span> <span class='ocrx_word' id='word_1_296' title='bbox 1925 2219 2102 2264; x_wconf 87' lang='lat' dir='ltr'><strong>trans-</strong></span> 
     </span>
    </p>
   </div>
   <div class='ocr_carea' id='block_1_37' title="bbox 518 2302 2099 2375">
    <p class='ocr_par' dir='ltr' id='par_1_37' title="bbox 518 2302 2099 2375">
     <span class='ocr_line' id='line_1_37' title="bbox 518 2302 2099 2375; baseline -0.005 -9"><span class='ocrx_word' id='word_1_297' title='bbox 518 2323 728 2375; x_wconf 84' lang='lat' dir='ltr'><strong>euntes,</strong></span> <span class='ocrx_word' id='word_1_298' title='bbox 781 2326 882 2366; x_wconf 90' lang='lat' dir='ltr'><strong>nec</strong></span> <span class='ocrx_word' id='word_1_299' title='bbox 928 2309 1112 2364; x_wconf 68' lang='lat' dir='ltr'><strong>sazculi</strong></span> <span class='ocrx_word' id='word_1_300' title='bbox 1163 2305 1510 2362; x_wconf 83' lang='lat' dir='ltr'><strong>mirabilibus</strong></span> <span class='ocrx_word' id='word_1_301' title='bbox 1572 2304 1952 2369; x_wconf 71' lang='lat' dir='ltr'><strong>inhazrcntes;</strong></span> <span class='ocrx_word' id='word_1_302' title='bbox 2008 2302 2099 2358; x_wconf 87' lang='lat' dir='ltr'><strong>ubi</strong></span> 
     </span>
    </p>
   </div>
   <div class='ocr_carea' id='block_1_38' title="bbox 515 2395 2099 2476">
    <p class='ocr_par' dir='ltr' id='par_1_38' title="bbox 515 2395 2099 2476">
     <span class='ocr_line' id='line_1_38' title="bbox 515 2395 2099 2476; baseline -0.005 -18"><span class='ocrx_word' id='word_1_303' title='bbox 515 2407 746 2476; x_wconf 87' lang='lat' dir='ltr'><strong>primum</strong></span> <span class='ocrx_word' id='word_1_304' title='bbox 801 2405 865 2455; x_wconf 89' lang='lat' dir='ltr'><strong>ad</strong></span> <span class='ocrx_word' id='word_1_305' title='bbox 917 2419 1070 2467; x_wconf 85' lang='lat' dir='ltr'><strong>eum,</strong></span> <span class='ocrx_word' id='word_1_306' title='bbox 1118 2399 1212 2471; x_wconf 89' lang='lat' dir='ltr'><strong>qui</strong></span> <span class='ocrx_word' id='word_1_307' title='bbox 1261 2413 1357 2453; x_wconf 88' lang='lat' dir='ltr'><strong>nos</strong></span> <span class='ocrx_word' id='word_1_308' title='bbox 1409 2395 1942 2463; x_wconf 88' lang='lat' dir='ltr'><strong>ntisitinmundum,</strong></span> <span class='ocrx_word' id='word_1_309' title='bbox 1975 2411 2099 2451; x_wconf 88' lang='lat' dir='ltr'><strong>cum</strong></span> 
     </span>
    </p>
   </div>
   <div class='ocr_carea' id='block_1_39' title="bbox 518 2488 2101 2564">
    <p class='ocr_par' dir='ltr' id='par_1_39' title="bbox 518 2488 2101 2564">
     <span class='ocr_line' id='line_1_39' title="bbox 518 2488 2101 2564; baseline -0.005 -12"><span class='ocrx_word' id='word_1_310' title='bbox 518 2497 770 2552; x_wconf 77' lang='lat' dir='ltr'><strong>feruorali</strong></span> <span class='ocrx_word' id='word_1_311' title='bbox 795 2493 974 2564; x_wconf 83' lang='lat' dir='ltr'><strong>gladio</strong></span> <span class='ocrx_word' id='word_1_312' title='bbox 1002 2492 1326 2548; x_wconf 87' lang='lat' dir='ltr'><strong>redeamus:</strong></span> <span class='ocrx_word' id='word_1_313' title='bbox 1357 2488 1675 2544; x_wconf 90' lang='lat' dir='ltr'><strong>resistentes</strong></span> <span class='ocrx_word' id='word_1_314' title='bbox 1704 2489 1883 2557; x_wconf 91' lang='lat' dir='ltr'><strong>nobis,</strong></span> <span class='ocrx_word' id='word_1_315' title='bbox 1921 2504 2101 2545; x_wconf 86' lang='lat' dir='ltr'><strong>remo-</strong></span> 
     </span>
    </p>
   </div>
   <div class='ocr_carea' id='block_1_40' title="bbox 514 2581 2098 2655">
    <p class='ocr_par' dir='ltr' id='par_1_40' title="bbox 514 2581 2098 2655">
     <span class='ocr_line' id='line_1_40' title="bbox 514 2581 2098 2655; baseline -0.004 -13"><span class='ocrx_word' id='word_1_316' title='bbox 514 2587 812 2655; x_wconf 85' lang='lat' dir='ltr'><strong>rantesque</strong></span> <span class='ocrx_word' id='word_1_317' title='bbox 837 2585 957 2651; x_wconf 91' lang='lat' dir='ltr'><strong>hos,</strong></span> <span class='ocrx_word' id='word_1_318' title='bbox 983 2584 1365 2654; x_wconf 88' lang='lat' dir='ltr'><strong>propinquum,</strong></span> <span class='ocrx_word' id='word_1_319' title='bbox 1387 2581 1718 2652; x_wconf 77' lang='lat' dir='ltr'><strong>proximum,</strong></span> <span class='ocrx_word' id='word_1_320' title='bbox 1745 2581 2098 2652; x_wconf 78' lang='lat' dir='ltr'><strong>fratremque,</strong></span> 
     </span>
    </p>
   </div>
   <div class='ocr_carea' id='block_1_41' title="bbox 517 2675 2097 2748">
    <p class='ocr_par' dir='ltr' id='par_1_41' title="bbox 517 2675 2097 2748">
     <span class='ocr_line' id='line_1_41' title="bbox 517 2675 2097 2748; baseline -0.003 -14"><span class='ocrx_word' id='word_1_321' title='bbox 517 2696 586 2734; x_wconf 88' lang='lat' dir='ltr'><strong>ne</strong></span> <span class='ocrx_word' id='word_1_322' title='bbox 635 2695 732 2748; x_wconf 89' lang='lat' dir='ltr'><strong>per</strong></span> <span class='ocrx_word' id='word_1_323' title='bbox 790 2678 887 2731; x_wconf 86' lang='lat' dir='ltr'><strong>hos</strong></span> <span class='ocrx_word' id='word_1_324' title='bbox 942 2677 1225 2745; x_wconf 88' lang='lat' dir='ltr'><strong>elongetur</strong></span> <span class='ocrx_word' id='word_1_325' title='bbox 1276 2686 1460 2729; x_wconf 88' lang='lat' dir='ltr'><strong>nostra</strong></span> <span class='ocrx_word' id='word_1_326' title='bbox 1509 2675 1892 2745; x_wconf 87' lang='lat' dir='ltr'><strong>peregrinatio,</strong></span> <span class='ocrx_word' id='word_1_327' title='bbox 1948 2675 2097 2746; x_wconf 83' lang='lat' dir='ltr'><strong>peri-</strong></span> 
     </span>
    </p>
   </div>
   <div class='ocr_carea' id='block_1_42' title="bbox 518 2767 2100 2839">
    <p class='ocr_par' dir='ltr' id='par_1_42' title="bbox 518 2767 2100 2839">
     <span class='ocr_line' id='line_1_42' title="bbox 518 2767 2100 2839; baseline -0.003 -13"><span class='ocrx_word' id='word_1_328' title='bbox 518 2786 732 2827; x_wconf 82' lang='lat' dir='ltr'><strong>niamus</strong></span> <span class='ocrx_word' id='word_1_329' title='bbox 763 2788 775 2824; x_wconf 90' lang='lat'><strong>:</strong></span> <span class='ocrx_word' id='word_1_330' title='bbox 831 2783 886 2824; x_wconf 91' lang='lat' dir='ltr'><strong>et</strong></span> <span class='ocrx_word' id='word_1_331' title='bbox 933 2770 1048 2823; x_wconf 72' lang='lat' dir='ltr'><strong>lucc</strong></span> <span class='ocrx_word' id='word_1_332' title='bbox 1075 2786 1102 2822; x_wconf 90' lang='lat' dir='ltr'><strong>a</strong></span> <span class='ocrx_word' id='word_1_333' title='bbox 1137 2776 1290 2838; x_wconf 90' lang='lat' dir='ltr'><strong>porta</strong></span> <span class='ocrx_word' id='word_1_334' title='bbox 1321 2768 1584 2823; x_wconf 82' lang='lat' dir='ltr'><strong>faciamus</strong></span> <span class='ocrx_word' id='word_1_335' title='bbox 1627 2768 1694 2823; x_wconf 90' lang='lat' dir='ltr'><strong>ad</strong></span> <span class='ocrx_word' id='word_1_336' title='bbox 1748 2777 1957 2839; x_wconf 85' lang='lat' dir='ltr'><strong>portam</strong></span> <span class='ocrx_word' id='word_1_337' title='bbox 1989 2786 2003 2822; x_wconf 89' lang='lat'><strong>:</strong></span> <span class='ocrx_word' id='word_1_338' title='bbox 2045 2767 2100 2823; x_wconf 89' lang='lat' dir='ltr'><strong>id</strong></span> 
     </span>
    </p>
   </div>
   <div class='ocr_carea' id='block_1_43' title="bbox 515 2860 2094 2932">
    <p class='ocr_par' dir='ltr' id='par_1_43' title="bbox 515 2860 2094 2932">
     <span class='ocr_line' id='line_1_43' title="bbox 515 2860 2094 2932; baseline -0.003 -13"><span class='ocrx_word' id='word_1_339' title='bbox 515 2876 621 2932; x_wconf 90' lang='lat' dir='ltr'><strong>est,</strong></span> <span class='ocrx_word' id='word_1_340' title='bbox 648 2880 716 2918; x_wconf 90' lang='lat' dir='ltr'><strong>ne</strong></span> <span class='ocrx_word' id='word_1_341' title='bbox 740 2878 862 2917; x_wconf 91' lang='lat' dir='ltr'><strong>cum</strong></span> <span class='ocrx_word' id='word_1_342' title='bbox 891 2861 943 2916; x_wconf 90' lang='lat' dir='ltr'><strong>in</strong></span> <span class='ocrx_word' id='word_1_343' title='bbox 967 2871 1122 2930; x_wconf 87' lang='lat' dir='ltr'><strong>porta</strong></span> <span class='ocrx_word' id='word_1_344' title='bbox 1154 2861 1298 2916; x_wconf 90' lang='lat' dir='ltr'><strong>oculi</strong></span> <span class='ocrx_word' id='word_1_345' title='bbox 1331 2860 1550 2915; x_wconf 83' lang='lat' dir='ltr'><strong>fratrem</strong></span> <span class='ocrx_word' id='word_1_346' title='bbox 1576 2861 1729 2916; x_wconf 90' lang='lat' dir='ltr'><strong>fuero</strong></span> <span class='ocrx_word' id='word_1_347' title='bbox 1750 2870 2094 2932; x_wconf 84' lang='lat' dir='ltr'><strong>persecutus,</strong></span> 
     </span>
    </p>
   </div>
   <div class='ocr_carea' id='block_1_44' title="bbox 517 2953 2101 3029">
    <p class='ocr_par' dir='ltr' id='par_1_44' title="bbox 517 2953 2101 3029">
     <span class='ocr_line' id='line_1_44' title="bbox 517 2953 2101 3029; baseline 0.001 -21"><span class='ocrx_word' id='word_1_348' title='bbox 517 2967 730 3029; x_wconf 80' lang='lat' dir='ltr'><strong>portam</strong></span> <span class='ocrx_word' id='word_1_349' title='bbox 772 2955 1000 3010; x_wconf 74' lang='lat' dir='ltr'><strong>fortasse</strong></span> <span class='ocrx_word' id='word_1_350' title='bbox 1041 2955 1186 3008; x_wconf 83' lang='lat' dir='ltr'><strong>auris</strong></span> <span class='ocrx_word' id='word_1_351' title='bbox 1215 2953 1484 3020; x_wconf 86' lang='lat' dir='ltr'><strong>obsideat,</strong></span> <span class='ocrx_word' id='word_1_352' title='bbox 1518 2965 1572 3008; x_wconf 92' lang='lat' dir='ltr'><strong>et</strong></span> <span class='ocrx_word' id='word_1_353' title='bbox 1619 2968 1714 3024; x_wconf 87' lang='lat' dir='ltr'><strong>per</strong></span> <span class='ocrx_word' id='word_1_354' title='bbox 1759 2954 1924 3008; x_wconf 89' lang='lat' dir='ltr'><strong>aliam</strong></span> <span class='ocrx_word' id='word_1_355' title='bbox 1973 2969 2101 3024; x_wconf 84' lang='lat' dir='ltr'><strong>por-</strong></span> 
     </span>
    </p>
   </div>
   <div class='ocr_carea' id='block_1_45' title="bbox 518 3044 2096 3119">
    <p class='ocr_par' dir='ltr' id='par_1_45' title="bbox 518 3044 2096 3119">
     <span class='ocr_line' id='line_1_45' title="bbox 518 3044 2096 3119; baseline -0.001 -15"><span class='ocrx_word' id='word_1_356' title='bbox 518 3062 624 3104; x_wconf 87' lang='lat' dir='ltr'><strong>tant</strong></span> <span class='ocrx_word' id='word_1_357' title='bbox 659 3047 1059 3119; x_wconf 66' lang='lat' dir='ltr'><strong>praetermissus</strong></span> <span class='ocrx_word' id='word_1_358' title='bbox 1081 3055 1346 3101; x_wconf 85' lang='lat' dir='ltr'><strong>occurrat.</strong></span> <span class='ocrx_word' id='word_1_359' title='bbox 1373 3046 1466 3100; x_wconf 73' lang='lat' dir='ltr'><strong>lla:</strong></span> <span class='ocrx_word' id='word_1_360' title='bbox 1492 3044 1759 3116; x_wconf 89' lang='lat' dir='ltr'><strong>siquidem</strong></span> <span class='ocrx_word' id='word_1_361' title='bbox 1778 3057 1904 3101; x_wconf 92' lang='lat' dir='ltr'><strong>sunt</strong></span> <span class='ocrx_word' id='word_1_362' title='bbox 1924 3055 2096 3116; x_wconf 73' lang='lat' dir='ltr'><strong>porta:</strong></span> 
     </span>
    </p>
   </div>
   <div class='ocr_carea' id='block_1_46' title="bbox 2205 1844 3776 1918">
    <p class='ocr_par' dir='ltr' id='par_1_46' title="bbox 2205 1844 3776 1918">
     <span class='ocr_line' id='line_1_46' title="bbox 2205 1844 3776 1918; baseline -0.001 -19"><span class='ocrx_word' id='word_1_363' title='bbox 2205 1863 2324 1917; x_wconf 87' lang='lat' dir='ltr'><strong>gum</strong></span> <span class='ocrx_word' id='word_1_364' title='bbox 2369 1857 2508 1914; x_wconf 80' lang='lat' dir='ltr'><strong>sunt,</strong></span> <span class='ocrx_word' id='word_1_365' title='bbox 2556 1848 2650 1918; x_wconf 87' lang='lat' dir='ltr'><strong>qui</strong></span> <span class='ocrx_word' id='word_1_366' title='bbox 2691 1847 2933 1902; x_wconf 82' lang='lat' dir='ltr'><strong>mollibus</strong></span> <span class='ocrx_word' id='word_1_367' title='bbox 2979 1847 3262 1901; x_wconf 78' lang='lat' dir='ltr'><strong>vestiuntur</strong></span> <span class='ocrx_word' id='word_1_368' title='bbox 3312 1844 3526 1918; x_wconf 80' lang='lat' dir='ltr'><strong>(Matth.</strong></span> <span class='ocrx_word' id='word_1_369' title='bbox 3579 1859 3660 1910; x_wconf 85' lang='lat' dir='ltr'><strong>xt,</strong></span> <span class='ocrx_word' id='word_1_370' title='bbox 3701 1845 3776 1915; x_wconf 90' lang='grc'><strong>8).</strong></span> 
     </span>
    </p>
   </div>
   <div class='ocr_carea' id='block_1_47' title="bbox 2202 1938 3789 2011">
    <p class='ocr_par' dir='ltr' id='par_1_47' title="bbox 2202 1938 3789 2011">
     <span class='ocr_line' id='line_1_47' title="bbox 2202 1938 3789 2011; baseline -0.001 -17"><span class='ocrx_word' id='word_1_371' title='bbox 2202 1939 2502 1996; x_wconf 81' lang='lat' dir='ltr'><strong>Zebedacus</strong></span> <span class='ocrx_word' id='word_1_372' title='bbox 2519 1939 2785 1996; x_wconf 86' lang='lat' dir='ltr'><strong>Jacobum</strong></span> <span class='ocrx_word' id='word_1_373' title='bbox 2811 1952 2864 1996; x_wconf 90' lang='lat' dir='ltr'><strong>et</strong></span> <span class='ocrx_word' id='word_1_374' title='bbox 2890 1941 3154 1998; x_wconf 83' lang='lat' dir='ltr'><strong>Joannem</strong></span> <span class='ocrx_word' id='word_1_375' title='bbox 3186 1956 3290 1995; x_wconf 92' lang='lat' dir='ltr'><strong>non</strong></span> <span class='ocrx_word' id='word_1_376' title='bbox 3313 1939 3582 2011; x_wconf 87' lang='lat' dir='ltr'><strong>sequitur.</strong></span> <span class='ocrx_word' id='word_1_377' title='bbox 3609 1938 3789 1994; x_wconf 79' lang='lat' dir='ltr'><strong>Sinite</strong></span> 
     </span>
    </p>
   </div>
   <div class='ocr_carea' id='block_1_48' title="bbox 2203 2031 3786 2096">
    <p class='ocr_par' dir='ltr' id='par_1_48' title="bbox 2203 2031 3786 2096">
     <span class='ocr_line' id='line_1_48' title="bbox 2203 2031 3786 2096; baseline -0.003 -9"><span class='ocrx_word' id='word_1_378' title='bbox 2203 2032 2530 2087; x_wconf 89' lang='lat' dir='ltr'><strong>Geruntium</strong></span> <span class='ocrx_word' id='word_1_379' title='bbox 2605 2031 2659 2086; x_wconf 91' lang='lat' dir='ltr'><strong>in</strong></span> <span class='ocrx_word' id='word_1_380' title='bbox 2713 2031 2958 2087; x_wconf 86' lang='lat' dir='ltr'><strong>navicula</strong></span> <span class='ocrx_word' id='word_1_381' title='bbox 3030 2047 3319 2088; x_wconf 88' lang='lat' dir='ltr'><strong>remanere</strong></span> <span class='ocrx_word' id='word_1_382' title='bbox 3373 2047 3494 2086; x_wconf 90' lang='lat' dir='ltr'><strong>cum</strong></span> <span class='ocrx_word' id='word_1_383' title='bbox 3555 2031 3786 2096; x_wconf 91' lang='lat' dir='ltr'><strong>retibus,</strong></span> 
     </span>
    </p>
   </div>
   <div class='ocr_carea' id='block_1_49' title="bbox 2209 2123 3783 2195">
    <p class='ocr_par' dir='ltr' id='par_1_49' title="bbox 2209 2123 3783 2195">
     <span class='ocr_line' id='line_1_49' title="bbox 2209 2123 3783 2195; baseline 0.001 -15"><span class='ocrx_word' id='word_1_384' title='bbox 2209 2123 2504 2180; x_wconf 88' lang='lat' dir='ltr'><strong>dummodo</strong></span> <span class='ocrx_word' id='word_1_385' title='bbox 2523 2140 2643 2180; x_wconf 90' lang='lat' dir='ltr'><strong>cum</strong></span> <span class='ocrx_word' id='word_1_386' title='bbox 2675 2127 2952 2195; x_wconf 83' lang='lat' dir='ltr'><strong>Apostolis</strong></span> <span class='ocrx_word' id='word_1_387' title='bbox 2978 2123 3178 2180; x_wconf 89' lang='lat' dir='ltr'><strong>Christi</strong></span> <span class='ocrx_word' id='word_1_388' title='bbox 3206 2126 3436 2194; x_wconf 83' lang='lat' dir='ltr'><strong>jacentis</strong></span> <span class='ocrx_word' id='word_1_389' title='bbox 3464 2127 3514 2179; x_wconf 93' lang='lat' dir='ltr'><strong>in</strong></span> <span class='ocrx_word' id='word_1_390' title='bbox 3549 2137 3783 2195; x_wconf 88' lang='lat' dir='ltr'><strong>pectore.</strong></span> 
     </span>
    </p>
   </div>
   <div class='ocr_carea' id='block_1_50' title="bbox 2274 2217 3778 2290">
    <p class='ocr_par' dir='ltr' id='par_1_50' title="bbox 2274 2217 3778 2290">
     <span class='ocr_line' id='line_1_50' title="bbox 2274 2217 3778 2290; baseline 0.001 -18"><span class='ocrx_word' id='word_1_391' title='bbox 2274 2217 2344 2272; x_wconf 72' lang='grc' dir='ltr'><strong>ν.</strong></span> <span class='ocrx_word' id='word_1_392' title='bbox 2389 2217 2482 2272; x_wconf 71' lang='lat' dir='ltr'><strong>Vte</strong></span> <span class='ocrx_word' id='word_1_393' title='bbox 2512 2218 2794 2283; x_wconf 85' lang='lat' dir='ltr'><strong>divitibus,</strong></span> <span class='ocrx_word' id='word_1_394' title='bbox 2852 2220 3102 2288; x_wconf 76' lang='lat' dir='ltr'><strong>quoniam</strong></span> <span class='ocrx_word' id='word_1_395' title='bbox 3159 2228 3482 2290; x_wconf 89' lang='lat' dir='ltr'><strong>receperunt</strong></span> <span class='ocrx_word' id='word_1_396' title='bbox 3527 2219 3778 2274; x_wconf 87' lang='lat' dir='ltr'><strong>consola-</strong></span> 
     </span>
    </p>
   </div>
   <div class='ocr_carea' id='block_1_51' title="bbox 2203 2312 3784 2385">
    <p class='ocr_par' dir='ltr' id='par_1_51' title="bbox 2203 2312 3784 2385">
     <span class='ocr_line' id='line_1_51' title="bbox 2203 2312 3784 2385; baseline 0.001 -18"><span class='ocrx_word' id='word_1_397' title='bbox 2203 2312 2413 2369; x_wconf 88' lang='lat' dir='ltr'><strong>tionem</strong></span> <span class='ocrx_word' id='word_1_398' title='bbox 2442 2329 2592 2369; x_wconf 92' lang='lat' dir='ltr'><strong>suam</strong></span> <span class='ocrx_word' id='word_1_399' title='bbox 2625 2312 2793 2385; x_wconf 89' lang='lat' dir='ltr'><strong>(Luc.</strong></span> <span class='ocrx_word' id='word_1_400' title='bbox 2826 2330 2902 2379; x_wconf 80' lang='lat' dir='ltr'><strong>vr,</strong></span> <span class='ocrx_word' id='word_1_401' title='bbox 2928 2315 3043 2384; x_wconf 76' lang='lat'><strong>9.5}!</strong></span> <span class='ocrx_word' id='word_1_402' title='bbox 3090 2314 3254 2369; x_wconf 83' lang='lat' dir='ltr'><strong>Vobis</strong></span> <span class='ocrx_word' id='word_1_403' title='bbox 3293 2325 3496 2380; x_wconf 90' lang='lat' dir='ltr'><strong>autem,</strong></span> <span class='ocrx_word' id='word_1_404' title='bbox 3550 2315 3698 2380; x_wconf 70' lang='lat' dir='ltr'><strong>tiliae,</strong></span> <span class='ocrx_word' id='word_1_405' title='bbox 3733 2315 3784 2369; x_wconf 90' lang='lat' dir='ltr'><strong>in</strong></span> 
     </span>
    </p>
   </div>
   <div class='ocr_carea' id='block_1_52' title="bbox 2203 2405 3784 2471">
    <p class='ocr_par' dir='ltr' id='par_1_52' title="bbox 2203 2405 3784 2471">
     <span class='ocr_line' id='line_1_52' title="bbox 2203 2405 3784 2471; baseline -0.001 -11"><span class='ocrx_word' id='word_1_406' title='bbox 2203 2405 2388 2461; x_wconf 90' lang='lat' dir='ltr'><strong>futuro</strong></span> <span class='ocrx_word' id='word_1_407' title='bbox 2419 2406 2721 2461; x_wconf 89' lang='lat' dir='ltr'><strong>consolatio</strong></span> <span class='ocrx_word' id='word_1_408' title='bbox 2744 2416 2920 2461; x_wconf 84' lang='lat' dir='ltr'><strong>vestra</strong></span> <span class='ocrx_word' id='word_1_409' title='bbox 2950 2409 3213 2471; x_wconf 87' lang='lat' dir='ltr'><strong>debetur;</strong></span> <span class='ocrx_word' id='word_1_410' title='bbox 3264 2407 3420 2461; x_wconf 86' lang='lat' dir='ltr'><strong>vobis</strong></span> <span class='ocrx_word' id='word_1_411' title='bbox 3467 2407 3784 2462; x_wconf 76' lang='lat' dir='ltr'><strong>ethreda-</strong></span> 
     </span>
    </p>
   </div>
   <div class='ocr_carea' id='block_1_53' title="bbox 2209 2477 3782 2562">
    <p class='ocr_par' dir='ltr' id='par_1_53' title="bbox 2209 2477 3782 2562">
     <span class='ocr_line' id='line_1_53' title="bbox 2209 2477 3782 2562; baseline 0.001 -10"><span class='ocrx_word' id='word_1_412' title='bbox 2209 2497 2286 2552; x_wconf 90' lang='lat' dir='ltr'><strong>tio</strong></span> <span class='ocrx_word' id='word_1_413' title='bbox 2314 2499 2428 2562; x_wconf 87' lang='lat' dir='ltr'><strong>illa,</strong></span> <span class='ocrx_word' id='word_1_414' title='bbox 2467 2498 2660 2552; x_wconf 76' lang='lat' dir='ltr'><strong>futura:</strong></span> <span class='ocrx_word' id='word_1_415' title='bbox 2693 2498 3027 2553; x_wconf 73' lang='lat' dir='ltr'><strong>Itmreditatis</strong></span> <span class='ocrx_word' id='word_1_416' title='bbox 3060 2499 3111 2554; x_wconf 91' lang='lat' dir='ltr'><strong>iu</strong></span> <span class='ocrx_word' id='word_1_417' title='bbox 3136 2477 3473 2555; x_wconf 45' lang='lat' dir='ltr'><strong>‘cmlestibus</strong></span> <span class='ocrx_word' id='word_1_418' title='bbox 3525 2500 3652 2555; x_wconf 82' lang='lat' dir='ltr'><strong>fecit</strong></span> <span class='ocrx_word' id='word_1_419' title='bbox 3684 2517 3782 2553; x_wconf 89' lang='lat' dir='ltr'><strong>au-</strong></span> 
     </span>
    </p>
   </div>
   <div class='ocr_carea' id='block_1_54' title="bbox 2203 2591 3789 2660">
    <p class='ocr_par' dir='ltr' id='par_1_54' title="bbox 2203 2591 3789 2660">
     <span class='ocr_line' id='line_1_54' title="bbox 2203 2591 3789 2660; baseline 0.001 -16"><span class='ocrx_word' id='word_1_420' title='bbox 2203 2602 2481 2660; x_wconf 84' lang='lat' dir='ltr'><strong>gmentum</strong></span> <span class='ocrx_word' id='word_1_421' title='bbox 2511 2608 2522 2642; x_wconf 93' lang='lat'><strong>:</strong></span> <span class='ocrx_word' id='word_1_422' title='bbox 2555 2591 2709 2646; x_wconf 82' lang='lat' dir='ltr'><strong>vobis</strong></span> <span class='ocrx_word' id='word_1_423' title='bbox 2737 2607 2831 2644; x_wconf 89' lang='lat' dir='ltr'><strong>sua</strong></span> <span class='ocrx_word' id='word_1_424' title='bbox 2861 2594 3092 2646; x_wconf 86' lang='lat' dir='ltr'><strong>mundus</strong></span> <span class='ocrx_word' id='word_1_425' title='bbox 3123 2593 3237 2660; x_wconf 88' lang='lat' dir='ltr'><strong>ipse</strong></span> <span class='ocrx_word' id='word_1_426' title='bbox 3268 2592 3548 2657; x_wconf 75' lang='lat' dir='ltr'><strong>subduxit,</strong></span> <span class='ocrx_word' id='word_1_427' title='bbox 3580 2594 3668 2646; x_wconf 88' lang='lat' dir='ltr'><strong>ubi</strong></span> <span class='ocrx_word' id='word_1_428' title='bbox 3691 2607 3789 2646; x_wconf 85' lang='lat' dir='ltr'><strong>vos</strong></span> 
     </span>
    </p>
   </div>
   <div class='ocr_carea' id='block_1_55' title="bbox 2203 2685 3783 2753">
    <p class='ocr_par' dir='ltr' id='par_1_55' title="bbox 2203 2685 3783 2753">
     <span class='ocr_line' id='line_1_55' title="bbox 2203 2685 3783 2753; baseline 0.001 -16"><span class='ocrx_word' id='word_1_429' title='bbox 2203 2698 2309 2737; x_wconf 92' lang='lat' dir='ltr'><strong>non</strong></span> <span class='ocrx_word' id='word_1_430' title='bbox 2335 2697 2460 2737; x_wconf 87' lang='lat' dir='ltr'><strong>suas</strong></span> <span class='ocrx_word' id='word_1_431' title='bbox 2488 2698 2612 2739; x_wconf 87' lang='lat' dir='ltr'><strong>esse</strong></span> <span class='ocrx_word' id='word_1_432' title='bbox 2652 2686 2911 2753; x_wconf 83' lang='lat' dir='ltr'><strong>cognovit</strong></span> <span class='ocrx_word' id='word_1_433' title='bbox 2939 2702 2951 2737; x_wconf 91' lang='lat'><strong>:</strong></span> <span class='ocrx_word' id='word_1_434' title='bbox 3001 2687 3108 2738; x_wconf 90' lang='lat' dir='ltr'><strong>ituo</strong></span> <span class='ocrx_word' id='word_1_435' title='bbox 3135 2685 3268 2739; x_wconf 89' lang='lat' dir='ltr'><strong>diris</strong></span> <span class='ocrx_word' id='word_1_436' title='bbox 3298 2687 3452 2741; x_wconf 82' lang='lat' dir='ltr'><strong>(lives</strong></span> <span class='ocrx_word' id='word_1_437' title='bbox 3479 2687 3783 2750; x_wconf 86' lang='lat' dir='ltr'><strong>ardoribus,</strong></span> 
     </span>
    </p>
   </div>
   <div class='ocr_carea' id='block_1_56' title="bbox 2203 2777 3790 2850">
    <p class='ocr_par' dir='ltr' id='par_1_56' title="bbox 2203 2777 3790 2850">
     <span class='ocr_line' id='line_1_56' title="bbox 2203 2777 3790 2850; baseline 0.001 -18"><span class='ocrx_word' id='word_1_438' title='bbox 2203 2777 2409 2832; x_wconf 84' lang='lat' dir='ltr'><strong>Lazaro</strong></span> <span class='ocrx_word' id='word_1_439' title='bbox 2443 2777 2495 2831; x_wconf 90' lang='lat' dir='ltr'><strong>in</strong></span> <span class='ocrx_word' id='word_1_440' title='bbox 2519 2778 2640 2831; x_wconf 81' lang='lat' dir='ltr'><strong>siuti</strong></span> <span class='ocrx_word' id='word_1_441' title='bbox 2661 2779 2828 2845; x_wconf 87' lang='lat' dir='ltr'><strong>patris</strong></span> <span class='ocrx_word' id='word_1_442' title='bbox 2854 2779 3082 2832; x_wconf 76' lang='lat' dir='ltr'><strong>Abrabze</strong></span> <span class='ocrx_word' id='word_1_443' title='bbox 3109 2781 3478 2847; x_wconf 80' lang='lat' dir='ltr'><strong>recumbente,</strong></span> <span class='ocrx_word' id='word_1_444' title='bbox 3507 2789 3790 2850; x_wconf 81' lang='lat' dir='ltr'><strong>torquetur</strong></span> 
     </span>
    </p>
   </div>
   <div class='ocr_carea' id='block_1_57' title="bbox 2210 2869 3786 2943">
    <p class='ocr_par' dir='ltr' id='par_1_57' title="bbox 2210 2869 3786 2943">
     <span class='ocr_line' id='line_1_57' title="bbox 2210 2869 3786 2943; baseline 0.003 -19"><span class='ocrx_word' id='word_1_445' title='bbox 2210 2870 2362 2942; x_wconf 85' lang='lat' dir='ltr'><strong>(Luc.</strong></span> <span class='ocrx_word' id='word_1_446' title='bbox 2396 2886 2507 2935; x_wconf 79' lang='lat' dir='ltr'><strong>xvi,</strong></span> <span class='ocrx_word' id='word_1_447' title='bbox 2533 2869 2646 2941; x_wconf 71' lang='lat'><strong>9.5).</strong></span> <span class='ocrx_word' id='word_1_448' title='bbox 2677 2870 2742 2924; x_wconf 84' lang='lat' dir='ltr'><strong>Et</strong></span> <span class='ocrx_word' id='word_1_449' title='bbox 2773 2871 2901 2938; x_wconf 88' lang='lat' dir='ltr'><strong>qttid</strong></span> <span class='ocrx_word' id='word_1_450' title='bbox 2928 2871 3119 2925; x_wconf 86' lang='lat' dir='ltr'><strong>mirum</strong></span> <span class='ocrx_word' id='word_1_451' title='bbox 3152 2873 3195 2926; x_wconf 81' lang='lat' dir='ltr'><strong>si</strong></span> <span class='ocrx_word' id='word_1_452' title='bbox 3228 2873 3587 2943; x_wconf 86' lang='lat' dir='ltr'><strong>pauperculus</strong></span> <span class='ocrx_word' id='word_1_453' title='bbox 3618 2884 3667 2928; x_wconf 88' lang='lat' dir='ltr'><strong>et</strong></span> <span class='ocrx_word' id='word_1_454' title='bbox 3697 2890 3786 2940; x_wconf 79' lang='lat' dir='ltr'><strong>pe-</strong></span> 
     </span>
    </p>
   </div>
   <div class='ocr_carea' id='block_1_58' title="bbox 2204 2964 3790 3036">
    <p class='ocr_par' dir='ltr' id='par_1_58' title="bbox 2204 2964 3790 3036">
     <span class='ocr_line' id='line_1_58' title="bbox 2204 2964 3790 3036; baseline -0.001 -15"><span class='ocrx_word' id='word_1_455' title='bbox 2204 2964 2454 3036; x_wconf 80' lang='lat' dir='ltr'><strong>regrinus</strong></span> <span class='ocrx_word' id='word_1_456' title='bbox 2504 2965 2558 3019; x_wconf 88' lang='lat' dir='ltr'><strong>itt</strong></span> <span class='ocrx_word' id='word_1_457' title='bbox 2616 2973 2757 3019; x_wconf 90' lang='lat' dir='ltr'><strong>terra</strong></span> <span class='ocrx_word' id='word_1_458' title='bbox 2815 2965 3034 3034; x_wconf 86' lang='lat' dir='ltr'><strong>quidem</strong></span> <span class='ocrx_word' id='word_1_459' title='bbox 3086 2967 3256 3020; x_wconf 88' lang='lat' dir='ltr'><strong>aliena</strong></span> <span class='ocrx_word' id='word_1_460' title='bbox 3309 2966 3614 3035; x_wconf 87' lang='lat' dir='ltr'><strong>sepulcrum</strong></span> <span class='ocrx_word' id='word_1_461' title='bbox 3656 2967 3790 3020; x_wconf 90' lang='lat' dir='ltr'><strong>emit</strong></span> 
     </span>
    </p>
   </div>
   <div class='ocr_carea' id='block_1_59' title="bbox 2202 3057 3780 3130">
    <p class='ocr_par' dir='ltr' id='par_1_59' title="bbox 2202 3057 3780 3130">
     <span class='ocr_line' id='line_1_59' title="bbox 2202 3057 3780 3130; baseline -0.001 -17"><span class='ocrx_word' id='word_1_462' title='bbox 2202 3057 2477 3113; x_wconf 82' lang='lat' dir='ltr'><strong>Abraham</strong></span> <span class='ocrx_word' id='word_1_463' title='bbox 2541 3073 2568 3110; x_wconf 90' lang='lat' dir='ltr'><strong>a</strong></span> <span class='ocrx_word' id='word_1_464' title='bbox 2631 3057 2752 3111; x_wconf 89' lang='lat' dir='ltr'><strong>ﬁliis</strong></span> <span class='ocrx_word' id='word_1_465' title='bbox 2784 3058 2968 3113; x_wconf 80' lang='lat' dir='ltr'><strong>lleth?</strong></span> <span class='ocrx_word' id='word_1_466' title='bbox 3007 3060 3322 3115; x_wconf 85' lang='lat' dir='ltr'><strong>Ovcritas!</strong></span> <span class='ocrx_word' id='word_1_467' title='bbox 3380 3076 3587 3130; x_wconf 91' lang='lat' dir='ltr'><strong>nequeo</strong></span> <span class='ocrx_word' id='word_1_468' title='bbox 3636 3059 3780 3115; x_wconf 87' lang='lat' dir='ltr'><strong>enim</strong></span> 
     </span>
    </p>
   </div>
   <div class='ocr_carea' id='block_1_60' title="bbox 517 3135 2098 3222">
    <p class='ocr_par' dir='ltr' id='par_1_60' title="bbox 517 3137 2098 3209">
     <span class='ocr_line' id='line_1_60' title="bbox 517 3137 2098 3209; baseline -0.001 -13"><span class='ocrx_word' id='word_1_469' title='bbox 517 3144 708 3196; x_wconf 76' lang='lat' dir='ltr'><strong>anima:</strong></span> <span class='ocrx_word' id='word_1_470' title='bbox 737 3149 956 3207; x_wconf 70' lang='lat' dir='ltr'><strong>nostrm,</strong></span> <span class='ocrx_word' id='word_1_471' title='bbox 983 3154 1080 3209; x_wconf 90' lang='lat' dir='ltr'><strong>per</strong></span> <span class='ocrx_word' id='word_1_472' title='bbox 1110 3153 1243 3209; x_wconf 89' lang='lat' dir='ltr'><strong>quas</strong></span> <span class='ocrx_word' id='word_1_473' title='bbox 1265 3138 1331 3192; x_wconf 89' lang='lat' dir='ltr'><strong>ad</strong></span> <span class='ocrx_word' id='word_1_474' title='bbox 1357 3137 1504 3192; x_wconf 85' lang='lat' dir='ltr'><strong>illaut</strong></span> <span class='ocrx_word' id='word_1_475' title='bbox 1527 3139 1712 3192; x_wconf 70' lang='lat' dir='ltr'><strong>satculi</strong></span> <span class='ocrx_word' id='word_1_476' title='bbox 1731 3137 2098 3194; x_wconf 84' lang='lat' dir='ltr'><strong>blandimenta</strong></span> 
     </span>
    </p>
   </div>
   <div class='ocr_carea' id='block_1_61' title="bbox 2207 3135 3786 3222">
    <p class='ocr_par' dir='ltr' id='par_1_61' title="bbox 2207 3148 3786 3222">
     <span class='ocr_line' id='line_1_61' title="bbox 2207 3148 3786 3222; baseline -0.001 -17"><span class='ocrx_word' id='word_1_477' title='bbox 2207 3149 2388 3215; x_wconf 82' lang='lat' dir='ltr'><strong>silere,</strong></span> <span class='ocrx_word' id='word_1_478' title='bbox 2420 3148 2546 3220; x_wconf 86' lang='lat' dir='ltr'><strong>quin</strong></span> <span class='ocrx_word' id='word_1_479' title='bbox 2577 3149 2897 3215; x_wconf 89' lang='lat' dir='ltr'><strong>exclamem,</strong></span> <span class='ocrx_word' id='word_1_480' title='bbox 2929 3151 2972 3204; x_wconf 85' lang='grc' dir='ltr'><strong><em>υ</em></strong></span> <span class='ocrx_word' id='word_1_481' title='bbox 2994 3151 3216 3205; x_wconf 83' lang='lat' dir='ltr'><strong>altitudo</strong></span> <span class='ocrx_word' id='word_1_482' title='bbox 3244 3151 3512 3222; x_wconf 69' lang='lat' dir='ltr'><strong>sapientia:</strong></span> <span class='ocrx_word' id='word_1_483' title='bbox 3540 3158 3587 3206; x_wconf 84' lang='lat' dir='ltr'><strong>et</strong></span> <span class='ocrx_word' id='word_1_484' title='bbox 3618 3152 3786 3205; x_wconf 81' lang='lat' dir='ltr'><strong>scien-</strong></span> 
     </span>
    </p>
   </div>
   <div class='ocr_carea' id='block_1_62' title="bbox 524 3228 2097 3302">
    <p class='ocr_par' dir='ltr' id='par_1_62' title="bbox 524 3228 2097 3302">
     <span class='ocr_line' id='line_1_62' title="bbox 524 3228 2097 3302; baseline -0.003 -11"><span class='ocrx_word' id='word_1_485' title='bbox 524 3233 857 3291; x_wconf 89' lang='lat' dir='ltr'><strong>desceuduut</strong></span> <span class='ocrx_word' id='word_1_486' title='bbox 889 3249 901 3284; x_wconf 91' lang='lat'><strong>:</strong></span> <span class='ocrx_word' id='word_1_487' title='bbox 936 3242 988 3286; x_wconf 91' lang='lat' dir='ltr'><strong>et</strong></span> <span class='ocrx_word' id='word_1_488' title='bbox 1014 3245 1113 3302; x_wconf 89' lang='lat' dir='ltr'><strong>per</strong></span> <span class='ocrx_word' id='word_1_489' title='bbox 1140 3244 1272 3300; x_wconf 88' lang='lat' dir='ltr'><strong>quas</strong></span> <span class='ocrx_word' id='word_1_490' title='bbox 1321 3243 1515 3284; x_wconf 90' lang='lat' dir='ltr'><strong>sensus</strong></span> <span class='ocrx_word' id='word_1_491' title='bbox 1546 3228 1727 3285; x_wconf 90' lang='lat' dir='ltr'><strong>carnis</strong></span> <span class='ocrx_word' id='word_1_492' title='bbox 1779 3229 2097 3286; x_wconf 86' lang='lat' dir='ltr'><strong>introeunt:</strong></span> 
     </span>
    </p>
   </div>
   <div class='ocr_carea' id='block_1_63' title="bbox 515 3321 2100 3401">
    <p class='ocr_par' dir='ltr' id='par_1_63' title="bbox 515 3321 2100 3401">
     <span class='ocr_line' id='line_1_63' title="bbox 515 3321 2100 3401; baseline 0.001 -22"><span class='ocrx_word' id='word_1_493' title='bbox 515 3346 614 3401; x_wconf 87' lang='lat' dir='ltr'><strong>per</strong></span> <span class='ocrx_word' id='word_1_494' title='bbox 642 3343 775 3400; x_wconf 85' lang='lat' dir='ltr'><strong>quas</strong></span> <span class='ocrx_word' id='word_1_495' title='bbox 805 3326 929 3393; x_wconf 86' lang='lat' dir='ltr'><strong>nisi,</strong></span> <span class='ocrx_word' id='word_1_496' title='bbox 951 3324 1057 3380; x_wconf 88' lang='lat' dir='ltr'><strong>late</strong></span> <span class='ocrx_word' id='word_1_497' title='bbox 1082 3335 1264 3394; x_wconf 79' lang='lat' dir='ltr'><strong>strage</strong></span> <span class='ocrx_word' id='word_1_498' title='bbox 1292 3325 1455 3394; x_wconf 84' lang='lat' dir='ltr'><strong>facta,</strong></span> <span class='ocrx_word' id='word_1_499' title='bbox 1487 3325 1627 3377; x_wconf 87' lang='lat' dir='ltr'><strong>viam</strong></span> <span class='ocrx_word' id='word_1_500' title='bbox 1648 3321 1940 3380; x_wconf 88' lang='lat' dir='ltr'><strong>virtutibus</strong></span> <span class='ocrx_word' id='word_1_501' title='bbox 1970 3339 2100 3395; x_wconf 84' lang='lat' dir='ltr'><strong>qua-</strong></span> 
     </span>
    </p>
   </div>
   <div class='ocr_carea' id='block_1_64' title="bbox 518 3415 2100 3490">
    <p class='ocr_par' dir='ltr' id='par_1_64' title="bbox 518 3415 2100 3490">
     <span class='ocr_line' id='line_1_64' title="bbox 518 3415 2100 3490; baseline -0.002 -13"><span class='ocrx_word' id='word_1_502' title='bbox 518 3426 644 3477; x_wconf 86' lang='lat' dir='ltr'><strong>dam</strong></span> <span class='ocrx_word' id='word_1_503' title='bbox 676 3424 954 3490; x_wconf 85' lang='lat' dir='ltr'><strong>impietate</strong></span> <span class='ocrx_word' id='word_1_504' title='bbox 979 3419 1290 3486; x_wconf 85' lang='lat' dir='ltr'><strong>fecerimus,</strong></span> <span class='ocrx_word' id='word_1_505' title='bbox 1327 3431 1619 3488; x_wconf 87' lang='lat' dir='ltr'><strong>numquam</strong></span> <span class='ocrx_word' id='word_1_506' title='bbox 1645 3415 1714 3472; x_wconf 86' lang='lat' dir='ltr'><strong>ad</strong></span> <span class='ocrx_word' id='word_1_507' title='bbox 1743 3431 1929 3488; x_wconf 84' lang='lat' dir='ltr'><strong>regem</strong></span> <span class='ocrx_word' id='word_1_508' title='bbox 1957 3431 2100 3474; x_wconf 76' lang='lat' dir='ltr'><strong>verte</strong></span> 
     </span>
    </p>
   </div>
   <div class='ocr_carea' id='block_1_65' title="bbox 523 3511 1396 3585">
    <p class='ocr_par' dir='ltr' id='par_1_65' title="bbox 523 3511 1396 3585">
     <span class='ocr_line' id='line_1_65' title="bbox 523 3511 1396 3585; baseline -0.002 -18"><span class='ocrx_word' id='word_1_509' title='bbox 523 3512 741 3585; x_wconf 86' lang='lat' dir='ltr'><strong>pietatis</strong></span> <span class='ocrx_word' id='word_1_510' title='bbox 769 3512 1052 3580; x_wconf 84' lang='lat' dir='ltr'><strong>pervenire</strong></span> <span class='ocrx_word' id='word_1_511' title='bbox 1084 3511 1396 3581; x_wconf 88' lang='lat' dir='ltr'><strong>p0terimus.</strong></span> 
     </span>
    </p>
   </div>
   <div class='ocr_carea' id='block_1_66' title="bbox 591 3605 2100 3687">
    <p class='ocr_par' dir='ltr' id='par_1_66' title="bbox 591 3605 2100 3687">
     <span class='ocr_line' id='line_1_66' title="bbox 591 3605 2100 3687; baseline -0.007 -12"><span class='ocrx_word' id='word_1_512' title='bbox 591 3620 682 3678; x_wconf 80' lang='lat' dir='ltr'><strong>IV.</strong></span> <span class='ocrx_word' id='word_1_513' title='bbox 712 3617 870 3687; x_wconf 83' lang='lat' dir='ltr'><strong>Quod</strong></span> <span class='ocrx_word' id='word_1_514' title='bbox 897 3615 988 3671; x_wconf 91' lang='lat' dir='ltr'><strong>ubi</strong></span> <span class='ocrx_word' id='word_1_515' title='bbox 1038 3629 1136 3683; x_wconf 89' lang='lat' dir='ltr'><strong>pro</strong></span> <span class='ocrx_word' id='word_1_516' title='bbox 1162 3620 1340 3666; x_wconf 85' lang='lat' dir='ltr'><strong>vestra</strong></span> <span class='ocrx_word' id='word_1_517' title='bbox 1369 3606 1658 3666; x_wconf 83' lang='lat' dir='ltr'><strong>devotione</strong></span> <span class='ocrx_word' id='word_1_518' title='bbox 1706 3605 1920 3665; x_wconf 73' lang='lat' dir='ltr'><strong>fueritis</strong></span> <span class='ocrx_word' id='word_1_519' title='bbox 1969 3605 2100 3665; x_wconf 86' lang='lat' dir='ltr'><strong>viri-</strong></span> 
     </span>
    </p>
   </div>
   <div class='ocr_carea' id='block_1_67' title="bbox 520 3701 2101 3777">
    <p class='ocr_par' dir='ltr' id='par_1_67' title="bbox 520 3701 2101 3777">
     <span class='ocr_line' id='line_1_67' title="bbox 520 3701 2101 3777; baseline -0.011 -2"><span class='ocrx_word' id='word_1_520' title='bbox 520 3717 645 3775; x_wconf 90' lang='lat' dir='ltr'><strong>liter</strong></span> <span class='ocrx_word' id='word_1_521' title='bbox 673 3720 966 3777; x_wconf 82' lang='lat' dir='ltr'><strong>exsecutae,</strong></span> <span class='ocrx_word' id='word_1_522' title='bbox 1017 3705 1198 3760; x_wconf 84' lang='lat' dir='ltr'><strong>statim</strong></span> <span class='ocrx_word' id='word_1_523' title='bbox 1242 3703 1396 3759; x_wconf 87' lang='lat' dir='ltr'><strong>vobis</strong></span> <span class='ocrx_word' id='word_1_524' title='bbox 1440 3702 1509 3758; x_wconf 83' lang='lat' dir='ltr'><strong>ab</strong></span> <span class='ocrx_word' id='word_1_525' title='bbox 1559 3702 1678 3772; x_wconf 85' lang='lat' dir='ltr'><strong>ipso</strong></span> <span class='ocrx_word' id='word_1_526' title='bbox 1724 3701 1908 3774; x_wconf 81' lang='lat' dir='ltr'><strong>Moyse</strong></span> <span class='ocrx_word' id='word_1_527' title='bbox 1975 3701 2101 3758; x_wconf 87' lang='lat' dir='ltr'><strong>talis</strong></span> 
     </span>
    </p>
   </div>
   <div class='ocr_carea' id='block_1_68' title="bbox 522 3793 2095 3869">
    <p class='ocr_par' dir='ltr' id='par_1_68' title="bbox 522 3793 2095 3869">
     <span class='ocr_line' id='line_1_68' title="bbox 522 3793 2095 3869; baseline -0.01 -4"><span class='ocrx_word' id='word_1_528' title='bbox 522 3810 648 3869; x_wconf 84' lang='lat' dir='ltr'><strong>facti</strong></span> <span class='ocrx_word' id='word_1_529' title='bbox 677 3805 959 3862; x_wconf 87' lang='lat' dir='ltr'><strong>laudatore</strong></span> <span class='ocrx_word' id='word_1_530' title='bbox 1000 3800 1251 3854; x_wconf 86' lang='lat' dir='ltr'><strong>dicetur:</strong></span> <span class='ocrx_word' id='word_1_531' title='bbox 1289 3796 1559 3864; x_wconf 82' lang='lat' dir='ltr'><strong>Implestis</strong></span> <span class='ocrx_word' id='word_1_532' title='bbox 1587 3793 1744 3850; x_wconf 89' lang='lat' dir='ltr'><strong>hodie</strong></span> <span class='ocrx_word' id='word_1_533' title='bbox 1776 3810 1963 3850; x_wconf 89' lang='lat' dir='ltr'><strong>manus</strong></span> <span class='ocrx_word' id='word_1_534' title='bbox 1997 3796 2095 3849; x_wconf 88' lang='lat' dir='ltr'><strong>Do-</strong></span> 
     </span>
    </p>
   </div>
   <div class='ocr_carea' id='block_1_69' title="bbox 521 3888 2101 3968">
    <p class='ocr_par' dir='ltr' id='par_1_69' title="bbox 521 3888 2101 3968">
     <span class='ocr_line' id='line_1_69' title="bbox 521 3888 2101 3968; baseline -0.013 -2"><span class='ocrx_word' id='word_1_535' title='bbox 521 3909 711 3968; x_wconf 86' lang='lat' dir='ltr'><strong>mino:</strong></span> <span class='ocrx_word' id='word_1_536' title='bbox 749 3905 850 3958; x_wconf 90' lang='lat' dir='ltr'><strong>hoc</strong></span> <span class='ocrx_word' id='word_1_537' title='bbox 897 3908 982 3956; x_wconf 87' lang='lat' dir='ltr'><strong>est</strong></span> <span class='ocrx_word' id='word_1_538' title='bbox 1036 3894 1293 3950; x_wconf 90' lang='lat' dir='ltr'><strong>mundum</strong></span> <span class='ocrx_word' id='word_1_539' title='bbox 1327 3891 1442 3963; x_wconf 77' lang='lat' dir='ltr'><strong>[AL</strong></span> <span class='ocrx_word' id='word_1_540' title='bbox 1475 3888 1786 3961; x_wconf 70' lang='lat' dir='ltr'><strong>smculum],</strong></span> <span class='ocrx_word' id='word_1_541' title='bbox 1817 3890 1910 3961; x_wconf 92' lang='lat' dir='ltr'><strong>qui</strong></span> <span class='ocrx_word' id='word_1_542' title='bbox 1946 3890 2101 3946; x_wconf 85' lang='lat' dir='ltr'><strong>vobis</strong></span> 
     </span>
    </p>
   </div>
   <div class='ocr_carea' id='block_1_70' title="bbox 523 3986 2103 4061">
    <p class='ocr_par' dir='ltr' id='par_1_70' title="bbox 523 3986 2103 4061">
     <span class='ocr_line' id='line_1_70' title="bbox 523 3986 2103 4061; baseline -0.013 -3"><span class='ocrx_word' id='word_1_543' title='bbox 523 4001 834 4061; x_wconf 89' lang='lat' dir='ltr'><strong>conditione</strong></span> <span class='ocrx_word' id='word_1_544' title='bbox 877 3991 1057 4050; x_wconf 92' lang='lat' dir='ltr'><strong>carnis</strong></span> <span class='ocrx_word' id='word_1_545' title='bbox 1079 3998 1133 4044; x_wconf 93' lang='lat' dir='ltr'><strong>et</strong></span> <span class='ocrx_word' id='word_1_546' title='bbox 1161 3987 1478 4043; x_wconf 72' lang='lat' dir='ltr'><strong>substantia:</strong></span> <span class='ocrx_word' id='word_1_547' title='bbox 1509 3986 1840 4056; x_wconf 89' lang='lat' dir='ltr'><strong>propinquus</strong></span> <span class='ocrx_word' id='word_1_548' title='bbox 1894 3993 1998 4050; x_wconf 91' lang='lat' dir='ltr'><strong>cst,</strong></span> <span class='ocrx_word' id='word_1_549' title='bbox 2045 3991 2103 4040; x_wconf 89' lang='lat' dir='ltr'><strong>et</strong></span> 
     </span>
    </p>
   </div>
   <div class='ocr_carea' id='block_1_71' title="bbox 523 4080 2099 4174">
    <p class='ocr_par' dir='ltr' id='par_1_71' title="bbox 523 4080 2099 4174">
     <span class='ocr_line' id='line_1_71' title="bbox 523 4080 2099 4174; baseline -0.01 -25"><span class='ocrx_word' id='word_1_550' title='bbox 523 4096 808 4174; x_wconf 78' lang='lat' dir='ltr'><strong>proximus</strong></span> <span class='ocrx_word' id='word_1_551' title='bbox 850 4107 864 4144; x_wconf 86' lang='lat'><strong>:</strong></span> <span class='ocrx_word' id='word_1_552' title='bbox 922 4083 1235 4141; x_wconf 89' lang='lat' dir='ltr'><strong>occidentes</strong></span> <span class='ocrx_word' id='word_1_553' title='bbox 1281 4091 1434 4135; x_wconf 89' lang='lat' dir='ltr'><strong>actus</strong></span> <span class='ocrx_word' id='word_1_554' title='bbox 1484 4090 1719 4146; x_wconf 87' lang='lat' dir='ltr'><strong>vestros,</strong></span> <span class='ocrx_word' id='word_1_555' title='bbox 1761 4080 1850 4149; x_wconf 90' lang='lat' dir='ltr'><strong>qui</strong></span> <span class='ocrx_word' id='word_1_556' title='bbox 1904 4093 2099 4134; x_wconf 86' lang='lat' dir='ltr'><strong>manus</strong></span> 
     </span>
    </p>
   </div>
   <div class='ocr_carea' id='block_1_72' title="bbox 522 4175 2100 4257">
    <p class='ocr_par' dir='ltr' id='par_1_72' title="bbox 522 4175 2100 4257">
     <span class='ocr_line' id='line_1_72' title="bbox 522 4175 2100 4257; baseline -0.015 -6"><span class='ocrx_word' id='word_1_557' title='bbox 522 4201 669 4257; x_wconf 88' lang='lat' dir='ltr'><strong>sunt,</strong></span> <span class='ocrx_word' id='word_1_558' title='bbox 715 4183 983 4254; x_wconf 88' lang='lat' dir='ltr'><strong>implestis</strong></span> <span class='ocrx_word' id='word_1_559' title='bbox 1023 4178 1274 4241; x_wconf 89' lang='lat' dir='ltr'><strong>Domino,</strong></span> <span class='ocrx_word' id='word_1_560' title='bbox 1325 4191 1446 4231; x_wconf 89' lang='lat' dir='ltr'><strong>cum</strong></span> <span class='ocrx_word' id='word_1_561' title='bbox 1494 4175 1628 4230; x_wconf 89' lang='lat' dir='ltr'><strong>ttulli</strong></span> <span class='ocrx_word' id='word_1_562' title='bbox 1694 4184 1892 4257; x_wconf 67' lang='lat' dir='ltr'><strong>printer</strong></span> <span class='ocrx_word' id='word_1_563' title='bbox 1937 4189 2100 4244; x_wconf 88' lang='lat' dir='ltr'><strong>quam</strong></span> 
     </span>
    </p>
   </div>
   <div class='ocr_carea' id='block_1_73' title="bbox 523 4265 2100 4346">
    <p class='ocr_par' dir='ltr' id='par_1_73' title="bbox 523 4265 2100 4346">
     <span class='ocr_line' id='line_1_73' title="bbox 523 4265 2100 4346; baseline -0.015 -3"><span class='ocrx_word' id='word_1_564' title='bbox 523 4287 756 4342; x_wconf 83' lang='lat' dir='ltr'><strong>Domino</strong></span> <span class='ocrx_word' id='word_1_565' title='bbox 788 4272 1074 4346; x_wconf 88' lang='lat' dir='ltr'><strong>imperanti</strong></span> <span class='ocrx_word' id='word_1_566' title='bbox 1104 4269 1310 4326; x_wconf 87' lang='lat' dir='ltr'><strong>servire</strong></span> <span class='ocrx_word' id='word_1_567' title='bbox 1339 4269 1628 4323; x_wconf 90' lang='lat' dir='ltr'><strong>annuistis.</strong></span> <span class='ocrx_word' id='word_1_568' title='bbox 1682 4266 1773 4322; x_wconf 87' lang='lat' dir='ltr'><strong>Sic</strong></span> <span class='ocrx_word' id='word_1_569' title='bbox 1827 4265 2100 4320; x_wconf 85' lang='lat' dir='ltr'><strong>Abraham</strong></span> 
     </span>
    </p>
   </div>
   <div class='ocr_carea' id='block_1_74' title="bbox 525 4357 2103 4434">
    <p class='ocr_par' dir='ltr' id='par_1_74' title="bbox 525 4357 2103 4434">
     <span class='ocr_line' id='line_1_74' title="bbox 525 4357 2103 4434; baseline -0.014 0"><span class='ocrx_word' id='word_1_570' title='bbox 525 4378 762 4434; x_wconf 90' lang='lat' dir='ltr'><strong>Domino</strong></span> <span class='ocrx_word' id='word_1_571' title='bbox 814 4371 1092 4426; x_wconf 82' lang='lat' dir='ltr'><strong>dexteram</strong></span> <span class='ocrx_word' id='word_1_572' title='bbox 1146 4379 1322 4431; x_wconf 86' lang='lat' dir='ltr'><strong>suam,</strong></span> <span class='ocrx_word' id='word_1_573' title='bbox 1368 4363 1491 4416; x_wconf 86' lang='lat' dir='ltr'><strong>dum</strong></span> <span class='ocrx_word' id='word_1_574' title='bbox 1545 4358 1891 4430; x_wconf 87' lang='lat' dir='ltr'><strong>parricidium</strong></span> <span class='ocrx_word' id='word_1_575' title='bbox 1921 4357 2103 4412; x_wconf 88' lang='lat' dir='ltr'><strong>facere</strong></span> 
     </span>
    </p>
   </div>
   <div class='ocr_carea' id='block_1_75' title="bbox 521 4448 2101 4529">
    <p class='ocr_par' dir='ltr' id='par_1_75' title="bbox 521 4448 2101 4529">
     <span class='ocr_line' id='line_1_75' title="bbox 521 4448 2101 4529; baseline -0.015 -2"><span class='ocrx_word' id='word_1_576' title='bbox 521 4486 630 4526; x_wconf 87' lang='lat' dir='ltr'><strong>non</strong></span> <span class='ocrx_word' id='word_1_577' title='bbox 657 4471 892 4526; x_wconf 87' lang='lat' dir='ltr'><strong>recusat,</strong></span> <span class='ocrx_word' id='word_1_578' title='bbox 919 4457 1162 4529; x_wconf 88' lang='lat' dir='ltr'><strong>implevit</strong></span> <span class='ocrx_word' id='word_1_579' title='bbox 1204 4453 1375 4528; x_wconf 78' lang='lat' dir='ltr'><strong>(Gen.</strong></span> <span class='ocrx_word' id='word_1_580' title='bbox 1408 4454 1564 4523; x_wconf 84' lang='lat' dir='ltr'><strong>xxtt).</strong></span> <span class='ocrx_word' id='word_1_581' title='bbox 1596 4449 1697 4517; x_wconf 84' lang='lat' dir='ltr'><strong>Qui</strong></span> <span class='ocrx_word' id='word_1_582' title='bbox 1724 4449 1819 4503; x_wconf 92' lang='lat' dir='ltr'><strong>ﬁlii</strong></span> <span class='ocrx_word' id='word_1_583' title='bbox 1841 4448 1945 4514; x_wconf 88' lang='lat' dir='ltr'><strong>sui,</strong></span> <span class='ocrx_word' id='word_1_584' title='bbox 1972 4448 2101 4504; x_wconf 91' lang='lat' dir='ltr'><strong>dum</strong></span> 
     </span>
    </p>
   </div>
   <div class='ocr_carea' id='block_1_76' title="bbox 2204 3241 3786 3316">
    <p class='ocr_par' dir='ltr' id='par_1_76' title="bbox 2204 3241 3786 3316">
     <span class='ocr_line' id='line_1_76' title="bbox 2204 3241 3786 3316; baseline 0.004 -19"><span class='ocrx_word' id='word_1_585' title='bbox 2204 3243 2291 3298; x_wconf 80' lang='lat' dir='ltr'><strong>tia:</strong></span> <span class='ocrx_word' id='word_1_586' title='bbox 2315 3241 2416 3298; x_wconf 87' lang='lat' dir='ltr'><strong>Dei</strong></span> <span class='ocrx_word' id='word_1_587' title='bbox 2447 3245 2466 3316; x_wconf 97' lang='lat'><strong>(</strong></span> <span class='ocrx_word' id='word_1_588' title='bbox 2493 3241 2643 3298; x_wconf 81' lang='lat' dir='ltr'><strong>Rom.</strong></span> <span class='ocrx_word' id='word_1_589' title='bbox 2679 3260 2768 3310; x_wconf 87' lang='lat' dir='ltr'><strong>xv,</strong></span> <span class='ocrx_word' id='word_1_590' title='bbox 2815 3244 2950 3316; x_wconf 80' lang='lat'><strong>53)!</strong></span> <span class='ocrx_word' id='word_1_591' title='bbox 2983 3245 3306 3316; x_wconf 87' lang='lat' dir='ltr'><strong>Sepulcrum</strong></span> <span class='ocrx_word' id='word_1_592' title='bbox 3351 3247 3452 3302; x_wconf 85' lang='lat' dir='ltr'><strong>sibi</strong></span> <span class='ocrx_word' id='word_1_593' title='bbox 3487 3248 3786 3316; x_wconf 88' lang='lat' dir='ltr'><strong>patriarcha</strong></span> 
     </span>
    </p>
   </div>
   <div class='ocr_carea' id='block_1_77' title="bbox 2202 3338 3791 3410">
    <p class='ocr_par' dir='ltr' id='par_1_77' title="bbox 2202 3338 3791 3410">
     <span class='ocr_line' id='line_1_77' title="bbox 2202 3338 3791 3410; baseline 0.003 -17"><span class='ocrx_word' id='word_1_594' title='bbox 2202 3338 2523 3410; x_wconf 84' lang='lat' dir='ltr'><strong>peregrinus</strong></span> <span class='ocrx_word' id='word_1_595' title='bbox 2575 3338 2748 3394; x_wconf 75' lang='lat' dir='ltr'><strong>emit?</strong></span> <span class='ocrx_word' id='word_1_596' title='bbox 2777 3338 2916 3408; x_wconf 81' lang='lat' dir='ltr'><strong>Quid</strong></span> <span class='ocrx_word' id='word_1_597' title='bbox 2963 3350 3047 3396; x_wconf 90' lang='lat' dir='ltr'><strong>est</strong></span> <span class='ocrx_word' id='word_1_598' title='bbox 3095 3342 3449 3410; x_wconf 82' lang='lat' dir='ltr'><strong>sepulcrum?</strong></span> <span class='ocrx_word' id='word_1_599' title='bbox 3483 3341 3655 3397; x_wconf 84' lang='lat' dir='ltr'><strong>Lucus</strong></span> <span class='ocrx_word' id='word_1_600' title='bbox 3707 3353 3791 3398; x_wconf 89' lang='lat' dir='ltr'><strong>est</strong></span> 
     </span>
    </p>
   </div>
   <div class='ocr_carea' id='block_1_78' title="bbox 2202 3429 3788 3502">
    <p class='ocr_par' dir='ltr' id='par_1_78' title="bbox 2202 3429 3788 3502">
     <span class='ocr_line' id='line_1_78' title="bbox 2202 3429 3788 3502; baseline 0.004 -16"><span class='ocrx_word' id='word_1_601' title='bbox 2202 3429 2430 3502; x_wconf 86' lang='lat' dir='ltr'><strong>quietis,</strong></span> <span class='ocrx_word' id='word_1_602' title='bbox 2465 3430 2576 3499; x_wconf 88' lang='lat' dir='ltr'><strong>ubi,</strong></span> <span class='ocrx_word' id='word_1_603' title='bbox 2627 3431 2788 3502; x_wconf 74' lang='lat' dir='ltr'><strong>juxta</strong></span> <span class='ocrx_word' id='word_1_604' title='bbox 2840 3433 3026 3489; x_wconf 92' lang='lat' dir='ltr'><strong>mundi</strong></span> <span class='ocrx_word' id='word_1_605' title='bbox 3073 3435 3362 3499; x_wconf 89' lang='lat' dir='ltr'><strong>rationem,</strong></span> <span class='ocrx_word' id='word_1_606' title='bbox 3410 3435 3788 3493; x_wconf 81' lang='lat' dir='ltr'><strong>defunctorum</strong></span> 
     </span>
    </p>
   </div>
   <div class='ocr_carea' id='block_1_79' title="bbox 2204 3525 3786 3600">
    <p class='ocr_par' dir='ltr' id='par_1_79' title="bbox 2204 3525 3786 3600">
     <span class='ocr_line' id='line_1_79' title="bbox 2204 3525 3786 3600; baseline 0.005 -20"><span class='ocrx_word' id='word_1_607' title='bbox 2204 3539 2432 3598; x_wconf 88' lang='lat' dir='ltr'><strong>corpora</strong></span> <span class='ocrx_word' id='word_1_608' title='bbox 2465 3525 2834 3582; x_wconf 90' lang='lat' dir='ltr'><strong>collocantur.</strong></span> <span class='ocrx_word' id='word_1_609' title='bbox 2872 3525 3010 3588; x_wconf 65' lang='lat' dir='ltr'><strong>Veia</strong></span> <span class='ocrx_word' id='word_1_610' title='bbox 3040 3544 3170 3600; x_wconf 86' lang='lat' dir='ltr'><strong>ergo</strong></span> <span class='ocrx_word' id='word_1_611' title='bbox 3201 3530 3583 3600; x_wconf 86' lang='lat' dir='ltr'><strong>intelligentia,</strong></span> <span class='ocrx_word' id='word_1_612' title='bbox 3615 3531 3786 3588; x_wconf 91' lang='lat' dir='ltr'><strong>locum</strong></span> 
     </span>
    </p>
   </div>
   <div class='ocr_carea' id='block_1_80' title="bbox 2205 3617 3787 3692">
    <p class='ocr_par' dir='ltr' id='par_1_80' title="bbox 2205 3617 3787 3692">
     <span class='ocr_line' id='line_1_80' title="bbox 2205 3617 3787 3692; baseline 0.005 -18"><span class='ocrx_word' id='word_1_613' title='bbox 2205 3619 2308 3674; x_wconf 85' lang='lat' dir='ltr'><strong>sibi</strong></span> <span class='ocrx_word' id='word_1_614' title='bbox 2357 3617 2712 3689; x_wconf 79' lang='lat' dir='ltr'><strong>requietlonis</strong></span> <span class='ocrx_word' id='word_1_615' title='bbox 2763 3629 2917 3692; x_wconf 89' lang='lat' dir='ltr'><strong>pater</strong></span> <span class='ocrx_word' id='word_1_616' title='bbox 2957 3623 3232 3679; x_wconf 83' lang='lat' dir='ltr'><strong>Abraham</strong></span> <span class='ocrx_word' id='word_1_617' title='bbox 3260 3625 3362 3679; x_wconf 87' lang='lat' dir='ltr'><strong>ﬁde</strong></span> <span class='ocrx_word' id='word_1_618' title='bbox 3409 3642 3502 3680; x_wconf 88' lang='lat' dir='ltr'><strong>sua</strong></span> <span class='ocrx_word' id='word_1_619' title='bbox 3560 3635 3615 3683; x_wconf 90' lang='lat' dir='ltr'><strong>et</strong></span> <span class='ocrx_word' id='word_1_620' title='bbox 3659 3644 3787 3682; x_wconf 81' lang='lat' dir='ltr'><strong>con-</strong></span> 
     </span>
    </p>
   </div>
   <div class='ocr_carea' id='block_1_81' title="bbox 2210 3712 3786 3789">
    <p class='ocr_par' dir='ltr' id='par_1_81' title="bbox 2210 3712 3786 3789">
     <span class='ocr_line' id='line_1_81' title="bbox 2210 3712 3786 3789; baseline 0.005 -23"><span class='ocrx_word' id='word_1_621' title='bbox 2210 3720 2417 3782; x_wconf 88' lang='lat' dir='ltr'><strong>tempttt</strong></span> <span class='ocrx_word' id='word_1_622' title='bbox 2448 3717 2695 3783; x_wconf 73' lang='lat' dir='ltr'><strong>pecunia:</strong></span> <span class='ocrx_word' id='word_1_623' title='bbox 2727 3717 3064 3784; x_wconf 87' lang='lat' dir='ltr'><strong>comparavit</strong></span> <span class='ocrx_word' id='word_1_624' title='bbox 3089 3712 3259 3789; x_wconf 84' lang='lat' dir='ltr'><strong>(Gen.</strong></span> <span class='ocrx_word' id='word_1_625' title='bbox 3291 3731 3444 3783; x_wconf 78' lang='lat' dir='ltr'><strong>xxut,</strong></span> <span class='ocrx_word' id='word_1_626' title='bbox 3481 3719 3594 3789; x_wconf 84' lang='grc'><strong>17).</strong></span> <span class='ocrx_word' id='word_1_627' title='bbox 3643 3717 3786 3774; x_wconf 81' lang='lat' dir='ltr'><strong>Istud</strong></span> 
     </span>
    </p>
   </div>
   <div class='ocr_carea' id='block_1_82' title="bbox 2207 3805 3790 3880">
    <p class='ocr_par' dir='ltr' id='par_1_82' title="bbox 2207 3805 3790 3880">
     <span class='ocr_line' id='line_1_82' title="bbox 2207 3805 3790 3880; baseline 0.004 -19"><span class='ocrx_word' id='word_1_628' title='bbox 2207 3805 2312 3861; x_wconf 87' lang='lat' dir='ltr'><strong>sibi</strong></span> <span class='ocrx_word' id='word_1_629' title='bbox 2342 3806 2653 3875; x_wconf 79' lang='lat' dir='ltr'><strong>sepulcrum</strong></span> <span class='ocrx_word' id='word_1_630' title='bbox 2687 3816 2741 3862; x_wconf 92' lang='lat' dir='ltr'><strong>et</strong></span> <span class='ocrx_word' id='word_1_631' title='bbox 2773 3807 3029 3862; x_wconf 79' lang='lat' dir='ltr'><strong>Paulinus</strong></span> <span class='ocrx_word' id='word_1_632' title='bbox 3075 3823 3261 3864; x_wconf 85' lang='lat' dir='ltr'><strong>noster</strong></span> <span class='ocrx_word' id='word_1_633' title='bbox 3289 3825 3467 3880; x_wconf 90' lang='lat' dir='ltr'><strong>nuper</strong></span> <span class='ocrx_word' id='word_1_634' title='bbox 3509 3813 3625 3880; x_wconf 90' lang='lat' dir='ltr'><strong>ipse</strong></span> <span class='ocrx_word' id='word_1_635' title='bbox 3652 3813 3790 3867; x_wconf 83' lang='lat' dir='ltr'><strong>divi-</strong></span> 
     </span>
    </p>
   </div>
   <div class='ocr_carea' id='block_1_83' title="bbox 2207 3897 3791 3972">
    <p class='ocr_par' dir='ltr' id='par_1_83' title="bbox 2207 3897 3791 3972">
     <span class='ocr_line' id='line_1_83' title="bbox 2207 3897 3791 3972; baseline 0.004 -21"><span class='ocrx_word' id='word_1_636' title='bbox 2207 3897 2300 3952; x_wconf 88' lang='lat' dir='ltr'><strong>tiis</strong></span> <span class='ocrx_word' id='word_1_637' title='bbox 2324 3913 2444 3952; x_wconf 89' lang='lat' dir='ltr'><strong>cum</strong></span> <span class='ocrx_word' id='word_1_638' title='bbox 2473 3911 2568 3952; x_wconf 86' lang='lat' dir='ltr'><strong>sua</strong></span> <span class='ocrx_word' id='word_1_639' title='bbox 2601 3900 3012 3955; x_wconf 82' lang='lat' dir='ltr'><strong>tuatreiamilias</strong></span> <span class='ocrx_word' id='word_1_640' title='bbox 3040 3903 3393 3972; x_wconf 88' lang='lat' dir='ltr'><strong>comparavit,</strong></span> <span class='ocrx_word' id='word_1_641' title='bbox 3441 3903 3532 3972; x_wconf 90' lang='lat' dir='ltr'><strong>qui</strong></span> <span class='ocrx_word' id='word_1_642' title='bbox 3564 3919 3791 3959; x_wconf 88' lang='lat' dir='ltr'><strong>convcr-</strong></span> 
     </span>
    </p>
   </div>
   <div class='ocr_carea' id='block_1_84' title="bbox 2205 3989 3790 4064">
    <p class='ocr_par' dir='ltr' id='par_1_84' title="bbox 2205 3989 3790 4064">
     <span class='ocr_line' id='line_1_84' title="bbox 2205 3989 3790 4064; baseline 0.005 -22"><span class='ocrx_word' id='word_1_643' title='bbox 2205 3989 2416 4043; x_wconf 89' lang='lat' dir='ltr'><strong>satione</strong></span> <span class='ocrx_word' id='word_1_644' title='bbox 2455 3991 2637 4044; x_wconf 77' lang='lat' dir='ltr'><strong>smeuli</strong></span> <span class='ocrx_word' id='word_1_645' title='bbox 2693 3991 3010 4058; x_wconf 90' lang='lat' dir='ltr'><strong>morientes,</strong></span> <span class='ocrx_word' id='word_1_646' title='bbox 3046 4008 3076 4046; x_wconf 87' lang='lat' dir='ltr'><strong>a</strong></span> <span class='ocrx_word' id='word_1_647' title='bbox 3125 3993 3491 4049; x_wconf 90' lang='lat' dir='ltr'><strong>mundialibus</strong></span> <span class='ocrx_word' id='word_1_648' title='bbox 3529 3997 3790 4064; x_wconf 89' lang='lat' dir='ltr'><strong>operibus</strong></span> 
     </span>
    </p>
   </div>
   <div class='ocr_carea' id='block_1_85' title="bbox 2203 4077 3784 4154">
    <p class='ocr_par' dir='ltr' id='par_1_85' title="bbox 2203 4077 3784 4154">
     <span class='ocr_line' id='line_1_85' title="bbox 2203 4077 3784 4154; baseline 0.006 -22"><span class='ocrx_word' id='word_1_649' title='bbox 2203 4077 2314 4148; x_wconf 88' lang='lat' dir='ltr'><strong>jam</strong></span> <span class='ocrx_word' id='word_1_650' title='bbox 2345 4080 2646 4150; x_wconf 88' lang='lat' dir='ltr'><strong>quiescunt,</strong></span> <span class='ocrx_word' id='word_1_651' title='bbox 2675 4081 2889 4139; x_wconf 90' lang='lat' dir='ltr'><strong>dicente</strong></span> <span class='ocrx_word' id='word_1_652' title='bbox 2920 4085 3224 4154; x_wconf 79' lang='lat' dir='ltr'><strong>Apostolo:</strong></span> <span class='ocrx_word' id='word_1_653' title='bbox 3259 4085 3461 4139; x_wconf 79' lang='grc' dir='ltr'><strong>Μονιυὶ</strong></span> <span class='ocrx_word' id='word_1_654' title='bbox 3484 4087 3621 4141; x_wconf 84' lang='lat' dir='ltr'><strong>enim</strong></span> <span class='ocrx_word' id='word_1_655' title='bbox 3646 4089 3784 4152; x_wconf 74' lang='lat' dir='ltr'><strong>estis,</strong></span> 
     </span>
    </p>
   </div>
   <div class='ocr_carea' id='block_1_86' title="bbox 2209 4174 3789 4233">
    <p class='ocr_par' dir='ltr' id='par_1_86' title="bbox 2209 4174 3789 4233">
     <span class='ocr_line' id='line_1_86' title="bbox 2209 4174 3789 4233; baseline 0.006 -9"><span class='ocrx_word' id='word_1_656' title='bbox 2209 4183 2260 4224; x_wconf 87' lang='lat' dir='ltr'><strong>et</strong></span> <span class='ocrx_word' id='word_1_657' title='bbox 2315 4174 2420 4225; x_wconf 77' lang='lat' dir='ltr'><strong>rita</strong></span> <span class='ocrx_word' id='word_1_658' title='bbox 2471 4182 2635 4227; x_wconf 76' lang='lat' dir='ltr'><strong>vestra</strong></span> <span class='ocrx_word' id='word_1_659' title='bbox 2691 4175 2990 4229; x_wconf 76' lang='lat' dir='ltr'><strong>abscondita</strong></span> <span class='ocrx_word' id='word_1_660' title='bbox 3034 4187 3110 4230; x_wconf 82' lang='lat' dir='ltr'><strong>est</strong></span> <span class='ocrx_word' id='word_1_661' title='bbox 3155 4193 3267 4230; x_wconf 79' lang='lat' dir='ltr'><strong>cum</strong></span> <span class='ocrx_word' id='word_1_662' title='bbox 3329 4177 3533 4232; x_wconf 77' lang='lat' dir='ltr'><strong>Christo</strong></span> <span class='ocrx_word' id='word_1_663' title='bbox 3575 4180 3628 4233; x_wconf 84' lang='lat' dir='ltr'><strong>in</strong></span> <span class='ocrx_word' id='word_1_664' title='bbox 3679 4179 3789 4233; x_wconf 80' lang='lat' dir='ltr'><strong>Deo</strong></span> 
     </span>
    </p>
   </div>
   <div class='ocr_carea' id='block_1_87' title="bbox 2213 4259 3788 4334">
    <p class='ocr_par' dir='ltr' id='par_1_87' title="bbox 2213 4259 3788 4334">
     <span class='ocr_line' id='line_1_87' title="bbox 2213 4259 3788 4334; baseline 0.006 -18"><span class='ocrx_word' id='word_1_665' title='bbox 2213 4264 2235 4328; x_wconf 89' lang='lat'><strong>(</strong></span> <span class='ocrx_word' id='word_1_666' title='bbox 2259 4259 2372 4319; x_wconf 86' lang='lat' dir='ltr'><strong>Col.</strong></span> <span class='ocrx_word' id='word_1_667' title='bbox 2412 4279 2492 4326; x_wconf 82' lang='grc' dir='ltr'><strong>ιιι,</strong></span> <span class='ocrx_word' id='word_1_668' title='bbox 2519 4264 2599 4334; x_wconf 84' lang='grc'><strong>5).</strong></span> <span class='ocrx_word' id='word_1_669' title='bbox 2625 4265 2688 4319; x_wconf 88' lang='lat' dir='ltr'><strong>Et</strong></span> <span class='ocrx_word' id='word_1_670' title='bbox 2718 4264 2910 4319; x_wconf 87' lang='lat' dir='ltr'><strong>iterum</strong></span> <span class='ocrx_word' id='word_1_671' title='bbox 2941 4283 2954 4318; x_wconf 88' lang='lat'><strong>:</strong></span> <span class='ocrx_word' id='word_1_672' title='bbox 2983 4267 3045 4322; x_wconf 83' lang='lat' dir='ltr'><strong>Si</strong></span> <span class='ocrx_word' id='word_1_673' title='bbox 3065 4278 3237 4320; x_wconf 86' lang='lat' dir='ltr'><strong>autem</strong></span> <span class='ocrx_word' id='word_1_674' title='bbox 3263 4271 3446 4323; x_wconf 85' lang='lat' dir='ltr'><strong>mortui</strong></span> <span class='ocrx_word' id='word_1_675' title='bbox 3467 4285 3644 4324; x_wconf 69' lang='lat' dir='ltr'><strong>suum:</strong></span> <span class='ocrx_word' id='word_1_676' title='bbox 3673 4287 3788 4324; x_wconf 83' lang='lat' dir='ltr'><strong>eum</strong></span> 
     </span>
    </p>
   </div>
   <div class='ocr_carea' id='block_1_88' title="bbox 2209 4353 3788 4428">
    <p class='ocr_par' dir='ltr' id='par_1_88' title="bbox 2209 4353 3788 4428">
     <span class='ocr_line' id='line_1_88' title="bbox 2209 4353 3788 4428; baseline 0.005 -18"><span class='ocrx_word' id='word_1_677' title='bbox 2209 4353 2436 4419; x_wconf 74' lang='lat' dir='ltr'><strong>Christo,</strong></span> <span class='ocrx_word' id='word_1_678' title='bbox 2489 4358 2750 4412; x_wconf 75' lang='lat' dir='ltr'><strong>credimus</strong></span> <span class='ocrx_word' id='word_1_679' title='bbox 2777 4359 2899 4428; x_wconf 86' lang='lat' dir='ltr'><strong>quia</strong></span> <span class='ocrx_word' id='word_1_680' title='bbox 2949 4361 3106 4413; x_wconf 82' lang='lat' dir='ltr'><strong>simul</strong></span> <span class='ocrx_word' id='word_1_681' title='bbox 3151 4361 3378 4416; x_wconf 77' lang='lat' dir='ltr'><strong>vivemus</strong></span> <span class='ocrx_word' id='word_1_682' title='bbox 3421 4379 3539 4416; x_wconf 84' lang='lat' dir='ltr'><strong>eum</strong></span> <span class='ocrx_word' id='word_1_683' title='bbox 3586 4362 3788 4418; x_wconf 76' lang='lat' dir='ltr'><strong>Christo</strong></span> 
     </span>
    </p>
   </div>
   <div class='ocr_carea' id='block_1_89' title="bbox 2209 4447 3785 4526">
    <p class='ocr_par' dir='ltr' id='par_1_89' title="bbox 2209 4447 3785 4526">
     <span class='ocr_line' id='line_1_89' title="bbox 2209 4447 3785 4526; baseline 0.006 -25"><span class='ocrx_word' id='word_1_684' title='bbox 2209 4449 2231 4514; x_wconf 90' lang='lat'><strong>(</strong></span> <span class='ocrx_word' id='word_1_685' title='bbox 2259 4447 2412 4503; x_wconf 82' lang='lat' dir='ltr'><strong>llam.</strong></span> <span class='ocrx_word' id='word_1_686' title='bbox 2441 4464 2552 4517; x_wconf 88' lang='lat' dir='ltr'><strong>vtu,</strong></span> <span class='ocrx_word' id='word_1_687' title='bbox 2587 4449 2698 4520; x_wconf 75' lang='lat' dir='ltr'><strong>Iit).</strong></span> <span class='ocrx_word' id='word_1_688' title='bbox 2733 4450 2846 4505; x_wconf 89' lang='lat' dir='ltr'><strong>lloc</strong></span> <span class='ocrx_word' id='word_1_689' title='bbox 2873 4461 2957 4506; x_wconf 87' lang='lat' dir='ltr'><strong>est</strong></span> <span class='ocrx_word' id='word_1_690' title='bbox 3007 4452 3134 4506; x_wconf 90' lang='lat' dir='ltr'><strong>illttd</strong></span> <span class='ocrx_word' id='word_1_691' title='bbox 3188 4453 3386 4524; x_wconf 86' lang='lat' dir='ltr'><strong>duplex</strong></span> <span class='ocrx_word' id='word_1_692' title='bbox 3437 4456 3744 4526; x_wconf 86' lang='lat' dir='ltr'><strong>sepulcrum</strong></span> <span class='ocrx_word' id='word_1_693' title='bbox 3768 4496 3785 4516; x_wconf 92' lang='lat'><strong>.</strong></span> 
     </span>
    </p>
   </div>
   <div class='ocr_carea' id='block_1_90' title="bbox 519 4535 3785 4622">
    <p class='ocr_par' dir='ltr' id='par_1_90' title="bbox 519 4535 3785 4622">
     <span class='ocr_line' id='line_1_90' title="bbox 519 4535 3785 4622; baseline -0.006 -1"><span class='ocrx_word' id='word_1_694' title='bbox 519 4568 672 4621; x_wconf 83' lang='lat' dir='ltr'><strong>illam</strong></span> <span class='ocrx_word' id='word_1_695' title='bbox 721 4562 831 4615; x_wconf 90' lang='lat' dir='ltr'><strong>Deo</strong></span> <span class='ocrx_word' id='word_1_696' title='bbox 862 4565 1059 4622; x_wconf 90' lang='lat' dir='ltr'><strong>armat,</strong></span> <span class='ocrx_word' id='word_1_697' title='bbox 1089 4554 1289 4610; x_wconf 79' lang='lat' dir='ltr'><strong>oblitus</strong></span> <span class='ocrx_word' id='word_1_698' title='bbox 1334 4560 1444 4617; x_wconf 89' lang='lat' dir='ltr'><strong>est,</strong></span> <span class='ocrx_word' id='word_1_699' title='bbox 1481 4558 1535 4604; x_wconf 91' lang='lat' dir='ltr'><strong>et</strong></span> <span class='ocrx_word' id='word_1_700' title='bbox 1565 4547 1618 4602; x_wconf 92' lang='lat' dir='ltr'><strong>in</strong></span> <span class='ocrx_word' id='word_1_701' title='bbox 1653 4542 1903 4615; x_wconf 71' lang='lat' dir='ltr'><strong>prmcepti</strong></span> <span class='ocrx_word' id='word_1_702' title='bbox 1927 4543 2100 4612; x_wconf 86' lang='lat' dir='ltr'><strong>respi-</strong></span> <span class='ocrx_word' id='word_1_703' title='bbox 2129 4535 2182 4597; x_wconf 88' lang='lat' dir='ltr'><strong>D</strong></span> <span class='ocrx_word' id='word_1_704' title='bbox 2206 4541 2499 4596; x_wconf 83' lang='lat' dir='ltr'><strong>exterioris</strong></span> <span class='ocrx_word' id='word_1_705' title='bbox 2527 4542 2762 4597; x_wconf 90' lang='lat' dir='ltr'><strong>hominis</strong></span> <span class='ocrx_word' id='word_1_706' title='bbox 2787 4554 2842 4599; x_wconf 89' lang='lat' dir='ltr'><strong>et</strong></span> <span class='ocrx_word' id='word_1_707' title='bbox 2872 4544 3150 4599; x_wconf 88' lang='lat' dir='ltr'><strong>interioris</strong></span> <span class='ocrx_word' id='word_1_708' title='bbox 3179 4548 3333 4616; x_wconf 89' lang='lat' dir='ltr'><strong>quies</strong></span> <span class='ocrx_word' id='word_1_709' title='bbox 3381 4562 3505 4603; x_wconf 87' lang='lat' dir='ltr'><strong>una.</strong></span> <span class='ocrx_word' id='word_1_710' title='bbox 3553 4547 3685 4602; x_wconf 75' lang='lat' dir='ltr'><strong>Nam</strong></span> <span class='ocrx_word' id='word_1_711' title='bbox 3740 4550 3785 4603; x_wconf 86' lang='lat' dir='ltr'><strong>si</strong></span> 
     </span>
    </p>
   </div>
   <div class='ocr_carea' id='block_1_91' title="bbox 513 4639 2094 4724">
    <p class='ocr_par' dir='ltr' id='par_1_91' title="bbox 513 4639 2094 4724">
     <span class='ocr_line' id='line_1_91' title="bbox 513 4639 2094 4724; baseline -0.013 -9"><span class='ocrx_word' id='word_1_712' title='bbox 513 4661 663 4715; x_wconf 88' lang='lat' dir='ltr'><strong>ciens</strong></span> <span class='ocrx_word' id='word_1_713' title='bbox 696 4655 1054 4724; x_wconf 70' lang='lat' dir='ltr'><strong>maiestatem,</strong></span> <span class='ocrx_word' id='word_1_714' title='bbox 1089 4646 1431 4701; x_wconf 85' lang='lat' dir='ltr'><strong>atrocitatem</strong></span> <span class='ocrx_word' id='word_1_715' title='bbox 1480 4639 1814 4710; x_wconf 87' lang='lat' dir='ltr'><strong>operationis</strong></span> <span class='ocrx_word' id='word_1_716' title='bbox 1863 4654 1970 4694; x_wconf 90' lang='lat' dir='ltr'><strong>non</strong></span> <span class='ocrx_word' id='word_1_717' title='bbox 2008 4639 2094 4694; x_wconf 83' lang='lat' dir='ltr'><strong>di-</strong></span> 
     </span>
    </p>
   </div>
   <div class='ocr_carea' id='block_1_92' title="bbox 515 4738 2096 4824">
    <p class='ocr_par' dir='ltr' id='par_1_92' title="bbox 515 4738 2096 4824">
     <span class='ocr_line' id='line_1_92' title="bbox 515 4738 2096 4824; baseline -0.012 -17"><span class='ocrx_word' id='word_1_718' title='bbox 515 4763 710 4824; x_wconf 84' lang='lat' dir='ltr'><strong>gnatus</strong></span> <span class='ocrx_word' id='word_1_719' title='bbox 763 4757 848 4802; x_wconf 87' lang='lat' dir='ltr'><strong>est</strong></span> <span class='ocrx_word' id='word_1_720' title='bbox 892 4753 1204 4800; x_wconf 87' lang='lat' dir='ltr'><strong>retrectare.</strong></span> <span class='ocrx_word' id='word_1_721' title='bbox 1261 4738 1563 4806; x_wconf 88' lang='lat' dir='ltr'><strong>Implentur</strong></span> <span class='ocrx_word' id='word_1_722' title='bbox 1619 4747 1852 4802; x_wconf 90' lang='lat' dir='ltr'><strong>namque</strong></span> <span class='ocrx_word' id='word_1_723' title='bbox 1905 4746 2096 4788; x_wconf 87' lang='lat' dir='ltr'><strong>manus</strong></span> 
     </span>
    </p>
   </div>
   <div class='ocr_carea' id='block_1_93' title="bbox 515 4827 2094 4909">
    <p class='ocr_par' dir='ltr' id='par_1_93' title="bbox 515 4827 2094 4909">
     <span class='ocr_line' id='line_1_93' title="bbox 515 4827 2094 4909; baseline -0.012 -8"><span class='ocrx_word' id='word_1_724' title='bbox 515 4846 770 4909; x_wconf 88' lang='lat' dir='ltr'><strong>Domino,</strong></span> <span class='ocrx_word' id='word_1_725' title='bbox 803 4857 921 4894; x_wconf 89' lang='lat' dir='ltr'><strong>cum</strong></span> <span class='ocrx_word' id='word_1_726' title='bbox 971 4836 1184 4892; x_wconf 88' lang='lat' dir='ltr'><strong>Domini</strong></span> <span class='ocrx_word' id='word_1_727' title='bbox 1227 4839 1563 4900; x_wconf 88' lang='lat' dir='ltr'><strong>occupantur</strong></span> <span class='ocrx_word' id='word_1_728' title='bbox 1614 4827 1858 4896; x_wconf 77' lang='lat' dir='ltr'><strong>imperiis</strong></span> <span class='ocrx_word' id='word_1_729' title='bbox 1903 4844 1916 4879; x_wconf 88' lang='lat'><strong>:</strong></span> <span class='ocrx_word' id='word_1_730' title='bbox 1970 4842 2094 4882; x_wconf 88' lang='lat' dir='ltr'><strong>cum</strong></span> 
     </span>
    </p>
   </div>
   <div class='ocr_carea' id='block_1_94' title="bbox 521 4918 2097 4991">
    <p class='ocr_par' dir='ltr' id='par_1_94' title="bbox 521 4918 2097 4991">
     <span class='ocr_line' id='line_1_94' title="bbox 521 4918 2097 4991; baseline -0.01 -1"><span class='ocrx_word' id='word_1_731' title='bbox 521 4934 735 4991; x_wconf 80' lang='lat' dir='ltr'><strong>Domini</strong></span> <span class='ocrx_word' id='word_1_732' title='bbox 785 4931 995 4986; x_wconf 72' lang='lat' dir='ltr'><strong>tradita:</strong></span> <span class='ocrx_word' id='word_1_733' title='bbox 1039 4923 1333 4988; x_wconf 86' lang='lat' dir='ltr'><strong>voluntati,</strong></span> <span class='ocrx_word' id='word_1_734' title='bbox 1383 4937 1490 4976; x_wconf 86' lang='lat' dir='ltr'><strong>non</strong></span> <span class='ocrx_word' id='word_1_735' title='bbox 1547 4921 1778 4973; x_wconf 88' lang='lat' dir='ltr'><strong>hominis</strong></span> <span class='ocrx_word' id='word_1_736' title='bbox 1831 4918 2097 4988; x_wconf 89' lang='lat' dir='ltr'><strong>incipiunt</strong></span> 
     </span>
    </p>
   </div>
   <div class='ocr_carea' id='block_1_95' title="bbox 517 5011 2096 5090">
    <p class='ocr_par' dir='ltr' id='par_1_95' title="bbox 517 5011 2096 5090">
     <span class='ocr_line' id='line_1_95' title="bbox 517 5011 2096 5090; baseline -0.011 -9"><span class='ocrx_word' id='word_1_737' title='bbox 517 5043 659 5090; x_wconf 87' lang='lat' dir='ltr'><strong>esse,</strong></span> <span class='ocrx_word' id='word_1_738' title='bbox 693 5025 784 5078; x_wconf 84' lang='lat' dir='ltr'><strong>sed</strong></span> <span class='ocrx_word' id='word_1_739' title='bbox 832 5023 929 5078; x_wconf 88' lang='lat' dir='ltr'><strong>Dei</strong></span> <span class='ocrx_word' id='word_1_740' title='bbox 957 5040 967 5073; x_wconf 92' lang='lat'><strong>:</strong></span> <span class='ocrx_word' id='word_1_741' title='bbox 1001 5018 1220 5090; x_wconf 86' lang='lat' dir='ltr'><strong>quando</strong></span> <span class='ocrx_word' id='word_1_742' title='bbox 1251 5032 1357 5070; x_wconf 92' lang='lat' dir='ltr'><strong>non</strong></span> <span class='ocrx_word' id='word_1_743' title='bbox 1408 5011 1621 5066; x_wconf 77' lang='lat' dir='ltr'><strong>allectui</strong></span> <span class='ocrx_word' id='word_1_744' title='bbox 1653 5013 1834 5064; x_wconf 86' lang='lat' dir='ltr'><strong>carnis</strong></span> <span class='ocrx_word' id='word_1_745' title='bbox 1882 5011 2096 5066; x_wconf 85' lang='lat' dir='ltr'><strong>obtem-</strong></span> 
     </span>
    </p>
   </div>
   <div class='ocr_carea' id='block_1_96' title="bbox 514 5105 2098 5194">
    <p class='ocr_par' dir='ltr' id='par_1_96' title="bbox 514 5105 2098 5194">
     <span class='ocr_line' id='line_1_96' title="bbox 514 5105 2098 5194; baseline -0.011 -19"><span class='ocrx_word' id='word_1_746' title='bbox 514 5132 728 5194; x_wconf 82' lang='lat' dir='ltr'><strong>perant,</strong></span> <span class='ocrx_word' id='word_1_747' title='bbox 758 5119 850 5173; x_wconf 85' lang='lat' dir='ltr'><strong>sed</strong></span> <span class='ocrx_word' id='word_1_748' title='bbox 884 5115 1081 5170; x_wconf 74' lang='lat' dir='ltr'><strong>divina:</strong></span> <span class='ocrx_word' id='word_1_749' title='bbox 1109 5113 1357 5168; x_wconf 72' lang='lat' dir='ltr'><strong>serviunt</strong></span> <span class='ocrx_word' id='word_1_750' title='bbox 1399 5106 1654 5177; x_wconf 89' lang='lat' dir='ltr'><strong>jussloni.</strong></span> <span class='ocrx_word' id='word_1_751' title='bbox 1687 5105 1777 5161; x_wconf 89' lang='lat' dir='ltr'><strong>Sic</strong></span> <span class='ocrx_word' id='word_1_752' title='bbox 1816 5105 2000 5160; x_wconf 84' lang='lat' dir='ltr'><strong>Juditlt</strong></span> <span class='ocrx_word' id='word_1_753' title='bbox 2027 5106 2098 5160; x_wconf 86' lang='lat' dir='ltr'><strong>ob</strong></span> 
     </span>
    </p>
   </div>
   <div class='ocr_carea' id='block_1_97' title="bbox 518 5196 2102 5269">
    <p class='ocr_par' dir='ltr' id='par_1_97' title="bbox 518 5196 2102 5269">
     <span class='ocr_line' id='line_1_97' title="bbox 518 5196 2102 5269; baseline -0.013 0"><span class='ocrx_word' id='word_1_754' title='bbox 518 5215 822 5269; x_wconf 85' lang='lat' dir='ltr'><strong>libertatem</strong></span> <span class='ocrx_word' id='word_1_755' title='bbox 851 5209 1049 5264; x_wconf 84' lang='lat' dir='ltr'><strong>civium</strong></span> <span class='ocrx_word' id='word_1_756' title='bbox 1079 5205 1160 5258; x_wconf 89' lang='lat' dir='ltr'><strong>vel</strong></span> <span class='ocrx_word' id='word_1_757' title='bbox 1191 5206 1444 5266; x_wconf 86' lang='lat' dir='ltr'><strong>salutem,</strong></span> <span class='ocrx_word' id='word_1_758' title='bbox 1480 5215 1540 5253; x_wconf 89' lang='lat' dir='ltr'><strong>se</strong></span> <span class='ocrx_word' id='word_1_759' title='bbox 1587 5197 1688 5252; x_wconf 88' lang='lat' dir='ltr'><strong>sub</strong></span> <span class='ocrx_word' id='word_1_760' title='bbox 1716 5199 1901 5266; x_wconf 80' lang='lat' dir='ltr'><strong>Specie</strong></span> <span class='ocrx_word' id='word_1_761' title='bbox 1933 5196 2102 5249; x_wconf 81' lang='lat' dir='ltr'><strong>forni-</strong></span> 
     </span>
    </p>
   </div>
   <div class='ocr_carea' id='block_1_98' title="bbox 513 5286 2097 5370">
    <p class='ocr_par' dir='ltr' id='par_1_98' title="bbox 513 5286 2097 5370">
     <span class='ocr_line' id='line_1_98' title="bbox 513 5286 2097 5370; baseline -0.012 -11"><span class='ocrx_word' id='word_1_762' title='bbox 513 5306 747 5360; x_wconf 82' lang='lat' dir='ltr'><strong>cationis</strong></span> <span class='ocrx_word' id='word_1_763' title='bbox 780 5299 1026 5370; x_wconf 88' lang='lat' dir='ltr'><strong>implevit</strong></span> <span class='ocrx_word' id='word_1_764' title='bbox 1050 5299 1182 5358; x_wconf 90' lang='lat' dir='ltr'><strong>Deo,</strong></span> <span class='ocrx_word' id='word_1_765' title='bbox 1207 5305 1261 5348; x_wconf 89' lang='lat' dir='ltr'><strong>et</strong></span> <span class='ocrx_word' id='word_1_766' title='bbox 1281 5293 1508 5348; x_wconf 86' lang='lat' dir='ltr'><strong>inermis</strong></span> <span class='ocrx_word' id='word_1_767' title='bbox 1529 5297 1813 5353; x_wconf 87' lang='lat' dir='ltr'><strong>armatum,</strong></span> <span class='ocrx_word' id='word_1_768' title='bbox 1845 5299 1899 5342; x_wconf 88' lang='lat' dir='ltr'><strong>et</strong></span> <span class='ocrx_word' id='word_1_769' title='bbox 1927 5286 2097 5340; x_wconf 81' lang='lat' dir='ltr'><strong>virum</strong></span> 
     </span>
    </p>
   </div>
   <div class='ocr_carea' id='block_1_99' title="bbox 516 5376 2098 5458">
    <p class='ocr_par' dir='ltr' id='par_1_99' title="bbox 516 5376 2098 5458">
     <span class='ocr_line' id='line_1_99' title="bbox 516 5376 2098 5458; baseline -0.016 -3"><span class='ocrx_word' id='word_1_770' title='bbox 516 5401 715 5455; x_wconf 82' lang='lat' dir='ltr'><strong>mulier</strong></span> <span class='ocrx_word' id='word_1_771' title='bbox 745 5392 948 5451; x_wconf 83' lang='lat' dir='ltr'><strong>occidit</strong></span> <span class='ocrx_word' id='word_1_772' title='bbox 992 5387 1237 5458; x_wconf 72' lang='lat' dir='ltr'><strong>.(Jttdillt.</strong></span> <span class='ocrx_word' id='word_1_773' title='bbox 1275 5402 1368 5446; x_wconf 70' lang='lat' dir='ltr'><strong>XII,</strong></span> <span class='ocrx_word' id='word_1_774' title='bbox 1405 5385 1519 5454; x_wconf 78' lang='grc'><strong>15).</strong></span> <span class='ocrx_word' id='word_1_775' title='bbox 1579 5383 1669 5437; x_wconf 86' lang='lat' dir='ltr'><strong>Sic</strong></span> <span class='ocrx_word' id='word_1_776' title='bbox 1723 5397 1816 5434; x_wconf 88' lang='lat' dir='ltr'><strong>vos</strong></span> <span class='ocrx_word' id='word_1_777' title='bbox 1871 5376 2098 5432; x_wconf 81' lang='lat' dir='ltr'><strong>Domino</strong></span> 
     </span>
    </p>
   </div>
   <div class='ocr_carea' id='block_1_100' title="bbox 513 5469 2099 5558">
    <p class='ocr_par' dir='ltr' id='par_1_100' title="bbox 513 5469 2099 5558">
     <span class='ocr_line' id='line_1_100' title="bbox 513 5469 2099 5558; baseline -0.013 -17"><span class='ocrx_word' id='word_1_778' title='bbox 513 5493 687 5558; x_wconf 76' lang='lat' dir='ltr'><strong>plen-.1:</strong></span> <span class='ocrx_word' id='word_1_779' title='bbox 733 5486 917 5541; x_wconf 87' lang='lat' dir='ltr'><strong>carnis</strong></span> <span class='ocrx_word' id='word_1_780' title='bbox 948 5479 1235 5534; x_wconf 74' lang='lat' dir='ltr'><strong>affectibus</strong></span> <span class='ocrx_word' id='word_1_781' title='bbox 1265 5473 1616 5543; x_wconf 86' lang='lat' dir='ltr'><strong>triumphatis</strong></span> <span class='ocrx_word' id='word_1_782' title='bbox 1643 5490 1656 5538; x_wconf 71' lang='grc' dir='ltr'>ξ</span> <span class='ocrx_word' id='word_1_783' title='bbox 1707 5486 1812 5525; x_wconf 91' lang='lat' dir='ltr'><strong>non</strong></span> <span class='ocrx_word' id='word_1_784' title='bbox 1839 5469 2099 5538; x_wconf 72' lang='lat' dir='ltr'><strong>qumratis</strong></span> 
     </span>
    </p>
   </div>
   <div class='ocr_carea' id='block_1_101' title="bbox 507 5565 2095 5648">
    <p class='ocr_par' dir='ltr' id='par_1_101' title="bbox 507 5565 2095 5648">
     <span class='ocr_line' id='line_1_101' title="bbox 507 5565 2095 5648; baseline -0.014 -12"><span class='ocrx_word' id='word_1_785' title='bbox 507 5584 773 5648; x_wconf 84' lang='lat' dir='ltr'><strong>refugam,</strong></span> <span class='ocrx_word' id='word_1_786' title='bbox 807 5579 896 5648; x_wconf 89' lang='lat' dir='ltr'><strong>qui</strong></span> <span class='ocrx_word' id='word_1_787' title='bbox 932 5592 961 5630; x_wconf 74' lang='grc' dir='ltr'><strong>ει</strong></span> <span class='ocrx_word' id='word_1_788' title='bbox 986 5574 1161 5640; x_wconf 87' lang='lat' dir='ltr'><strong>vobis,</strong></span> <span class='ocrx_word' id='word_1_789' title='bbox 1193 5573 1406 5628; x_wconf 87' lang='lat' dir='ltr'><strong>etiamsi</strong></span> <span class='ocrx_word' id='word_1_790' title='bbox 1453 5578 1788 5629; x_wconf 88' lang='lat' dir='ltr'><strong>occurreret,</strong></span> <span class='ocrx_word' id='word_1_791' title='bbox 1819 5565 1961 5618; x_wconf 87' lang='lat' dir='ltr'><strong>foret</strong></span> <span class='ocrx_word' id='word_1_792' title='bbox 2005 5577 2095 5614; x_wconf 87' lang='lat' dir='ltr'><strong>oc-</strong></span> 
     </span>
    </p>
   </div>
   <div class='ocr_carea' id='block_1_102' title="bbox 507 5653 2098 5733">
    <p class='ocr_par' dir='ltr' id='par_1_102' title="bbox 507 5653 2098 5733">
     <span class='ocr_line' id='line_1_102' title="bbox 507 5653 2098 5733; baseline -0.013 -7"><span class='ocrx_word' id='word_1_793' title='bbox 507 5671 792 5732; x_wconf 87' lang='lat' dir='ltr'><strong>cidendus.</strong></span> <span class='ocrx_word' id='word_1_794' title='bbox 854 5667 1134 5723; x_wconf 75' lang='lat' dir='ltr'><strong>lletuittite</strong></span> <span class='ocrx_word' id='word_1_795' title='bbox 1194 5664 1414 5733; x_wconf 89' lang='lat' dir='ltr'><strong>pallium</strong></span> <span class='ocrx_word' id='word_1_796' title='bbox 1492 5661 1728 5716; x_wconf 86' lang='lat' dir='ltr'><strong>tunicam</strong></span> <span class='ocrx_word' id='word_1_797' title='bbox 1789 5653 2098 5711; x_wconf 85' lang='lat' dir='ltr'><strong>detrahenti</strong></span> 
     </span>
    </p>
   </div>
   <div class='ocr_carea' id='block_1_103' title="bbox 496 5748 2095 5837">
    <p class='ocr_par' dir='ltr' id='par_1_103' title="bbox 496 5748 2095 5837">
     <span class='ocr_line' id='line_1_103' title="bbox 496 5748 2095 5837; baseline -0.006 -19"><span class='ocrx_word' id='word_1_798' title='bbox 496 5764 656 5837; x_wconf 61' lang='lat' dir='ltr'><strong>(iure.</strong></span> <span class='ocrx_word' id='word_1_799' title='bbox 689 5777 765 5830; x_wconf 80' lang='lat' dir='ltr'><strong>vi,</strong></span> <span class='ocrx_word' id='word_1_800' title='bbox 811 5759 924 5831; x_wconf 74' lang='lat'><strong>29).</strong></span> <span class='ocrx_word' id='word_1_801' title='bbox 963 5756 1205 5818; x_wconf 83' lang='lat' dir='ltr'><strong>Pecunia</strong></span> <span class='ocrx_word' id='word_1_802' title='bbox 1236 5769 1428 5822; x_wconf 82' lang='lat' dir='ltr'><strong>eorum</strong></span> <span class='ocrx_word' id='word_1_803' title='bbox 1467 5767 1591 5826; x_wconf 78' lang='lat' dir='ltr'><strong>ctuti</strong></span> <span class='ocrx_word' id='word_1_804' title='bbox 1635 5749 1768 5824; x_wconf 78' lang='lat' dir='ltr'><strong>ipsis</strong></span> <span class='ocrx_word' id='word_1_805' title='bbox 1807 5750 1876 5810; x_wconf 80' lang='lat' dir='ltr'><strong>sit</strong></span> <span class='ocrx_word' id='word_1_806' title='bbox 1927 5749 1982 5808; x_wconf 89' lang='lat' dir='ltr'><strong>iu</strong></span> <span class='ocrx_word' id='word_1_807' title='bbox 2010 5748 2095 5822; x_wconf 50' lang='lat' dir='ltr'><strong>in:</strong></span> 
     </span>
    </p>
   </div>
   <div class='ocr_carea' id='block_1_104' title="bbox 2207 4633 3791 4705">
    <p class='ocr_par' dir='ltr' id='par_1_104' title="bbox 2207 4633 3791 4705">
     <span class='ocr_line' id='line_1_104' title="bbox 2207 4633 3791 4705; baseline 0.004 -15"><span class='ocrx_word' id='word_1_808' title='bbox 2207 4633 2376 4692; x_wconf 88' lang='lat' dir='ltr'><strong>homo</strong></span> <span class='ocrx_word' id='word_1_809' title='bbox 2405 4651 2470 4691; x_wconf 79' lang='lat' dir='ltr'><strong>ex</strong></span> <span class='ocrx_word' id='word_1_810' title='bbox 2501 4636 2710 4692; x_wconf 88' lang='lat' dir='ltr'><strong>duabus</strong></span> <span class='ocrx_word' id='word_1_811' title='bbox 2738 4637 3055 4694; x_wconf 88' lang='lat' dir='ltr'><strong>substantiis</strong></span> <span class='ocrx_word' id='word_1_812' title='bbox 3077 4651 3312 4705; x_wconf 79' lang='lat' dir='ltr'><strong>conStat,</strong></span> <span class='ocrx_word' id='word_1_813' title='bbox 3348 4643 3543 4695; x_wconf 90' lang='lat' dir='ltr'><strong>merito</strong></span> <span class='ocrx_word' id='word_1_814' title='bbox 3595 4653 3647 4695; x_wconf 88' lang='lat' dir='ltr'><strong>et</strong></span> <span class='ocrx_word' id='word_1_815' title='bbox 3700 4657 3791 4697; x_wconf 86' lang='lat' dir='ltr'><strong>se-</strong></span> 
     </span>
    </p>
   </div>
   <div class='ocr_carea' id='block_1_105' title="bbox 2205 4731 3785 4802">
    <p class='ocr_par' dir='ltr' id='par_1_105' title="bbox 2205 4731 3785 4802">
     <span class='ocr_line' id='line_1_105' title="bbox 2205 4731 3785 4802; baseline 0.003 -17"><span class='ocrx_word' id='word_1_816' title='bbox 2205 4732 2461 4802; x_wconf 67' lang='lat' dir='ltr'><strong>pulcrum</strong></span> <span class='ocrx_word' id='word_1_817' title='bbox 2493 4731 2692 4800; x_wconf 81' lang='lat' dir='ltr'><strong>duplex</strong></span> <span class='ocrx_word' id='word_1_818' title='bbox 2719 4731 2918 4786; x_wconf 83' lang='lat' dir='ltr'><strong>habere</strong></span> <span class='ocrx_word' id='word_1_819' title='bbox 2955 4731 3212 4787; x_wconf 86' lang='lat' dir='ltr'><strong>debebit:</strong></span> <span class='ocrx_word' id='word_1_820' title='bbox 3259 4742 3320 4788; x_wconf 83' lang='grc' dir='ltr'><strong>ιιι</strong></span> <span class='ocrx_word' id='word_1_821' title='bbox 3363 4749 3483 4791; x_wconf 90' lang='lat' dir='ltr'><strong>cum</strong></span> <span class='ocrx_word' id='word_1_822' title='bbox 3528 4734 3785 4790; x_wconf 86' lang='lat' dir='ltr'><strong>alterutra</strong></span> 
     </span>
    </p>
   </div>
   <div class='ocr_carea' id='block_1_106' title="bbox 2207 4824 3786 4896">
    <p class='ocr_par' dir='ltr' id='par_1_106' title="bbox 2207 4824 3786 4896">
     <span class='ocr_line' id='line_1_106' title="bbox 2207 4824 3786 4896; baseline 0.003 -17"><span class='ocrx_word' id='word_1_823' title='bbox 2207 4824 2510 4880; x_wconf 79' lang='lat' dir='ltr'><strong>substantia</strong></span> <span class='ocrx_word' id='word_1_824' title='bbox 2554 4824 2608 4878; x_wconf 94' lang='lat' dir='ltr'><strong>in</strong></span> <span class='ocrx_word' id='word_1_825' title='bbox 2639 4839 2791 4880; x_wconf 91' lang='lat' dir='ltr'><strong>suam</strong></span> <span class='ocrx_word' id='word_1_826' title='bbox 2827 4837 3073 4880; x_wconf 89' lang='lat' dir='ltr'><strong>naturam</strong></span> <span class='ocrx_word' id='word_1_827' title='bbox 3113 4826 3406 4882; x_wconf 85' lang='lat' dir='ltr'><strong>dissociata</strong></span> <span class='ocrx_word' id='word_1_828' title='bbox 3437 4830 3786 4896; x_wconf 89' lang='lat' dir='ltr'><strong>remeaverit,</strong></span> 
     </span>
    </p>
   </div>
   <div class='ocr_carea' id='block_1_107' title="bbox 2208 4918 3790 4989">
    <p class='ocr_par' dir='ltr' id='par_1_107' title="bbox 2208 4918 3790 4989">
     <span class='ocr_line' id='line_1_107' title="bbox 2208 4918 3790 4989; baseline 0.003 -15"><span class='ocrx_word' id='word_1_829' title='bbox 2208 4920 2425 4989; x_wconf 86' lang='lat' dir='ltr'><strong>requies</strong></span> <span class='ocrx_word' id='word_1_830' title='bbox 2473 4918 2685 4989; x_wconf 88' lang='lat' dir='ltr'><strong>utrique</strong></span> <span class='ocrx_word' id='word_1_831' title='bbox 2735 4935 2844 4975; x_wconf 93' lang='lat' dir='ltr'><strong>non</strong></span> <span class='ocrx_word' id='word_1_832' title='bbox 2877 4920 3037 4974; x_wconf 88' lang='lat' dir='ltr'><strong>desit.</strong></span> <span class='ocrx_word' id='word_1_833' title='bbox 3072 4920 3341 4988; x_wconf 87' lang='lat' dir='ltr'><strong>Quoniam</strong></span> <span class='ocrx_word' id='word_1_834' title='bbox 3387 4939 3508 4978; x_wconf 90' lang='lat' dir='ltr'><strong>cum</strong></span> <span class='ocrx_word' id='word_1_835' title='bbox 3557 4939 3624 4978; x_wconf 84' lang='lat' dir='ltr'><strong>ex</strong></span> <span class='ocrx_word' id='word_1_836' title='bbox 3669 4937 3790 4979; x_wconf 88' lang='lat' dir='ltr'><strong>cor-</strong></span> 
     </span>
    </p>
   </div>
   <div class='ocr_carea' id='block_1_108' title="bbox 2212 5012 3792 5082">
    <p class='ocr_par' dir='ltr' id='par_1_108' title="bbox 2212 5012 3792 5082">
     <span class='ocr_line' id='line_1_108' title="bbox 2212 5012 3792 5082; baseline 0.003 -17"><span class='ocrx_word' id='word_1_837' title='bbox 2212 5027 2346 5082; x_wconf 88' lang='lat' dir='ltr'><strong>pore</strong></span> <span class='ocrx_word' id='word_1_838' title='bbox 2375 5020 2435 5066; x_wconf 88' lang='lat' dir='ltr'><strong>et</strong></span> <span class='ocrx_word' id='word_1_839' title='bbox 2463 5013 2642 5067; x_wconf 88' lang='lat' dir='ltr'><strong>anima</strong></span> <span class='ocrx_word' id='word_1_840' title='bbox 2666 5012 2825 5068; x_wconf 88' lang='lat' dir='ltr'><strong>homo</strong></span> <span class='ocrx_word' id='word_1_841' title='bbox 2848 5013 2917 5068; x_wconf 88' lang='lat' dir='ltr'><strong>sit</strong></span> <span class='ocrx_word' id='word_1_842' title='bbox 2940 5031 2956 5068; x_wconf 92' lang='lat'><strong>:</strong></span> <span class='ocrx_word' id='word_1_843' title='bbox 2992 5022 3168 5069; x_wconf 87' lang='lat' dir='ltr'><strong>tamen</strong></span> <span class='ocrx_word' id='word_1_844' title='bbox 3196 5030 3295 5069; x_wconf 89' lang='lat' dir='ltr'><strong>nec</strong></span> <span class='ocrx_word' id='word_1_845' title='bbox 3320 5019 3499 5069; x_wconf 89' lang='lat' dir='ltr'><strong>anirua</strong></span> <span class='ocrx_word' id='word_1_846' title='bbox 3528 5015 3650 5069; x_wconf 90' lang='lat' dir='ltr'><strong>sine</strong></span> <span class='ocrx_word' id='word_1_847' title='bbox 3673 5031 3792 5070; x_wconf 88' lang='lat' dir='ltr'><strong>cor-</strong></span> 
     </span>
    </p>
   </div>
   <div class='ocr_carea' id='block_1_109' title="bbox 2210 5105 3792 5175">
    <p class='ocr_par' dir='ltr' id='par_1_109' title="bbox 2210 5105 3792 5175">
     <span class='ocr_line' id='line_1_109' title="bbox 2210 5105 3792 5175; baseline 0.001 -16"><span class='ocrx_word' id='word_1_848' title='bbox 2210 5119 2348 5174; x_wconf 82' lang='lat' dir='ltr'><strong>pore</strong></span> <span class='ocrx_word' id='word_1_849' title='bbox 2379 5105 2543 5158; x_wconf 89' lang='lat' dir='ltr'><strong>homo</strong></span> <span class='ocrx_word' id='word_1_850' title='bbox 2571 5105 2678 5160; x_wconf 84' lang='lat' dir='ltr'><strong>dici</strong></span> <span class='ocrx_word' id='word_1_851' title='bbox 2703 5114 2902 5175; x_wconf 86' lang='lat' dir='ltr'><strong>potest,</strong></span> <span class='ocrx_word' id='word_1_852' title='bbox 2927 5121 3026 5160; x_wconf 90' lang='lat' dir='ltr'><strong>nec</strong></span> <span class='ocrx_word' id='word_1_853' title='bbox 3047 5121 3240 5175; x_wconf 85' lang='lat' dir='ltr'><strong>corpus</strong></span> <span class='ocrx_word' id='word_1_854' title='bbox 3265 5107 3384 5161; x_wconf 88' lang='lat' dir='ltr'><strong>sine</strong></span> <span class='ocrx_word' id='word_1_855' title='bbox 3411 5107 3590 5161; x_wconf 88' lang='lat' dir='ltr'><strong>anima</strong></span> <span class='ocrx_word' id='word_1_856' title='bbox 3629 5106 3792 5160; x_wconf 89' lang='lat' dir='ltr'><strong>homo</strong></span> 
     </span>
    </p>
   </div>
   <div class='ocr_carea' id='block_1_110' title="bbox 2213 5197 3792 5266">
    <p class='ocr_par' dir='ltr' id='par_1_110' title="bbox 2213 5197 3792 5266">
     <span class='ocr_line' id='line_1_110' title="bbox 2213 5197 3792 5266; baseline 0.003 -19"><span class='ocrx_word' id='word_1_857' title='bbox 2213 5208 2330 5250; x_wconf 90' lang='lat' dir='ltr'><strong>est:</strong></span> <span class='ocrx_word' id='word_1_858' title='bbox 2360 5213 2482 5250; x_wconf 89' lang='lat' dir='ltr'><strong>cum</strong></span> <span class='ocrx_word' id='word_1_859' title='bbox 2511 5207 2688 5253; x_wconf 87' lang='lat' dir='ltr'><strong>tamen</strong></span> <span class='ocrx_word' id='word_1_860' title='bbox 2718 5199 2898 5252; x_wconf 90' lang='lat' dir='ltr'><strong>anima</strong></span> <span class='ocrx_word' id='word_1_861' title='bbox 2926 5207 2980 5252; x_wconf 90' lang='lat' dir='ltr'><strong>et</strong></span> <span class='ocrx_word' id='word_1_862' title='bbox 3004 5213 3202 5266; x_wconf 85' lang='lat' dir='ltr'><strong>corpus</strong></span> <span class='ocrx_word' id='word_1_863' title='bbox 3223 5198 3408 5252; x_wconf 88' lang='lat' dir='ltr'><strong>homo.</strong></span> <span class='ocrx_word' id='word_1_864' title='bbox 3434 5198 3538 5252; x_wconf 85' lang='lat' dir='ltr'><strong>Sed</strong></span> <span class='ocrx_word' id='word_1_865' title='bbox 3566 5197 3656 5251; x_wconf 83' lang='lat' dir='ltr'><strong>tibi</strong></span> <span class='ocrx_word' id='word_1_866' title='bbox 3689 5200 3792 5252; x_wconf 87' lang='lat' dir='ltr'><strong>hoc</strong></span> 
     </span>
    </p>
   </div>
   <div class='ocr_carea' id='block_1_111' title="bbox 2214 5291 3795 5361">
    <p class='ocr_par' dir='ltr' id='par_1_111' title="bbox 2214 5291 3795 5361">
     <span class='ocr_line' id='line_1_111' title="bbox 2214 5291 3795 5361; baseline 0.002 -17"><span class='ocrx_word' id='word_1_867' title='bbox 2214 5306 2432 5354; x_wconf 86' lang='lat' dir='ltr'><strong>nomen,</strong></span> <span class='ocrx_word' id='word_1_868' title='bbox 2481 5293 2621 5361; x_wconf 90' lang='lat' dir='ltr'><strong>quod</strong></span> <span class='ocrx_word' id='word_1_869' title='bbox 2677 5307 2740 5345; x_wconf 83' lang='lat' dir='ltr'><strong>ex</strong></span> <span class='ocrx_word' id='word_1_870' title='bbox 2798 5291 3008 5346; x_wconf 89' lang='lat' dir='ltr'><strong>duobus</strong></span> <span class='ocrx_word' id='word_1_871' title='bbox 3048 5293 3360 5346; x_wconf 88' lang='lat' dir='ltr'><strong>nominibus</strong></span> <span class='ocrx_word' id='word_1_872' title='bbox 3408 5291 3539 5356; x_wconf 80' lang='lat' dir='ltr'><strong>suis,</strong></span> <span class='ocrx_word' id='word_1_873' title='bbox 3576 5293 3795 5361; x_wconf 86' lang='lat' dir='ltr'><strong>proprie</strong></span> 
     </span>
    </p>
   </div>
   <div class='ocr_carea' id='block_1_112' title="bbox 2215 5385 3794 5454">
    <p class='ocr_par' dir='ltr' id='par_1_112' title="bbox 2215 5385 3794 5454">
     <span class='ocr_line' id='line_1_112' title="bbox 2215 5385 3794 5454; baseline 0.003 -18"><span class='ocrx_word' id='word_1_874' title='bbox 2215 5386 2433 5438; x_wconf 88' lang='lat' dir='ltr'><strong>tertium</strong></span> <span class='ocrx_word' id='word_1_875' title='bbox 2457 5385 2684 5439; x_wconf 90' lang='lat' dir='ltr'><strong>duorum</strong></span> <span class='ocrx_word' id='word_1_876' title='bbox 2714 5386 3100 5440; x_wconf 81' lang='lat' dir='ltr'><strong>commixtione</strong></span> <span class='ocrx_word' id='word_1_877' title='bbox 3131 5387 3429 5454; x_wconf 85' lang='lat' dir='ltr'><strong>perﬁcitur,</strong></span> <span class='ocrx_word' id='word_1_878' title='bbox 3457 5403 3648 5440; x_wconf 87' lang='lat' dir='ltr'><strong>coruut</strong></span> <span class='ocrx_word' id='word_1_879' title='bbox 3683 5387 3794 5441; x_wconf 89' lang='lat' dir='ltr'><strong>dis-</strong></span> 
     </span>
    </p>
   </div>
   <div class='ocr_carea' id='block_1_113' title="bbox 2210 5478 3794 5551">
    <p class='ocr_par' dir='ltr' id='par_1_113' title="bbox 2210 5478 3794 5551">
     <span class='ocr_line' id='line_1_113' title="bbox 2210 5478 3794 5551; baseline 0.008 -22"><span class='ocrx_word' id='word_1_880' title='bbox 2210 5478 2350 5530; x_wconf 90' lang='lat' dir='ltr'><strong>sidio</strong></span> <span class='ocrx_word' id='word_1_881' title='bbox 2381 5478 2540 5532; x_wconf 86' lang='lat' dir='ltr'><strong>fuerit</strong></span> <span class='ocrx_word' id='word_1_882' title='bbox 2567 5492 2876 5541; x_wconf 87' lang='lat' dir='ltr'><strong>vacuatum,</strong></span> <span class='ocrx_word' id='word_1_883' title='bbox 2903 5497 2997 5534; x_wconf 90' lang='lat' dir='ltr'><strong>sua</strong></span> <span class='ocrx_word' id='word_1_884' title='bbox 3025 5482 3251 5551; x_wconf 83' lang='lat' dir='ltr'><strong>singulis</strong></span> <span class='ocrx_word' id='word_1_885' title='bbox 3293 5483 3412 5536; x_wconf 87' lang='lat' dir='ltr'><strong>loca</strong></span> <span class='ocrx_word' id='word_1_886' title='bbox 3443 5482 3507 5536; x_wconf 89' lang='lat' dir='ltr'><strong>ad</strong></span> <span class='ocrx_word' id='word_1_887' title='bbox 3549 5483 3794 5550; x_wconf 53' lang='lat' dir='ltr'><strong>requiem</strong></span> 
     </span>
    </p>
   </div>
   <div class='ocr_carea' id='block_1_114' title="bbox 2205 5572 3798 5644">
    <p class='ocr_par' dir='ltr' id='par_1_114' title="bbox 2205 5572 3798 5644">
     <span class='ocr_line' id='line_1_114' title="bbox 2205 5572 3798 5644; baseline 0.006 -22"><span class='ocrx_word' id='word_1_888' title='bbox 2205 5579 2539 5623; x_wconf 88' lang='lat' dir='ltr'><strong>censentur:</strong></span> <span class='ocrx_word' id='word_1_889' title='bbox 2597 5572 2850 5639; x_wconf 87' lang='lat' dir='ltr'><strong>quoniam</strong></span> <span class='ocrx_word' id='word_1_890' title='bbox 2902 5584 3188 5644; x_wconf 88' lang='lat' dir='ltr'><strong>utrumque</strong></span> <span class='ocrx_word' id='word_1_891' title='bbox 3249 5575 3396 5642; x_wconf 87' lang='lat' dir='ltr'><strong>vivit,</strong></span> <span class='ocrx_word' id='word_1_892' title='bbox 3453 5584 3507 5629; x_wconf 91' lang='lat' dir='ltr'><strong>et</strong></span> <span class='ocrx_word' id='word_1_893' title='bbox 3562 5578 3798 5632; x_wconf 87' lang='lat' dir='ltr'><strong>moritur</strong></span> 
     </span>
    </p>
   </div>
   <div class='ocr_carea' id='block_1_115' title="bbox 2205 5661 3796 5737">
    <p class='ocr_par' dir='ltr' id='par_1_115' title="bbox 2205 5661 3796 5737">
     <span class='ocr_line' id='line_1_115' title="bbox 2205 5661 3796 5737; baseline 0.006 -22"><span class='ocrx_word' id='word_1_894' title='bbox 2205 5673 2513 5732; x_wconf 88' lang='lat' dir='ltr'><strong>utrumque.</strong></span> <span class='ocrx_word' id='word_1_895' title='bbox 2543 5661 2673 5718; x_wconf 82' lang='lat' dir='ltr'><strong>Nam</strong></span> <span class='ocrx_word' id='word_1_896' title='bbox 2717 5665 2857 5721; x_wconf 89' lang='lat' dir='ltr'><strong>sicut</strong></span> <span class='ocrx_word' id='word_1_897' title='bbox 2888 5677 3083 5737; x_wconf 62' lang='lat' dir='ltr'><strong>praeter</strong></span> <span class='ocrx_word' id='word_1_898' title='bbox 3115 5668 3252 5723; x_wconf 88' lang='lat' dir='ltr'><strong>hanc</strong></span> <span class='ocrx_word' id='word_1_899' title='bbox 3288 5668 3476 5734; x_wconf 88' lang='lat' dir='ltr'><strong>vitam,</strong></span> <span class='ocrx_word' id='word_1_900' title='bbox 3523 5667 3628 5724; x_wconf 87' lang='lat' dir='ltr'><strong>alia</strong></span> <span class='ocrx_word' id='word_1_901' title='bbox 3683 5670 3796 5726; x_wconf 78' lang='lat' dir='ltr'><strong>vita</strong></span> 
     </span>
    </p>
   </div>
   <div class='ocr_carea' id='block_1_116' title="bbox 2203 5753 3789 5834">
    <p class='ocr_par' dir='ltr' id='par_1_116' title="bbox 2203 5753 3789 5834">
     <span class='ocr_line' id='line_1_116' title="bbox 2203 5753 3789 5834; baseline 0.006 -20"><span class='ocrx_word' id='word_1_902' title='bbox 2203 5763 2288 5814; x_wconf 84' lang='lat' dir='ltr'><strong>est</strong></span> <span class='ocrx_word' id='word_1_903' title='bbox 2315 5753 2592 5816; x_wconf 77' lang='lat' dir='ltr'><strong>beatorum</strong></span> <span class='ocrx_word' id='word_1_904' title='bbox 2622 5773 2634 5812; x_wconf 88' lang='lat'><strong>:</strong></span> <span class='ocrx_word' id='word_1_905' title='bbox 2665 5755 2738 5819; x_wconf 82' lang='lat' dir='ltr'><strong>ita</strong></span> <span class='ocrx_word' id='word_1_906' title='bbox 2771 5767 2968 5834; x_wconf 68' lang='lat' dir='ltr'><strong>prieter</strong></span> <span class='ocrx_word' id='word_1_907' title='bbox 3016 5759 3153 5820; x_wconf 84' lang='lat' dir='ltr'><strong>banc</strong></span> <span class='ocrx_word' id='word_1_908' title='bbox 3184 5768 3435 5834; x_wconf 84' lang='lat' dir='ltr'><strong>mortem,</strong></span> <span class='ocrx_word' id='word_1_909' title='bbox 3481 5771 3654 5832; x_wconf 66' lang='lat' dir='ltr'><strong>mors,</strong></span> <span class='ocrx_word' id='word_1_910' title='bbox 3678 5759 3789 5824; x_wconf 78' lang='lat' dir='ltr'><strong>alia</strong></span> 
     </span>
    </p>
   </div>
  </div>
