3998 6198
271 279 342 337 49
700 274 1032 336 EPISTOLA
1067 274 1163 339 ΙΙΙ.
1203 271 1650 335 EXHORTATIO
1688 271 1780 332 AD
1815 270 2247 334 MARCELLAM
2285 272 2376 334 UT
2413 272 2733 333 ADVERSA
2771 270 3144 332 TOLERET.'
3468 271 3538 329 50

269 395 567 467 impiorum
594 401 695 452 est.
725 395 833 454 Sed
863 395 1006 452 inter
1051 395 1188 452 hanc
1215 395 1381 450 vitam
1403 403 1460 451 et
1483 400 1712 450 mortem
1732 435 1746 458 ,
1773 401 1852 448 at-
1877 393 1932 454 Α
2024 393 2152 462 Cap.
2177 393 2367 449 VII.—-
2395 395 2520 450 Hmc
2549 405 2676 450 sunt
2713 396 2891 465 itaque
2935 394 3041 449 duo
3071 393 3320 464 sepulcra
3347 435 3361 459 ,
3411 408 3532 464 quae

273 506 384 562 que
411 490 558 546 illam
584 491 766 554 vitam,
788 497 844 544 et
868 498 1118 553 mortem,
1152 489 1378 545 interest
1405 489 1528 556 hoc,
1561 485 1704 558 quod
1737 485 1856 542 ista:

276 593 486 638 naturae
514 591 660 648 sunt,
702 582 811 638 illa
839 591 966 637 sunt
985 581 1324 638 meritorum.
1353 582 1530 652 Atque
1556 581 1630 635 ita
1658 581 1857 650 duplex

275 675 586 747 sepulcrum
610 684 666 732 et
696 685 904 732 naturae
931 676 1161 733 debetur
1189 685 1246 733 et
1267 676 1499 732 meritis.
1532 676 1645 731 Hoc
1675 675 1860 747 sepul-

275 783 427 821 crum
467 767 571 822 sibi
597 767 796 838 duplex
829 768 1250 837 patreslamilias
1277 768 1390 834 isti,
1418 769 1488 824 de
1531 767 1728 839 quibus
1774 767 1859 823 Iu-

274 860 386 914 cuti
426 875 638 926 sumus,
671 859 1034 930 providerunt
1083 881 1096 914 :
1141 861 1232 932 qui
1277 861 1562 927 Senatum,
1605 861 1860 927 honores,

275 948 500 1006 divitias
529 952 910 1022 relinquendo,
933 953 1132 1008 mortui
1164 953 1268 1010 illis
1297 954 1640 1020 videbantur,
1669 955 1865 1025 quibus

278 1059 407 1100 esse
434 1045 689 1100 videntur
717 1047 880 1102 etiam
912 1047 1039 1101 dum
1067 1047 1252 1102 vivunt
1276 1049 1491 1102 mortui.
1537 1048 1673 1101 Ecce
1699 1064 1860 1102 unum

277 1136 618 1206 sepulcrum,
650 1138 701 1192 in
725 1153 838 1208 quo
867 1139 1206 1194 conversatio
1235 1140 1436 1192 veteris
1469 1138 1700 1192 hominis
1737 1154 1859 1192 cum

277 1230 595 1297 crepundiis
643 1243 761 1284 sua:
820 1229 1114 1284 nobilitatis
1152 1228 1520 1284 absconditur.
1575 1228 1709 1285 Illud
1756 1230 1862 1284 erit

274 1320 422 1375 aliud
454 1336 576 1375 cum
608 1321 780 1389 ipsum
804 1335 1026 1390 corpus,
1049 1321 1188 1389 quod
1217 1331 1426 1376 naturae
1450 1321 1574 1390 lege
1592 1322 1855 1376 caducum

275 1423 380 1477 est,
422 1412 745 1468 dissolutum
777 1423 1086 1469 revertetur
1116 1415 1168 1468 in
1191 1425 1388 1469 terram
1419 1431 1430 1468 :
1460 1415 1529 1469 de
1555 1414 1859 1484 qua'scrip-

277 1514 388 1559 tum
439 1515 526 1561 est
554 1524 568 1560 :
593 1504 757 1561 Terra
783 1524 856 1573 es,
885 1515 934 1561 et
962 1507 1014 1560 in
1045 1518 1232 1561 terram
1259 1508 1357 1562 ibis
1405 1506 1563 1578 (Gen.
1616 1524 1698 1574 III,
1729 1507 1816 1580 I9)
1840 1527 1854 1563 :

276 1602 457 1655 anima
517 1609 696 1657 tamen
744 1603 796 1656 in
830 1600 1117 1673 refrigerio
1172 1604 1569 1673 requiescente.
1602 1603 1735 1658 Nam
1765 1603 1858 1672 qui

273 1693 478 1762 duplex
507 1694 614 1750 sibi
642 1693 949 1766 sepulcrum
978 1695 1217 1750 noluerit
1267 1710 1606 1763 comparare,
1638 1695 1860 1752 habebit

273 1789 504 1843 forsitan
528 1788 682 1856 juxta
712 1788 1081 1858 conditionem
1114 1797 1342 1856 naturae,
1372 1789 1461 1844 ubi
1485 1804 1684 1858 corpus
1714 1805 1856 1844 mor-
1885 1772 1933 1832 Β

274 1883 382 1938 tale
409 1883 714 1938 condatur:
743 1898 852 1938 non
881 1883 1103 1939 habebit
1118 1884 1269 1952 juxta
1302 1883 1480 1939 meriti
1527 1884 1724 1952 legem,
1758 1883 1854 1939 ubi

274 1977 453 2030 anima
481 1975 808 2043 requiescat.
841 1974 993 2042 Quod
1022 1975 1242 2046 quidem
1271 1975 1339 2028 ita
1369 1975 1722 2031 constitutum
1750 1983 1857 2042 est,

273 2079 338 2122 ut
367 2082 515 2122 mors
545 2067 672 2132 ista,
704 2081 827 2137 quae
860 2082 954 2136 per
981 2065 1405 2122 dissolutionem
1459 2067 1655 2121 animae
1700 2082 1864 2136 gene-

267 2167 427 2213 ratur
463 2168 521 2214 et
546 2159 813 2227 corporis,
847 2158 1025 2214 media
1052 2159 1123 2213 sit
1149 2169 1204 2212 et
1229 2158 1456 2214 duarum
1510 2160 1765 2213 mortium
1807 2167 1862 2214 et

274 2252 515 2308 duarum
568 2253 823 2307 vitarum.
884 2252 974 2307 Bis
1024 2252 1167 2307 enim
1210 2251 1480 2308 hominem
1512 2269 1736 2309 necesse
1779 2263 1862 2309 est

266 2344 436 2407 mori.
469 2352 530 2398 et
560 2342 644 2397 bis
673 2344 724 2398 ei
769 2345 880 2397 vita
927 2343 1170 2399 debetur.
1199 2343 1332 2399 Nam
1359 2355 1413 2398 et
1435 2346 1626 2399 beatus
1658 2345 1856 2400 Paulus

267 2436 410 2489 duas
455 2435 695 2490 breviter
723 2433 864 2488 vitas
885 2433 1208 2506 designavit,
1234 2435 1466 2491 dicendo
1491 2455 1504 2489 ε
1536 2435 1712 2491 Pietas
1764 2454 1860 2491 au-

267 2539 372 2584 tem
421 2528 492 2583 ad
523 2530 698 2581 omnia
750 2528 906 2593 valet,
959 2529 1351 2600 promissionem
1399 2529 1592 2584 habens
1621 2530 1760 2596 vitm,
1813 2540 1860 2584 et

269 2625 388 2692 ejus
413 2635 534 2693 quia
584 2636 721 2673 nunc
776 2630 869 2684 est,
920 2628 968 2673 et
1017 2624 1213 2690 futurae
1259 2620 1472 2692 (ITim.
1523 2637 1594 2688 tv,
1633 2623 1742 2676 l3l.
1794 2621 1862 2678 Et

273 2717 467 2768 beatus
496 2713 738 2767 Joannes
766 2711 818 2766 in
842 2712 1172 2784 Apocalypsi
1205 2713 1340 2767 duas
1364 2723 1565 2769 mortes
1601 2714 1858 2780 ostendit,

270 2805 506 2862 dicendo
543 2823 555 2858 :
591 2803 658 2859 In
697 2821 784 2859 eos
812 2821 948 2859 mors
977 2806 1203 2860 secunda
1228 2822 1331 2859 non
1361 2807 1510 2861 habet
1558 2815 1862 2878 potestatem

271 2900 466 2971 (Apoc.
510 2913 606 2964 xx,
636 2897 714 2970 6).
766 2897 1075 2954 Secundam
1121 2897 1265 2955 enim
1311 2897 1468 2965 dixit,
1522 2900 1647 2970 quia
1676 2907 1762 2957 est
1806 2908 1864 2956 et

272 2992 474 3063 prima.

347 3085 484 3157 Cap.
517 3083 604 3138 VI.
646 3113 718 3125 -—-
751 3083 861 3141 Sed
901 3084 1034 3141 illud
1079 3085 1234 3140 nobis
1272 3101 1467 3158 magna
1511 3088 1722 3143 ratione
1752 3096 1862 3143 tra-

275 3179 562 3242 ctandum,
592 3185 648 3233 et
668 3177 913 3248 diligenti
944 3179 1432 3250 circumspectione
1475 3181 1864 3250 providendum
1891 3161 1935 3223 C

281 3281 404 3337 est,
445 3287 514 3323 an
564 3279 686 3325 ante
725 3271 882 3324 istam
927 3279 1189 3338 mortem,
1235 3287 1357 3342 qua:
1403 3273 1778 3343 separatione,
1809 3284 1868 3329 ut

286 3363 440 3429 dixi,
488 3362 680 3418 animae
723 3365 1078 3435 corporisque
1120 3376 1432 3435 generatur,
1485 3369 1621 3420 mori
1666 3369 1868 3422 sazcnlo

291 3456 423 3511 huic
450 3456 976 3528 (anatltematizatis.
1003 3458 1048 3510 si
1091 3466 1268 3526 potest
1305 3457 1441 3522 dici,
1475 3459 1724 3514 omnibus
1752 3460 1871 3529 ejus

286 3551 660 3622 voluptatibus
686 3592 701 3613 ,
748 3564 869 3620 quze
901 3551 1054 3605 nobis
1091 3561 1242 3606 extra
1291 3552 1482 3606 lineam
1534 3553 1712 3606 vitalis
1745 3554 1873 3607 sub-

287 3645 510 3699 stantia:
554 3644 738 3699 mundi
787 3645 963 3709 copiis
1012 3649 1397 3716 suggeruntur)
1445 3647 1694 3701 malimus
1748 3666 1760 3702 :
1801 3664 1870 3703 an

292 3745 416 3805 post
449 3736 752 3790 naturalem
793 3735 1104 3801 interitum,
1151 3736 1242 3805 qui
1287 3738 1520 3792 animam
1567 3754 1872 3810 corpusque

292 3829 578 3884 discernit.
621 3827 776 3884 Unde
803 3838 854 3882 et
887 3830 1134 3885 interitus
1157 3829 1371 3895 dicitur,
1402 3830 1544 3900 quod
1589 3831 1729 3886 inter
1759 3832 1873 3901 ipsa

294 3930 380 3975 eat
401 3963 415 3979 .
443 3936 508 3975 ac
538 3919 775 3977 medium
804 3937 866 3977 se
897 3923 1036 3976 inter
1065 3921 1200 3975 duas
1228 3921 1587 3984 substantias,
1617 3937 1737 3990 qua:
1779 3923 1875 3977 ho-

301 4013 500 4068 minem
555 4014 637 4068 sui
695 4015 1076 4085 conjugatione
1131 4013 1422 4081 faciebant,
1466 4016 1681 4068 tertium
1723 4013 1874 4070 illum

295 4107 522 4174 gradum
556 4105 814 4176 perfecta:
861 4107 1175 4161 substantia:
1222 4105 1533 4161 sublaturus
1569 4106 1872 4175 itnmergat.

298 4201 562 4265 Quoniam
597 4203 687 4272 qui
717 4201 803 4256 hic
833 4213 1078 4256 mortuus
1109 4202 1299 4267 luerit,
1349 4200 1532 4255 mundi
1585 4201 1876 4269 voluptati-

307 4293 409 4347 bus
436 4311 538 4348 non
589 4295 790 4350 utendo
815 4338 829 4359 ,
871 4303 928 4350 et
971 4294 1217 4364 corporis
1260 4294 1506 4348 stimulos
1547 4293 1876 4359 obterendo,

300 4391 656 4458 consepultus
677 4405 797 4444 esse
818 4390 1031 4444 videtur
1059 4405 1180 4442 ctttn
1201 4388 1417 4443 Christo
1439 4387 1616 4459 (Rom.
1636 4403 1714 4452 vt,
1745 4387 1833 4459 II)
1861 4406 1874 4442 :

300 4491 358 4534 et
385 4481 430 4535 si
457 4482 806 4552 consepultus
828 4522 842 4547 ,
871 4482 1062 4552 utique
1089 4481 1143 4537 in
1173 4482 1452 4552 sepulcro,
1478 4483 1598 4537 sine
1621 4497 1727 4551 quo
1757 4496 1880 4536 esse

1957 486 2059 540 sibi
2093 496 2147 542 et
2167 486 2424 541 Paulinus
2442 489 2525 542 vir
2555 487 2847 558 singularis
2872 487 2940 541 ad
2983 487 3270 556 imaginem
3300 487 3532 556 patriar-

1959 581 2077 638 chae
2117 582 2536 637 sollicitissimus
2583 583 2871 652 requisivit
2897 599 2909 635 :
2940 597 3103 635 unum
3125 621 3141 648 ,
3171 581 3261 634 ubi
3290 590 3343 636 et
3374 589 3530 635 vete-

1960 692 2077 733 rem
2106 677 2379 732 hominem
2410 692 2528 732 cum
2554 677 2758 732 actibus
2782 676 2894 731 suis
2926 675 3190 748 spoliatus
3216 675 3530 729 occuleret:

1963 780 2019 826 et
2068 769 2192 826 licet
2235 770 2466 827 necdum
2497 786 2692 840 corpus
2735 770 3108 840 deposuisset,
3147 770 3384 824 carnalia
3426 787 3534 824 non

1965 862 2190 919 haberet
2211 865 2267 918 in
2307 877 2477 918 carne
2506 881 2518 916 :
2544 862 2718 928 aliud,
2750 863 2838 917 ubi
2866 878 3093 932 corpore
3121 862 3268 932 ipso,
3295 877 3414 915 cum
3438 879 3534 916 vc-

1967 955 2110 1010 nerit
2157 955 2416 1010 Dominus
2443 955 2787 1024 confringere
2831 962 3033 1009 terram
3067 955 3214 1023 ejus,
3257 954 3536 1022 exposito,

1962 1060 2196 1112 animam
2222 1057 2448 1113 collocet
2481 1061 2530 1112 in
2554 1059 2770 1129 quiete,
2815 1069 2873 1113 ut
2917 1059 3037 1114 ﬁdei
3081 1067 3210 1114 tunc
3249 1067 3402 1124 pater
3449 1058 3540 1112 ille

1961 1150 2077 1205 hzrc
2108 1151 2230 1204 liliis
2258 1159 2602 1218 contemptu,
2644 1159 2701 1204 ut
2730 1151 3000 1214 diximus,
3042 1150 3286 1220 pecunia:
3325 1166 3538 1220 compa-

1961 1243 2141 1297 ravit:
2182 1244 2232 1296 in
2267 1258 2375 1313 quo
2416 1243 2566 1296 dives
2598 1259 2720 1295 cum
2755 1259 2993 1324 paupere
3039 1259 3145 1298 non
3179 1244 3353 1313 potuit
3383 1258 3543 1297 recu-

1959 1334 2106 1392 bare.
2150 1336 2263 1390 lIuc
2293 1352 2480 1390 omnes
2506 1337 2822 1407 peregrinos
2854 1337 3036 1391 mundi
3065 1377 3081 1404 ,
3131 1337 3235 1391 huc
3278 1347 3498 1407 egentes
3525 1380 3539 1402 ,

1958 1443 2062 1499 huc
2087 1446 2252 1500 etiam
2284 1445 2658 1502 exhacredatos
2684 1459 2781 1514 pro
2811 1443 3029 1498 Christo
3055 1441 3414 1497 smcularihus
3444 1457 3534 1495 rc-

1957 1539 2123 1607 cipiet
2151 1539 2505 1594 testamentis.
2536 1538 2766 1606 Ideoque
2812 1552 2910 1591 nec
2942 1535 3229 1606 vestigium
3263 1533 3454 1588 habuit
3485 1534 3539 1587 in

1958 1634 2061 1690 hac
2095 1645 2239 1690 terra
2262 1676 2277 1699 ,
2309 1633 2561 1704 quoniam
2610 1647 2770 1687 nemo
2802 1632 2892 1701 qui
2936 1645 3059 1686 eum
3106 1637 3428 1699 sequeretur
3459 1627 3542 1680 in-

1961 1740 2152 1784 ventus
2193 1736 2296 1783 est.
2331 1727 2399 1782 At
2447 1741 2591 1782 nunc
2638 1740 2764 1790 vos,
2801 1724 2924 1778 lilia:
2951 1768 2966 1791 ,
2997 1721 3255 1776 conﬁdite
3279 1762 3294 1785 ,
3325 1735 3444 1790 qum
3475 1734 3544 1774 ex

1962 1837 2026 1877 eo
2058 1819 2341 1890 vestigium
2382 1819 2609 1874 Abrahae
2646 1817 2810 1882 estis,
2856 1832 2920 1870 ex
2964 1829 3073 1884 quo
3121 1813 3188 1868 de
3239 1821 3382 1868 terra
3433 1826 3543 1865 non

1965 1928 2086 1970 esse
2114 1912 2373 1981 ccepistis.
2405 1908 2782 1980 Obsequimini
2825 1906 3093 1962 voluntati
3128 1903 3302 1976 patris
3333 1902 3499 1958 vestri
3526 1943 3542 1966 ,

1965 2003 2121 2074 cujus
2149 2000 2471 2071 corruptelae
2499 2000 2773 2054 obsecuta:
2797 2013 2902 2051 non
2925 1997 3057 2052 estis
3081 2015 3092 2049 :
3126 1995 3215 2067 qui
3243 1994 3396 2049 vobis
3421 2008 3449 2046 a
3478 1991 3543 2046 ii-

1965 2099 2053 2154 liis
2080 2097 2220 2154 IIeth
2246 2096 2554 2167 sepulcrum
2580 2094 2746 2161 emit,
2775 2091 2917 2163 quod
2948 2090 3050 2145 sibi
3084 2100 3137 2144 et
3172 2088 3383 2142 caeteris
3429 2088 3544 2141 suis

1967 2191 2143 2247 noluit
2169 2204 2488 2258 comparare
2513 2204 2528 2242 :
2562 2186 2704 2255 apud
2733 2200 2870 2254 quos
2897 2184 3086 2252 utique
3128 2189 3353 2235 mortuae
3379 2179 3546 2243 estis,

1964 2281 2182 2352 quando
2205 2296 2327 2336 cum
2349 2280 2429 2334 eis
2459 2277 2510 2333 id
2541 2277 2684 2348 quod
2717 2276 2823 2330 vivi
2852 2277 2904 2328 in
2933 2272 3132 2329 mundo
3165 2270 3536 2341 possederint,

1965 2390 2072 2430 non
2101 2374 2322 2430 tenetis.
2358 2371 2678 2441 Gratiasque
2717 2369 2794 2423 illi
2829 2381 3048 2437 semper
3093 2364 3274 2435 agite,
3317 2363 3408 2432 qui
3443 2376 3540 2414 vos

1965 2468 2068 2524 hoc
2095 2467 2223 2523 fecit
2251 2466 2531 2535 vestigium
2567 2478 2672 2517 non
2706 2461 2945 2517 habere:
2981 2470 3037 2514 ut
3075 2458 3148 2512 ibi
3182 2472 3303 2511 cum
3327 2455 3544 2537 'Lazaro

1963 2561 2177 2631 signum
2206 2557 2440 2614 Abrahat
2470 2556 2764 2612 haberetis.
2797 2553 3077 2609 Possideat
3108 2565 3238 2620 ergo
3269 2549 3360 2604 ille
3389 2564 3548 2619 pecn-

1963 2652 2106 2708 niam
2131 2697 2146 2717 ,
2184 2666 2282 2707 vos
2313 2651 2621 2720 sepulcrum
2650 2668 2663 2704 :
2713 2648 2802 2704 ille
2834 2646 3096 2716 imagines
3136 2657 3419 2710 escarum,
3456 2657 3553 2698 vos

1961 2745 2206 2818 requiem
2238 2745 2293 2799 Pt
2309 2744 2626 2812 ephetarum
2639 2783 2652 2797 .

2095 2877 2407 2936 MUNITUM
2447 2877 2514 2934 IN
2555 2876 2942 2934 EPISTOLAM
2981 2874 3414 2941 SEQUENTEM.

2039 2992 2168 3047 Hcce
2193 2994 2418 3061 ascripta
2447 3000 2520 3046 est
2549 2991 2704 3046 etiam
2735 2990 2965 3045 Paulino
3005 2989 3220 3059 epistola
3247 3034 3260 3052 ,
3293 2990 3360 3040 ad
3393 2990 3546 3059 cujus

1966 3065 2243 3118 dictionem
2284 3064 2447 3117 doctis
2478 3065 2631 3127 viris,
2661 3074 2814 3131 atque
2840 3062 2938 3132 ipsi
2968 3077 3160 3131 nupera
3191 3062 3304 3130 ejus
3333 3076 3546 3126 operum

1967 3136 2172 3190 Etlitori
2204 3138 2422 3189 maxime
2442 3134 2687 3187 accedere
2712 3135 2820 3186 visa
2845 3142 2936 3185 est.
2983 3132 3168 3186 Verum
3192 3173 3205 3192 ,
3232 3146 3348 3182 eum
3387 3132 3548 3180 multa

1968 3209 2020 3260 in
2051 3225 2108 3260 ea
2151 3208 2286 3270 sint,
2319 3223 2432 3277 qtttt'
2459 3222 2574 3257 cum
2619 3204 2832 3258 Paulini
2874 3203 3088 3277 historia
3114 3199 3353 3277 componi
3384 3201 3548 3277 nullo

1968 3279 2120 3331 modo
2146 3269 2386 3344 possunt,
2419 3277 2498 3330 illi
2528 3278 2679 3329 etiam
2709 3286 2781 3329 est
2808 3277 2928 3342 jure
2959 3272 3109 3344 plane
3135 3272 3314 3344 merito
3342 3269 3549 3336 abjtttli-

1969 3361 2108 3403 cata.
2142 3342 2251 3420 Ego
2273 3391 2287 3410 ,
2320 3350 2447 3413 nisi,
2472 3349 2609 3412 quod
2641 3346 2890 3420 Erasmus
2912 3342 3126 3420 putabat
3154 3343 3420 3420 ,lineptunt
3449 3349 3546 3420 est,

1966 3422 2023 3474 in
2046 3412 2540 3486 tantavSa-iptorum
2569 3417 2721 3468 turba
2739 3457 2752 3476 ,
2776 3412 3030 3486 quasilla
3060 3413 3446 3486 ferebathwtas,‘
3468 3412 3549 3486 di-

1971 3495 2181 3556 vitiare,
2229 3480 2375 3561 cujus
2420 3492 2521 3553 sit,
2567 3480 2818 3561 Philippo
2850 3483 3147 3561 presbytero
3173 3480 3325 3561 uelim
3363 3480 3547 3543 tribui,

1972 3565 2060 3631 qui
2088 3554 2325 3632 optimus
2351 3561 2564 3612 auditor
2596 3554 2936 3632 Hieronymi,
2966 3554 3234 3632 Gennadio
3265 3560 3388 3603 teste
3429 3568 3544 3632 cap.

1973 3623 2297 3701 62,56ripsit
2328 3631 2620 3701 familiares
2650 3623 2908 3701 episuvlas
2935 3627 3091 3701 valde
3113 3623 3294 3701 falsas.
3318 3623 3552 3701 maxime

1973 3693 2396 3773 ad'paup'ertatis
2419 3711 2476 3755 et
2495 3693 2741 3755 dolorum
2769 3698 3105 3773 tolerantiam
3129 3693 3548 3773 exhortatorias.

1975 3765 2186 3828 Ex'his'
2211 3785 2343 3828 certe
2363 3789 2474 3843 quia
2495 3780 2869 3843 totoreontextt‘t
2889 3768 3280 3843 (edisseruntur,
3311 3765 3553 3843 nihil-uc—

1975 3847 2137 3900 eurrit
2179 3834 2536 3915 ttobis,'quod
2567 3842 2635 3916 ab,
2675 3844 2784 3910 ejus
2828 3840 3095 3916 Philippi,
3141 3838 3358 3904 itemque
3390 3834 3551 3916 ,Μαν-

1975 3916 2152 3979 cella,
2193 3918 2260 3970 ad
2298 3913 2452 3985 quam
2487 3913 3063 3985 scribitttr._pet'sonis,
3097 3924 3268 3960 rerum
3299 3913 3484 3985 serie,-
3506 3918 3553 3958 et

1977 3976 2377 4042 circumstantiis
2401 3986 2693 4039 abhorreat.
2728 3976 2981 4037 Marcella
3010 3991 3206 4042 autem,
3239 3995 3341 4030 non
3374 3990 3428 4028 ut
3457 3976 3554 4029 Le-

1980 4059 2162 4113 bruaio
2189 4059 2414 4122 violetur,
2465 4057 2571 4109 alia
2607 4067 2680 4110 est
2704 4097 2719 4118 ,
2760 4067 2911 4121 atque
2938 4053 3068 4117 illa,
3111 4050 3176 4104 ad
3226 4065 3381 4122 quam
3421 4065 3556 4116 swpe

1981 4129 2330 4200 Hieronymus
2358 4119 2594 4200 scripsit:
2628 4136 2673 4178 et
2695 4119 2845 4197 cujus
2877 4125 3029 4177 vitam
3060 4119 3277 4200 epistola
3303 4119 3556 4200 irritostm

1979 4195 2270 4254 recensione
2301 4200 2400 4252 1'27
2426 4241 2439 4260 ,
2465 4195 2531 4251 ad
2559 4195 2874 4266 Principiam
2900 4195 3132 4264 exposuit
3163 4207 3179 4243 .·
3207 4201 3259 4242 ut
3289 4195 3555 4266 enimcw.

1981 4283 2092 4326 tera
2121 4273 2497 4326 dissintulemus
2521 4309 2536 4333 ,
2580 4260 2850 4339 manifesto
2898 4260 3044 4320 illam
3073 4266 3257 4339 ipsum:
3278 4277 3386 4313 esse
3415 4260 3556 4338 Aue-

1982 4353 2061 4397 tor
2108 4345 2454 4407 demonstrat,
2495 4357 2613 4395 eum
2642 4334 2901 4411 ait-initio
2940 4339 3065 4408 Cap.
3121 4353 3158 4392 tt
3199 4334 3344 4411 illam
3384 4349 3456 4411 se”
3484 4334 3558 4410 ινξ-

1982 4415 2153 4481 dissc,
2177 4430 2242 4468 eo
2275 4405 2549 4485 tempere,
2585 4428 2690 4484 quo
2722 4410 2838 4485 ejus
2868 4405 3086 4485 domum
3136 4405 3553 4485 regalis“:tl'lini--

1983 4492 2067 4538 tas
2093 4472 2362 4540 ambiebat
2447 4472 2563 4538 cum
2592 4472 2702 4553 ejus
2724 4472 2917 4538 scilicet
2942 4481 3146 4554 nuptias
3175 4472 3400 4533 cerealis
3432 4488 3556 4528 con-

303 4589 411 4627 non
444 4584 624 4644 potest
654 4575 950 4644 sepultura.
1000 4575 1137 4631 Huic
1167 4585 1220 4631 ct
1261 4591 1410 4631 mors
1447 4575 1550 4630 alia
1579 4575 1868 4631 communit

1986 4562 2064 4612 aut
2091 4566 2364 4628 expeteret.

301 4668 392 4721 illa
422 4668 673 4735 debetur,
705 4686 825 4741 qua:
847 4671 1084 4724 animam
1125 4686 1153 4724 a
1185 4670 1415 4726 vinculis
1454 4671 1697 4740 corporis
1725 4669 1888 4725 solvit

302 4771 362 4814 et
389 4761 616 4828 liberat,
645 4763 728 4819 cui
755 4766 964 4834 corpori
991 4779 1143 4836 teque
1171 4779 1325 4818 suum
1350 4764 1684 4832 sepulcrum,
1717 4772 1770 4818 et
1791 4778 1889 4818 sua

303 4857 586 4926 sepultura
615 4856 876 4914 debetur.
908 4859 1000 4914 lIis
1037 4859 1245 4914 duabus
1272 4860 1538 4914 mortibus
1569 4869 1688 4929 pust
1717 4859 1888 4930 gemio

2549 4697 2884 4754 EPISTULA
2922 4695 3011 4750 Ill.
3406 4690 3422 4750 ἒ

2557 4809 2624 4847 ΑΙ)
2654 4804 2992 4847 ιιικιιεειιηω.

2005 4861 2081 4903 :1:

2351 4909 2672 4963 Exhortatur
2699 4917 2753 4959 ut
2772 4906 2990 4958 adversa
3012 4904 3211 4958 toleret.

306 4975 438 5013 num
466 4959 775 5029 sepulcrum
801 4952 835 5026 ,’
857 4960 1011 5014 beata
1041 4951 1134 5016 illa
1174 4968 1230 5015 et
1257 4969 1518 5030 perpetua
1550 4952 1658 5014 vita
1704 4974 1890 5014 succe-

306 5057 408 5113 dit.
442 5057 712 5114 Caeterum
751 5058 839 5131 qui
874 5069 1040 5114 totum
1086 5058 1343 5114 ntundum
1389 5059 1478 5114 hic
1513 5058 1881 5126 lucrifecerit,

308 5161 626 5230 ambiendo,
655 5161 914 5231 rapiendo
943 5161 1234 5232 :quoniam
1261 5161 1348 5216 hic
1374 5159 1513 5216 facta
1543 5160 1722 5216 carnis
1747 5175 1892 5217 mor-

315 5261 524 5320 titicare
552 5261 913 5331 contempsit,
946 5271 1068 5334 post
1112 5263 1268 5319 istam
1302 5261 1602 5318 naturalem
1633 5271 1891 5327 mortem,

317 5376 390 5430 qu
429 5377 477 5416 tn
506 5360 737 5418 transire
768 5378 876 5418 non
909 5377 1223 5434 possumus,
1264 5363 1462 5418 dicitur
1491 5362 1685 5418 merito
1716 5377 1822 5418 uno
1844 5371 1901 5419 et

1999 5043 2006 5052 ι
2069 5007 2109 5061 I.
2143 5008 2384 5079 Magnam
2400 5006 2687 5062 humilitati
2711 5015 2911 5066 nostra},
2937 5003 3182 5060 ﬁduciam
3203 5003 3475 5060 scribendi
3509 5007 3576 5062 ad

1996 5110 2401 5165 venerationem
2449 5117 2592 5161 tuam
2616 5147 2630 5173 ,
2653 5105 2861 5160 Christi
2889 5106 3127 5163 charitas
3155 5107 3307 5164 dedit
3331 5124 3345 5162 :
3373 5125 3493 5177 quae
3525 5119 3577 5165 te

1998 5211 2127 5268 fecit
2156 5211 2418 5266 humilem
2443 5209 2606 5262 corde
2629 5207 2867 5278 pietatis,
2893 5217 2948 5265 et
2967 5210 3185 5267 divitem
3213 5210 3467 5280 operibus
3497 5211 3584 5264 Le-

2004 5304 2349 5360 nedictionis.
2384 5299 2532 5354 Talis
2562 5300 2762 5355 etenim
2785 5301 2850 5356 de
2876 5304 3079 5357 sanctis
3101 5303 3230 5356 lidei
3258 5312 3360 5352 tute
3382 5299 3588 5355 divitiis

2007 5399 2150 5454 fama
2189 5396 2456 5469 processit
2483 5435 2498 5459 ,
2529 5404 2588 5448 ut
2617 5395 2681 5449 ad
2708 5410 2807 5450 nos
2834 5411 3051 5467 quoque
3081 5396 3133 5449 in
3161 5392 3456 5462 longinquo
3487 5408 3588 5462 po-

323 5463 558 5533 simplici
583 5464 844 5535 sepulcro
865 5478 987 5522 esse
1015 5464 1288 5530 conditus,
1316 5466 1403 5522 vel
1430 5467 1605 5537 potius
1633 5481 1868 5522 common

2013 5492 2147 5547 sitos
2176 5485 2568 5560 penetraverit.
2601 5495 2658 5541 et
2705 5487 2889 5540 auditu
2929 5491 3117 5556 gratia:
3163 5487 3290 5549 Dei,
3323 5494 3591 5552 tamquam

318 5563 522 5621 datus:
554 5575 612 5621 et
639 5567 692 5622 in
715 5567 1012 5623 secundam
1037 5576 1268 5624 mortem
1294 5569 1462 5624 miser
1491 5569 1757 5634 incurrit,
1790 5584 1868 5636 qu:

2017 5585 2139 5639 oleo
2195 5581 2439 5646 lictitizc,
2492 5578 2904 5647 itnpingttaVerit
2959 5594 3083 5632 Ossa
3148 5585 3354 5633 nostra.
3405 5577 3602 5634 Notum

327 5667 492 5739 plena
524 5677 609 5726 est
637 5679 694 5725 et
723 5667 975 5726 dolorum
1000 5670 1326 5737 aeternitate,
1350 5679 1404 5726 et
1428 5670 1920 5742 Iacrymarumper-
2023 5675 2166 5728 enim
2198 5672 2392 5726 factum
2422 5678 2506 5723 est
2527 5667 2686 5720 nobis
2722 5667 2920 5721 bonum
2969 5677 3154 5738 tuum,
3197 5667 3448 5738 quoniam
3483 5670 3606 5723 illu-

331 5773 618 5842 petuitate.
850 5772 858 5775 ”
884 5772 892 5775 ”
943 5771 948 5776 ’
1063 5772 1074 5776 ’⁷
1131 5768 1161 5778 ’Ἴ
1205 5770 1210 5774 ’
1615 5819 1620 5824 .
2029 5762 2414 5822 minavitDeus
2443 5761 2648 5817 vultum
2679 5773 2834 5814 suum
2876 5775 3039 5829 super
3085 5774 3157 5820 te.
3198 5759 3512 5829 Segreguvit
3553 5769 3609 5813 te
