4000 6354
493 277 565 336 ,31
1521 277 1582 337 Si.
1625 277 2011 337 HIERON’HH
2048 279 2334 341 OPERUM
2363 281 2740 342 MANTISSA.
3299 333 3306 338 .
3702 289 3794 345 53

423 441 425 445 .
499 414 566 454 ex
594 403 754 454 utero
786 400 1117 472 cognationis
1140 409 1197 456 et
1221 408 1380 457 terrae
1411 407 1552 456 tute:
1587 414 1692 454 non
1723 397 2168 472 regione-,'sed.-A
2191 401 2336 456 scius
2351 415 2669 457 arcanorum
2693 401 2998 458 omlestinm
3021 409 3506 468 contestatur-mou
3526 407 3796 460 essecon-

499 492 693 562 spiritu
727 493 880 549 home
907 495 1204 549 voluntatis
1233 512 1246 548 :
1272 506 1330 550 ut
1367 495 1436 550 de
1475 493 1701 550 terrenis
1732 492 1925 564 opibus
1955 491 2090 548 lide-

501 586 609 640 lem
637 586 738 641 sibi
769 590 1060 642 constituat
1081 588 1131 642 in
1154 587 1465 643 coelestibus
1485 627 1500 650 ,
1533 599 1720 640 earum
1764 583 2086 653 participem

501 677 570 732 de
598 677 790 746 quibus
817 678 1073 746 scriptum
1119 687 1201 732 est
1243 695 1256 732 :
1290 677 1536 732 Mulieres
1567 677 1822 747 sapientes
1852 675 2085 744 wdiﬁea-

503 779 682 822 verunt
705 768 799 822 sibi
825 769 1003 822 domos
1030 768 1215 837 (Prov.
1247 785 1360 833 xlv,
1394 771 1419 826 1
1466 785 1568 822 sec.
1609 765 1796 836 LXX).
1831 767 1958 821 Ilazc
1985 782 2085 820 au-

503 870 612 915 tem
647 860 931 916 audientes
967 861 1036 916 de
1068 871 1157 916 tua
1196 861 1455 915 felicitate
1499 860 1711 914 cmlesti
1734 902 1748 925 ,
1799 857 2086 913 effudimus

503 969 685 1008 coram
712 953 821 1008 Deo
851 955 1014 1009 corda
1040 966 1220 1008 nostra
1247 995 1260 1020 ,
1293 964 1345 1008 ct
1372 955 1424 1006 in
1448 970 1565 1008 voce
1586 952 1944 1007 exsultationis
1968 968 2087 1019 epu-

503 1045 666 1100 lantes
699 1045 815 1118 (Ps.
862 1063 982 1113 xu,
1023 1049 1110 1117 5),
1154 1047 1389 1103 diximus
1429 1066 1443 1102 :
1479 1047 1731 1102 Dominus
1771 1047 2083 1115 mortiﬁcat,

497 1139 751 1194 Dominus
783 1141 1009 1211 viviﬁcat
1031 1183 1045 1204 ,
1071 1142 1279 1195 deducit
1302 1141 1368 1194 ad
1397 1142 1592 1212 inferos
1617 1181 1632 1206 ,
1657 1149 1702 1194 et
1734 1140 1953 1195 reducit.
1985 1137 2088 1194 Da-

499 1235 673 1287 minus
705 1235 883 1287 divites
913 1250 1167 1304 pauperes
1197 1235 1359 1302 facit,
1395 1230 1615 1286 humiles
1643 1231 1837 1287 exultat
1880 1231 1921 1302 (l
1956 1230 2085 1302 Iit'g.

494 1343 533 1382 It
553 1369 568 1393 ,
593 1328 646 1398 6)
677 1344 691 1383 :
722 1327 810 1382 sed
837 1329 1080 1398 quoniam
1112 1326 1220 1398 [AL
1251 1327 1396 1398 quia]
1441 1328 1578 1380 calix
1609 1329 1661 1379 in
1688 1342 1844 1379 manu
1873 1322 2087 1377 Domini

501 1428 610 1485 est,
657 1418 795 1474 hunc
840 1420 1111 1486 ltumiliat,
1158 1430 1206 1474 et
1258 1420 1391 1473 [tunc
1420 1416 1630 1473 exultat.
1664 1416 1819 1486 Quod
1870 1417 1972 1472 etsi
2018 1416 2086 1470 ad

503 1528 666 1568 utnnc
694 1515 1009 1586 mysterium
1041 1514 1192 1583 regni
1217 1515 1488 1582 pertinere
1507 1511 1744 1579 videtur,
1773 1517 2011 1565 attamen
2033 1520 2090 1566 et

500 1604 570 1657 ad
601 1617 745 1658 tuam
779 1605 1090 1675 specialiter
1105 1606 1330 1676 gratiam
1361 1604 1552 1661 referri
1585 1614 1762 1674 potest
1792 1623 1804 1656 :
1833 1619 1955 1674 qua:
1976 1617 2090 1659 ma-

503 1715 609 1765 gno
641 1699 853 1755 Domini
882 1701 1188 1755 miserantis
1215 1699 1445 1756 consilio
1475 1699 1711 1754 exaltata
1741 1709 1803 1754 es
1828 1709 1884 1754 ut
1911 1696 2089 1753 humi-

491 1791 712 1847 ‘liareris
731 1836 746 1860 ,
779 1806 832 1848 et
858 1795 1130 1849 humiliata
1165 1805 1222 1848 ιιι
1250 1794 1595 1850 exaltareris.

574 1883 637 1938 ll.
668 1885 785 1940 Non
813 1887 955 1941 enim
985 1887 1325 1956 ignoramus,
1362 1887 1689 1942 venerabilis
1719 1900 1875 1942 soror
1910 1895 1964 1941 et
1993 1885 2090 1942 be-

505 1981 719 2035 nedicta
759 1981 891 2048 tilia,
929 1989 1072 2034 tuam
1115 1981 1447 2050 praeteritam
1489 1981 1543 2034 in
1585 1979 1692 2034 hoc
1735 1981 1936 2035 saeculo
1967 1979 2088 2050 glo-

503 2073 660 2126 riam.
693 2072 824 2126 Nam
855 2075 1016 2129 etiam
1045 2074 1277 2128 vidimus
1326 2084 1378 2128 te
1428 2073 1478 2127 in
1533 2083 1778 2144 tempore
1821 2074 1943 2142 illo,
1981 2088 2090 2143 quo

504 2166 721 2220 domum
753 2176 894 2221 tuam
938 2169 1136 2237 regalis
1159 2169 1394 2221 affinitas
1421 2167 1726 2236 ambiebat,
1755 2168 2088 2221 eminentem

505 2258 556 2312 in
608 2258 690 2314 his
740 2258 1072 2326 honoribus,
1116 2261 1208 2331 qni
1243 2265 1597 2313 destruunlur
1632 2277 1643 2311 :
1675 2261 1797 2328 quia
1840 2260 1941 2313 etsi
1988 2258 2089 2328 ipsi

499 2366 714 2422 quoque
757 2367 786 2405 ξι
839 2354 1064 2406 Domino
1096 2353 1357 2406 altissimo
1387 2351 1722 2417 tributtntur,
1767 2351 1891 2421 quia
1925 2351 2090 2404 omnis

502 2455 729 2513 potestas
761 2461 793 2497 τι
824 2445 1048 2498 Domino
1099 2443 1207 2499 Deo
1233 2452 1306 2497 est
1351 2441 1529 2513 (Rom.
1566 2457 1688 2505 stu,
1720 2442 1774 2509 1)
1803 2457 1820 2494 :
1853 2450 2089 2495 attamen

504 2537 694 2591 caduci
725 2545 781 2591 et
801 2536 1018 2606 fragiles
1042 2547 1195 2598 sunt,
1219 2534 1308 2604 qui
1341 2536 1443 2587 sub
1473 2535 1574 2586 hoc
1593 2532 1792 2586 mundo
1818 2543 2087 2602 aguntur:

505 2630 663 2698 cujus
699 2629 869 2698 ﬁgura.
895 2640 953 2682 ut
992 2629 1182 2682 umbra
1213 2629 1470 2696 przetcrit.
1510 2627 1666 2680 Unde
1707 2636 1761 2680 ct
1797 2627 2091 2695 impensius

504 2723 839 2774 admiramur
870 2721 1099 2789 gratiam
1125 2736 1243 2790 qua:
1273 2720 1365 2774 tibi
1395 2720 1517 2773 data
1549 2730 1631 2773 est
1652 2761 1666 2783 ,
1703 2727 1757 2770 et
1788 2721 2094 2788 magnifica-

509 2833 630 2870 mus
678 2815 730 2868 in
764 2822 814 2868 lc
851 2815 1172 2878 Dominum,
1212 2815 1302 2883 qui
1338 2826 1387 2867 te
1419 2813 1470 2866 in
1503 2812 1779 2866 laboribus
1815 2811 2088 2866 hominum

511 2910 692 2976 ιιοδιιὶι
714 2948 730 2971 ,
772 2916 828 2960 et
866 2906 1144 2960 salutifero
1193 2918 1430 2975 paterna:
1463 2906 1679 2976 pietatis
1709 2904 1933 2960 verbere
1966 2907 2092 2960 visi-

507 2999 677 3054 tavit:
712 3011 768 3053 ιιι
797 3008 847 3054 te
880 3001 932 3052 in
959 3000 1142 3068 paucis
1173 3009 1452 3064 vexatam,
1501 3000 1552 3052 in
1593 2998 1778 3052 multis
1814 2998 1952 3055 bene
1977 3000 2093 3054 dis-

509 3105 765 3168 poneret,
814 3103 949 3148 teste
978 3095 1241 3163 Apostolo
1269 3111 1282 3147 :
1308 3092 1364 3147 lu
1396 3094 1499 3148 hoc
1525 3093 1728 3151 mundo
1758 3093 2090 3162 corripiatur,

2191 493 2375 564 dignas
2405 494 2668 559 passiones
2693 495 2850 565 hujus
2889 496 3133 566 tetttporis
3162 496 3229 548 ad
3259 497 3494 566 futuram.
3521 499 3787 566 gloriam,

2189 602 2304 658 qua
2324 587 2632 642 revelabitur
2660 589 2714 641 in
2744 590 2890 644 nobis
2926 589 3106 656 (llam.
3147 607 3271 658 vm,
3319 591 3430 661 18).
3481 591 3790 647 Tribulatio

2191 680 2354 745 enim,
2407 680 2609 750 inquit,
2645 683 2954 752 patientiam
2991 695 3250 753 vperatur,
3303 686 3554 752 patientia
3603 695 3790 740 autem

2191 775 2538 844 probationem
2571 791 2594 828 '.'
2634 775 2870 846 probatio
2917 792 3036 828 vero
3076 793 3247 846 spent,
3297 793 3413 849 spes
3453 790 3625 831 autem
3669 796 3788 833 non

2189 868 2506 936 confundit:
2541 869 2661 935 quia
2699 869 2926 922 clmritas
2967 868 3063 923 Dei
3103 868 3299 935 (li/fusa
3334 881 3409 924 est
3441 873 3496 926 in
3535 874 3787 926 cordibus

2191 960 2385 1014 nostris
2415 959 2594 1030 (Rom.
2615 977 2668 1028 ν,
2697 961 2791 1032 50)
2825 979 2838 1017 :
2875 962 2924 1014 in
2957 977 3064 1032 qua
3102 961 3368 1018 charitate
3399 963 3618 1019 radicati
3653 981 3784 1019 om-

2191 1053 2283 1107 nia
2311 1053 2662 1108 sustinemus.
2683 1053 2976 1121 Propterea
3002 1066 3053 1108 et
3085 1054 3254 1108 'David
3283 1056 3358 1109 ait
3385 1073 3397 1110 :
3429 1055 3659 1127 Diligant
3690 1067 3738 1111 te.
3761 1100 3779 1120 ,

2193 1142 2433 1208 Domine,
2462 1144 2625 1200 virtus
2652 1161 2762 1197 mea
2791 1145 2913 1215 (Ps.
2932 1161 3069 1208 xvn,
3093 1147 3151 1208 9.,
3174 1148 3335 1216 jure-ta
3361 1145 3512 1201 Psal.
3567 1149 3781 1219 Rana).

2191 1236 2422 1293 Dilectio
2443 1237 2586 1291 enim
2625 1237 2837 1292 Domini
2868 1239 3040 1294 virtus
3069 1238 3382 1294 salutis-cst
3420 1257 3436 1293 :
3475 1240 3597 1306 quia
3631 1241 3782 1295 Deus

2193 1327 2400 1383 dilectio
2427 1340 2524 1394 est,
2557 1338 2606 1383 et
2630 1331 2720 1397 qui
2747 1341 2916 1384 manet
2948 1332 3002 1384 in
3037 1333 3319 1393 citaritate,
3347 1333 3400 1384 in
3431 1331 3537 1385 Deo
3578 1343 3780 1386 inerret.

2194 1421 2386 1478 Sciens
2415 1431 2596 1478 autem
2627 1431 2684 1477 et
2707 1423 2993 1492 propheta,
3013 1425 3140 1492 quia
3167 1432 3575 1478 monteutancum
3605 1423 3780 1476 tribu-

2195 1513 2403 1566 lationis
2432 1513 2484 1566 in
2515 1512 2616 1567 hoc
2644 1515 2844 1568 Sate-ulc
2869 1514 3170 1567 inmensum
3205 1514 3443 1584 perennis
3475 1513 3686 1584 glorias,
3718 1525 3788 1568 ut

2190 1607 2485 1676 Apostolus
2511 1608 2629 1671 ait,
2661 1605 2865 1674 pondus
2893 1617 3154 1675 aperiatur,
3193 1615 3414 1661 sanctus
3456 1606 3545 1660 ille
3582 1621 3677 1661 rex
3721 1607 3780 1660 in

2192 1699 2406 1756 Psalmo
2442 1711 2502 1754 ut
2530 1699 2724 1765 dignus
2757 1702 3018 1755 habeatur
3045 1700 3202 1769 igniri
3233 1701 3605 1755 'tentationum
3647 1717 3784 1754 exa-

2116 1778 2168 1841 Β
2196 1797 2364 1860 mine,
2397 1792 2530 1848 dicit
2561 1810 2572 1844 :
2603 1791 2775 1846 Proba
2815 1809 2914 1860 me,
2955 1791 3190 1858 Domine,
3226 1801 3272 1846 et
3303 1801 3444 1846 tenta
3483 1810 3564 1846 me
3599 1792 3778 1862 (Psal.

2195 1901 2329 1952 xxv,
2353 1884 2432 1955 ιι).
2462 1884 2617 1942 Unde
2641 1895 2695 1940 et
2719 1886 2911 1939 iterum
2939 1886 3075 1938 idem
3099 1885 3539 1956 psalmographus
3566 1898 3780 1954 noster,

2195 1979 2350 2050 quasi
2375 1980 2641 2050 ptenitens
2667 1980 2852 2034 mundi
2878 1979 3040 2047 hujus
3063 1981 3278 2049 gloriae,
3311 1980 3620 2048 conﬁtetur,
3649 1997 3780 2037 cum

2194 2075 2327 2128 dicit
2371 2092 2382 2126 :
2443 2074 2759 2144 Priusquam
2809 2074 3138 2142 humiliarer,
3185 2091 3277 2147 ego
3332 2075 3528 2147 deliqui
3576 2074 3781 2147 (Psal.

2195 2181 2378 2234 cxvtu,
2403 2166 2516 2236 67).
2550 2165 2620 2220 Et
2643 2167 2766 2236 quia
2799 2167 3172 2222 humiliatione
3193 2179 3412 2223 curatus
3449 2169 3554 2234 sit,
3594 2170 3779 2223 statim

2195 2257 2354 2312 dicit:
2383 2257 2666 2327 Propterea
2695 2259 2952 2328 eloquium
2979 2271 3121 2314 tuum
3148 2261 3516 2316 custodiviﬂb
3535 2263 3637 2317 hoc
3659 2279 3784 2317 rur-

2194 2365 2312 2404 sum
2347 2348 2615 2417 Propheta
2642 2368 2653 2401 :
2691 2347 2772 2400 Dn
2803 2349 2950 2404 nobis
2975 2395 2992 2418 ,
3020 2351 3096 2404 ait
3119 2397 3132 2416 ,
3165 2353 3418 2406 auxilium
3451 2353 3518 2406 de
3557 2353 3784 2407 tribula-

2195 2441 2345 2495 tione.
2379 2441 2469 2501 Et.
2502 2441 2653 2494 Vana
2682 2444 2826 2494 salus
2852 2443 3072 2496 nominis
3099 2453 3170 2496 est
3196 2442 3366 2512 (Psal.
3394 2460 3502 2508 ιιι,
3536 2445 3649 2514 15).
3683 2446 3784 2500 Est

2195 2534 2338 2587 cnim
2368 2549 2507 2586 vana
2538 2533 2686 2587 salus
2713 2533 3013 2597 hominum,
3045 2550 3169 2605 quae
3210 2546 3429 2602 putatur
3457 2537 3508 2590 in
3538 2538 3636 2589 hac
3658 2543 3783 2590 tan-

2195 2634 2304 2679 tum
2329 2625 2437 2679 vita
2463 2625 2678 2680 mortali
2704 2641 2826 2680 esse
2853 2645 2866 2681 :
2893 2625 2960 2680 de
2980 2641 3084 2696 qua
3107 2627 3308 2680 homini
3339 2628 3536 2682 dicitur
3559 2646 3573 2681 :
3604 2628 3780 2682 Ηοηιο

2192 2719 2325 2773 sicut
2348 2717 2522 2788 fenum
2551 2718 2660 2773 dies
2688 2721 2800 2788 ejus
2833 2718 3006 2788 (Psal.
3047 2735 3142 2786 cu,
3173 2721 3284 2786 15).
3328 2720 3392 2775 Et
3416 2721 3634 2791 quidem
3673 2730 3728 2776 tu
3753 2764 3771 2787 ,

2193 2824 2376 2866 Sancta
2419 2812 2550 2876 ﬁlia,
2591 2815 2755 2868 etiam
2803 2814 3143 2869 documentis
3191 2815 3382 2869 educta
3437 2831 3497 2870 es
3545 2815 3777 2884 probare

2193 2909 2515 2962 sententiam
2570 2924 2583 2960 :
2655 2906 2780 2977 quia
2831 2906 2994 2959 euntis
3039 2923 3161 2962 caro
3215 2912 3387 2977 fenum
3429 2949 3444 2972 ,
3501 2920 3547 2962 et
3607 2910 3779 2963 ontuis

2193 2998 2362 3068 gloria
2397 3002 2511 3067 eius
2559 2999 2704 3068 quasi
2748 2999 2846 3066 ﬂos
2896 2998 3001 3066 feni
3047 2996 3194 3069 (lsa.
3243 3014 3312 3051 xx
3340 3040 3353 3062 ,
3403 2998 3560 3070 6-8).
3621 3001 3777 3053 Aruit

2195 3095 2366 3166 [etiam
2393 3133 2408 3158 ,
2448 3104 2494 3147 et
2530 3095 2628 3164 ﬂos
2661 3093 2775 3163 ejus
2806 3091 3038 3146 decidit:
3075 3094 3280 3146 verbum
3319 3101 3498 3147 autem
3531 3091 3768 3157 Domini,

514 3161 576 3246 ne
602 3208 718 3246 cum
745 3190 844 3243 hoc
874 3161 1064 3242 mundo
1087 3189 1394 3242 damnemur
1423 3187 1466 3260 (Ι
1493 3186 1615 3242 Cor.
1649 3205 1736 3253 ιι,
1772 3186 1886 3259 '52).
1933 3185 2091 3244 "Unde
2115 3161 2163 3224 ο
2195 3161 2253 3244 et
2273 3186 2368 3257 qui
2389 3161 2693 3255 fecitillud,
2714 3194 2882 3238 manet
2908 3185 2960 3239 in
2989 3193 3259 3251 internum,
3278 3184 3418 3239 sicut
3446 3185 3562 3253 ipse
3585 3184 3776 3239 Domi-

513 3296 568 3341 et
597 3284 766 3340 David
797 3283 868 3337 ait
897 3301 908 3336 :
941 3280 1198 3350 Corripiet
1237 3297 1317 3334 me
1336 3283 1518 3354 justus
1547 3282 1598 3335 in
1627 3281 2010 3350 misericordia,
2047 3290 2096 3336 et

510 3378 798 3449 increpabit
843 3393 921 3428 me
961 3391 980 3428 :
1027 3375 1196 3429 oleum
1229 3385 1404 3428 autem
1450 3377 1735 3447 peccatoris
1764 3392 1866 3429 non
1905 3376 2096 3448 impin-

516 3453 635 3542 ἀπίει
679 3479 832 3540 caput
869 3483 1040 3523 meum
1075 3466 1194 3538 (Ps.
1223 3482 1344 3534 exe,
1381 3469 1477 3539 5):
1512 3468 1587 3522 ita
1625 3477 1681 3524 et
1722 3469 1774 3523 in
1805 3467 2096 3524 Salomone

515 3565 776 3632 scriptum
811 3579 966 3628 esse,
1014 3563 1131 3618 sine
1175 3564 1341 3617 dubio
1384 3564 1435 3617 in
1481 3565 1675 3619 studiis
1721 3565 2094 3635 spiritualibus

517 3657 730 3725 posita,
759 3655 995 3709 didicisti
1039 3674 1051 3708 :
1091 3655 1356 3723 Quoniam
1403 3655 1658 3711 Dominus
1704 3673 1852 3727 quem
1886 3655 2090 3728 diligit,

519 3748 731 3816 corripit
757 3759 802 3800 et
827 3749 1057 3819 βασι-Μαι
1087 3749 1265 3815 (Prov.
1294 3765 1373 3813 ιιι,
1408 3750 1496 3814 12,
1519 3754 1678 3822 juxta
1709 3749 1893 3820 LXX).
1923 3750 2094 3806 Casti-

511 3850 598 3909 gat
627 3851 796 3892 autem
823 3855 1022 3893 onmem
1048 3839 1212 3904 lilium
1255 3857 1404 3911 quem
1446 3844 1668 3912 recipere
1694 3842 1946 3912 dignatur
1985 3845 2098 3898 dis-

519 3933 826 4002 ponendum
858 3933 925 3986 ad
968 3935 1136 3988 vitam
1175 3944 1431 3989 :ctemam
1466 3936 1531 4005 (ll
1567 3933 1710 4005 Con,
1739 3953 1822 4002 at,
1867 3939 1980 4008 59).
2021 3939 2097 3993 De

519 4043 586 4080 eo
615 4038 668 4080 ct
695 4026 983 4096 Apostolus
1008 4042 1114 4081 non
1147 4027 1514 4096 confunditur,
1554 4046 1653 4085 nec
1686 4033 1969 4086 atteritur:
1999 4030 2096 4085 sed

514 4123 686 4190 magis
715 4121 1003 4191 gloriatur,
1031 4130 1086 4176 et
1111 4131 1298 4191 potens
1330 4125 1389 4177 lit
1426 4125 1476 4177 in
1510 4124 1909 4183 infirmitatibus
1940 4127 2052 4180 suis
2078 4165 2093 4190 ,

515 4217 605 4282 qui
639 4229 694 4268 ut
719 4231 818 4269 nos
841 4229 939 4270 suo
969 4216 1243 4271 confortet
1268 4219 1534 4288 exemplo,
1566 4219 1764 4274 fatetur
1801 4228 1856 4273 et
1900 4218 2097 4286 ιιι-ω(ιὶ-

513 4319 601 4363 cat
627 4309 729 4363 sibi
753 4309 852 4375 ipsi
883 4326 896 4361 :
931 4311 1017 4363 cui
1044 4310 1203 4364 etiam
1231 4326 1401 4382 usque
1429 4313 1479 4366 in
1512 4313 1733 4367 tertium
1765 4312 1964 4365 caelum
1997 4325 2096 4378 pa-

519 4413 696 4455 tuerat
724 4416 983 4456 ascensus
1018 4419 1028 4453 :
1059 4410 1111 4457 et
1137 4418 1291 4473 quem
1326 4419 1498 4475 neque
1527 4405 1678 4474 ignea
1703 4402 1794 4456 illa
1839 4400 2098 4470 rompbea

515 4494 583 4547 ab
604 4493 749 4548 aditu
779 4494 1011 4562 paradisi
1035 4505 1277 4565 potuerat
1302 4496 1597 4552 excludere
1626 4514 1637 4547 :
1667 4494 1754 4549 ubi
1779 4494 1940 4549 etiam
1962 4494 2099 4550 inel-

2197 3295 2300 3335 nus
2330 3288 2509 3335 manet
2531 3279 2582 3333 in
2612 3290 2899 3340 aiternum,
2936 3278 3027 3347 qui
3058 3285 3141 3334 est
3183 3286 3312 3334 ante
3345 3278 3398 3332 in
3437 3277 3654 3332 saicula.
3697 3278 3781 3332 0b

2197 3371 2300 3429 hoc
2330 3389 2456 3428 vere
2484 3371 2690 3426 dictum
2716 3383 2799 3426 est
2823 3387 2843 3426 :
2882 3370 3028 3425 Vana
3055 3371 3197 3426 salus
3225 3373 3465 3437 luminis,
3492 3371 3618 3442 quia
3637 3387 3779 3426 vana

2197 3468 2381 3521 omnia
2406 3465 2509 3520 sub
2543 3465 2707 3520 ccelo.
2751 3463 2904 3520 Unde
2939 3473 2996 3519 et
3025 3465 3077 3520 in
3119 3464 3347 3520 Psalmis
3387 3464 3555 3519 habes
3589 3483 3602 3520 :
3646 3463 3782 3520 Uni-

2197 3575 2342 3614 versa
2366 3557 2562 3611 vanitas
2585 3557 2750 3610 omnis
2772 3557 2923 3609 homo
2949 3556 3120 3610 vivens
3154 3557 3171 3625 (
3185 3554 3332 3610 Psal.
3358 3571 3581 3624 xxsvltt,
3608 3558 3686 3626 6).

2268 3649 2359 3704 IV.
2402 3650 2506 3706 Sed
2551 3648 2620 3703 de
2660 3663 2769 3718 quo
2804 3663 3008 3718 genere
3047 3649 3324 3703 hominum
3363 3649 3462 3703 ista
3500 3648 3674 3711 dicat.
3715 3650 3777 3704 in

2197 3744 2660 3814 consequentibus
2691 3742 2850 3798 docet
2883 3758 2896 3796 :
2927 3742 2994 3796 de
3016 3743 3096 3798 eis
3123 3743 3332 3798 scilicet
3353 3743 3448 3813 qui
3478 3758 3617 3798 vane
3639 3759 3779 3799 con-

2201 3836 2490 3891 turbantur
2517 3851 2708 3890 amore
2747 3834 3058 3890 divitiarum
3090 3851 3336 3897 suarum.
3367 3836 3422 3890 in
3467 3850 3601 3906 quas
3640 3837 3782 3891 sicut

2199 3930 2391 3985 bellua:
2436 3945 2596 3984 czecte
2627 3929 2832 3990 inhiant
2874 3929 2993 3984 sine
3033 3929 3140 3985 line
3169 3929 3426 3998 cupiendi
3476 3940 3530 3986 et
3577 3945 3778 4001 conge-

2199 4022 2373 4087 rendi,
2405 4024 2832 4078 thesaurizantes
2859 4021 2913 4076 in
2941 4031 3104 4085 terra.
3134 4029 3191 4076 et
3212 4022 3525 4092 ignorantes
3551 4023 3634 4076 cui
3655 4037 3782 4076 con-

2198 4123 2422 4185 gregem
2469 4129 2563 4168 eas
2609 4114 2809 4184 (tbid.,
2840 4116 2930 4180 7).
2963 4113 3274 4183 Relinqucut
3299 4153 3316 4178 ,
3349 4113 3552 4183 inquit,
3596 4114 3780 4168 alienis

2199 4205 2403 4261 divitias
2423 4223 2546 4259 suus
2575 4204 2745 4274 (Psal.
2781 4221 2966 4269 sum,
2993 4203 3109 4275 19.).
3142 4215 3196 4260 et
3242 4215 3525 4274 postquam
3557 4205 3608 4260 in
3633 4206 3782 4259 vani-

2200 4308 2304 4354 tate
2326 4300 2605 4371 defeceriut
2629 4300 2739 4353 dies
2765 4315 2961 4364 eorum,
2992 4298 3134 4367 rapti
3171 4301 3224 4352 in
3265 4298 3537 4354 infernum
3569 4315 3774 4362 anates,

2201 4405 2306 4445 non
2334 4390 2579 4453 domini,
2609 4389 2705 4444 sed
2734 4390 2867 4442 servi
2899 4390 3196 4442 divitiarum
3219 4403 3473 4453 suarum;
3502 4388 3638 4443 nihil
3664 4389 3778 4443 illic

2200 4484 2452 4537 invenient
2486 4483 2539 4534 in
2567 4480 2802 4534 manibus
2826 4481 2934 4534 suis
2959 4478 3131 4551 (Paul.
3173 4495 3340 4544 Lxxv,
3364 4479 3444 4558 6),
3474 4481 3597 4548 quia
3645 4479 3778 4534 nihil

519 4590 683 4643 labile
724 4589 868 4642 omni
905 4590 1098 4660 linguae
1126 4592 1370 4647 audierat
1404 4604 1693 4653 arcanum;
1735 4588 1828 4643 sed
1867 4597 2092 4655 tamen,

2201 4573 2600 4645 prtemisernnt,
2631 4571 2735 4626 nisi
2762 4579 3088 4626 mternarum
3134 4569 3322 4626 merita
3356 4555 3654 4641 pugnarum.
3679 4569 3778 4626 Illa

521 4697 590 4736 ne
635 4681 982 4737 cxtolleretur
1012 4693 1229 4754 propter
1265 4681 1635 4737 excellentiam
1677 4679 2093 4747 revelationum,

519 4775 594 4829 ita
625 4790 685 4828 se
721 4775 884 4844 ipsius
927 4791 955 4828 a
995 4793 1099 4847 quo
1143 4779 1406 4830 intantum
1445 4772 1847 4841 gloriﬁcabatur
1885 4772 2094 4827 Domini

521 4866 885 4922 moderamine
908 4871 1266 4938 gubernatum
1308 4862 1507 4930 refert,
1542 4873 1600 4917 ut
1628 4864 1876 4933 apposito
1901 4866 2096 4935 angelo

521 4962 733 5016 Satantu
753 4961 806 5016 in
832 4962 1110 5016 stimulum
1142 4959 1320 5012 carnis
1347 4971 1478 5024 sum,
1509 4957 1560 5010 id
1591 4965 1694 5023 est,
1718 4958 1771 5012 in
1797 4957 2097 5014 tribulatio-

517 5071 639 5110 nem
668 5057 915 5126 corporis
941 5052 1339 5122 deprimeretur
1364 5051 1674 5116 salubriter,
1721 5067 1788 5106 ne
1818 5052 2093 5109 inllaretnr

513 5151 774 5206 inaniter:
805 5149 1022 5218 PrOpter
1047 5145 1406 5215 quod,inquit,
1424 5156 1498 5199 ter
1511 5145 1786 5200 Dominum
1817 5147 2017 5217 rogavi,
2038 5156 2094 5200 ut

516 5243 770 5297 recederet
801 5259 832 5294 a
861 5254 939 5291 me
965 5252 981 5288 :
1013 5247 1058 5288 et
1083 5236 1213 5289 dia‘it
1238 5238 1394 5292 milii:
1413 5236 1625 5308 Sufﬁcit
1645 5237 1736 5291 tibi
1758 5240 1926 5307 gratia
1950 5254 2095 5294 mea:

513 5350 632 5386 nam
659 5335 814 5388 virtus
841 5330 894 5381 in
920 5327 1217 5394 inﬁrmitate
1241 5331 1505 5400 perﬁcitur
1531 5331 1572 5400 (I
1603 5331 1722 5386 Cor.
1746 5347 1839 5398 xtl,
1871 5331 1950 5402 8).

590 5425 678 5480 ιιι.
720 5420 1080 5488 Quamobrem
1103 5437 1226 5477 cum
1267 5422 1355 5476 tali
1383 5424 1639 5492 magistro
1669 5432 1724 5480 et
1768 5433 1990 5480 auctore
2017 5423 2099 5479 in-

516 5524 743 5579 Structa,
777 5512 843 5566 ad
876 5513 1126 5570 virtutem
1159 5514 1432 5584 patientiae
1459 5523 1514 5570 et
1536 5531 1689 5585 spem
1718 5515 1908 5585 gloriae
1935 5525 2099 5570 aiter-

519 5625 636 5672 nae,
667 5606 945 5662 conlidens
975 5619 1096 5666 esto
1120 5651 1135 5676 ,
1169 5609 1296 5675 tilia,
1327 5610 1470 5666 sicut
1499 5625 1619 5666 esse
1647 5610 1877 5680 coepisti,
1907 5619 1962 5666 et
1984 5611 2100 5679 glo-

519 5705 670 5754 riare
701 5700 751 5753 in
784 5702 1072 5769 pra-teritis
1103 5703 1442 5772 passionibus
1474 5702 1599 5767 tuis,
1635 5703 1879 5759 recolens
1915 5714 1972 5759 et
2011 5703 2096 5757 illa

516 5789 762 5867 ejusdem
801 5792 1042 5855 doctoris
1081 5794 1294 5866 eloquia
1339 5812 1352 5851 :
1393 5793 1656 5856 Fideliter
1693 5794 1842 5854 enim
1878 5802 1939 5853 ut
1964 5809 2098 5856 con-

2199 4676 2510 4721 autemnon
2537 4673 2623 4719 est
2659 4681 2787 4719 vana
2832 4665 2977 4719 salus
3017 4663 3262 4728 hominis,
3303 4665 3371 4716 de
3399 4679 3504 4733 qua
3530 4661 3728 4716 dicitur
3762 4682 3775 4718 :

2200 4761 2410 4815 Domini
2427 4768 2499 4814 est
2523 4760 2686 4824 salus,
2709 4769 2756 4810 et
2780 4773 2935 4828 super
2957 4756 3202 4828 papulum
3219 4767 3361 4809 tuum
3389 4755 3668 4810 benedictio
3689 4763 3779 4809 tua

2201 4851 2373 4922 (Psal.
2403 4867 2488 4918 ιιι,
2530 4851 2621 4920 9);
2671 4860 2726 4903 et
2763 4849 2957 4904 iterum
2994 4865 3006 4899 :
3060 4847 3218 4902 Salus
3257 4856 3429 4900 autem
3458 4848 3717 4917 justarum
3746 4865 3781 4900 a

2198 4943 2422 4999 Domino
2459 4954 2532 4997 est
2574 4943 2776 5014 (χχχιιι,
2811 4941 2928 5011 59).
2963 4940 3085 4996 ldeo
3108 4950 3162 4996 et
3206 4954 3329 5009 spes
3370 4939 3422 4993 in
3458 4939 3565 4994 Deo
3608 4939 3779 5008 posita

2203 5056 2307 5093 non
2360 5035 2651 5092 confundet
2711 5036 2914 5105 (Rom.
2965 5051 3038 5100 v,
3095 5031 3210 5104 5),
3255 5033 3393 5086 sicut
3450 5032 3595 5086 salus
3644 5047 3779 5086 vana

2204 5147 2310 5187 non
2355 5144 2436 5186 est
2465 5146 2585 5202 qua:
2629 5140 2872 5201 speratur
2930 5128 2983 5184 in
3014 5127 3261 5197 Christo,
3316 5137 3373 5183 et
3422 5125 3698 5183 confertur
3747 5143 3778 5182 a

2201 5227 2442 5283 Christo.

2280 5321 2341 5378 ν.
2383 5322 2528 5392 Ergo
2555 5319 2690 5391 quia
2726 5317 2980 5387 accepisti
3014 5317 3268 5371 auxilium
3316 5315 3378 5368 de
3417 5314 3778 5381 tribulatione,

2203 5429 2272 5470 ne
2300 5414 2711 5483 concupisceres
2737 5411 3028 5465 humanam
3051 5409 3213 5476 diem,
3237 5415 3290 5462 et
3312 5420 3446 5460 vana
3478 5406 3650 5462 salute
3681 5405 3782 5460 hc-

2199 5508 2363 5564 minis
2414 5507 2706 5576 gauderes;
2760 5505 2997 5575 gloriare
3045 5504 3100 5557 in
3152 5499 3397 5566 Domino,
3449 5509 3504 5554 et
3553 5498 3780 5554 benedic

2200 5617 2346 5666 eum,
2369 5599 2463 5668 qui
2486 5600 2579 5654 tibi
2606 5599 2783 5652 tribuit
2815 5597 3128 5652 intellectum
3149 5594 3328 5665 (Psal'.
3363 5607 3450 5659 xv,
3483 5592 3565 5659 7),
3609 5607 3678 5647 ne
3722 5591 3777 5648 in

2199 5695 2284 5750 via
2313 5701 2652 5763 peccatorum
2674 5689 2799 5763 '(Ps.
2829 5706 2880 5757 ι,
2923 5688 2981 5758 1)
3025 5699 3172 5743 stare
3197 5684 3557 5756 persistentes,
3608 5697 3770 5754 neque

2199 5790 2251 5845 in
2298 5785 2420 5856 ﬁliis
2448 5782 2814 5857 generationis
2837 5780 3008 5861 istius
3036 5791 3407 5857 permanens,
3451 5774 3640 5848 quibus
3668 5791 3775 5836 non
