4000 6384
166 386 234 443 53
593 381 927 439 EPISTOLA
968 382 1058 438 III.
1102 377 1544 438 EXHORTATIO
1582 375 1673 433 AD
1709 373 2135 433 NCELLAM
2171 374 2262 434 U'l‘
2298 374 2621 433 ADVERSA
2661 372 3001 431 TOLERET.
3347 372 3426 433 ἐι

163 509 237 554 est
258 500 398 554 salus
427 496 600 568 (Paul.
631 514 789 566 chv,
820 500 884 566 ὃ,
905 503 1061 572 fama
1081 498 1244 567 LXX)
1270 517 1295 553 ιε
1328 498 1461 568 quia
1494 495 1744 565 prtemch
1766 495 1824 555 Δ
1849 493 1965 549 Non
1997 494 2142 549 enim
2178 494 2322 564 ligno
2346 495 2613 565 .putribi’li,
2651 510 2828 565 neque
2855 493 3053 564 stipula
3085 492 3288 563 ἠθείη,
3328 504 3425 553 aut

164 602 311 647 scunt
342 594 393 645 in
410 592 640 646 oanittde
659 609 775 654 sua,
802 594 1048 647 veritatis
1070 593 1440 647 immemores.
1459 590 1596 657 Quia
1617 589 1741 643 dum

163 686 429 753 confidunt
459 686 509 738 iu
532 686 860 740 multitudine
888 686 1185 739 divitiarum
1211 701 1428 740 suarum
1449 724 1464 750 ,
1510 700 1613 737 non
1653 699 1747 753 po-

168 787 301 830 nunt
327 775 493 829 Deum
514 778 811 847 ‘adjutorent
847 794 999 833 suum
1030 777 1211 849 (Paul.
1258 795 1338 845 LI,
1373 776 1452 847 9).
1486 774 1609 829 Tibi
1645 790 1745 828 au-

164 878 270 923 tem
294 870 429 923 facta
457 878 547 925 est
568 885 689 924 sors
721 871 774 923 in
809 871 1135 925 hmreditate
1163 871 1353 933 Jacob,
1376 879 1434 923 et.
1463 867 1747 923 illuminati

159 972 285 1015 sunt
306 964 450 1017 oculi
478 965 553 1016 tui
586 964 639 1016 in
669 964 1001 1032 agnitionem
1036 964 1283 1018 veritatis
1309 981 1323 1015 :
1368 972 1429 1016 ut
1478 961 1744 1030 intellige-

160 1071 269 1117 res,
302 1056 427 1123 quia
452 1055 636 1109 melius
659 1067 732 1109 est
757 1057 1017 1111 modicum
1033 1060 1204 1126 justo,
1227 1074 1382 1125 super
1404 1056 1609 1111 diritias
1631 1073 1746 1127 pec-

157 1156 399 1201 catorum
428 1150 616 1203 multas
643 1147 813 1214 (I’sal.
840 1166 1019 1213 xxxvi,
1064 1150 1170 1217 lli).
1214 1150 1340 1204 Ideo
1370 1148 1512 1201 enim
1542 1148 1744 1200 miseri-

160 1250 273 1291 cors
300 1250 350 1292 et
379 1242 652 1293 miscralor
679 1240 931 1295 Dominus
960 1240 1129 1312 (Psal.
1158 1257 1222 1294 cx
1247 1282 1260 1306 ,
1294 1238 1372 1309 4),
1395 1238 1521 1307 quia
1540 1240 1742 1292 talibus

156 1331 269 1385 suis
310 1343 586 1400 praeparat
630 1332 1043 1387 attint-antiades
1084 1348 1210 1386 suas
1244 1333 1313 1385 ad
1352 1336 1518 1393 vitam
1559 1331 1739 1384 homi-

153 1441 280 1478 num
314 1425 1007 1493 prapngaudammermisit
1039 1435 1092 1479 te
1144 1426 1300 1480 istius
1342 1425 1528 1479 seaculi
1559 1426 1740 1479 ﬂucti—

152 1516 571 1585 busventisque
600 1517 793 1583 jactari
831 1533 844 1570 :
891 1528 947 1571 ut
982 1526 1207 1585 experta
1244 1516 1626 1585 nmdragium,
1656 1515 1739 1573 de

153 1620 353 1664 caetero
386 1608 647 1664 similiter
695 1610 985 1677 periclitari
1032 1624 1271 1665 caveres.
1318 1610 1506 1679 Itaque
1545 1621 1737 1665 cuncta

153 1706 453 1773 qnmpassa
485 1720 565 1767 es,
592 1704 739 1757 sicut
764 1704 1049 1774 intelligis,
1076 1706 1305 1758 vulnera
1351 1704 1572 1773 quidem
1610 1716 1734 1758 cor-

154 1801 298 1868 poris
331 1800 431 1863 tui,
452 1800 560 1855 sed
593 1809 648 1853 et
678 1799 871 1853 animm
890 1799 1129 1853 remedia
1173 1798 1414 1854 luerunt.

219 1891 306 1947 NI.
353 1891 419 1945 In
476 1893 857 1946 circumcisione
906 1892 1076 1945 cordis
1133 1891 1216 1946 lac
1267 1906 1433 1961 opera
1477 1900 1565 1946 tua

152 1986 324 2054 gloria
354 1992 446 2037 tua
478 1996 579 2037 non
604 1985 683 2037 sit
706 2001 785 2037 ea:
812 1984 1124 2050 hominibus,
1172 1985 1261 2038 sed
1299 2001 1364 2039 ea;
1384 1985 1509 2037 Deo.
1537 1986 1556 2056 (
1583 1986 1731 2040 Rom.

156 2093 217 2141 tt,
245 2077 340 2143 $9)
361 2094 379 2129 εκ
402 2077 493 2144 qui
518 2076 730 2143 deponit
754 2088 983 2146 potentes
1011 2080 1073 2129 de
1100 2076 1238 2139 sede,
1270 2087 1315 2129 et
1345 2077 1538 2129 exultat
1569 2077 1740 2131 humi-

161 2175 255 2233 tes,
279 2182 326 2223 et
346 2171 626 2224 esurientes
642 2170 819 2241 implet
846 2172 1011 2236 bonis,
1031 2180 1077 2223 et
1104 2172 1285 2224 divites
1308 2172 1535 2224 dimittit
1552 2174 1736 2226 inanes

154 2261 307 2331 (Luc.
338 2277 376 2323 1,
406 2261 521 2329 5‘3);
547 2260 689 2315 Deus
706 2263 1037 2315 scientiarum
1066 2261 1315 2315 Dominus
1343 2264 1386 2333 (ι
1408 2263 1625 2335 Reguli,
1652 2262 1734 2333 ὅ),

151 2354 279 2407 vide
316 2363 517 2422 quanta
556 2354 785 2422 gloriam
820 2363 967 2406 tuom
1020 2354 1525 2423 recompensatione
1563 2363 1737 2408 unita-

151 2449 254 2509 vit,
280 2448 370 2513 qui
403 2456 455 2500 te
482 2447 670 2499 maluit
702 2447 1026 2515 participem
1053 2463 1232 2501 rerum
1262 2448 1567 2501 caelestium
1594 2448 1733 2514 lieri,

152 2555 315 2607 quam
362 2540 429 2591 ad
480 2538 640 2592 linem
688 2542 1026 2594 terrestrium
1075 2550 1425 2609 permanere,
1457 2542 1606 2595 ut'Iab
1636 2544 1735 2597 huu

153 2650 314 2687 ntana
336 2634 598 2701 dignitate
627 2635 890 2688 trausircs
923 2638 973 2687 in
1007 2648 1233 2703 regnum
1260 2635 1356 2688 Dei
1386 2653 1397 2687 :
1426 2636 1493 2689 Et
1518 2636 1734 2705 quidem

155 2724 341 2778 multis
393 2724 702 2777 hominibus
747 2726 909 2790 hujus
952 2726 1157 2778 saeculi
1196 2726 1434 2779 vanitate
1481 2728 1732 2795 captivis,

150 2818 352 2873 similia
380 2820 520 2873 Deus
548 2819 747 2871 auxilia
779 2820 1143 2887 percipienda:
1171 2819 1223 2873 in
1252 2830 1515 2873 tetemum
1544 2821 1734 2875 salutis

150 2914 352 2967 oﬂ‘tn‘rc
383 2913 664 2982 dignatur,
694 2912 789 2965 sed
820 2913 1093 2980 plerique,
1136 2912 1513 2980 superantibus
1546 2912 1731 2984 (Mart.

151 3008 419 3077 plerisque
459 3006 875 3075 spernentibus)
906 3021 1036 3058 sana
1077 3006 1309 3059 consilia
1356 3006 1735 3061 sollicitudini;

154 3098 608 3164 busdivitiarum,
642 3113 705 3153 ac
729 3099 1180 3154 delectationibus
1201 3115 1514 3171 corporum,
1536 3104 1734 3156 nolunt

154 3193 485 3261 intelligere,
526 3202 588 3247 ut
626 3192 766 3247 bene
803 3204 957 3260 agant
1001 3191 1175 3252 (Psal.
1203 3210 1295 3259 xv,
1327 3194 1497 3264 4):ct
1526 3195 1732 3247 nialunt

1846 589 1973 645 leno
2013 599 2319 658 arescente,
2373 606 2537 661 super
2568 590 2836 645 inﬁrmam
2875 603 3093 645 arenam
3129 586 3421 649 aedilicium

1849 684 2151 749 collocasti,
2176 683 2272 738 sed
2300 700 2460 753 super
2490 684 2770 741 immobile
2817 682 3243 749 fluidamentum,
3277 682 3425 751 quod

1850 787 1931 831 cst
1964 776 2207 831 Christus
2231 821 2244 844 ,
2293 786 2473 844 prater
2501 778 2638 847 quod
2676 776 2818 829 aliud
2856 775 3242 845 fundamentum
3274 789 3420 825 nemo

1851 877 2015 936 potest
2058 883 2241 936 ponere
2276 868 2327 919 in
2369 867 2823 920 consummandam
2860 864 2902 936 (I
2934 864 3053 918 Cor.
3082 872 3161 931 tu,
3194 848 3420 932 ‘I'i):"ar-

1850 970 2014 1029 genta
2044 970 2100 1013 et
2122 974 2253 1013 euro
2280 969 2334 1014 et
2363 960 2628 1027 lapidibus
2654 959 2905 1029 pretiosis
2931 967 3182 1014 extruere
3208 957 3423 1026 cmpisti

1852 1053 1906 1105 in
1936 1051 2172 1107 Christo.
2192 1052 2265 1106 -Ει
2294 1055 2417 1122 quia
2451 1050 2661 1120 perﬁcis
2689 1051 2791 1105 hoc
2820 1052 3101 1105 mdiﬁcium
3131 1052 3252 1119 (Dei
3276 1052 3426 1104 enim

1850 1146 2138 1200 aediﬁcatio
2170 1146 2273 1215 est)
2308 1146 2347 1215 (Ι
2381 1146 2501 1200 Cor.
2533 1162 2611 1213 ni,
2638 1145 2695 1216 9)
2727 1146 2814 1200 ille
2842 1145 3060 1214 sapiens
3102 1146 3429 1211 architectus

1843 1237 2046 1291 insistit
2092 1239 2242 1305 operi
2296 1250 2386 1292 tuo
2431 1248 2487 1292 ut
2533 1239 2725 1293 doceat
2768 1248 2821 1291 te
2850 1254 3171 1308 percurrere
3210 1252 3426 1293 cursum

1844 1327 2066 1392 bonum,
2106 1328 2353 1383 oblivisci
2399 1344 2520 1399 qua:
2566 1340 2717 1385 retro
2763 1342 2891 1386 sunt
2933 1349 2945 1385 :
2992 1342 3045 1387 et
3095 1330 3428 1387 extendied

1844 1418 2087 1473 bravium
2122 1434 2367 1489 Superum
2406 1422 2707 1477 vocationis
2752 1422 3022 1501 (Philipp.
3064 1436 3147 1491 nt,
3201 1424 3329 1495 15),
3372 1430 3431 1478 ut

1843 1517 2219 1583 apprehendas
2255 1517 2310 1571 in
2342 1533 2451 1587 quo
2488 1516 2825 1587 apprehensa
2865 1534 2944 1584 es,
2972 1528 3037 1574 et
3074 1518 3305 1589 accipias
3332 1532 3428 1579 εοτ

1842 1624 2029 1663 ronam
2053 1610 2303 1679 justitiam,
2325 1618 2382 1665 et
2412 1611 2659 1666 diadema
2688 1611 2877 1681 glorise
2908 1613 2975 1665 de
3003 1626 3165 1665 inanti
3188 1612 3426 1665 Domini»

1841 1702 2080 1773 Cumque
2120 1720 2310 1774 magna
2356 1704 2471 1760 dies
2510 1705 2600 1760 illa
2630 1705 2694 1758 in
2726 1704 2850 1774 igne
2898 1705 3125 1774 coeperit
3170 1704 3422 1769 revelari,

1842 1810 1947 1851 non
1997 1807 2373 1851 concremetur
2422 1811 2558 1867 opus
2606 1806 2755 1851 tuum
2805 1797 3063 1866 sapientis
3115 1798 3254 1868 ignis
3292 1812 3424 1853 exa-

1612 1909 1627 1945 :
1672 1902 1733 1946 ut
1765 1886 1814 1947 B
1844 1892 2025 1955 mine,
2077 1891 2171 1945 sed
2218 1892 2480 1961 probetur
2520 1892 2563 1964 (I
2595 1892 2714 1946 Cor.
2764 1908 2842 1952 nt.
2896 1892 3012 1963 '15).
3060 1893 3173 1948 Nec
3215 1894 3423 1948 exstin-

1839 1995 2033 2053 guatnr
2065 1984 2241 2038 lumen
2272 1992 2443 2049 tuum,
2479 1984 2573 2037 sed
2608 1972 2749 2038 inter
2772 1983 2965 2039 stellas
2995 1985 3256 2040 clariores
3281 1987 3417 2041 cmi~

1840 2086 1945 2139 cet,
1997 2079 2140 2132 inter
2188 2078 2315 2131 illos
2352 2078 2442 2145 qui
2474 2079 2740 2148 fulgebunt
2768 2080 2899 2131 sicut
2946 2079 3023 2132 sol
3056 2079 3288 2149 inregno
3320 2080 3416 2135 Dei

1840 2168 2073 2241 (Matth.
2107 2186 2223 2233 .vtn,
2254 2170 2382 2238 45),
2429 2179 2474 2223 et
2505 2170 2636 2222 sicut
2679 2168 2801 2222 tum
2829 2171 2883 2222 in
2911 2171 3425 2240 wternumperfeete

1839 2262 2030 2331 ('Psa‘l.
2066 2277 2327 2329 Lxxxvm,
2358 2260 2427 2316 58
2453 2261 2470 2332 )
2513 2278 2527 2316 :
2569 2275 2705 2330 quos
2734 2261 2897 2315 etiam
2924 2278 3017 2331 per
3047 2261 3181 2315 diem
3212 2263 3290 2315 sol
3318 2278 3420 2316 non

1840 2366 1982 2421 uret,
2023 2372 2183 2427 neque
2213 2357 2336 2410 luna
2367 2372 2456 2425 per
2485 2365 2683 2408 noctem
2730 2352 2918 2425 (Psal.
2949 2368 3071 2415 cu,
3112 2352 3210 2422 6‘).
3249 2353 3424 2411 Erunt

1838 2454 1981 2507 enim
2013 2451 2065 2505 in
2097 2451 2398 2505 Jerusalem
2442 2449 2577 2505 urbe
2608 2448 2709 2527 illa
2741 2447 2950 2502 coeleati
2995 2456 3419 2515 permanentes:

1838 2547 1922 2601 cui
1966 2547 2085 2615 ipse
2114 2544 2369 2598 Dominus
2394 2585 2408 2607 ,
2459 2554 2513 2595 ut
2560 2542 2819 2611 scriptum
2858 2550 2962 2605 est,
2994 2539 3101 2595 erit
3127 2548 3182 2595 et
3214 2553 3425 2603 nomen

1838 2648 1891 2694 et
1921 2640 2098 2692 lumen
2132 2636 2315 2706 (Apoc.
2350 2650 2467 2699 xxi,
2498 2635 2612 2703 ill).

1868 2752 1869 2755 η
1909 2731 2044 2786 VIII.
2092 2731 2349 2785 Videntcs
2399 2742 2528 2799 ergo
2586 2735 2641 2782 et
2690 2728 3061 2798 pricvidentcs
3108 2729 3170 2782 in
3223 2729 3418 2798 spiritu

1836 2826 2225 2888 revelationis,
2278 2838 2527 2894 magnam
2578 2822 2676 2877 tihi
2727 2824 3045 2892 perennium
3093 2823 3416 2892 gaudiorum

1838 2932 2071 2972 messem
2105 2916 2412 2980 ﬂorescere,
2458 2914 2797 2968 exsultamus
2827 2915 2877 2967 in
2914 2913 3162 2978 Domino,
3199 2925 3253 2969 et
3278 2931 3414 2983 guu-

1837 3011 2029 3065 dentes
2078 3008 2342 3063 fructihus
2378 3009 2509 3072 tuis,
2554 3008 2607 3061 in
2635 3021 2773 3061 voce
2810 3008 3195 3061 'exsnltationis
3223 3008 3417 3076 psalmi

1836 3106 2081 3159 canimus
2112 3120 2125 3156 :
2152 3102 2342 3172 Magna
2369 3118 2523 3172 opera
2550 3100 2779 3164 Domini,
2812 3100 3063 3167 exquisita
3091 3100 3220 3152 inter
3239 3114 3416 3156 omnes

1835 3198 2124 3251 voluntates
2152 3200 2263 3268 ejus
2292 3194 2479 3266 (Paul.
2504 3209 2597 3261 cx,
2628 3193 2701 3260 2)
2730 3210 2742 3245 :
2771 3192 2891 3260 quia
2921 3192 3143 3245 multum
3174 3192 3418 3247 abund!»

152 3288 258 3341 lata
289 3287 377 3340 via
406 3286 743 3355 perditionis
770 3286 991 3354 spatiari
1035 3301 1156 3339 cum
1190 3288 1405 3353 multis,
1448 3303 1607 3355 quam
1626 3302 1733 3340 an-
1761 3268 1806 3332 C
1840 3292 1911 3345 vit
1941 3292 2152 3346 bonitas
2174 3292 2312 3359 ejus,
2340 3286 2780 3357 superabundare
2803 3284 3240 3338 tribulationibus
3267 3286 3371 3338 tuis
3396 3302 3412 3342 τ

150 3389 361 3447 gustum
395 3378 645 3433 semitam
668 3380 913 3433 invenire
939 3394 1059 3433 cum
1088 3381 1269 3447 paucis
1296 3379 1477 3452 (Matt.
1506 3395 1601 3443 vn,
1623 3383 1733 3449 t5).

153 3472 311 3528 Unde
341 3481 395 3526 et
431 3480 486 3525 tu
513 3512 527 3535 ,
562 3470 903 3534 beatissima,
933 3472 1017 3525 cui
1036 3471 1313 3525 donatum
1332 3482 1411 3525 est
1441 3488 1547 3525 non
1577 3472 1736 3526 indu-

152 3558 259 3619 rari
293 3564 374 3631 pia
404 3564 789 3632 castigatione,
838 3564 932 3619 sed
960 3566 1192 3634 corrigi:
1221 3578 1395 3633 neque
1422 3564 1646 3634 gloriari
1679 3565 1733 3620 in

149 3657 372 3719 divitiis,
408 3656 504 3711 sed
534 3671 684 3725 spem
720 3666 775 3711 et
802 3670 913 3710 rem
946 3657 999 3710 in
1034 3657 1142 3711 Deo
1180 3670 1402 3725 ponere,
1432 3665 1489 3712 et
1518 3672 1547 3710 a
1583 3668 1733 3713 sorte

150 3749 379 3803 divitum
409 3760 755 3818 [necatorum
788 3749 952 3803 dividi
998 3764 1011 3800 :
1050 3762 1281 3817 quorum
1307 3763 1413 3802 cor'
1429 3757 1485 3802 ut
1517 3764 1732 3804 etentim

152 3850 251 3903 est,
275 3842 403 3909 quia
434 3850 488 3893 et
522 3855 617 3894 cor
644 3841 1124 3896 sicutthesaurum
1159 3855 1313 3894 suum
1352 3842 1405 3894 in
1445 3850 1595 3896 terra
1637 3841 1734 3896 de-

155 3945 394 4001 mergunt
437 3948 452 3983 :
501 3933 669 3985 transi
698 3931 783 3984 ιιιά
816 3933 1112 3986 «διωιοειιῐη
1162 3942 1455 4001 pauperum
1504 3943 1729 3997 sortem,

155 4040 371 4092 quorum
406 4027 637 4079 fortnam
671 4024 925 4080 Christus
951 4028 1179 4096 accepit,
1214 4036 1260 4080 et
1293 4028 1460 4094 factus
1487 4031 1734 4097 cst-refu-

153 4117 285 4184 giunt
338 4119 563 4189 pauperi
594 4118 628 4187 κ(
660 4118 803 4171 l’sul.
838 4134 914 4181 ις,
968 4119 1089 4189 10).
1141 4118 1325 4187 Neque
1371 4120 1567 4173 divites
1588 4161 1601 4182 ,
1634 4120 1732 4175 sed

155 4225 413 4279 pauperes
464 4212 613 4265 beati
665 4226 1076 4279 quorum-esse
1139 4211 1452 4280 pronuntiat
1494 4227 1731 4281 regnum

152 4305 417 4357 cwlorunr
443 4303 659 4368 (Matth.
693 4320 745 4369 ν,
774 4304 857 4373 5).

233 4394 339 4448 νυ.
381 4396 558 4449 Tuum
608 4408 689 4449 est
734 4412 867 4466 ergo
917 4411 1058 4451 nunc
1103 4396 1158 4451 in
1203 4412 1395 4468 magna
1437 4397 1729 4467 gratiarum

154 4489 365 4543 actione
412 4492 687 4549 conﬁteri.
714 4492 1071 4559 etvpsallere
1092 4492 1326 4546 Domino
1358 4509 1373 4545 :
1406 4508 1527 4560 quas
1571 4493 1641 4545 ita
1674 4500 1732 4546 ut

155 4585 485 4649 audivimus,
538 4595 593 4638 et
635 4584 823 4640 habitu
869 4595 925 4640 et
967 4585 1130 4640 corde
1176 4585 1496 4641 humilitatis
1533 4596 1727 4640 ornata

157 4691 231 4741 es,
262 4689 321 4731 ut
355 4678 557 4748 lingua:
586 4690 689 4731 tua:
716 4690 768 4732 et
791 4677 958 4732 menti
987 4686 1097 4731 tua:
1116 4678 1376 4732 :‘Davidica
1406 4678 1570 4731 verba
1599 4692 1728 4731 con-
1754 4651 1807 4711 Ῑ)

157 4772 369 4826 veniant
401 4787 416 4825 :
452 4771 807 4827 Bonum‘mihi
834 4782 927 4839 est,
961 4772 1097 4841 quod
1118 4771 1409 4826 humilitati
1434 4789 1533 4834 me.
1564 4783 1617 4825 ut
1642 4774 1724 4826 di-

157 4880 336 4919 scerent
380 4867 635 4920 mandata
679 4876 769 4920 tua
815 4866 1007 4935 (Psal.
1051 4881 1241 4934 cum,
1291 4863 1427 4933 71).
1477 4867 1728 4934 Adjicere

160 4959 311 5011 etiam
357 4961 502 5029 quod
553 4961 736 5014 statim
789 4961 1033 5030 sequitur
1072 4972 1204 5015 vere
1239 4962 1439 5030 poteris
1475 4980 1487 5013 :
1526 4959 1730 5015 Bonum

161 5050 275 5102 mihi
322 5062 395 5104 est
444 5053 527 5106 lca:
574 5053 677 5104 oris
720 5053 802 5104 tui
859 5064 1016 5118 super
1061 5050 1227 5105 millia
1278 5053 1390 5104 auri
1438 5062 1487 5106 et
1530 5054 1728 5121 argenti

161 5138 327 5209 (Ptol.
359 5158 544 5205 cxvnt,
576 5142 690 5209 72).
732 5143 953 5211 Elegiin
994 5144 1137 5197 enim
1176 5142 1461 5198 thesauros
1488 5154 1610 5197 tuos
1637 5158 1733 5212 po-

163 5248 286 5288 nere
313 5236 682 5305 in‘przeceptis
709 5238 989 5290 Altissmii.
1022 5236 1261 5290 Dicimus
1290 5245 1345 5289 et
1371 5251 1472 5289 nos
1500 5252 1731 5305 congra-

165 5327 385 5383 tulantes
419 5330 514 5383 tibi
540 5330 597 5383 in
629 5330 810 5384 verbis
836 5329 1123 5398 Propheta:
1149 5348 1162 5381 :
1188 5327 1391 5391 Gaude,
1421 5328 1535 5397 ﬁlia
1562 5328 1731 5393 Sion;

166 5417 350 5481 latere,
372 5421 483 5487 ﬁlia
501 5421 791 5474 Jerusalem
819 5419 1008 5491 (lactt.
1042 5436 1076 5474 ll
1094 5462 1107 5486 ,
1139 5420 1232 5486 10,
1265 5424 1412 5489 iusta
1438 5418 1585 5472 LXX
1606 5420 1644 5489 ),
1679 5429 1735 5475 et

168 5506 479 5565 obliviscere
502 5515 790 5575 malorum,
819 5527 939 5580 qute
970 5513 1064 5567 tibi
1089 5514 1157 5569 de
1179 5514 1336 5582 hujus
1362 5512 1547 5567 surculi
1576 5512 1729 5566 bonis

169 5606 283 5650 orta
310 5614 457 5655 sunt:
483 5620 600 5673 qua:
631 5606 839 5675 elegisti
870 5606 962 5659 tibi
992 5606 1186 5661 bonam
1218 5616 1446 5675 partem,
1473 5619 1591 5676 quae
1620 5620 1729 5661 non

171 5687 440 5745 auferetur
463 5695 553 5750 tibi
606 5696 769 5761 (Luc.
802 5714 856 5761 χ,
886 5697 957 5751 42
980 5698 1227 5760 ).Νθιηο
1254 5700 1396 5753 enim
1430 5706 1607 5768 potest
1634 5714 1729 5754 au-

170 5778 312 5836 ferre
361 5783 629 5844 thesauros
674 5791 939 5861 repositos
981 5791 1037 5847 in
1074 5792 1204 5846 sinu
1250 5791 1481 5859 Christi,
1559 5808 1733 5862 neque

173 5888 409 5936 evertere
462 5880 672 5941 domum
704 5885 759 5943 in
786 5884 1185 5957 ipsoangulari
1218 5886 1398 5957 lapide
1432 5885 1732 5946 fundatam.

522 5972 689 5981 ~~‘.__..
714 5974 791 5982 -..α
810 5978 821 5983 -
862 5972 993 5982 4.“,
1038 5972 1213 5983 ..ἀρ--υ

1838 3382 2270 3453 quandoqnidem
2311 3390 2364 3435 te
2401 3380 2454 3433 in
2502 3393 2689 3434 eorum
2738 3385 2888 3431 sorte
2931 3376 3145 3430 vocavit
3187 3378 3412 3444 perenni

1837 3475 2023 3530 laetitia
2069 3484 2125 3530 et
2174 3474 2487 3529 haereditate
2518 3470 2746 3533 cmlesti,
2798 3480 2854 3523 et
2882 3470 2933 3523 in
2968 3469 3187 3524 honera
3215 3470 3408 3539 regali,

1838 3576 1894 3623 et
1939 3568 1995 3621 in
2044 3580 2306 3621 consesm
2354 3562 2780 3635 superjudiciali.
2828 3562 3145 3617 Toleranda:
3176 3572 3308 3617 sunt
3348 3564 3413 3637 in

1836 3661 1940 3716 hoc
1984 3661 2184 3714 smculo
2232 3657 2550 3712 humilitatis
2595 3655 2896 3725 passiones,
2949 3671 3071 3725 qua:
3118 3654 3209 3709 tibi
3241 3655 3411 3711 aDeo

1835 3752 2391 3821 recompensabuntur
2438 3766 2449 3802 :
2498 3757 2555 3804 et;
2585 3758 2641 3801 tu
2682 3747 2962 3802 benedicta
2992 3746 3252 3801 similiter.
3272 3748 3412 3802 inte-

1835 3846 1935 3900 rim
1971 3844 2051 3898 his
2081 3844 2261 3899 verbis
2306 3843 2593 3898 consolare
2642 3860 2655 3896 :
2700 3851 2758 3894 ut
2797 3850 2850 3896 et
2891 3851 3129 3896 veterum
3158 3841 3407 3897 dolorum

1834 3936 2193 4004 obliviscaris,
2220 3947 2276 3991 et
2307 3938 2359 3990 in
2385 3935 2634 4006 prtcseuti
2678 3934 2976 4004 proposito,
3003 3950 3110 4004 quo
3150 3934 3216 3988 ad
3243 3949 3411 4003 Opera

1834 4030 2091 4084 salutaria
2132 4030 2361 4085 relevasti
2409 4042 2600 4081 manus
2650 4037 2789 4091 tuas,
2837 4026 3002 4080 corde
3035 4025 3270 4095 perlecta
3318 4030 3411 4080 tir-

1834 4132 1998 4187 mata,
2046 4120 2371 4174 ﬁducialiter
2416 4120 2717 4172 futurorum
2766 4118 3028 4170 honorum
3074 4117 3169 4171 tibi
3220 4133 3411 4185 perpe-

1833 4214 1977 4269 tuam
2002 4212 2311 4267 felicitatem
2334 4210 2524 4264 festiva
2549 4210 2898 4264 meditatione
2920 4207 3412 4277 promittaszthtte

1832 4308 2003 4377 ipsam
2033 4305 2085 4358 in
2114 4304 2310 4359 caelum
2342 4302 2520 4355 animo
2545 4302 2808 4371 gestiente
2838 4313 3168 4368 prtecurras:
3197 4307 3252 4352 ut
3277 4297 3408 4352 dum

1832 4413 2061 4469 corpore
2108 4395 2342 4452 moraris
2394 4395 2646 4459 interra,
2685 4393 2793 4462 jam
2820 4392 2885 4446 ad
2914 4389 3184 4445 Christum
3228 4398 3411 4444 mente

1835 4495 2117 4566 pervenias
2163 4512 2176 4547 :
2220 4493 2456 4562 dumque
2490 4488 2776 4546 Christum
2830 4490 3043 4545 conaris
3093 4488 3314 4550 imitari,
3352 4496 3413 4542 et;

1834 4590 2059 4659 vestigio
2088 4588 2207 4658 ejus
2232 4586 2487 4656 alligeris,
2528 4584 2794 4653 depositis
2830 4582 3111 4649 oneribus,
3150 4591 3206 4634 ct
3236 4582 3411 4649 impec

1836 4682 2088 4737 dimentis
2141 4690 2299 4749 atque
2344 4677 2738 4746 compedibus,
2789 4675 2983 4745 quibus
3024 4674 3202 4729 amenti
3250 4673 3411 4740 hujus

1835 4774 2024 4829 divites
2051 4773 2367 4840 attinemur,
2394 4775 2625 4828 sedentes
2649 4771 2942 4826 intenebris
2966 4783 3012 4827 et
3036 4772 3215 4826 umbra
3235 4771 3416 4826 nim-tio

1839 4866 2024 4939 (λεΡκαι.
2057 4880 2306 4930 Lxxxvn,
2339 4865 2403 4937 7)
2432 4886 2445 4922 :
2486 4876 2542 4921 tu
2570 4867 2680 4937 jam
2710 4866 2933 4921 liberata
2961 4876 3014 4921 et
3042 4865 3288 4934 expedita
3319 4878 3412 4918 co-

1836 4961 2047 5015 miteris
2078 4960 2361 5027 Dominum
2394 4959 2694 5030 majestatis
2730 4960 3068 5023 crucifixum,
3097 4960 3247 5029 cujus
3275 4960 3411 5012 ima-

1835 5056 2014 5124 ginem
2050 5069 2156 5107 non
2195 5064 2373 5123 potest
2413 5065 2653 5125 portare,
2701 5056 2799 5109 nisi
2832 5056 2923 5123 qui
2972 5055 3025 5109 in
3058 5056 3160 5110 hoc
3206 5054 3413 5110 smculo

1835 5148 2037 5203 nudum
2078 5161 2137 5201 se
2177 5147 2354 5201 reddit
2391 5159 2445 5200 et
2475 5158 2746 5201 mortuum
2775 5165 2789 5201 :
2823 5156 2881 5202 ut
2906 5148 3201 5203 secundum
3229 5149 3414 5219 ipsum

1835 5239 2119 5295 Dominum
2162 5237 2305 5292 dicat
2343 5255 2355 5289 :
2393 5238 2547 5291 Venit
2594 5238 2729 5291 enim
2759 5241 2995 5311 princeps
3023 5242 3198 5293 mundi
3224 5240 3415 5311 hujus,-

1835 5344 1879 5389 et
1906 5334 1962 5386 in
1989 5348 2069 5385 me
2096 5331 2226 5385 nihil
2256 5330 2443 5382 invenit
2478 5329 2655 5400 (toan.
2685 5344 2796 5398 xxv,
2829 5332 2940 5400 50).
2973 5331 3069 5385 Vel
3106 5333 3409 5388 secundum

1838 5426 2155 5497 prophetam
2190 5423 2354 5477 David
2399 5438 2416 5476 :
2462 5421 2653 5476 Factus
2678 5440 2792 5477 sum
2840 5426 2973 5478 inter
3000 5424 3419 5493 viventesqued

1838 5528 2067 5571 mortuus
2118 5515 2307 5588 (Paul.
2358 5530 2592 5581 Lxxxvn,
2624 5514 2696 5583 6)
2740 5531 2753 5571 :
2803 5515 2967 5569 utsic
2997 5517 3136 5570 inter
3168 5530 3419 5581 mortuos

1838 5612 2035 5672 libera.
2071 5611 2245 5681 possis
2278 5611 2427 5680 juxta
2459 5609 2773 5679 Apos‘tolum
2815 5608 2997 5664 dicere
3026 5627 3039 5662 :
3074 5608 3200 5662 Vivo
3241 5618 3421 5672 autem

1827 5705 1943 5772 jam
1971 5719 2071 5756 non
2100 5720 2214 5772 ego,
2249 5704 2367 5757 vivit
2394 5713 2564 5759 autem
2591 5703 2645 5757 in
2669 5719 2748 5756 me
2776 5701 3009 5757 Christus
3032 5699 3177 5771 (Gal.
3200 5715 3262 5769 ll,
3289 5703 3416 5780 30v),

1839 5795 2025 5853 Gaude
2067 5799 2191 5865 quia
2240 5797 2375 5852 facta
2425 5813 2484 5855 es
2526 5798 2664 5853 sicut
2711 5797 2945 5868 gloriosa
2993 5792 3427 5861 Judith,'intu

1842 5888 2070 5950 virtutes
2108 5889 2375 5961 pudicitiae
2406 5892 2614 5958 meritis
2644 5890 2918 5975 viduitatis
2956 5891 3415 5973 incorWPWPov
