3998 6198
484 200 505 219 ‘
572 245 649 306 85
1590 244 1649 302 S.
1699 238 2083 299 IIIERONYMI
2120 236 2405 298 OPERUM
2444 239 2835 300 MANTISSA.’
3760 242 3827 299 56

572 379 700 425 tens
725 385 739 423 :
765 364 984 425 sicut'et
1009 365 1162 423 Anna
1187 362 1516 421 venerabilis
1546 362 1599 418 in
1627 360 1961 432 jejuniorum
1991 357 2146 413 casti-
2176 356 2233 419 Α
2259 358 2466 424 ﬁducia,
2499 359 2552 414 in
2583 375 2792 415 summa
2818 372 2950 429 pace
2972 372 3071 414 nos
3096 370 3215 416 esse
3238 358 3551 414 credamus:
3575 366 3828 427 tantaque

576 464 756 519 monia
785 461 1040 517 orationis
1069 460 1278 514 instans
1303 466 1461 513 nocte
1493 471 1560 519 ac
1588 456 1693 510 die.

695 574 1006 633 MONITUM
1044 572 1111 630 IN
1151 573 1536 630 EPISTOLAM
1575 567 2021 638 SEQUENTEM.

653 692 868 747 Videtur
893 690 1031 745 istud
1057 705 1121 744 ea:
1146 689 1428 756 prolixiora
1459 686 1693 758 epistola,
1723 701 1809 737 seu
1841 682 2013 758 libello
2040 682 2147 758 [νία-

572 774 847 835 gmentum.
880 764 1101 835 maxime
1129 753 1243 835 cum
1267 761 1378 835 fine
1395 770 1440 812 et
1469 753 1634 835 debita
1664 756 1911 835 sermonis
1939 753 2147 835 conclu-

569 824 712 893 sione
754 844 943 887 careat.
982 831 1090 887 Cur
1135 833 1200 885 ad
1248 824 1507 899 virginem
1559 830 1612 882 in
1643 827 1891 881 exsilium
1922 824 2144 878 missam

568 906 891 967 inscribatur,
920 920 985 959 ea:
1012 903 1155 955 nullo
1184 902 1382 969 penitus
1414 901 1526 953 loco
1558 899 1846 969 intelligere
1874 906 1951 949 est
1975 912 2146 969 :Anam

563 995 725 1049 neque
768 980 1148 1049 ejushpersona:
1185 967 1542 1049 cola_u_s_quam
1589 979 1661 1023 est
1707 967 1795 1049 aut
1839 967 2145 1049 vestigium;

568 1038 724 1120 neque
750 1038 931 1120 eisilii'
972 1047 1179 1120 mentio,
1211 1043 1312 1120 nisi
1358 1041 1449 1095 illo
1500 1046 1721 1112 fortasse
1769 1039 1902 1120 loco,
1951 1038 2034 1120 ubi
2078 1038 2148 1120 de

567 1109 686 1176 Noe
723 1119 939 1181 dicitur,
979 1118 1119 1172 Ecce
1147 1126 1202 1172 et
1239 1117 1332 1170 ille
1358 1129 1471 1167 rem
1500 1109 1692 1180 passus
1719 1110 1937 1181 exsilii.
1956 1109 2148 1181 Aucto-

564 1208 672 1247 rem
716 1192 851 1259 quod
902 1178 1093 1260 spectat
1140 1178 1941 1260 (quandoquidem_llieronyn'ti
1991 1178 2147 1245 liquet

567 1281 669 1318 non
700 1253 827 1330 esse)
857 1253 1019 1331 sty'lus
1055 1253 1227 1313 autem
1264 1253 2001 1331 cumgentecedcntiproxime
2026 1266 2148 1302 con-

565 1344 735 1396 sonat,
772 1322 1043 1386 uitde'lttcc
1081 1332 1235 1383 etiant
1270 1327 1481 1380 Paulini
1520 1326 1679 1396 uideri
1713 1326 1874 1376 doctis
1904 1322 2025 1396 riris
2054 1336 2148 1391 po-

568 1406 665 1459 tuit
690 1394 904 1457 :eodem
932 1411 1231 1471 argumento
1258 1414 1369 1475 quo
1399 1396 1546 1451 illam
1576 1395 1827 1463 Philippo
1854 1394 2146 1475 presbytero

568 1476 806 1541 attribui,
837 1474 969 1527 hanc
993 1467 1197 1543 quoque
1225 1471 1390 1525 eidem
1416 1485 1562 1538 posse
1589 1483 1704 1522 reor
1734 1467 1941 1520 ascribi.

1125 1560 1592 1632 ertsrompv,

604 1678 703 1719 εει]
740 1674 1064 1718 ῦοκεοωτιο
1101 1674 1171 1713 ΛΒ
1208 1671 1461 1712 νιιιςικειι
1499 1671 1551 1709 ιΝ
1589 1669 1844 1709 Εςειιιωι
1894 1667 2103 1707 HISSAH.

2250 452 2324 507 sit
2347 453 2399 505 in
2431 452 2589 507 nobis
2617 468 2744 521 spes
2774 453 3100 518 futurorum,
3135 462 3191 506 ut
3220 453 3442 506 omnino
3479 467 3585 505 non
3628 452 3826 506 sentia—

2247 560 2369 600 mus
2399 562 2498 599 nos
2536 546 2801 600 sustinere
2832 546 2924 599 illa
2970 560 3089 613 qua:
3131 544 3391 615 patimur,
3431 546 3527 599 sed
3558 561 3619 599 ea
3653 547 3826 612 potius

2249 640 2575 693 arbitremur
2612 640 2722 707 jam
2764 639 3013 699 obtinere
3041 654 3161 709 qua:
3202 638 3502 693 credimus.
3548 638 3824 707 Siquidem

2248 733 2448 787 dictum
2477 742 2580 796 cst,
2607 733 2748 787 unde
2777 743 2950 788 totum
2981 747 3080 785 nos
3107 733 3160 787 in
3191 733 3371 786 futuro
3399 732 3601 786 habere
3626 747 3824 801 cogno-

2248 826 2449 881 scimus
2472 845 2486 880 :
2512 826 2618 896 Spe
2647 827 2772 880 salvi
2798 828 2921 896 facti
2943 842 3141 880 sumus.
3183 826 3318 896 Spes
3347 836 3519 879 autent
3543 843 3659 897 qua:
3685 828 3824 881 vide-

2250 930 2351 982 tur,
2382 937 2483 973 non
2521 930 2593 973 est
2623 937 2738 991 spes
2775 919 2953 989 (Rom.
2986 935 3105 983 vttt,
3134 920 3251 987 9.4).
3294 921 3375 974 Ad
3416 920 3520 975 hoc
3548 938 3677 992 ergo
3710 931 3826 976 tan-

2250 1022 2356 1067 tam
2390 1013 2444 1067 in
2479 1013 2631 1067 nobis
2662 1014 2785 1067 lidei
2836 1013 3191 1068 stabilitatem
3224 1013 3489 1068 Dominus
3515 1029 3639 1068 esse
3680 1015 3825 1069 desi-

2250 1106 2404 1160 derat
2445 1124 2459 1159 :
2506 1114 2563 1160 ut
2610 1106 2814 1161 certius
2843 1121 2965 1161 esse
2995 1105 3137 1176 quod
3164 1105 3459 1171 credimus,
3491 1122 3652 1174 quam
3680 1108 3824 1177 quod

2251 1201 2507 1270 patimur,
2550 1200 2855 1269 iudicemus
2890 1218 2904 1255 :
2948 1210 3002 1255 et
3031 1200 3211 1254 verius
3242 1201 3534 1256 habeamus
3560 1203 3825 1268 speranda

2250 1308 2409 1363 quam
2441 1294 2720 1347 sensibilis
2752 1302 2844 1348 :et
2889 1301 3188 1362 praesentes
3217 1294 3497 1363 angustias
3543 1308 3648 1347 non
3702 1309 3827 1348 sen-

2251 1389 2463 1451 tiamus,
2498 1386 2626 1440 dum
2658 1386 2709 1440 in
2738 1386 2968 1440 futuram
3002 1401 3153 1454 spem
3186 1394 3296 1439 tota
3327 1386 3487 1438 animi
3522 1385 3826 1440 intentione

2250 1478 2641 1546 protendimur.
2667 1477 2747 1531 Ac
2772 1478 2817 1532 si
2844 1477 3071 1531 bellator
3095 1476 3289 1544 aliquis
3316 1476 3561 1531 dolorem
3586 1475 3830 1530 vulneris

2250 1576 2345 1622 aut
2371 1576 2703 1630 contemnat,
2732 1577 2824 1621 aut
2846 1567 3077 1631 nesciat,
3100 1566 3225 1622 dum
3254 1568 3505 1623 omnibus
3530 1566 3831 1621 vivacitatis

2252 1660 2504 1713 sensibus
2544 1660 2716 1714 solam
2758 1659 2970 1715 videtur
3008 1660 3246 1729 cogitare
3282 1660 3582 1715 victoriam.
3612 1658 3745 1713 Nam
3774 1669 3830 1713 et

641 1758 685 1811 l.
727 1756 783 1811 Si
813 1756 951 1809 Deus
982 1768 1044 1807 ac
1083 1752 1340 1807 Dominus
1380 1758 1564 1804 noster
1588 1745 1837 1802 Christus
1868 1746 2026 1799 Jesus
2054 1758 2143 1797 se-
2176 1782 2222 1841 Β
2250 1753 2339 1820 qui
2370 1762 2611 1819 tempore
2640 1751 2850 1822 Ityemis
2876 1750 3025 1805 vadit
3060 1750 3129 1804 ad
3159 1751 3402 1817 balneas,
3444 1752 3593 1820 prius
3614 1751 3823 1819 asperi-

575 1851 902 1913 curitatem,
952 1862 1160 1917 pacem,
1208 1842 1667 1913 tranquillitatem,
1718 1840 1973 1909 quietem,
2024 1852 2148 1906 pro-

579 1947 922 2016 speritatem,
974 1940 1236 2005 lanitium,
1284 1947 1337 1993 et
1379 1950 1738 2008 quascumque
1781 1934 1883 1988 alia
1914 1947 2035 1988 esse
2061 1932 2150 1998 ju-

579 2040 913 2096 cunditatum
962 2052 1159 2107 genera
1210 2044 1458 2105 possunt,
1516 2031 1688 2086 servis
1743 2040 1797 2085 et
1848 2028 2150 2083 cultoribus

570 2134 681 2188 suis
712 2142 816 2185 tam
855 2130 908 2184 in
945 2128 1216 2199 praesenti,
1251 2141 1409 2196 quam
1458 2125 1512 2179 in
1562 2123 1743 2177 futuro
1785 2122 2149 2191 promitteret,

568 2232 717 2280 esset
745 2221 901 2277 nobis
926 2236 1033 2274 non
1076 2218 1347 2273 immerito
1374 2216 1662 2271 dolendum
1688 2223 1851 2284 atque
1889 2212 2148 2274 lleiidum,

570 2316 616 2371 si
665 2329 769 2384 qua
818 2314 870 2368 in
917 2310 1170 2383 prmsenti
1215 2310 1324 2364 vita
1371 2308 1638 2364 contraria
1696 2317 2022 2373 pateremur,
2083 2317 2150 2357 eo

575 2412 723 2482 quod
766 2418 959 2480 prteter
996 2407 1314 2477 inspiratam
1345 2404 1618 2468 dolorem,
1660 2401 1814 2471 cujus
1842 2415 1910 2455 eo
1934 2414 2152 2464 semper

574 2501 821 2557 acerbior
847 2500 924 2554 vis
974 2508 1076 2565 est,
1135 2512 1241 2566 quo
1282 2496 1449 2565 magis
1498 2494 1811 2564 repentinus
1868 2492 2148 2558 acciderit,

572 2596 753 2648 futura
798 2606 1012 2661 quoque
1058 2587 1340 2658 promissio
1387 2596 1532 2642 esset
1577 2584 1847 2653 ambigua,
1900 2583 2152 2653 praisenti

575 2688 692 2755 spei
725 2683 1108 2739 sollicitatione
1136 2681 1410 2735 frustrata.
1440 2680 1509 2735 At
1536 2694 1666 2734 vero
1684 2693 1805 2732 cum
1828 2691 1858 2732 e
1878 2674 2154 2731 contrario

575 2774 996 2838 sollicitudines,
1052 2773 1228 2838 bella,
1276 2782 1645 2841 tempestates,

576 2869 845 2933 miserias,
880 2866 1145 2933 tristitias,
1174 2865 1318 2933 odia,
1347 2879 1409 2918 ac
1435 2863 1538 2919 alia
1565 2878 1915 2934 qutecumque
1944 2862 2151 2916 ineoru-

576 2963 861 3019 modorum
890 2972 1049 3031 atque
1079 2975 1439 3016 aerumnarum
1469 2973 1668 3029 genera
1692 2971 1816 3013 esse
1833 2955 2150 3022 creduntur,

575 3058 628 3111 in
671 3055 921 3125 prtescnti
971 3068 1070 3108 nos
1115 3066 1372 3123 passuros
1411 3067 1531 3108 esse
1573 3049 1922 3120 praedixerit,
1964 3057 2153 3102 contra

574 3148 845 3217 praedicta:
882 3146 1317 3201 commutationis
1356 3145 1600 3207 taedium,
1638 3142 1706 3197 de
1737 3141 2003 3211 promissa
2042 3156 2148 3193 non

1721 2768 2149 2837 inquietudines,
2176 2830 2179 2831 ν

2254 1852 2418 1900 tatem
2474 1844 2690 1914 [rigoris
2736 1843 2909 1899 nudus
2960 1843 3230 1912 patienter
3274 1842 3495 1912 excipit,
3550 1842 3677 1912 quia
3710 1859 3829 1897 eum

2252 1944 2507 1990 secutura
2547 1935 2837 1990 calcfactio
2874 1936 3211 1991 consolatur.
3251 1935 3332 1991 Ita
3368 1943 3515 1991 certa
3554 1948 3680 2003 Spes
3717 1952 3829 1989 rem

2253 2029 2418 2082 Vincit
2448 2028 2766 2092 instantem,
2810 2036 2869 2082 ut
2918 2027 3055 2083 illud
3085 2027 3482 2096 quodammodo
3526 2043 3649 2085 esse
3698 2028 3829 2082 inci-

2253 2123 2365 2193 piat
2390 2123 2540 2189 quod
2566 2121 2808 2177 futurum
2834 2131 2938 2187 est,
2962 2132 3016 2179 et
3041 2123 3257 2178 desinat
3276 2138 3397 2178 esse
3422 2123 3569 2193 quod
3597 2139 3833 2193 prtesens

2254 2226 2356 2271 cst.
2390 2216 2455 2270 In
2483 2234 2582 2283 me,
2617 2218 2795 2288 inquit
2822 2218 3101 2281 Dominus,
3129 2234 3306 2289 pacem
3334 2218 3585 2279 habeatis,
3621 2217 3727 2272 lme
3754 2226 3835 2272 est

2254 2311 2469 2367 dicere:
2494 2311 2731 2366 Firmius
2767 2311 2924 2365 vobis
2958 2312 3030 2365 sit
3056 2310 3200 2380 quod
3234 2311 3289 2365 in
3318 2325 3404 2365 me
3434 2320 3538 2373 est,
3569 2311 3659 2380 qui
3687 2326 3832 2367 sem-

2256 2417 2351 2471 per
2378 2417 2531 2468 sum,
2582 2417 2739 2472 quam
2769 2402 2914 2470 quod
2965 2402 3018 2457 in
3065 2402 3348 2471 temporali
3377 2401 3583 2470 geritur
3607 2403 3832 2457 mundo.

2254 2497 2390 2562 Quia
2437 2497 2669 2551 mundus
2702 2498 2976 2563 transibit,
3010 2506 3066 2553 et
3110 2497 3313 2552 malitia
3344 2513 3697 2567 qumcumque
3725 2501 3837 2567 agi-

2259 2601 2344 2645 tur
2386 2589 2438 2643 in
2471 2590 2608 2657 ipso,
2659 2591 2895 2645 finietur.
2937 2591 3045 2645 Pax
3077 2606 3207 2645 vero
3240 2606 3356 2645 mea
3403 2592 3546 2645 nulla
3582 2608 3835 2660 umquam

2255 2682 2558 2739 defectione
2598 2685 2853 2753 temporis
2889 2684 3145 2739 solvetur.
3178 2685 3250 2739 Et
3277 2685 3408 2739 alibi
3439 2685 3605 2739 dicit:
3637 2684 3837 2739 Mulier

2257 2792 2370 2829 cum
2396 2776 2554 2847 parit,
2586 2776 2853 2830 tristitiant
2890 2776 3074 2843 habet,
3125 2777 3369 2846 quoniam
3398 2778 3529 2830 venit
3556 2777 3666 2831 dies
3696 2781 3835 2848 ejus.

2255 2866 2384 2921 Cum
2408 2876 2581 2922 autem
2617 2870 2869 2940 pepererit
2895 2886 3133 2937 puerum,
3170 2885 3272 2923 non
3295 2869 3524 2922 meminit
3542 2872 3658 2940 jam
3689 2886 3836 2939 pres-

2254 2975 2407 3023 ειη-ιε,
2442 2970 2651 3028 propter
2688 2961 2959 3029 gaudium,
2997 2962 3120 3031 quia
3149 2970 3300 3015 natus
3324 2970 3396 3013 est
3418 2959 3572 3013 homo
3602 2962 3654 3013 in
3686 2978 3839 3014 mun-

2255 3052 2402 3107 dum.
2433 3052 2504 3108 Et
2542 3072 2629 3109 ros
2662 3072 2797 3109 nunc
2824 3055 3026 3124 quidem
3054 3056 3321 3109 tristitiam
3361 3054 3584 3117 habetis,
3613 3056 3700 3109 sed
3746 3058 3837 3108 tri-

2222 3172 2223 3175 η
2255 3148 2394 3201 stitia
2420 3158 2585 3202 vestra
2611 3158 2833 3203 vertetur
2858 3150 2914 3202 in
2938 3150 3205 3219 gaudium.
3236 3146 3265 3200 Ι
3270 3158 3433 3202 terum
3454 3156 3621 3203 autem
3652 3148 3835 3201 videbo

574 3240 679 3298 crit
703 3242 823 3311 quis
860 3240 1222 3310 prosperitate
1265 3252 1508 3293 securus.
1534 3236 1592 3293 Si
1617 3252 1749 3292 vero
1788 3235 2150 3289 commonitus
2178 3223 2223 3288 C
2256 3253 2372 3301 vos,
2420 3248 2469 3290 et
2514 3238 2757 3308 gaudebit
2800 3256 2888 3292 cor
2926 3249 3168 3305 vestrum,
3216 3250 3263 3292 et
3312 3240 3563 3310 gaudium
3609 3250 3835 3292 uestrum

571 3340 763 3403 fueris,
795 3338 848 3391 in
897 3336 1010 3405 ipsa
1041 3332 1461 3389 commonitione
1505 3330 1732 3386 habebis
1776 3327 2047 3384 solatium.
2082 3329 2152 3384 Et

574 3432 819 3504 quamvis
841 3446 905 3485 ex
934 3428 1191 3499 prindicto
1216 3427 1358 3481 malo
1388 3424 1629 3481 adversae
1652 3422 1976 3478 valetudinis
2005 3423 2150 3492 quis-

576 3527 719 3597 piam
747 3520 1095 3578 acerbissime
1124 3518 1464 3588 perturbetur
1507 3532 1522 3570 :
1574 3515 2033 3585 perturbationem
2066 3524 2147 3569 ta-

575 3631 701 3671 men
734 3628 840 3667 non
867 3614 1070 3679 absque
1095 3608 1464 3665 consolatione
1510 3606 1800 3675 suscipiet,
1847 3605 1938 3674 qui
1987 3605 2043 3659 in
2085 3621 2149 3661 ea

578 3709 857 3779 promissa:
879 3703 1121 3759 sanitatis
1144 3701 1294 3771 signa
1317 3714 1439 3756 esse
1462 3700 1760 3769 cognoscit.
1789 3698 1907 3751 Pari
1940 3698 2148 3754 ratione

573 3814 677 3856 nos
719 3812 934 3867 quoque
975 3793 1243 3863 iucundos
1269 3806 1391 3846 esse
1420 3806 1483 3845 ac
1512 3790 1663 3844 laetos
1685 3832 1699 3856 ,
1752 3788 1879 3844 dum
1905 3790 2018 3857 spei
2050 3804 2147 3843 no-

576 3902 703 3945 stra:
730 3890 884 3958 signa
926 3885 1311 3952 conspicimus,
1360 3881 1860 3951 comprobationem
1907 3881 2025 3950 ejus
2058 3895 2147 3933 su-

573 3984 791 4047 mimus,
820 3996 941 4035 cum
972 3994 1068 4047 per
1095 3977 1231 4031 mala
1260 3976 1567 4044 prmscntia,
1603 3974 1783 4028 futura
1814 3974 1948 4028 bona
1986 3972 2146 4027 indu-

572 4078 752 4131 bitata:
800 4073 924 4127 ﬁdei
984 4071 1228 4125 manibus
1262 4069 1371 4137 jam
1422 4079 1685 4122 tenemus.
1736 4065 2041 4135 Siquidem,
2090 4073 2148 4117 ut

571 4170 771 4224 dictum
827 4173 941 4231 est,
994 4164 1135 4216 salus
1185 4174 1358 4215 nostra
1416 4162 1469 4214 in
1519 4172 1739 4229 tempore
1794 4156 2145 4211 tribulationis

570 4264 590 4331 (
614 4260 759 4315 Psal.
792 4272 1031 4321 cxxxvtt,
1062 4254 1193 4324 39).
1239 4254 1448 4308 Nullam
1497 4268 1624 4323 ergo
1673 4251 1836 4305 debet
1878 4263 2142 4319 generare

566 4354 842 4409 tristitiam
891 4349 1278 4419 qualecumque
1330 4346 1461 4402 illud
1491 4355 1607 4411 est,
1660 4343 1802 4412 quod
1850 4342 2138 4395 maximam

566 4451 778 4505 videtur
817 4446 1119 4518 signiﬁcare
1149 4443 1409 4498 laetitiam.
1446 4440 1543 4496 Est
1572 4438 1718 4492 enim
1758 4435 1848 4490 ille
1876 4432 2141 4503 superbus

566 4560 630 4601 ac
660 4543 891 4609 invidus,
925 4550 1016 4593 aut
1042 4539 1123 4593 sui
1150 4537 1461 4593 fastidiosus
1491 4534 1638 4596 boni,
1667 4548 1825 4602 quem
1858 4530 1976 4597 ejus
2008 4543 2137 4599 pro-

2255 3344 2407 3382 nemo
2438 3328 2580 3383 tollet
2609 3348 2640 3381 a
2668 3330 2810 3383 vobis
2838 3329 3020 3400 (Joau.
3053 3347 3149 3394 Xtt,
3175 3332 3291 3399 2i).

2325 3419 2389 3474 ll.
2416 3420 2768 3489 Aptissimum
2797 3437 3028 3491 namque
3066 3423 3135 3478 ad
3161 3424 3625 3494 comparationem
3655 3425 3834 3481 tribu-

2255 3512 2518 3568 lationum
2544 3516 2892 3583 praesentium
2925 3526 2982 3571 et
3008 3516 3306 3571 futurorum
3331 3518 3675 3585 gaudiorum,
3697 3535 3836 3587 pra:-

2253 3609 2467 3679 gnantis
2511 3608 2759 3663 mulieris
2788 3608 3002 3664 induxit
3040 3612 3345 3679 exemplum
3382 3631 3393 3663 :
3426 3627 3547 3680 qua:
3582 3612 3837 3681 quamvis

2251 3716 2468 3756 causam
2487 3710 2668 3769 partus
2691 3717 2797 3756 non
2812 3703 3018 3771 absque
3045 3703 3247 3772 ingenti
3271 3704 3408 3757 sciat
3430 3704 3621 3758 dolore
3650 3714 3834 3759 trans-

2251 3792 2330 3848 ire
2362 3812 2373 3846 :
2415 3794 2539 3863 quia
2566 3793 2824 3849 aviditate
2852 3796 3016 3850 nimia
3048 3796 3253 3851 liberos
3282 3797 3449 3862 cupit,
3472 3795 3682 3850 doloris
3718 3808 3821 3851 tor-

2250 3896 2491 3940 mentum
2538 3888 2774 3956 spernit,
2817 3888 2942 3942 dum
2983 3890 3126 3957 quod
3156 3890 3287 3943 satis
3316 3889 3530 3959 diligit,
3565 3892 3832 3960 concupi-

2248 3981 2371 4044 scit,
2404 3991 2459 4035 et
2491 3990 2619 4037 ante
2645 3984 2842 4051 gaudet
2868 3999 2932 4037 cx
2964 3984 3155 4052 prole,
3183 3999 3342 4053 quam
3384 3987 3741 4040 contristetur
3764 4003 3827 4039 ex

2248 4083 2408 4143 partu
2442 4094 2452 4128 :
2487 4091 2587 4131 nec
2623 4084 2844 4131 recusat
2879 4077 3247 4133 lmeunditatis
3282 4077 3505 4131 exordia
3537 4119 3552 4142 ,
3580 4078 3830 4146 qutltltt‘is

2246 4180 2392 4225 certa
2419 4171 2490 4224 sit
2518 4186 2578 4225 ea
2610 4187 2715 4225 non
2742 4173 2947 4241 absque
2978 4172 3188 4241 magnis
3206 4171 3503 4237 angoribus
3524 4184 3782 4225 eventura
3812 4192 3824 4225 :

2248 4262 2507 4330 quoniam
2537 4262 2663 4316 dum
2695 4263 2871 4329 majus
2891 4262 3150 4331 gaudium
3182 4264 3400 4331 cogitat,
3433 4263 3667 4316 tristitiae
3693 4280 3824 4317 cau-

2244 4366 2335 4407 sas
2363 4354 2728 4423 amplectitur.
2759 4354 2851 4409 Sic
2888 4363 2944 4409 et
2968 4354 3026 4407 in
3058 4354 3311 4409 omnibus
3348 4370 3488 4424 pene
3530 4357 3693 4409 rebus
3728 4356 3829 4409 litt-

2245 4445 2419 4500 inanis
2446 4446 2668 4502 dilticile
2698 4456 2879 4517 potest
2905 4462 3027 4502 esse
3072 4447 3280 4511 laztitia,
3314 4448 3417 4502 ttisi
3452 4447 3665 4502 tristitia
3693 4459 3826 4503 ante

2243 4540 2622 4606 praecesserit,
2659 4548 2711 4595 ct
2759 4540 3081 4596 amaritudo-
3102 4542 3395 4609 praeeuntis
3425 4541 3627 4595 doloris
3670 4556 3831 4597 com—

563 4639 712 4695 batio
768 4636 943 4691 reddit
1000 4632 1316 4687 tristiorem.
1361 4627 1501 4682 Dicit
1543 4628 1686 4681 enim
1734 4626 1789 4679 in
1840 4624 2136 4694 Evangelia
2169 4644 2218 4703 ι)
2246 4633 2468 4689 mendat
2507 4636 2742 4703 amplius
2773 4635 2963 4705 gaudia
3005 4644 3278 4691 secutura.
3313 4635 3404 4691 Sic
3451 4636 3665 4704 quidem
3701 4653 3829 4704 pre-

565 4730 823 4785 Dominus
858 4746 871 4781 :
914 4727 1018 4779 Vos
1049 4722 1284 4793 lugebitis
1307 4761 1321 4783 ,
1367 4729 1412 4773 ct
1442 4718 1660 4788 ﬂebitis,
1709 4719 1927 4770 mundus
1969 4726 2139 4771 autem

565 4822 804 4893 gaudebit
838 4836 856 4873 :
891 4836 976 4872 ros
1002 4813 1447 4874 rontristabiutini,
1477 4810 1565 4863 sed
1596 4810 1805 4864 tristitia
1832 4820 1995 4864 t‘ettra
2024 4827 2139 4865 ver-

563 4924 695 4971 tetur
722 4916 776 4968 in
806 4912 1057 4984 gaudium
1090 4905 1291 4978 (Joan.
1324 4920 1434 4968 xvr,
1465 4904 1535 4957 20
1559 4902 1599 4972 ).
1633 4903 2023 4972 Amplectendo
2054 4914 2135 4960 cst

561 5024 693 5079 ergo
719 5005 932 5061 tristitia
958 5020 1076 5073 qua:
1106 5001 1357 5069 gaudium
1390 4998 1526 5067 parit
1552 5016 1564 5050 :
1593 5006 1647 5052 et
1676 5013 1779 5052 non
1811 4996 1931 5065 ejus
1963 5009 2137 5053 mate-

561 5105 641 5158 ria
686 5108 771 5155 est
818 5094 1225 5153 consideranda.
1280 5092 1418 5160 Quia
1464 5106 1608 5161 saepe
1654 5108 1746 5159 per
1791 5090 2130 5149 dulcedinem

556 5195 764 5249 fructus
796 5190 1002 5259 plaeet,
1048 5187 1188 5257 quod
1231 5200 1472 5240 amarum
1509 5186 1719 5238 horruit
1749 5186 1799 5239 in
1833 5186 2033 5241 radice.
2066 5187 2135 5242 Et

556 5292 753 5343 iterum
794 5284 869 5337 ait
917 5281 1166 5336 Dominus
1203 5296 1216 5330 :
1258 5277 1385 5331 Ηαέ
1415 5279 1611 5332 locutus
1638 5294 1750 5331 sunt
1781 5276 1948 5341 vobis,
1998 5288 2049 5330 ut
2079 5279 2132 5332 in

558 5397 637 5435 me
656 5394 832 5453 pacem
862 5374 1115 5440 habeatis;
1134 5375 1185 5427 in
1210 5373 1305 5427 hoc
1333 5381 1500 5425 autent
1522 5373 1709 5425 mundo
1732 5370 2131 5441 pressatum/ta-

560 5473 736 5527 bebitis
762 5470 953 5543 (Ibid.,
984 5469 1097 5540 55).
1128 5467 1264 5534 Quid
1295 5466 1398 5521 hoc
1416 5476 1501 5521 est
1527 5466 1668 5535 quod
1702 5466 1854 5528 dicit,
1890 5474 1945 5516 ut
1971 5465 2021 5517 in
2051 5481 2130 5519 me

558 5580 734 5634 pacem
769 5563 1018 5628 habeatis,
1061 5564 1114 5615 in
1153 5562 1247 5615 hoc
1289 5562 1479 5616 mundo
1519 5576 1811 5630 pressuram
1839 5557 2133 5611 habebitis?

558 5654 663 5709 nisi
693 5663 751 5709 ut
780 5664 924 5708 tanta
970 5654 1023 5707 in
1072 5654 1227 5707 nobis
1274 5652 1343 5707 sit
1388 5652 1505 5719 ejus
1534 5651 1826 5706 credulitas
1861 5648 2127 5717 pollicita-

559 5746 753 5812 tionis,
804 5755 863 5803 ttt
905 5760 1025 5800 cum
1070 5744 1257 5801 mundi
1304 5744 1442 5799 mala
1494 5743 1745 5813 patimur,
1790 5743 1980 5799 futura:
2010 5744 2129 5812 spei

2244 4727 2434 4781 tiosior
2471 4728 2761 4785 salubritas
2791 4736 2894 4792 est,
2925 4742 3044 4796 quae
3074 4737 3195 4797 post
3227 4729 3503 4797 languoris
3533 4743 3827 4796 recupera-

2245 4831 2331 4874 tur
2358 4821 2764 4876 incommodum
2802 4840 2813 4873 :
2843 4830 2898 4875 et
2925 4836 2953 4872 a
2998 4822 3238 4890 qualibet
3283 4831 3468 4889 parte,
3513 4837 3580 4875 ex
3614 4821 3827 4889 majore

2239 4930 2384 4984 saepe
2414 4916 2613 4969 laboris
2635 4916 2982 4981 necessitate,
3014 4915 3081 4970 ad
3110 4916 3428 4986 ampliorem
3471 4917 3615 4971 solet
3644 4917 3823 4972 felici-

2239 5017 2400 5063 tatem
2427 5008 2623 5062 veniri.
2653 5008 2741 5063 Sic
2767 5010 2857 5078 qui
2883 5010 3080 5063 litterte
3107 5008 3390 5063 scientiam
3420 5008 3698 5064 desiderat
3726 5012 3824 5063 lia-

2241 5098 2392 5163 bere,
2423 5100 2466 5152 si
2490 5099 2737 5154 discendi
2780 5116 2887 5153 non
2918 5100 3220 5169 susceperit
3250 5100 3427 5165 t:cdia,
3458 5100 3664 5169 peritia:
3685 5118 3822 5171 gau—

2238 5190 2323 5245 dia
2354 5190 2580 5258 adipisci
2620 5207 2727 5245 non
2757 5192 2973 5261 poterit.
3007 5191 3117 5247 Nec
3163 5191 3449 5262 cujuslibet
3491 5194 3821 5249 eruditionis

2238 5286 2516 5354 quisquam
2553 5283 2751 5337 habere
2783 5285 2982 5353 poterit
3010 5285 3239 5354 gloriam
3262 5322 3278 5347 ,
3310 5286 3411 5339 nisi
3435 5284 3601 5339 animi
3650 5298 3822 5343 aestus

2236 5386 2359 5431 ante
2390 5375 2549 5430 fuerit
2574 5390 2888 5444 perpessus.
2922 5376 3168 5443 Agricola
3200 5390 3414 5445 quoque
3456 5376 3526 5430 de
3568 5376 3821 5434 ubertate

2234 5469 2448 5536 lrugum
2488 5468 2655 5522 laztari
2686 5485 2788 5521 non
2828 5470 3050 5535 poterit,
3085 5469 3188 5523 nisi
3216 5469 3368 5538 prius
3398 5477 3595 5523 terram
3642 5472 3821 5525 multo

2234 5561 2419 5620 labore
2444 5560 2756 5613 confecerit.
2789 5560 2855 5614 Et
2886 5568 3035 5617 tanto
3066 5561 3235 5630 magis
3266 5562 3638 5629 prosperitatis
3660 5579 3819 5633 spem

2232 5654 2497 5722 congerit,
2532 5662 2731 5722 quanto
2777 5670 2834 5709 se
2868 5658 3101 5724 amplius
3129 5655 3419 5709 desudasse
3448 5658 3771 5723 cognoverit
3804 5679 3817 5712 :

2232 5757 2288 5803 et
2316 5748 2384 5804 de
2409 5746 2603 5804 labore
2644 5748 2890 5817 impenso
2917 5756 3099 5818 sperat
3133 5747 3394 5817 ubertatis
3437 5761 3813 5816 augmentum.
