3998 6198
200 279 272 335 S7
745 277 1074 337 EPISTOLA
1115 278 1205 336 Ν.
1245 276 1337 335 AD
1370 273 1705 336 VIRGINEM
1741 274 1807 335 ΙΝ
1845 273 2170 335 EXSILIUM
2207 274 2464 336 MlSSAM
2500 273 2945 334 CONSOLATIO.
3010 272 3021 323 ζ
3396 274 3467 333 58

198 393 336 462 Quid
369 393 513 465 quod
546 393 601 449 in
632 395 891 449 creaturis
916 410 1059 465 pene
1085 394 1339 450 omnibus
1378 396 1450 450 ita
1491 409 1613 449 esse
1653 409 1779 463 cog-
1805 396 1859 458 Α
1886 394 2155 467 Siquidem
2177 397 2400 463 pretiosa
2417 396 2469 450 in
2488 402 2766 468 conspectu
2782 392 2990 449 Domini
3010 407 3145 447 mors
3166 398 3461 447 sanctorum

198 488 482 542 noscimus
510 507 523 543 :
559 487 667 542 illic
689 487 950 557 majorem
979 488 1207 543 fructum
1233 489 1400 559 gigni,
1424 487 1511 543 ubi
1534 503 1779 543 onerosa:

197 580 513 635 acerbitatis
543 594 700 634 causa
734 581 1109 650 przeeesserit?
1139 580 1272 636 Nam
1300 593 1353 637 et
1383 581 1588 637 :estatis
1608 590 1661 635 et
1688 598 1780 635 au-

199 672 372 726 tumni
402 672 761 741 temporibus,
794 686 913 743 qua:
954 684 1203 744 tempora
1249 674 1493 727 ministra
1524 682 1647 727 sunt
1677 671 1782 727 fru-

196 781 345 836 gum,
372 766 713 821 sterilitatem
742 767 964 821 nimiam
991 782 1393 834 nonnumquam
1412 766 1622 838 liyemis
1650 767 1783 821 leni-

197 870 280 912 tas
327 857 555 925 intulit,
603 874 728 913 cum
775 859 1185 915 facunditatem
1241 860 1527 914 maximam
1568 859 1785 930 frigoris

195 965 345 1021 Sat-pe
387 950 707 1019 praestiterit
734 951 1051 1005 austeritas.
1098 952 1165 1004 Et
1193 951 1451 1020 quidquid
1495 951 1783 1005 clementia

188 1047 345 1098 veris
374 1044 620 1105 resolvit.
670 1058 821 1113 spem
852 1043 1121 1098 ubertatis
1148 1045 1349 1097 amisit.
1391 1045 1626 1097 Arbores
1655 1057 1785 1095 vero

190 1138 331 1205 ipsa)
378 1145 531 1191 tanto
577 1137 955 1191 numerosiore
1005 1145 1298 1206 gravantur
1326 1135 1529 1201 fructu,
1578 1144 1781 1203 quanto

188 1231 495 1285 acerbioris
524 1229 741 1299 frigoris
768 1228 1025 1283 violentia
1067 1229 1455 1295 reprimuntur.
1480 1226 1614 1280 Cum
1644 1240 1779 1294 prte-

185 1337 352 1379 Coccs
380 1322 541 1375 flores
568 1328 868 1390 opportuna
895 1319 1183 1387 castigatio
1212 1318 1536 1373 refrenando
1578 1316 1643 1371 ad
1680 1334 1776 1387 pc-

189 1413 425 1466 riculum
458 1411 714 1465 festinare
744 1426 851 1465 non
882 1412 1083 1480 patitur
1109 1450 1123 1474 ,
1167 1409 1298 1463 utile
1331 1408 1775 1479 impedimentum

194 1505 399 1574 pruina:
425 1523 439 1556 :
469 1513 522 1557 et
548 1503 689 1574 quod
715 1503 984 1571 reprimit,
1017 1518 1121 1555 non
1151 1501 1385 1567 obfocat,
1415 1501 1507 1556 sed
1528 1501 1772 1556 includit.

189 1601 263 1652 At
300 1612 429 1651 vero
452 1597 497 1650 si
528 1596 689 1664 paulo
715 1596 1036 1650 clementior
1085 1595 1168 1648 vis
1194 1594 1464 1649 exstiterit
1495 1594 1772 1656 imbrium.

189 1700 396 1761 quanto
426 1691 702 1744 luxuriant
750 1690 898 1760 prius
939 1688 1351 1758 indisciplinata
1383 1686 1731 1744 festinatione
1758 1733 1772 1756 ,

1880 492 1990 562 ejus
2012 487 2196 560 (Psaf.
2222 504 2356 553 cxv,
2383 488 2503 558 16).

1954 585 2042 641 111.
2073 584 2181 641 Sed
2204 600 2302 653 ego
2331 593 2385 639 te
2406 600 2501 639 cur
2523 583 2587 638 ad
2612 581 2976 638 tribulationis
3003 580 3338 650 patientiam,
3362 580 3459 634 lni-

1884 678 2465 748 manisautprtesentis
2495 679 2619 734 vitm
2647 691 2948 747 provocare
2970 689 3138 728 conor
3166 674 3457 742 exemplis:

1884 790 2004 830 enin
2056 774 2257 828 nullum
2308 787 2448 842 pene
2494 772 2725 827 sciamus
2769 770 2935 825 fuisse
2974 779 3317 834 sanctorum,
3373 768 3459 836 qui

1886 870 2249 939 procellosum
2282 868 2442 935 liujus
2474 868 2735 934 temporis
2760 880 2989 934 agonem
3022 863 3225 932 absque
3248 861 3465 915 tribula-

1889 963 2055 1017 tionis
2088 970 2405 1032 tempestatc
2456 959 2734 1014 transierit
2768 974 2781 1011 :
2811 965 2866 1012 et
2893 967 3163 1010 tantorum
3214 954 3332 1007 odia
3384 954 3463 1007 in-

1884 1052 2337 1122 fectationemque
2370 1050 2671 1120 pertulerit,
2702 1058 2934 1119 quantos
2960 1048 3087 1102 vita:
3110 1063 3219 1101 sua:
3244 1046 3464 1100 dissimi-

1884 1146 2109 1202 litndine
2149 1145 2464 1212 castigarit?
2488 1142 2766 1212 Castigare
2820 1142 2965 1197 enim
3000 1141 3162 1195 alium
3215 1140 3425 1194 videtur
3452 1179 3466 1207 ,

1880 1240 1970 1308 qui
2022 1238 2090 1292 ab
2120 1236 2237 1306 ejus
2263 1237 2676 1289 conversatione
2724 1233 2995 1289 dissentit.
3029 1233 3215 1287 Nonne
3244 1243 3463 1287 sanctus

1880 1330 2041 1396 Abel,
2066 1330 2159 1400 qui
2194 1330 2242 1383 in
2268 1328 2369 1383 hoc
2395 1325 2595 1381 mundo
2620 1328 2828 1398 primus
2855 1327 3219 1381 innocentiam
3245 1341 3465 1380 conscr-

1878 1436 2036 1477 vasse
2088 1423 2355 1489 reperitur
2401 1429 2563 1489 atque
2613 1417 2900 1487 justitiam,
2942 1432 3064 1471 cum
3116 1416 3319 1470 illibata
3354 1416 3465 1470 Deo

1879 1515 2163 1569 obtulisset
2187 1527 2411 1566 munera
2438 1556 2451 1577 ,
2498 1525 2621 1564 mox
2654 1520 2709 1562 ut
2738 1525 3021 1564 munerum
3071 1518 3322 1577 respectu
3355 1508 3465 1561 Deo

1879 1606 2100 1676 placuit,
2133 1621 2304 1674 usque
2335 1603 2401 1657 ad
2433 1602 2621 1656 mortis
2654 1602 2953 1657 illationem
2985 1644 2998 1663 ,
3026 1600 3342 1661 humanum,
3380 1599 3461 1652 vel

1879 1700 2020 1771 quod
2065 1698 2380 1754 sceleratius
2428 1708 2553 1763 est,
2604 1697 2898 1749 fraternum
2952 1694 3130 1747 statim
3187 1693 3460 1747 invenitur

192 1793 342 1838 tanto
373 1792 495 1853 post
524 1783 788 1837 fructibus
831 1783 1160 1837 deseruntur
1181 1822 1197 1847 ,
1245 1797 1371 1836 cum
1412 1781 1605 1835 futura:
1630 1782 1777 1834 vires

1883 1792 2059 1846 odium
2087 1790 2458 1859 invidiamque
2481 1788 2716 1844 sensisse
2747 1806 2759 1841 :
2791 1796 2844 1840 et
2877 1786 3060 1839 fratris
3089 1784 3239 1852 ejus,
3264 1786 3353 1855 qui
3384 1784 3459 1837 illi

190 1879 505 1944 importuno
552 1887 799 1945 tempore
840 1886 1256 1930 consumuntur.
1304 1873 1521 1929 Semina
1562 1886 1778 1941 quoque

187 1972 309 2040 ipsa
334 1981 488 2023 terra:
507 1968 651 2037 jacta
685 1978 849 2036 atque
882 1968 1195 2032 commissa,
1220 1973 1426 2036 quanto
1447 1963 1658 2034 glaciali
1683 1961 1778 2016 fri-

183 2077 326 2130 gore
351 2068 570 2116 arcente
600 2060 804 2114 tardius
831 2069 1054 2128 surgunt
1077 2058 1128 2112 in
1159 2057 1404 2127 frugem,
1440 2055 1555 2109 utili
1588 2053 1777 2108 radice

186 2154 503 2225 proficiunt,
531 2168 593 2206 ac
625 2159 775 2206 tanto
805 2150 1155 2221 postmodum
1185 2146 1543 2217 amplioribus
1583 2145 1776 2201 fructi-

186 2252 288 2302 bus
352 2256 683 2317 prmgravata
735 2255 1048 2300 curvantur.
1108 2243 1504 2313 Navigantibus
1556 2254 1776 2311 quoque

187 2343 321 2411 ipsis
355 2342 515 2410 longe
544 2340 855 2394 serenitatis
891 2355 1045 2407 spem
1078 2339 1369 2411 pollicetur
1396 2336 1557 2392 nimis
1597 2334 1775 2391 valida

184 2443 241 2489 ct
265 2435 521 2487 diuturna
554 2441 873 2501 tempestas.
900 2433 993 2487 Sic
1024 2440 1081 2487 et
1124 2432 1366 2485 omnium
1416 2430 1528 2485 fere
1566 2437 1780 2483 creatu-

185 2543 367 2582 rarum
395 2542 547 2595 spem
581 2525 802 2580 difficile
833 2526 1129 2580 exsultatio
1154 2525 1358 2595 aliqua,
1390 2523 1495 2579 nisi
1540 2537 1775 2578 maerore

187 2630 487 2687 praeeunte,
514 2621 776 2675 succedit.
808 2623 941 2686 Quae
968 2635 1088 2674 cum
1113 2622 1184 2674 ita
1215 2619 1347 2686 sint,
1398 2617 1777 2687 :equanimiter

186 2713 331 2767 ferre
356 2713 612 2766 convenit
642 2732 655 2765 :
684 2712 846 2767 etiam
878 2712 924 2767 si
954 2727 1053 2767 nos
1084 2711 1496 2766 tribulationum
1535 2726 1597 2766 ac
1620 2709 1771 2764 dolo-

186 2821 303 2858 rum
338 2805 634 2871 asperioris
692 2804 902 2875 byemis
951 2804 1184 2874 procella
1215 2804 1579 2870 concusserit,
1625 2812 1778 2857 tanto

183 2900 513 2966 ampliorem
561 2899 768 2953 aestatis
811 2898 1043 2954 fructum
1085 2898 1315 2953 delatori
1341 2938 1357 2964 ,
1407 2906 1610 2965 quanto
1638 2912 1779 2967 pra:-

183 2994 325 3045 senti
366 2988 567 3059 frigore
606 2992 770 3045 vitam
807 2991 1004 3048 habere
1032 2991 1325 3062 contigerit
1356 2990 1646 3045 acriorem.
1688 2990 1779 3044 Dl-

184 3084 325 3151 gerit
364 3084 514 3138 enim
546 3084 919 3137 austeritatem
950 3129 962 3151 ,
1000 3098 1162 3154 quam
1212 3092 1423 3153 poterat
1461 3096 1775 3146 reservare,

1882 1895 1934 1939 et
1964 1901 2060 1954 pro
2105 1885 2483 1955 germanitatis
2532 1882 2931 1937 necessitudine
2960 1923 2973 1946 ,
3025 1892 3077 1937 et
3129 1896 3227 1951 pro
3275 1878 3454 1933 solatii

1882 1993 2041 2032 causa
2076 1978 2234 2047 (quia
2270 1976 2375 2029 soli
2398 1975 2572 2030 adhuc
2600 1986 2799 2046 praeter
2822 1977 3037 2027 humani
3066 1975 3279 2042 generis
3309 1973 3460 2041 prin-

1882 2071 2033 2141 cipes
2072 2069 2124 2123 in
2177 2069 2431 2123 universo
2480 2068 2682 2121 mundo
2712 2067 2903 2132 erant)
2934 2066 3191 2133 majorem
3232 2065 3463 2119 debebat

1882 2162 2164 2218 cbaritatis
2211 2160 2507 2216 affectum?
2560 2160 2669 2215 Sed
2728 2160 3040 2229 injustitiam
3075 2158 3261 2210 maluit
3316 2158 3460 2211 omni

1880 2256 2249 2312 consolatione
2276 2254 2519 2315 destitui,
2555 2268 2711 2323 quam
2734 2252 2861 2319 justi
2880 2251 3179 2319 cuiuspiam
3198 2251 3461 2303 societate

1879 2348 2101 2404 dissona
2132 2346 2405 2402 confovcri
2438 2363 2452 2399 :
2487 2346 2529 2400 si
2562 2356 2744 2400 tamen
2778 2343 3079 2398 consolatio
3111 2341 3458 2396 rcctedicen-

1882 2441 1945 2497 da
1978 2449 2082 2509 est,
2118 2440 2208 2495 ubi
2240 2448 2446 2493 tantum
2474 2437 2701 2491 dissidet
2746 2438 2959 2488 animus
2985 2476 2998 2498 ,
3055 2442 3312 2502 quantum
3358 2433 3461 2485 vita

1882 2535 2176 2591 discordat.
2206 2533 2251 2589 Ο
2279 2531 2409 2587 Cain
2441 2530 2743 2586 miserande
2769 2532 2781 2583 l
2813 2529 2937 2599 quid
2968 2527 3124 2598 agis?
3146 2543 3242 2581 cur
3276 2527 3326 2580 in
3359 2526 3465 2579 fra-

1880 2627 2017 2683 terni
2064 2635 2121 2681 et
2162 2625 2368 2680 innoxii
2418 2622 2695 2692 sanguinis
2724 2622 3040 2675 effusionem
3091 2618 3297 2673 crudeli
3327 2618 3463 2671 satis

1877 2720 2006 2777 odio
2062 2718 2374 2787 furiosoque
2426 2713 2779 2783 prorumpis?
2833 2711 2970 2781 Quid
3017 2712 3110 2765 tibi
3184 2711 3462 2764 solitarius

1878 2809 2208 2868 commeruit
2228 2807 2434 2863 frater?
2463 2823 2623 2873 quam
2649 2806 2759 2860 vim
2796 2805 2997 2869 intulit,
3023 2819 3181 2873 quam
3225 2802 3350 2857 fecit
3382 2802 3463 2855 in-

1876 2904 2108 2976 juriam't
2133 2902 2239 2959 Sed
2269 2915 2389 2973 quae
2417 2900 2591 2969 major
2622 2899 2823 2968 iniusto
2856 2897 3051 2966 injuria
3086 2911 3209 2952 esse
3248 2904 3460 2965 potest,

1880 3013 2040 3069 quam
2093 2997 2201 3051 vita
2242 2995 2464 3065 iustitiae
2516 2992 2613 3065 [Γ.
2646 2994 2769 3047 vita:
2813 2991 3087 3062 iustitia}?
3127 2991 3181 3044 In
3215 2990 3316 3045 boc
3346 3000 3461 3043 tan-

1882 3101 1993 3145 tum
2047 3089 2139 3145 tibi
2192 3088 2469 3156 displicuit
2516 3086 2789 3141 solitarius
2867 3087 3060 3144 frater.
3126 3083 3267 3152 quod
3344 3083 3455 3135 Deo

183 3177 451 3246 quidquid
504 3177 677 3245 primo
719 3181 918 3246 impetu
965 3177 1129 3246 eripit
1172 3177 1226 3230 in
1258 3176 1487 3231 exitum.
1522 3175 1632 3230 Nec
1670 3176 1774 3229 ulla
1805 3172 1853 3237 C
1881 3186 2093 3254 placere
2157 3183 2414 3255 gestivi”
2489 3181 2712 3236 Fuisses
2789 3190 2842 3234 οι
2898 3190 2951 3233 ιιι
3024 3179 3133 3233 nco
3188 3179 3408 3247 placens
3445 3194 3458 3228 ε

183 3285 292 3323 nos
322 3271 653 3338 insnrgeutis
677 3270 850 3338 pelagi
879 3270 1039 3325 debet
1065 3281 1280 3324 terrere
1301 3278 1622 3338 tempestas,
1652 3284 1774 3323 cum

183 3372 421 3416 ventura
467 3374 643 3417 nostra
687 3364 760 3416 sit
802 3363 963 3417 etiam
1014 3378 1304 3432 numquam
1350 3362 1584 3417 finienda
1628 3372 1779 3416 trau-

179 3455 452 3524 quillitas.
489 3454 698 3509 Domini
733 3463 817 3509 est
864 3457 1007 3510 enim
1034 3472 1137 3509 vox
1170 3456 1257 3508 illa
1286 3500 1299 3523 ,
1329 3455 1596 3510 dicentis:
1630 3455 1779 3509 Beati

189 3553 321 3604 estis
366 3567 483 3603 cum
529 3567 618 3603 ros
646 3551 1008 3605 maledixeriut
1042 3550 1301 3615 homines,
1334 3559 1381 3603 et
1420 3550 1668 3621 persecuti
1689 3565 1779 3603 vos

188 3644 406 3714 fuerint,
440 3651 489 3696 et
518 3644 689 3697 dicent
710 3661 855 3697 omne
889 3642 1084 3697 malum
1107 3644 1379 3697 adversum
1405 3660 1489 3697 vos
1517 3659 1535 3695 :
1565 3645 1781 3715 gaudete

187 3749 235 3791 et
267 3737 526 3790 exsultatc
548 3779 561 3798 ,
617 3737 739 3804 quia
789 3753 979 3790 merces
1006 3745 1170 3790 vestra
1212 3736 1419 3807 capiosa
1456 3745 1531 3790 est
1560 3737 1612 3788 in
1643 3736 1780 3790 twlis

184 3832 409 3901 (Matth.
444 3846 496 3883 ν.
536 3832 628 3894 11,
660 3828 781 3899 1‘2).
812 3831 1066 3900 Quisquis
1092 3830 1232 3884 enim
1265 3830 1529 3885 mercedis
1559 3839 1614 3884 et
1647 3830 1779 3884 bea-

188 3923 436 3976 titudinis
459 3938 572 3975 sua:
603 3936 795 3975 causas
825 3938 930 3975 non
952 3936 1073 3975 cum
1092 3922 1289 3991 ingenti
1314 3922 1508 3993 gaudio
1530 3921 1775 3989 suscipit,

184 4025 393 4069 certum
412 4025 519 4081 est,
542 4031 664 4069 eum
682 4015 1098 4070 autinfldelitate
1122 4028 1207 4069 aut
1226 4016 1488 4085 imperitia
1508 4015 1772 4069 laborare.

186 4108 501 4178 Optandutn
533 4116 611 4160 est
644 4108 805 4159 etiam
837 4108 1081 4176 quamvis
1113 4109 1182 4161 sit
1211 4122 1474 4171 amarum,
1507 4107 1648 4176 quod
1694 4108 1778 4161 lu-

183 4216 342 4255 crum
394 4201 579 4267 parit:
633 4206 688 4253 et
736 4213 858 4252 eum
913 4199 1095 4253 betitia
1159 4199 1363 4268 majore
1415 4198 1776 4265 sumendum,

190 4292 459 4363 quidquid
484 4294 806 4362 ampliorem
837 4304 1058 4362 generat
1085 4294 1410 4348 mercedem.
1441 4292 1551 4347 Nec
1577 4309 1777 4363 Conge-

188 4387 304 4441 stio
330 4386 530 4441 laboris
563 4386 774 4440 vitanda
799 4396 875 4439 est
904 4427 919 4451 ,
966 4402 1085 4456 qua:
1123 4396 1203 4439 est
1233 4387 1599 4454 augincntatio
1631 4401 1778 4439 eom-

186 4479 499 4533 modorum.
547 4478 639 4533 Sic
682 4493 913 4547 namque
955 4478 1349 4548 negotiatorum
1401 4479 1629 4531 aviditas
1660 4493 1775 4532 am-

1886 3276 2141 3346 numquid
2197 3284 2252 3329 et
2319 3284 2371 3330 te
2418 3272 2510 3328 ille
2564 3272 2917 3327 excluserat?
2973 3270 3055 3323 An
3108 3277 3214 3321 tam
3267 3282 3464 3336 paupe-

1881 3388 1992 3427 rem
2027 3371 2119 3425 Dei
2151 3370 2470 3423 cbaritatem
2523 3381 2643 3420 esse
2673 3378 3027 3433 cognoveras,
3064 3370 3120 3415 ut
3165 3375 3260 3413 vos
3301 3360 3461 3414 simul

1882 3479 2062 3519 amare
2115 3478 2221 3517 non
2256 3461 2481 3531 posset?
2535 3459 2640 3514 Sed
2688 3458 2903 3525 quando
2932 3458 3032 3510 hoc
3078 3471 3264 3509 amens
3296 3456 3462 3508 sentit

1882 3557 2099 3621 invidia,
2129 3569 2247 3624 qum.
2270 3561 2457 3607 contra
2501 3553 2698 3605 bonum
2739 3565 2952 3618 semper
2985 3548 3231 3609 laborat,
3261 3555 3313 3599 et
3352 3560 3458 3600 non

1882 3648 2073 3703 videt?
2105 3647 2345 3712 Denique
2373 3643 2517 3714 quod
2546 3643 2752 3712 justum
2786 3652 2869 3693 est
2910 3639 3140 3693 videndo
3171 3655 3273 3693 non
3304 3653 3460 3707 passa

1882 3752 2002 3798 est:
2035 3739 2336 3801 moriendo,
2370 3737 2539 3799 magis
2570 3744 2785 3801 accepta
2815 3733 3069 3787 vili-facit.
3105 3731 3394 3795 Erubesce,
3429 3750 3462 3781 υ

1884 3836 2041 3891 nimis
2078 3832 2381 3888 miserande
2402 3822 2422 3896 ,λ
2452 3831 2621 3885 livore
2655 3830 2868 3883 testaris
2902 3828 3180 3883 meliorem
3215 3838 3265 3881 te
3293 3842 3411 3879 esse
3439 3870 3453 3890 ,

1882 3927 1967 3981 cui
2024 3936 2075 3980 te
2127 3924 2350 3978 exhibes
2384 3924 2712 3977 nociturum.
2759 3923 2887 3988 Qua:
2920 3922 3079 3989 igitur
3128 3919 3240 3972 luce
3290 3930 3452 3971 tanta:

1882 4016 2217 4073 crudelitatis
2244 4015 2437 4069 duritia
2473 4014 2590 4078 fuit,
2620 4026 2675 4066 ut
2704 4029 2809 4067 non
2833 4012 2913 4066 vel
2932 4011 3283 4066 solitudinem
3312 4019 3456 4063 tuam

1883 4107 2255 4179 recogitares?
2298 4107 2415 4174 Quo
2445 4107 2629 4161 animo
2661 4105 3000 4175 postmodum
3034 4103 3343 4174 parricidali
3383 4101 3459 4157 illi

1882 4218 2072 4271 campo
2116 4217 2369 4257 reversus
2421 4216 2479 4255 cs
2506 4243 2521 4266 ,
2580 4199 2813 4269 qualiter
2858 4210 3039 4267 postea
3071 4198 3271 4266 absque
3301 4198 3461 4251 unico

1882 4298 2044 4351 fratre
2073 4296 2222 4353 solus
2249 4296 2302 4350 in
2333 4304 2449 4349 toto
2477 4294 2678 4348 mundo
2703 4294 2926 4347 vixisti?
2956 4309 3061 4347 non
3089 4292 3268 4346 tamin
3296 4290 3460 4345 fratre

1881 4392 2096 4446 lucrans
2137 4390 2530 4453 htereditatem,
2562 4404 2721 4459 quam
2774 4386 2913 4457 quod
2941 4388 3048 4439 duo
3075 4388 3263 4452 eratis,
3307 4383 3460 4437 auxi-

1881 4486 2006 4540 lium
2034 4484 2412 4539 sollicitudinis
2455 4482 2710 4552 perdcns.
2743 4482 2879 4550 Quid
2911 4479 3052 4535 enim
3087 4481 3223 4533 intra
3257 4480 3460 4547 cogita-

185 4571 374 4640 lllimis
406 4582 647 4644 (ιηεεεεῐηε
674 4587 833 4625 causa
861 4613 876 4636 ς
923 4588 1020 4626 "cc
1051 4572 1214 4626 maria
1260 4572 1592 4642 pertimescit
1618 4614 1630 4637 ,
1678 4588 1775 4627 nec
1804 4570 1856 4631 D
1882 4576 2043 4632 tionis
2076 4586 2178 4631 tua:
2207 4586 2413 4631 secreta
2440 4577 2697 4631 volvebas
2717 4617 2732 4640 ,
2778 4574 2992 4644 quando
3043 4583 3215 4626 tecum
3267 4570 3414 4622 illum
3441 4609 3457 4633 ,

186 4673 405 4719 terrena
425 4665 761 4728 discrimina,
785 4680 902 4733 qua:
928 4663 1197 4718 interdum
1221 4666 1379 4718 etiam
1405 4679 1581 4719 causae
1600 4665 1777 4719 solent

184 4772 311 4812 esse
337 4757 660 4811 damnorum
692 4773 705 4810 :
732 4766 787 4811 et
816 4768 1034 4825 propter
1072 4756 1295 4823 majoris
1322 4757 1459 4811 lucri
1488 4771 1658 4826 spem,
1692 4772 1779 4809 na-

189 4850 477 4918 vigationis
526 4858 583 4903 et
654 4849 1100 4915 peregrinationis
1156 4849 1492 4903 incommoda
1544 4849 1777 4904 libenter

185 4942 419 4995 assumit
448 4959 459 4991 :
489 4941 619 5010 quia
660 4940 908 5009 quamvis
948 4953 1192 5009 magnus,
1226 4938 1383 4994 facile
1408 4942 1777 4995 contemnitur

188 5035 365 5101 labor,
398 5035 484 5089 ubi
513 5050 619 5088 non
651 5046 759 5087 tam
792 5034 991 5089 laboris
1021 5034 1311 5104 quantitas.
1331 5049 1491 5103 quam
1521 5036 1639 5105 ejus
1668 5039 1769 5089 nti-

188 5128 321 5182 litas
350 5128 642 5197 cogitatur.
691 5127 757 5181 Et
798 5128 839 5180 si
873 5127 923 5181 id
958 5128 1072 5183 fieri
1104 5135 1326 5197 propter
1356 5130 1687 5198 temporalia,
1722 5140 1776 5184 et

190 5219 396 5273 incerta
432 5222 576 5275 lucra
607 5220 972 5289 conspicimus
999 5238 1011 5274 :
1040 5221 1164 5291 quid
1190 5222 1346 5274 nobis
1366 5234 1585 5289 propter
1613 5231 1774 5275 aiter-

189 5328 257 5364 na
288 5353 304 5373 ,
343 5323 395 5368 et
425 5314 543 5368 sine
576 5313 683 5366 ulla
714 5312 1063 5381 ambiguitate
1097 5323 1351 5377 ventura,
1397 5314 1466 5369 sit
1512 5316 1773 5382 agendum

186 5404 509 5474 cogitemus.
536 5406 673 5461 Nam
704 5420 827 5459 cum
858 5406 1067 5460 illorum
1099 5406 1271 5470 lucra,
1305 5407 1536 5473 insidiae,
1567 5408 1653 5461 vel
1688 5423 1778 5475 pe—

188 5499 361 5555 ricula
390 5502 737 5570 praecedant:
771 5500 1020 5555 similiter
1049 5511 1229 5555 nostra
1258 5502 1538 5556 commoda
1560 5502 1781 5572 dispen-

187 5592 295 5647 diis
320 5595 686 5656 cumulantur,
715 5593 885 5648 etsub
911 5594 1147 5663 periculo
1175 5594 1413 5650 feliciora
1443 5596 1778 5664 contingunt.

188 5686 327 5752 Quae
371 5686 713 5743 incommoda
771 5688 1034 5741 intautum
1077 5687 1477 5742 tribulationem
1519 5701 1627 5741 non
1660 5700 1778 5738 me-

191 5791 369 5850 tuunt,
401 5794 458 5841 ut
482 5789 652 5842 etiam
699 5798 851 5838 mors
878 5784 1051 5853 possit
1090 5794 1309 5853 propter
1348 5784 1459 5837 illa
1482 5782 1775 5837 contemni.

1881 4684 2041 4739 quem
2074 4669 2244 4723 solum
2270 4668 2616 4731 familiarem,
2648 4682 2809 4737 quem
2833 4666 3009 4719 solum
3038 4665 3267 4724 socium,
3297 4676 3456 4729 quem

1880 4763 2052 4817 solum
2084 4763 2344 4832 collegam
2399 4761 2599 4815 habere
2631 4770 3022 4820 consueveras,
3056 4768 3163 4806 non
3196 4751 3461 4806 videbas?

1882 4855 2012 4910 Num
2046 4856 2226 4908 sanius
2250 4857 2443 4917 fuerat,
2490 4853 2534 4907 si
2565 4852 2633 4906 ita
2667 4861 2717 4903 te
2749 4849 2896 4903 furor
2927 4846 3141 4900 iuvidim
3164 4848 3459 4913 compulis-

1881 4958 1983 5008 set,
2011 4956 2067 4998 ut
2096 4946 2210 5014 ipse
2240 4946 2291 4997 in
2326 4953 2381 4997 te
2409 4942 2703 4996 sceleratas
2721 4949 2959 4992 vorteres
2986 4951 3198 4997 manus,
3222 4947 3271 4988 et
3306 4953 3456 4991 arma

1882 5035 2240 5107 parricidalia,
2274 5045 2359 5085 tua
2391 5048 2548 5101 quam
2583 5029 2769 5084 fratris
2797 5027 2904 5081 vita
2937 5027 3239 5082 sensisset?
3268 5027 3457 5082 Nullus

1885 5141 1990 5183 tam
2016 5124 2247 5179 crudelis
2276 5123 2543 5176 homicida
2573 5131 2655 5175 est
2676 5164 2691 5186 ,
2749 5135 2907 5188 quam
2934 5121 3023 5189 qui
3056 5121 3125 5175 ita
3152 5138 3273 5190 ergo
3324 5123 3459 5175 alte-

1884 5239 2001 5279 rum
2033 5220 2220 5283 stevit,
2272 5228 2322 5269 ut
2354 5231 2459 5269 non
2493 5225 2674 5283 parcat
2705 5214 2827 5268 sibi.
2875 5214 3007 5281 Quid
3059 5216 3222 5269 miser
3252 5216 3456 5268 facinus

1885 5329 2031 5372 tuum
2058 5310 2407 5380 interroganti
2433 5311 2543 5363 lico
2574 5325 2737 5376 negas
2763 5329 2775 5362 :
2805 5321 2858 5365 et
2883 5311 3007 5363 dum
3039 5323 3298 5363 excusare
3335 5321 3453 5359 cre-

1884 5412 1986 5467 dis.
2013 5422 2237 5461 accnsas
2266 5421 2277 5455 :
2309 5411 2364 5455 ut
2393 5400 2539 5454 nulla
2565 5401 2658 5453 tibi
2688 5418 2786 5455 nec
2810 5400 3282 5455 confessionisnec
3306 5414 3454 5450 meu-

1882 5504 2019 5559 dacii
2055 5500 2225 5570 possit
2251 5496 2392 5551 ratio
2418 5495 2750 5549 subvenire?
2781 5494 2912 5548 Nam
2946 5492 3048 5545 nisi
3071 5491 3324 5546 scivisses
3346 5506 3459 5543 ma-

1882 5599 1991 5653 lum
2012 5608 2136 5649 esse
2150 5588 2517 5661 parricidium,
2546 5602 2651 5641 non
2681 5601 2955 5656 negasses.
2975 5584 3080 5639 Sed
3106 5582 3461 5637 btecconsue-

1886 5690 2014 5744 tudo
2044 5684 2313 5754 peccantis
2342 5692 2448 5746 est,
2480 5691 2540 5735 ut
2569 5681 2769 5735 malum
2805 5694 3022 5748 semper
3060 5677 3187 5731 velit
3215 5678 3460 5747 negando

1882 5781 2179 5853 geniiuare,
2210 5788 2263 5836 et
2290 5778 2474 5834 dicere
2503 5791 2595 5843 se,
2644 5787 2734 5831 aut
2766 5784 2870 5832 n‘oo
2900 5772 3091 5831 fecisse
3116 5772 3256 5845 quod
3288 5771 3415 5828 fecit
3439 5808 3455 5837 ,
