3998 6198
549 193 622 259 εο

1509 217 1519 223 ·
1550 192 1622 251 «8.
1666 190 2045 261 ιιιειιοΝἵδιι
2078 187 2362 249 οΡΕΒυω
2401 188 2754 252 MANTISSA.

3760 195 3847 253 60

556 324 651 372 aut
692 314 837 374 bono
867 314 1145 388 Operatum
1192 326 1315 371 esse
1359 312 1496 382 zelo,
1549 310 1693 381 quod
1745 325 1867 366 eum
1923 316 2134 365 constat
2158 310 2213 395 ᾼ
2236 305 2329 362 Dei
2350 323 2466 367 ,non
2505 316 2589 363 est
2622 308 3013 381 passajuSlilia
3045 328 3058 366 :
3105 308 3230 368 dum
3264 310 3481 381 corpori
3510 309 3711 367 vulnus
3742 312 3849 380 ju-

537 409 705 463 lmalo
733 408 967 479 gessisse
992 407 1177 461 livore.
1206 406 1274 461 Et
1302 418 1480 476 putas,
1513 403 1696 465 miser,
1718 401 1859 473 quod
1884 401 2032 458 illum
2061 402 2136 456 la-
2160 388 2169 393 ’

560 501 713 557 ciuus
748 499 959 557 latuerit
982 509 1154 562 tuum,
1184 516 1341 569 quem
1364 497 1569 567 indigni
1600 496 1839 551 muneris
1871 495 1943 548 tui
1974 508 2132 549 causa

561 611 669 649 non
695 594 866 651 latuit.
897 592 1012 646 Non
1044 608 1171 663 ergo
1196 592 1319 663 quia
1348 592 1496 645 illum
1534 590 1816 661 quicquam
1848 587 2030 651 lateat,
2055 586 2135 671 iu-

563 696 819 757 terrogat,
850 685 945 741 sed
970 702 1038 741 ne
1064 687 1157 740 tibi
1194 686 1505 754 ignorantia:
1531 682 1938 753 excusationem
1973 682 2135 736 relin-

557 787 704 849 quat.
738 777 868 831 Nam
895 794 1016 833 cum
1051 776 1271 849 fratrem
1302 792 1470 847 negas
1497 785 1549 831 te
1576 776 1716 830 scire
1738 816 1750 837 ,
1794 774 1919 843 quid
1947 789 2131 844 gesse-

559 876 631 927 rit
652 871 942 936 conﬁteris,
968 881 1022 928 et
1048 870 1395 937 asperitatem
1424 869 1664 925 criminis
1687 882 1973 939 suppressa
1998 882 2130 921 con—

559 964 794 1020 fessione
816 964 1128 1018 conﬁrmas.

627 1056 715 1111 IV.
746 1057 871 1114 Haec
896 1056 1017 1111 ideo
1040 1055 1201 1126 paulo
1238 1057 1398 1111 latius
1429 1057 1639 1111 executi
1672 1072 1857 1111 sumus
1878 1098 1891 1121 ,
1938 1066 1990 1110 ut
2024 1064 2133 1112 tam

553 1146 766 1203 invidiae
790 1150 1011 1213 malum,
1040 1151 1194 1221 cujus
1224 1150 1472 1205 extimari
1493 1151 1783 1206 crudelitas
1811 1168 1913 1205 non
1936 1162 2130 1220 potest,

555 1258 716 1309 quam
747 1242 799 1295 iu
829 1244 1085 1313 prteseuti
1120 1243 1229 1301 vita
1252 1243 1849 1315 conditionemjustitize
1870 1230 2132 1313 pandere;

554 1352 697 1400 mus,
722 1352 841 1404 qua:
869 1337 1056 1411 statim
1098 1350 1218 1391 cum
1249 1336 1374 1391 odio
1407 1337 1488 1390 sui
1536 1339 1721 1406 erepit.
1753 1337 1881 1403 Quae
1913 1354 1979 1391 ne
2007 1347 2133 1392 tunc

553 1431 767 1501 quidem
798 1433 1006 1498 absque
1036 1432 1201 1485 multa
1230 1434 1605 1502 persecutione
1634 1449 1754 1490 esse
1787 1436 1979 1502 potuit,
2011 1450 2130 1490 cum

559 1538 723 1577 unum
756 1532 964 1578 tantum
1007 1522 1230 1579 haberet
1268 1524 1563 1579 inimicum.
1602 1526 1669 1581 Et
1706 1526 1751 1580 si
1793 1535 1901 1581 tam
1928 1527 2134 1597 grande

554 1615 737 1669 odium
762 1617 829 1673 ab
856 1632 963 1669 uno
1001 1616 1161 1681 hoste
1196 1632 1449 1685 perpessa
1473 1627 1576 1681 est,
1612 1626 1668 1670 ut
1701 1634 1870 1687 usque
1912 1618 1977 1669 ad
2009 1619 2130 1671 vine

2208 1146 2398 1202 .bores
2441 1165 2455 1200 :

2234 398 2393 455 betur
2411 399 2873 463 circumcisionem
2900 402 3097 471 inferre
3120 422 3131 457 :
3158 402 3284 459 dum
3307 402 3478 458 ﬁlium
3503 418 3625 458 cum
3646 415 3843 475 matre

2234 493 2381 563 ejicit
2411 510 2426 552 :
2458 494 2587 551 dum
2618 498 2668 549 in
2688 495 2841 552 Isaac
2859 497 3055 552 dilecto
3080 508 3319 569 tentatur
3343 516 3358 553 :
3381 498 3509 554 dum
3532 499 3837 568 religiosus

2234 587 2503 655 parricida
2535 604 2658 645 esse
2684 589 2995 660 praccipitur
3025 608 3038 645 :
3077 590 3181 646 Sed
3214 589 3374 645 facile
3397 589 3461 645 ad
3487 605 3703 645 ontuem
3734 590 3834 660 ja-

2234 691 2439 735 cturam
2472 687 2740 741 consentit
2771 674 2970 751 ﬁdelis,
3002 685 3086 739 cui
3116 683 3372 755 magisac
3404 685 3575 753 magis
3600 699 3669 738 ac
3698 701 3832 737 nia-

2234 775 2376 827 xima
2412 788 2763 835 succrescunt
2791 796 2804 830 ε
2836 777 3271 849 quandoquidem
3312 778 3475 832 etiam
3506 778 3835 848 centuplum

2236 877 2520 935 receptura
2551 870 2917 941 promittitur-
2938 873 3053 940 Ipse
3082 886 3212 926 vero
3242 871 3395 926 Isaac
3418 870 3616 940 quibus
3646 882 3838 931 tenta-

2238 960 2443 1013 tionum
2479 963 2770 1032 generibus
2805 962 3045 1033 quatitur
3068 1004 3083 1029 ,
3116 963 3412 1019 dumesczc
3434 962 3636 1035 {illam
3663 963 3831 1034 esse]

2236 1052 2473 1122 inopiam
2509 1054 2744 1121 patitur:
2778 1055 3399 1126 dumperegrinationis
3433 1056 3713 1126 experitur
3744 1058 3836 1113 la-

2502 1148 2886 1219 dumprcpter
2925 1153 3109 1205 uxoris
3147 1150 3386 1220 speciem
3434 1149 3653 1205 nimiam
3699 1152 3834 1220 ipse

2236 1240 2458 1303 metuit,
2490 1240 2597 1309 qui,
2618 1242 2890 1305 anxietate
2918 1242 3236 1306 conﬁcitur,
3266 1252 3321 1297 et
3349 1257 3414 1297 eo
3438 1241 3554 1310 ipso
3584 1257 3689 1313 quo
3719 1243 3834 1297 ob-

2236 1331 2554 1401 lectabatur,
2585 1333 2837 1403 alﬁigitur
2864 1350 2987 1403 cum
3019 1334 3096 1387 illi
3122 1333 3291 1395 forma
3318 1333 3578 1403 conjugis,
3611 1349 3732 1402 qum
3763 1335 3834 1389 in

2235 1426 2521 1481 securitate
2555 1426 2858 1499 placuerat,
2894 1428 2946 1481 in
2985 1427 3277 1495 formidine
3301 1426 3618 1495 displicebat
3638 1466 3655 1491 ,
3685 1428 3831 1487 dum

2236 1518 2379 1587 regis
2404 1519 2801 1575 wtnulationem
2835 1520 3040 1588 patitur
3070 1536 3083 1575 :
3117 1520 3244 1573 dum
3274 1534 3392 1573 eam
3419 1518 3635 1588 quidem
3684 1534 3829 1588 pos—

2235 1611 2414 1665 sidere
2444 1611 2521 1667 illi
2548 1613 2753 1682 absque
2780 1611 2974 1667 invidia
3009 1628 3113 1677 non
3146 1612 3290 1669 licet.
3340 1612 3570 1667 Sanctus
3598 1628 3825 1682 quoque

556 1708 1025 1779 interemptioiiem
1050 1709 1289 1773 veniret,
1328 1725 1430 1763 non
1461 1706 1622 1764 homo
1649 1710 1994 1780 quicumque,
2025 1709 2118 1765 sed
2157 1699 2207 1759 Β
2239 1702 2406 1759 Jacob
2432 1719 2597 1772 quam
2628 1704 2789 1758 multa
2826 1706 3044 1773 patitur.
3092 1705 3328 1769 Primum
3357 1719 3480 1761 cum
3522 1703 3703 1760 fratris
3732 1708 3827 1761 sui

558 1803 744 1866 frater,
774 1801 899 1871 quid
927 1817 996 1859 ex
1026 1818 1089 1856 ea
1122 1814 1247 1856 tunc
1276 1803 1546 1857 sustinere
1598 1818 1755 1869 posse
1795 1803 2128 1858 credendum

554 1907 637 1950 est
666 1910 809 1960 eum,
841 1896 931 1964 qui
962 1900 1144 1951 hostes
1170 1902 1246 1948 tot
1273 1903 1561 1949 extraneos
1594 1894 1755 1948 habet
1781 1912 1792 1945 :
1826 1902 1880 1948 et
1910 1894 2010 1948 nisi
2034 1910 2131 1965 per

555 1989 749 2044 molem
781 1997 955 2043 aucta:
985 1990 1265 2055 pravitatis
1318 2004 1345 2039 a
1376 1987 1560 2042 multis
1606 1998 1781 2056 potest
1810 1989 1995 2042 audire
2044 2004 2131 2043 so-

552 2082 756 2136 ciorum
786 2082 1015 2150 quisque
1036 2082 1268 2150 justitia:
1296 2082 1565 2137 cultorum
1602 2099 1618 2147 ;
1658 2082 1861 2149 Venite,
1911 2085 2129 2137 circum-

552 2174 810 2228 venimnus
846 2178 1074 2245 justum,
1101 2176 1345 2242 quoniam
1400 2174 1609 2245 inutilis
1629 2185 1674 2228 ct
1717 2176 2003 2230 contrarius
2055 2185 2129 2230 est

550 2266 788 2337 operibus
839 2267 1027 2320 nostris
1075 2266 1246 2335 (Sap.
1277 2284 1316 2330 ι,
1364 2267 1501 2340 12)?
1549 2267 1656 2324 Sed
1696 2269 1836 2324 dicet
1885 2269 2127 2339 aliquis:

548 2359 800 2430 Quisquis
856 2362 1024 2415 vitare
1074 2359 1327 2415 invidiam
1392 2361 1564 2430 cupit,
1626 2362 1812 2419 timeat
1885 2364 2128 2431 pluribus

556 2455 929 2519 innotescere,
967 2454 1050 2508 vel
1100 2455 1333 2523 placere.
1382 2455 1523 2511 Ecce
1562 2455 1740 2527 justus
1778 2455 2129 2523 Abelnullos

551 2547 739 2603 habuit
760 2588 774 2612 ,
804 2548 1005 2614 quibus
1036 2547 1435 2612 innotesceret,
1457 2548 1541 2604 vel
1573 2548 1845 2618 placeret:
1874 2557 1928 2601 et
1950 2557 2129 2604 tamen

556 2639 771 2694 invidiae
814 2640 996 2693 odium
1027 2639 1197 2697 vitare
1240 2654 1346 2695 non
1389 2641 1587 2710 potuit.
1623 2643 1779 2693 Errat
1819 2641 1961 2694 enim
2010 2640 2129 2711 qui-

553 2746 785 2801 cumque
839 2732 1038 2801 absque
1093 2731 1367 2791 hominum
1421 2732 1675 2787 amicitiis
1729 2733 1975 2788 contrahi
2021 2750 2126 2788 non

552 2838 714 2894 posse
739 2825 987 2893 apinatur
1008 2824 1262 2889 invidiam
1290 2844 1303 2877 :
1334 2842 1455 2881 cum
1488 2826 1579 2883 illa
1603 2842 1710 2883 non
1735 2836 1839 2880 tam
1868 2826 2129 2882 humanas

554 2917 840 2979 amicitias,
872 2932 1031 2987 quam
1078 2918 1250 2973 solam
1300 2919 1393 2974 Dei
1423 2918 1709 2973 amicitiam
1751 2931 2124 2988 persequatur.

557 3008 705 3065 Unde
736 3025 804 3066 ne
827 3012 917 3073 ille
936 3011 1151 3082 quidem
1180 3012 1385 3079 absque
1406 3011 1619 3081 invidia:
1647 3011 1986 3067 infestatione
2008 3029 2127 3069 esse

2235 1796 2376 1850 Esau
2404 1840 2419 1863 ,
2458 1808 2675 1868 propter
2700 1798 2951 1853 collatam
2979 1799 3079 1855 sibi
3108 1799 3585 1865 benedictionem,
3630 1803 3829 1856 morti-

2234 1890 2407 1953 feram
2433 1890 2535 1946 sibi
2568 1891 2816 1945 invidiam
2848 1892 3158 1957 contrahit:
3191 1909 3315 1949 cum
3343 1895 3460 1962 ejus
3487 1896 3693 1963 odium,
3730 1896 3822 1951 in-

2234 1982 2707 2054 dignationemque
2740 1983 3022 2051 declinans
3045 2028 3058 2051 ,
3098 1986 3167 2041 ad
3194 1986 3375 2041 Laban
3414 1988 3568 2041 solus
3596 1990 3770 2058 pergit
3803 2007 3820 2047 ;

2236 2091 2356 2130 cum
2392 2086 2613 2147 propter
2643 2094 2867 2137 uxorem
2899 2081 3125 2143 servit;
3170 2096 3291 2137 cum
3339 2080 3550 2141 dilecta:
3596 2098 3825 2151 sponsu:

2232 2182 2388 2222 soror
2426 2184 2531 2224 non
2566 2181 2742 2225 amata
2781 2172 3105 2241 supponitur
3153 2191 3164 2226 :
3212 2172 3581 2239 cumprioris
3615 2156 3824 2231 amotis

2233 2259 2457 2329 damno,
2489 2261 2826 2318 matrimonia
2856 2265 2934 2337 illi
2966 2264 3149 2323 it‘aude
3168 2264 3518 2333 geminantur
3540 2305 3556 2331 ,
3598 2278 3657 2320 et
3699 2282 3824 2320 rur—

2232 2365 2351 2404 sum
2404 2367 2515 2423 pro.
2552 2370 2657 2409 non
2692 2364 2888 2424 ,optato
2936 2356 3245 2427 coniiubio,
3297 2357 3542 2429 septcnui
3588 2358 3822 2413 servitio

2232 2447 2547 2516 subiugatur
2574 2466 2585 2503 :
2617 2464 2741 2503 cum
2771 2450 3017 2505 fraudem
3048 2451 3250 2520 patitur
3275 2452 3344 2504 de
3374 2450 3626 2509 mercede
3651 2468 3665 2506 :
3691 2466 3822 2507 eum

2233 2548 2355 2606 post.
2384 2541 2570 2611 viginti
2601 2558 2875 2613 annorum
2896 2545 3289 2611 mercenariam
3323 2545 3637 2599 servitutem
3663 2586 3678 2610 ,
3722 2560 3818 2600 oc-

2231 2633 2375 2693 culta
2406 2635 2575 2704 magis
2605 2635 2726 2705 fuga
2750 2677 2764 2703 ,
2799 2652 2960 2705 quam
2995 2637 3162 2705 libera
3191 2637 3565 2705 proﬁciscendi
3594 2640 3824 2705 espedi-

2234 2728 2380 2787 tionc
2416 2728 2655 2797 discedit
2686 2746 2701 2783 ε
2752 2730 3083 2803 cuui'Laban
3122 2732 3562 2800 persecutionem
3606 2732 3765 2787 timet
3797 2751 3809 2783 :

2230 2836 2351 2874 cum
2381 2820 2563 2879 fratris
2584 2821 2678 2895 sui
2708 2822 2962 2877 fortnidat
2998 2839 3291 2889 occursum
3340 2840 3351 2875 :
3395 2840 3519 2883 cum
3566 2824 3817 2887 delusam

2233 2916 2395 2985 tiliam
2431 2932 2585 2973 suam
2626 2917 2814 2983 Diniam
2843 2919 3212 2984 perhorrescit
3246 2934 3413 2975 “cum
3444 2919 3821 2975 dilemissima:

2232 3009 2418 3063 uxoris
2436 3007 2643 3077 Rachel
2666 3009 2826 3063 {unus
2846 3009 3013 3075 deﬁet
3034 3028 3045 3060 :
3071 3026 3199 3063 cum
3214 3010 3621 3073 dilectissimum
3642 3012 3818 3071 tilium

553 3103 752 3171 potuit,
802 3106 891 3175 qui
936 3105 1021 3161 vel
1061 3105 1161 3159 soli
1205 3106 1311 3158 Deo
1352 3104 1563 3174 placere
1605 3106 1866 3173 gestierit.
1914 3106 2129 3162 Sufﬁcit
2156 3092 2202 3155 Ο
2234 3097 2348 3169 [Αἰ.
2376 3110 2477 3153 (ac.
2503 3100 2669 3159 ﬁlium
2694 3100 2712 3172 J
2742 3100 3170 3169 Josepltacerbo
3206 3101 3393 3169 iuuere
3432 3114 3817 3173 censumptum

550 3196 694 3249 enim
717 3196 783 3251 ad
814 3197 1031 3257 invidiae
1060 3198 1310 3251 stimulos
1342 3197 1663 3261 incitandos,
1692 3199 1754 3251 si
1797 3206 1848 3253 te
1886 3197 1962 3253 illi
2013 3202 2127 3269 pla-

550 3301 675 3342 cere
696 3292 1035 3357 cognoverit,
1070 3292 1210 3344 ultra
1247 3305 1407 3361 quem
1440 3291 1579 3345 alius
1614 3306 1737 3346 esse
1784 3306 1887 3345 non
1933 3303 2126 3362 potest.

557 3382 664 3438 Sed
698 3398 796 3436 nec
826 3394 1073 3437 sanctum
1106 3383 1219 3439 Noe
1260 3387 1310 3438 in
1349 3385 1599 3452 praesenti
1638 3384 1743 3439 vita
1794 3385 2127 3442 inconcussa:

549 3474 856 3528 securitatis
884 3478 1118 3545 quietem
1150 3475 1405 3533 habuisse
1434 3478 1785 3545 cognovimus
1805 3521 1820 3547 ,
1857 3478 1985 3533 dum
2018 3480 2124 3534 iiii-

552 3568 673 3633 quis
703 3567 1056 3623 existentibus
1087 3569 1317 3634 cuuctis,
1348 3570 1503 3624 solus
1529 3571 1581 3624 in
1610 3572 1859 3627 universo
1885 3574 2018 3629 orbe
2042 3574 2125 3627 ni-

553 3658 681 3712 titur
709 3660 986 3713 custodire
1014 3661 1278 3727 justitiam
1313 3681 1326 3716 :
1358 3661 1485 3716 dum
1528 3678 1706 3718 arcani
1740 3665 1996 3728 fabricat,
2046 3682 2133 3722 re-

555 3750 777 3814 paraudi
801 3752 949 3806 orbis
989 3755 1191 3807 semina
1234 3755 1601 3819 continentem
1637 3775 1650 3811 :
1681 3756 1809 3811 dum
1854 3774 1912 3812 se
1946 3758 2127 3813 futuro

552 3842 753 3899 diluvio
785 3854 1067 3913 prmpirat,
1098 3858 1153 3899 et
1184 3846 1343 3901 ﬁdem
1370 3860 1603 3901 ventura:
1627 3848 2004 3917 inundationis,
2041 3866 2128 3904 se-

552 3934 675 3987 dula
696 3949 820 3990 cura
844 3935 1120 3991 denuntiat
1146 3954 1159 3990 :
1184 3937 1308 3993 dum
1339 3949 1441 3992 tam
1464 3939 1565 3994 sibi
1589 3956 1745 4011 quam
1776 3943 1906 4007 suis,
1941 3957 2129 4013 quatu-

550 4044 655 4099 que
681 4030 886 4083 cunctis
916 4030 1276 4086 animantibus
1300 4032 1841 4117 alimentaconquirit
1860 4077 1874 4100 ,
1904 4036 2126 4105 Ῑιιειὶιίεθ

550 4124 766 4189 merito,
787 4123 951 4181 vitam
972 4126 1159 4181 mortis
1181 4135 1420 4197 tempore
1444 4139 1811 4184 rescrvaturus
1830 4147 1841 4182 :
1860 4130 1986 4183 dum
2008 4138 2128 4197 past

550 4227 748 4271 tantam
782 4216 1057 4271 hominum
1092 4222 1557 4286 numerositatem,
1585 4223 1754 4275 solum
1784 4238 1843 4277 se
1868 4237 1987 4275 cum
2014 4224 2125 4277 suis

547 4312 871 4367 remansisse
888 4313 1231 4382 supersutem
1251 4313 1419 4369 dolet.
1434 4314 1538 4369 Sed
1557 4315 1805 4369 solatium
1826 4329 1932 4370 non
1952 4316 2124 4385 perdit

544 4403 783 4458 desolata
834 4403 1039 4473 justitia
1075 4444 1091 4468 ,
1148 4404 1233 4458 cui
1263 4406 1593 4459 consortium
1621 4406 1762 4461 Deus
1802 4414 1887 4463 est
1912 4448 1928 4475 ,
1975 4410 2120 4463 omni

2231 3208 2259 3255 a
2282 3194 2469 3251 bestiis
2485 3195 2653 3260 dolet,
2670 3197 2784 3251 sine
2805 3197 3003 3250 solatio
3020 3198 3312 3266 sepulturae
3332 3217 3343 3275 ς
3360 3214 3482 3253 cum
3504 3199 3827 3267 Beniamin,

2229 3303 2389 3354 quem
2420 3290 2584 3342 etiam
2605 3290 3195 3359 consumptumodiose
3227 3291 3480 3357 putabat,
3509 3293 3823 3355 contulerat

2235 3378 2340 3450 [AL
2370 3381 2420 3434 in
2446 3396 2605 3450 quem
2627 3380 2952 3452 contulerat]
2979 3382 3295 3441 charitatem
3324 3400 3336 3435 :
3365 3391 3419 3437 et
3440 3399 3598 3449 quem
3623 3400 3683 3438 se
3707 3401 3816 3439 non

2230 3473 2461 3539 amplius
2485 3489 2606 3527 esse
2634 3473 2869 3528 visurum
2916 3474 3215 3539 metuebat.
3263 3473 3519 3529 Defessus
3551 3475 3662 3541 jam
3706 3487 3818 3529 tam

2229 3565 2384 3619 annis
2414 3581 2573 3634 quam
2618 3567 2898 3620 laboribus
2939 3582 3152 3631 senes.
3202 3575 3257 3621 ct
3294 3576 3447 3635 pater
3476 3566 3819 3635 justissimus

2232 3657 2554 3726 ingemiscit.
2602 3659 2995 3717 Smctissimus
3037 3661 3200 3715 etiam
3230 3658 3433 3728 Joseph
3461 3660 3529 3715 de
3561 3662 3817 3717 tcutatio—

2231 3767 2355 3805 num
2390 3754 2681 3821 generibus
2709 3752 3047 3819 conﬂictatur
3086 3765 3141 3807 et
3187 3755 3466 3823 quatitur,
3517 3759 3604 3809 cui
3653 3773 3716 3812 ac
3766 3758 3818 3813 si

2231 3848 2635 3915 tribulationum
2654 3852 2864 3915 semina
2880 3850 3091 3918 species
3114 3851 3367 3907 videntur
3386 3849 3810 3921 fuissejustitiaz.

2230 3945 2358 3999 Nam
2390 3946 2604 4013 quoties
2632 3944 2834 4013 aliquid
2866 3953 3068 4001 sancta:
3096 3945 3176 3999 vel
3206 3946 3293 4011 pie
3318 3946 3508 4013 gessit,
3544 3948 3705 4000 toties
3728 3949 3816 4000 in-

2230 4038 2595 4092 tolerabilium
2650 4040 3013 4092 teutationum-
3053 4037 3371 4093 discrimina
3416 4038 3604 4092 subire
3657 4055 3813 4094 Cunt-

2229 4129 2413 4195 pulsus
2443 4140 2546 4193 cst,
2568 4129 2799 4198 .justitia:
2831 4129 3217 4192 consentiens,
3261 4138 3315 4182 et
3341 4141 3437 4193 spe
3466 4128 3815 4187 contortaute

2229 4220 2583 4288 perduraus;
2628 4229 2687 4273 ut
2733 4221 3084 4283 laborandum
3133 4219 3294 4273 nobis
3336 4220 3443 4283 sit,
3502 4222 3631 4287 quid
3664 4223 3716 4277 in
3748 4240 3816 4278 eo

2230 4312 2499 4366 laudando
2524 4312 2756 4381 primum
2781 4311 3075 4366 debeamus
3098 4326 3384 4383 assumere
3400 4310 3624 4379 justitia-
3647 4330 3657 4365 :
3683 4329 3815 4367 san-

2226 4404 2500 4459 ctitatisne
2528 4404 2725 4477 [Μαι-ι.
2750 4404 3159 4470 sanctitatisque
3186 4402 3197 4474 ]
3231 4405 3709 4471 perseverantiam.
3740 4421 3813 4463 au

542 4497 852 4552 celebritate
880 4496 1137 4552 festivior.
1171 4496 1309 4551 Ecce
1335 4508 1387 4552 et
1418 4497 1511 4552 ille
1538 4514 1652 4553 rem
1696 4514 1885 4570 passus
1916 4500 2114 4571 eXsilii,
2151 4470 2199 4541 ι)
2228 4499 2499 4567 patientia:
2527 4496 3048 4567 tequanimitatisque
3076 4496 3359 4550 virtutem.
3393 4497 3523 4550 Nam
3546 4512 3669 4551 cum
3702 4498 3813 4555 ira-

540 4599 817 4662 percmpta
840 4590 1115 4644 hominum
1140 4588 1464 4661 frequentia,
1497 4602 1554 4646 et
1579 4594 1624 4646 si
1652 4608 1759 4647 non
1793 4596 1938 4649 omni
1970 4594 2113 4649 sola-

542 4684 616 4737 tio
638 4683 923 4739 destitutus
946 4683 1136 4755 partis,
1159 4691 1336 4738 tamen
1361 4699 1495 4753 pene
1516 4685 1661 4740 solus
1686 4686 1927 4749 relictus,
1952 4702 2117 4757 agno-

538 4776 616 4831 vit
652 4792 711 4830 sc
748 4777 976 4832 Domino
998 4775 1154 4831 valde
1181 4777 1406 4832 servire.
1441 4776 1593 4832 Unde
1638 4795 1743 4834 non
1788 4795 2116 4850 magnopere

542 4866 859 4935 exquirebat
880 4883 1070 4927 vanam
1100 4866 1375 4923 hominum
1405 4869 1715 4935 consolandi
1740 4874 1989 4941 gratiam.
2024 4873 2115 4944 qui

537 4959 914 5027 jucundiorem
963 4977 1023 5016 ac
1057 4963 1350 5031 pleniorem
1374 4963 1605 5019 habebat
1634 4964 1684 5017 in
1710 4964 1819 5019 Deo
1849 4965 2117 5022 liduciam.

544 5054 771 5106 Sanctus
810 5069 1027 5121 quoque
1054 5055 1320 5110 Abraham
1350 5100 1363 5123 ,
1407 5074 1524 5124 qua:
1556 5058 1638 5113 vcl
1668 5068 1864 5127 quanta
1900 5076 2122 5129 perpes-

542 5161 633 5199 sus
662 5156 766 5209 cst,
808 5147 933 5200 dum
967 5148 1120 5202 Iidem
1152 5150 1296 5205 solus
1330 5152 1467 5205 inter
1497 5161 1717 5207 cunctos
1739 5165 1920 5209 servat
1946 5155 2135 5210 iucre-.

538 5241 693 5293 dulos
741 5258 752 5292 :
802 5240 925 5292 dum
970 5243 1195 5309 patriam
1239 5257 1291 5296 et
1333 5244 1663 5314 prOpiuquos
1703 5247 1947 5302 deserit:
1991 5250 2119 5304 dum

536 5335 721 5388 uxoris
742 5335 1088 5391 sterilitatem
1111 5337 1287 5390 dolet:
1307 5339 1435 5393 dum
1461 5351 1677 5409 pmpter
1700 5358 1773 5396 es;
1792 5358 1837 5396 te
1860 5343 2117 5411 illopidlll,

538 5430 702 5483 modo
732 5429 784 5481 in
818 5428 1052 5499 .‘Egypto
1076 5471 1091 5496 ,
1126 5430 1285 5483 modo
1316 5432 1371 5486 in
1402 5442 1543 5488 terra
1570 5436 1785 5491 Gcraris
1819 5439 2125 5505 peregrina-

543 5524 705 5576 tionis
736 5526 906 5577 scntit
934 5524 1161 5593 injurias
1188 5541 1199 5578 :
1226 5526 1353 5580 dum
1386 5528 1521 5583 mori
1548 5539 1769 5598 propter
1796 5530 1978 5583 uxoris
2011 5531 2129 5598 pul-

541 5614 902 5670 ehritudinem
936 5616 1090 5671 timet
1118 5634 1133 5669 :
1160 5616 1289 5677 dum
1326 5620 1433 5674 sibi
1462 5633 1708 5689 ereptam
1738 5633 1933 5678 moeret
1963 5642 1975 5675 :
2003 5624 2130 5678 dum

546 5706 791 5777 proferre
832 5721 952 5770 eam
996 5724 1107 5771 non
1144 5710 1383 5779 meruit,
1429 5712 1574 5782 quod
1603 5714 1895 5785 aequissimi
1939 5717 2139 5788 judicia

2228 4602 2377 4647 terna
2419 4590 2710 4657 dilectione
2746 4591 3056 4654 somnium,
3100 4589 3363 4653 utfrater
3388 4588 3645 4649 fratribus
3672 4589 3812 4649 indi-

2224 4693 2397 4746 caret,
2422 4684 2681 4755 invidiam
2700 4697 2887 4736 eorum
2918 4681 3209 4750 odiumque
3238 4682 3698 4752 contraxitzquasi
3718 4694 3812 4740 aut

2224 4778 2342 4844 ipse
2365 4790 2423 4841 se
2448 4775 2552 4846 [A1,
2579 4772 2647 4844 si]
2660 4774 2961 4839 somniasse
2980 4773 3350 4839 tinxisset,aut
3375 4772 3808 4833 visionemillam

2221 4869 2288 4923 ad
2301 4866 2827 4937 subjugaiidorumac
2840 4864 3812 4933 terrendoruiuindiciumnuntiasset.

2225 4963 2354 5018 lude
2380 4978 2502 5018 cum
2534 4962 2600 5016 ad
2628 4962 2775 5031 ipsos
2803 4960 3191 5030 cognoscenda:
3210 4959 3413 5023 salutis,
3431 4975 3621 5019 eorum
3648 4976 3812 5018 causa

2224 5058 2420 5112 luisset
2445 5073 2474 5109 a
2504 5068 2655 5126 patre
2682 5057 2944 5119 directus,
2975 5053 3269 5122 iniunctum
3295 5053 3396 5119 sibi
3434 5054 3536 5107 iter
3573 5054 3812 5117 festinus

2223 5165 2508 5222 aggressus
2526 5161 2633 5217 est,
2645 5164 2757 5219 quo,
2771 5148 3000 5203 celerius
3012 5161 3195 5201 eorum
3215 5144 3530 5214 possetodia
3543 5156 3810 5203 saturare.

2351 5262 2658 5318 MONITUM
2699 5261 2764 5315 IN
2809 5259 3192 5315 EPISTULA!“
3234 5257 3683 5322 SEQUENTEM.

2305 5360 2429 5412 Visa
2453 5360 2558 5411 hinc
2594 5365 2670 5407 est
2711 5355 2833 5407 olim
2866 5352 3091 5407 Era.va
3131 5350 3550 5425 nonucbhorrere
3591 5369 3625 5403 (ι
3674 5358 3811 5425 style

2232 5428 2562 5490 Tertulliani,
2591 5438 2859 5494 quantum,
2890 5427 3075 5493 inquit,
3102 5442 3167 5479 ea:
3191 5423 3334 5489 illius
3360 5426 3664 5491 fragmentis
3691 5423 3829 5483 libet.

2233 5499 2480 5562 odorati;
2526 5508 2594 5548 cst
2626 5501 2758 5549 enim
2792 5494 3083 5563 (tif'ififtutior
3124 5509 3167 5549 et
3210 5495 3536 5547 (iurittsrultts
3561 5538 3573 5553 ,
3610 5499 3812 5551 ειὶιιηιιὶ

2234 5569 2469 5641 gravibus
2493 5567 2770 5619 sententiis.
2799 5566 3110 5619 Existimant
3132 5566 3488 5641 alii,_fortaasc
3511 5566 3663 5641 etiam
3688 5585 3811 5621 ron-

2237 5635 2473 5709 pruenter
2500 5641 2669 5706 magis
2690 5683 2702 5705 ,
2737 5639 2803 5691 ad
2834 5640 3181 5707 subsequentis
3223 5635 3771 5709 dictioueanpistolw
3791 5682 3805 5703 ,

2239 5705 2353 5784 quin
2375 5753 2391 5781 ,
2431 5705 2627 5767 nemine
2657 5712 2775 5782 jam
2808 5705 3051 5781 diﬁitciitc
3073 5751 3090 5779 ,
3122 5710 3187 5769 ὅ.
3217 5707 3437 5771 Maximi
3471 5705 3810 5771 Tuurirtemis
