  <div class='ocr_page' id='page_1' title='image "/cluster/home/n/w/nwhite01/storage/ocr_20150623/30/uva.x000826572/039.png"; bbox 0 0 4000 6336; ppageno 0'>
   <div class='ocr_carea' id='block_1_1' title="bbox 597 284 672 344">
    <p class='ocr_par' dir='ltr' id='par_1_1' title="bbox 597 284 672 344">
     <span class='ocr_line' id='line_1_1' title="bbox 597 284 672 344; baseline 0 -2"><span class='ocrx_word' id='word_1_1' title='bbox 597 284 672 344; x_wconf 76' lang='lat'><strong>63</strong></span> 
     </span>
    </p>
   </div>
   <div class='ocr_carea' id='block_1_2' title="bbox 1613 278 2845 341">
    <p class='ocr_par' dir='ltr' id='par_1_2' title="bbox 1613 278 2845 341">
     <span class='ocr_line' id='line_1_2' title="bbox 1613 278 2845 341; baseline -0.003 0"><span class='ocrx_word' id='word_1_2' title='bbox 1613 282 1671 341; x_wconf 88' lang='lat' dir='ltr'><strong>S.</strong></span> <span class='ocrx_word' id='word_1_3' title='bbox 1709 280 2091 341; x_wconf 76' lang='lat' dir='ltr'><strong>HIERONYMI</strong></span> <span class='ocrx_word' id='word_1_4' title='bbox 2126 278 2411 339; x_wconf 79' lang='lat' dir='ltr'><strong>OPERUM</strong></span> <span class='ocrx_word' id='word_1_5' title='bbox 2452 278 2845 340; x_wconf 67' lang='lat' dir='ltr'><strong>MANTISSA.i</strong></span> 
     </span>
    </p>
   </div>
   <div class='ocr_carea' id='block_1_3' title="bbox 3795 285 3901 341">
    <p class='ocr_par' dir='ltr' id='par_1_3' title="bbox 3795 285 3901 341">
     <span class='ocr_line' id='line_1_3' title="bbox 3795 285 3901 341; baseline 0.047 -4"><span class='ocrx_word' id='word_1_6' title='bbox 3795 285 3901 341; x_wconf 55' lang='grc' dir='ltr'>γει</span> 
     </span>
    </p>
   </div>
   <div class='ocr_carea' id='block_1_4' title="bbox 615 398 3897 474">
    <p class='ocr_par' dir='ltr' id='par_1_4' title="bbox 615 398 3897 474">
     <span class='ocr_line' id='line_1_4' title="bbox 615 398 3897 474; baseline 0.001 -17"><span class='ocrx_word' id='word_1_7' title='bbox 615 407 627 417; x_wconf 90' lang='grc'><em>’</em></span> <span class='ocrx_word' id='word_1_8' title='bbox 675 399 762 457; x_wconf 89' lang='lat' dir='ltr'><strong>Ill.</strong></span> <span class='ocrx_word' id='word_1_9' title='bbox 791 398 957 457; x_wconf 74' lang='lat' dir='ltr'><strong>Iuris.</strong></span> <span class='ocrx_word' id='word_1_10' title='bbox 987 399 1091 459; x_wconf 85' lang='lat' dir='ltr'><strong>Sed</strong></span> <span class='ocrx_word' id='word_1_11' title='bbox 1120 399 1243 457; x_wconf 84' lang='lat' dir='ltr'><strong>aisti</strong></span> <span class='ocrx_word' id='word_1_12' title='bbox 1276 417 1289 455; x_wconf 88' lang='lat'><strong>:</strong></span> <span class='ocrx_word' id='word_1_13' title='bbox 1319 400 1462 473; x_wconf 83' lang='lat' dir='ltr'><strong>Ergo</strong></span> <span class='ocrx_word' id='word_1_14' title='bbox 1514 400 1640 457; x_wconf 84' lang='lat' dir='ltr'><strong>ferit</strong></span> <span class='ocrx_word' id='word_1_15' title='bbox 1679 400 1891 472; x_wconf 86' lang='lat' dir='ltr'><strong>pietas?</strong></span> <span class='ocrx_word' id='word_1_16' title='bbox 1920 427 1991 442; x_wconf 81' lang='lat'><strong>--</strong></span> <span class='ocrx_word' id='word_1_17' title='bbox 2016 400 2171 455; x_wconf 74' lang='lat' dir='ltr'><strong>lin-2a.</strong></span> <span class='ocrx_word' id='word_1_18' title='bbox 2201 402 2255 462; x_wconf 79' lang='grc' dir='ltr'>Α</span> <span class='ocrx_word' id='word_1_19' title='bbox 2281 399 2418 455; x_wconf 88' lang='lat' dir='ltr'><strong>mala</strong></span> <span class='ocrx_word' id='word_1_20' title='bbox 2448 414 2611 471; x_wconf 82' lang='lat' dir='ltr'><strong>opera</strong></span> <span class='ocrx_word' id='word_1_21' title='bbox 2635 401 2772 466; x_wconf 90' lang='lat' dir='ltr'><strong>odit,</strong></span> <span class='ocrx_word' id='word_1_22' title='bbox 2794 399 3054 457; x_wconf 88' lang='lat' dir='ltr'><strong>malorum</strong></span> <span class='ocrx_word' id='word_1_23' title='bbox 3087 415 3312 473; x_wconf 84' lang='lat' dir='ltr'><strong>operum</strong></span> <span class='ocrx_word' id='word_1_24' title='bbox 3341 416 3448 459; x_wconf 90' lang='lat' dir='ltr'><strong>non</strong></span> <span class='ocrx_word' id='word_1_25' title='bbox 3473 409 3656 474; x_wconf 78' lang='lat' dir='ltr'><strong>potest</strong></span> <span class='ocrx_word' id='word_1_26' title='bbox 3674 419 3897 461; x_wconf 88' lang='lat' dir='ltr'><strong>amare</strong></span> 
     </span>
    </p>
   </div>
   <div class='ocr_carea' id='block_1_5' title="bbox 613 492 2185 565">
    <p class='ocr_par' dir='ltr' id='par_1_5' title="bbox 613 492 2185 565">
     <span class='ocr_line' id='line_1_5' title="bbox 613 492 2185 565; baseline -0.001 -15"><span class='ocrx_word' id='word_1_27' title='bbox 613 493 769 550; x_wconf 82' lang='lat' dir='ltr'><strong>Fecit</strong></span> <span class='ocrx_word' id='word_1_28' title='bbox 795 495 998 565; x_wconf 93' lang='lat' dir='ltr'><strong>utique,</strong></span> <span class='ocrx_word' id='word_1_29' title='bbox 1044 509 1111 550; x_wconf 92' lang='lat' dir='ltr'><strong>ne</strong></span> <span class='ocrx_word' id='word_1_30' title='bbox 1137 492 1389 565; x_wconf 74' lang='lat' dir='ltr'><strong>impietas</strong></span> <span class='ocrx_word' id='word_1_31' title='bbox 1426 495 1715 565; x_wconf 77' lang='lat' dir='ltr'><strong>iudicetur,</strong></span> <span class='ocrx_word' id='word_1_32' title='bbox 1745 495 1790 550; x_wconf 89' lang='lat' dir='ltr'><strong>si</strong></span> <span class='ocrx_word' id='word_1_33' title='bbox 1814 510 1920 551; x_wconf 92' lang='lat' dir='ltr'><strong>non</strong></span> <span class='ocrx_word' id='word_1_34' title='bbox 1947 496 2185 565; x_wconf 90' lang='lat' dir='ltr'><strong>corrigat</strong></span> 
     </span>
    </p>
   </div>
   <div class='ocr_carea' id='block_1_6' title="bbox 608 588 2183 661">
    <p class='ocr_par' dir='ltr' id='par_1_6' title="bbox 608 588 2183 661">
     <span class='ocr_line' id='line_1_6' title="bbox 608 588 2183 661; baseline 0.001 -17"><span class='ocrx_word' id='word_1_35' title='bbox 608 588 1030 659; x_wconf 81' lang='lat' dir='ltr'><strong>deiinquentem.</strong></span> <span class='ocrx_word' id='word_1_36' title='bbox 1049 588 1183 645; x_wconf 88' lang='lat' dir='ltr'><strong>Cum</strong></span> <span class='ocrx_word' id='word_1_37' title='bbox 1209 590 1354 646; x_wconf 90' lang='lat' dir='ltr'><strong>enim</strong></span> <span class='ocrx_word' id='word_1_38' title='bbox 1379 606 1483 646; x_wconf 90' lang='lat' dir='ltr'><strong>non</strong></span> <span class='ocrx_word' id='word_1_39' title='bbox 1512 590 1652 646; x_wconf 96' lang='lat' dir='ltr'><strong>desit</strong></span> <span class='ocrx_word' id='word_1_40' title='bbox 1682 591 1732 646; x_wconf 90' lang='lat' dir='ltr'><strong>in</strong></span> <span class='ocrx_word' id='word_1_41' title='bbox 1766 590 2006 657; x_wconf 77' lang='lat' dir='ltr'><strong>homine,</strong></span> <span class='ocrx_word' id='word_1_42' title='bbox 2037 590 2183 661; x_wconf 90' lang='lat' dir='ltr'><strong>quod</strong></span> 
     </span>
    </p>
   </div>
   <div class='ocr_carea' id='block_1_7' title="bbox 607 681 2180 754">
    <p class='ocr_par' dir='ltr' id='par_1_7' title="bbox 607 681 2180 754">
     <span class='ocr_line' id='line_1_7' title="bbox 607 681 2180 754; baseline -0.001 -16"><span class='ocrx_word' id='word_1_43' title='bbox 607 694 869 743; x_wconf 88' lang='lat' dir='ltr'><strong>curetur.</strong></span> <span class='ocrx_word' id='word_1_44' title='bbox 917 681 1042 737; x_wconf 89' lang='lat' dir='ltr'><strong>ferit</strong></span> <span class='ocrx_word' id='word_1_45' title='bbox 1091 690 1151 738; x_wconf 92' lang='lat' dir='ltr'><strong>ut</strong></span> <span class='ocrx_word' id='word_1_46' title='bbox 1198 695 1348 739; x_wconf 91' lang='lat' dir='ltr'><strong>curet</strong></span> <span class='ocrx_word' id='word_1_47' title='bbox 1401 700 1416 742; x_wconf 86' lang='lat'><strong>:</strong></span> <span class='ocrx_word' id='word_1_48' title='bbox 1461 695 1519 739; x_wconf 94' lang='lat' dir='ltr'><strong>ut</strong></span> <span class='ocrx_word' id='word_1_49' title='bbox 1569 694 1693 739; x_wconf 86' lang='lat' dir='ltr'><strong>sunt</strong></span> <span class='ocrx_word' id='word_1_50' title='bbox 1747 699 1937 739; x_wconf 89' lang='lat' dir='ltr'><strong>manus</strong></span> <span class='ocrx_word' id='word_1_51' title='bbox 1963 685 2180 754; x_wconf 85' lang='lat' dir='ltr'><strong>medici,</strong></span> 
     </span>
    </p>
   </div>
   <div class='ocr_carea' id='block_1_8' title="bbox 611 773 2185 843">
    <p class='ocr_par' dir='ltr' id='par_1_8' title="bbox 611 773 2185 843">
     <span class='ocr_line' id='line_1_8' title="bbox 611 773 2185 843; baseline 0.003 -16"><span class='ocrx_word' id='word_1_52' title='bbox 611 782 730 843; x_wconf 68' lang='lat' dir='ltr'><strong>quae</strong></span> <span class='ocrx_word' id='word_1_53' title='bbox 759 774 931 829; x_wconf 85' lang='lat' dir='ltr'><strong>multa</strong></span> <span class='ocrx_word' id='word_1_54' title='bbox 971 773 1212 830; x_wconf 71' lang='lat' dir='ltr'><strong>laedendo</strong></span> <span class='ocrx_word' id='word_1_55' title='bbox 1258 776 1541 831; x_wconf 84' lang='lat' dir='ltr'><strong>conferunt</strong></span> <span class='ocrx_word' id='word_1_56' title='bbox 1575 775 1887 843; x_wconf 83' lang='lat' dir='ltr'><strong>sanitatem,</strong></span> <span class='ocrx_word' id='word_1_57' title='bbox 1929 793 2038 832; x_wconf 90' lang='lat' dir='ltr'><strong>non</strong></span> <span class='ocrx_word' id='word_1_58' title='bbox 2066 777 2185 832; x_wconf 85' lang='lat' dir='ltr'><strong>sine</strong></span> 
     </span>
    </p>
   </div>
   <div class='ocr_carea' id='block_1_9' title="bbox 609 866 2185 935">
    <p class='ocr_par' dir='ltr' id='par_1_9' title="bbox 609 866 2185 935">
     <span class='ocr_line' id='line_1_9' title="bbox 609 866 2185 935; baseline 0.003 -15"><span class='ocrx_word' id='word_1_59' title='bbox 609 881 886 921; x_wconf 90' lang='lat' dir='ltr'><strong>murmure</strong></span> <span class='ocrx_word' id='word_1_60' title='bbox 924 866 1195 935; x_wconf 84' lang='lat' dir='ltr'><strong>patientis.</strong></span> <span class='ocrx_word' id='word_1_61' title='bbox 1230 868 1342 923; x_wconf 83' lang='lat' dir='ltr'><strong>Hoc</strong></span> <span class='ocrx_word' id='word_1_62' title='bbox 1364 869 1524 924; x_wconf 92' lang='lat' dir='ltr'><strong>modo</strong></span> <span class='ocrx_word' id='word_1_63' title='bbox 1556 878 1614 925; x_wconf 92' lang='lat' dir='ltr'><strong>et</strong></span> <span class='ocrx_word' id='word_1_64' title='bbox 1642 884 1743 924; x_wconf 85' lang='lat' dir='ltr'><strong>nos</strong></span> <span class='ocrx_word' id='word_1_65' title='bbox 1769 870 1869 923; x_wconf 89' lang='lat' dir='ltr'><strong>sub</strong></span> <span class='ocrx_word' id='word_1_66' title='bbox 1895 885 2023 925; x_wconf 89' lang='lat' dir='ltr'><strong>cura</strong></span> <span class='ocrx_word' id='word_1_67' title='bbox 2048 870 2185 924; x_wconf 91' lang='lat' dir='ltr'><strong>ictus</strong></span> 
     </span>
    </p>
   </div>
   <div class='ocr_carea' id='block_1_10' title="bbox 608 960 2185 1031">
    <p class='ocr_par' dir='ltr' id='par_1_10' title="bbox 608 960 2185 1031">
     <span class='ocr_line' id='line_1_10' title="bbox 608 960 2185 1031; baseline 0.003 -17"><span class='ocrx_word' id='word_1_68' title='bbox 608 960 896 1025; x_wconf 82' lang='lat' dir='ltr'><strong>medentis,</strong></span> <span class='ocrx_word' id='word_1_69' title='bbox 922 961 1063 1016; x_wconf 79' lang='lat' dir='ltr'><strong>inter</strong></span> <span class='ocrx_word' id='word_1_70' title='bbox 1092 961 1235 1031; x_wconf 88' lang='lat' dir='ltr'><strong>ipsas</strong></span> <span class='ocrx_word' id='word_1_71' title='bbox 1276 963 1525 1017; x_wconf 61' lang='lat' dir='ltr'><strong>maeroris</strong></span> <span class='ocrx_word' id='word_1_72' title='bbox 1555 963 1855 1031; x_wconf 81' lang='lat' dir='ltr'><strong>angustias,</strong></span> <span class='ocrx_word' id='word_1_73' title='bbox 1888 963 1968 1018; x_wconf 90' lang='lat' dir='ltr'><strong>sic</strong></span> <span class='ocrx_word' id='word_1_74' title='bbox 2004 964 2055 1018; x_wconf 93' lang='lat' dir='ltr'><strong>in</strong></span> <span class='ocrx_word' id='word_1_75' title='bbox 2081 965 2185 1018; x_wconf 91' lang='lat' dir='ltr'><strong>Do-</strong></span> 
     </span>
    </p>
   </div>
   <div class='ocr_carea' id='block_1_11' title="bbox 607 1051 2185 1124">
    <p class='ocr_par' dir='ltr' id='par_1_11' title="bbox 607 1051 2185 1124">
     <span class='ocr_line' id='line_1_11' title="bbox 607 1051 2185 1124; baseline 0.003 -19"><span class='ocrx_word' id='word_1_76' title='bbox 607 1051 807 1105; x_wconf 91' lang='lat' dir='ltr'><strong>minum</strong></span> <span class='ocrx_word' id='word_1_77' title='bbox 842 1067 1258 1117; x_wconf 64' lang='lat' dir='ltr'><strong>murmurantes,</strong></span> <span class='ocrx_word' id='word_1_78' title='bbox 1291 1064 1349 1107; x_wconf 83' lang='grc' dir='ltr'><strong>ιιι</strong></span> <span class='ocrx_word' id='word_1_79' title='bbox 1392 1056 1441 1107; x_wconf 92' lang='lat' dir='ltr'><strong>iu</strong></span> <span class='ocrx_word' id='word_1_80' title='bbox 1467 1054 1736 1110; x_wconf 88' lang='lat' dir='ltr'><strong>medicum</strong></span> <span class='ocrx_word' id='word_1_81' title='bbox 1769 1055 2060 1122; x_wconf 81' lang='lat' dir='ltr'><strong>vulnerati,</strong></span> <span class='ocrx_word' id='word_1_82' title='bbox 2093 1056 2185 1124; x_wconf 85' lang='lat' dir='ltr'><strong>qui</strong></span> 
     </span>
    </p>
   </div>
   <div class='ocr_carea' id='block_1_12' title="bbox 605 1144 2189 1218">
    <p class='ocr_par' dir='ltr' id='par_1_12' title="bbox 605 1144 2189 1218">
     <span class='ocr_line' id='line_1_12' title="bbox 605 1144 2189 1218; baseline 0.004 -22"><span class='ocrx_word' id='word_1_83' title='bbox 605 1154 866 1197; x_wconf 90' lang='lat' dir='ltr'><strong>curantur</strong></span> <span class='ocrx_word' id='word_1_84' title='bbox 890 1152 946 1198; x_wconf 93' lang='lat' dir='ltr'><strong>et</strong></span> <span class='ocrx_word' id='word_1_85' title='bbox 969 1144 1177 1202; x_wconf 87' lang='lat' dir='ltr'><strong>dolent.</strong></span> <span class='ocrx_word' id='word_1_86' title='bbox 1214 1147 1521 1217; x_wconf 70' lang='lat' dir='ltr'><strong>Aggredere</strong></span> <span class='ocrx_word' id='word_1_87' title='bbox 1567 1148 1749 1218; x_wconf 88' lang='lat' dir='ltr'><strong>igitur,</strong></span> <span class='ocrx_word' id='word_1_88' title='bbox 1775 1147 1962 1215; x_wconf 83' lang='lat' dir='ltr'><strong>frater,</strong></span> <span class='ocrx_word' id='word_1_89' title='bbox 1998 1163 2189 1217; x_wconf 84' lang='lat' dir='ltr'><strong>aggre-</strong></span> 
     </span>
    </p>
   </div>
   <div class='ocr_carea' id='block_1_13' title="bbox 606 1234 2185 1310">
    <p class='ocr_par' dir='ltr' id='par_1_13' title="bbox 606 1234 2185 1310">
     <span class='ocr_line' id='line_1_13' title="bbox 606 1234 2185 1310; baseline 0.003 -21"><span class='ocrx_word' id='word_1_90' title='bbox 606 1234 738 1291; x_wconf 85' lang='lat' dir='ltr'><strong>dere</strong></span> <span class='ocrx_word' id='word_1_91' title='bbox 791 1238 1132 1293; x_wconf 77' lang='lat' dir='ltr'><strong>sustinentize</strong></span> <span class='ocrx_word' id='word_1_92' title='bbox 1181 1240 1506 1305; x_wconf 89' lang='lat' dir='ltr'><strong>remedimn,</strong></span> <span class='ocrx_word' id='word_1_93' title='bbox 1554 1255 1663 1309; x_wconf 89' lang='lat' dir='ltr'><strong>quo</strong></span> <span class='ocrx_word' id='word_1_94' title='bbox 1701 1240 1882 1294; x_wconf 88' lang='lat' dir='ltr'><strong>valcas</strong></span> <span class='ocrx_word' id='word_1_95' title='bbox 1911 1240 2185 1310; x_wconf 76' lang='lat' dir='ltr'><strong>gravidam</strong></span> 
     </span>
    </p>
   </div>
   <div class='ocr_carea' id='block_1_14' title="bbox 606 1328 2191 1402">
    <p class='ocr_par' dir='ltr' id='par_1_14' title="bbox 606 1328 2191 1402">
     <span class='ocr_line' id='line_1_14' title="bbox 606 1328 2191 1402; baseline 0.003 -21"><span class='ocrx_word' id='word_1_96' title='bbox 606 1328 999 1385; x_wconf 87' lang='lat' dir='ltr'><strong>tentationibus</strong></span> <span class='ocrx_word' id='word_1_97' title='bbox 1028 1331 1293 1386; x_wconf 82' lang='lat' dir='ltr'><strong>sarcinam</strong></span> <span class='ocrx_word' id='word_1_98' title='bbox 1318 1330 1574 1400; x_wconf 90' lang='lat' dir='ltr'><strong>levigare,</strong></span> <span class='ocrx_word' id='word_1_99' title='bbox 1596 1341 1653 1387; x_wconf 90' lang='lat' dir='ltr'><strong>et</strong></span> <span class='ocrx_word' id='word_1_100' title='bbox 1678 1333 1915 1402; x_wconf 86' lang='lat' dir='ltr'><strong>pericula</strong></span> <span class='ocrx_word' id='word_1_101' title='bbox 1947 1333 2073 1387; x_wconf 90' lang='lat' dir='ltr'><strong>dmn</strong></span> <span class='ocrx_word' id='word_1_102' title='bbox 2099 1348 2191 1399; x_wconf 89' lang='lat' dir='ltr'><strong>pa-</strong></span> 
     </span>
    </p>
   </div>
   <div class='ocr_carea' id='block_1_15' title="bbox 604 1422 2191 1495">
    <p class='ocr_par' dir='ltr' id='par_1_15' title="bbox 604 1422 2191 1495">
     <span class='ocr_line' id='line_1_15' title="bbox 604 1422 2191 1495; baseline 0.004 -20"><span class='ocrx_word' id='word_1_103' title='bbox 604 1422 741 1477; x_wconf 87' lang='lat' dir='ltr'><strong>teris</strong></span> <span class='ocrx_word' id='word_1_104' title='bbox 764 1438 1045 1491; x_wconf 84' lang='lat' dir='ltr'><strong>superare.</strong></span> <span class='ocrx_word' id='word_1_105' title='bbox 1076 1423 1317 1479; x_wconf 70' lang='lat' dir='ltr'><strong>iacentia</strong></span> <span class='ocrx_word' id='word_1_106' title='bbox 1346 1426 1583 1479; x_wconf 88' lang='lat' dir='ltr'><strong>membra</strong></span> <span class='ocrx_word' id='word_1_107' title='bbox 1610 1428 1820 1480; x_wconf 89' lang='lat' dir='ltr'><strong>animus</strong></span> <span class='ocrx_word' id='word_1_108' title='bbox 1842 1426 2044 1495; x_wconf 88' lang='lat' dir='ltr'><strong>rigidus</strong></span> <span class='ocrx_word' id='word_1_109' title='bbox 2060 1441 2191 1481; x_wconf 85' lang='lat' dir='ltr'><strong>con-</strong></span> 
     </span>
    </p>
   </div>
   <div class='ocr_carea' id='block_1_16' title="bbox 607 1513 2187 1588">
    <p class='ocr_par' dir='ltr' id='par_1_16' title="bbox 607 1513 2187 1588">
     <span class='ocr_line' id='line_1_16' title="bbox 607 1513 2187 1588; baseline 0.006 -23"><span class='ocrx_word' id='word_1_110' title='bbox 607 1513 814 1567; x_wconf 82' lang='lat' dir='ltr'><strong>soletur</strong></span> <span class='ocrx_word' id='word_1_111' title='bbox 842 1524 896 1568; x_wconf 92' lang='lat' dir='ltr'><strong>et</strong></span> <span class='ocrx_word' id='word_1_112' title='bbox 916 1524 1091 1570; x_wconf 89' lang='lat' dir='ltr'><strong>curet.</strong></span> <span class='ocrx_word' id='word_1_113' title='bbox 1126 1516 1364 1586; x_wconf 78' lang='lat' dir='ltr'><strong>Regnum</strong></span> <span class='ocrx_word' id='word_1_114' title='bbox 1398 1526 1580 1575; x_wconf 89' lang='lat' dir='ltr'><strong>teneat</strong></span> <span class='ocrx_word' id='word_1_115' title='bbox 1619 1518 1791 1575; x_wconf 88' lang='lat' dir='ltr'><strong>virtus</strong></span> <span class='ocrx_word' id='word_1_116' title='bbox 1819 1520 1961 1574; x_wconf 87' lang='lat' dir='ltr'><strong>intra</strong></span> <span class='ocrx_word' id='word_1_117' title='bbox 1987 1533 2187 1588; x_wconf 85' lang='lat' dir='ltr'><strong>corpus</strong></span> 
     </span>
    </p>
   </div>
   <div class='ocr_carea' id='block_1_17' title="bbox 608 1607 2187 1681">
    <p class='ocr_par' dir='ltr' id='par_1_17' title="bbox 608 1607 2187 1681">
     <span class='ocr_line' id='line_1_17' title="bbox 608 1607 2187 1681; baseline 0.006 -25"><span class='ocrx_word' id='word_1_118' title='bbox 608 1607 976 1661; x_wconf 77' lang='lat' dir='ltr'><strong>anxietatibus</strong></span> <span class='ocrx_word' id='word_1_119' title='bbox 1001 1608 1371 1679; x_wconf 82' lang='lat' dir='ltr'><strong>captivitatnm</strong></span> <span class='ocrx_word' id='word_1_120' title='bbox 1396 1626 1411 1675; x_wconf 87' lang='lat'><strong>;</strong></span> <span class='ocrx_word' id='word_1_121' title='bbox 1444 1622 1499 1665; x_wconf 91' lang='lat' dir='ltr'><strong>ut</strong></span> <span class='ocrx_word' id='word_1_122' title='bbox 1527 1611 1708 1665; x_wconf 90' lang='lat' dir='ltr'><strong>anima</strong></span> <span class='ocrx_word' id='word_1_123' title='bbox 1741 1611 1945 1666; x_wconf 90' lang='lat' dir='ltr'><strong>inclusa</strong></span> <span class='ocrx_word' id='word_1_124' title='bbox 1974 1613 2187 1681; x_wconf 86' lang='lat' dir='ltr'><strong>pericu-</strong></span> 
     </span>
    </p>
   </div>
   <div class='ocr_carea' id='block_1_18' title="bbox 614 1696 2190 1771">
    <p class='ocr_par' dir='ltr' id='par_1_18' title="bbox 614 1696 2190 1771">
     <span class='ocr_line' id='line_1_18' title="bbox 614 1696 2190 1771; baseline 0.004 -19"><span class='ocrx_word' id='word_1_125' title='bbox 614 1696 683 1752; x_wconf 85' lang='lat' dir='ltr'><strong>lis</strong></span> <span class='ocrx_word' id='word_1_126' title='bbox 704 1699 880 1767; x_wconf 84' lang='lat' dir='ltr'><strong>vigeat</strong></span> <span class='ocrx_word' id='word_1_127' title='bbox 920 1701 1087 1770; x_wconf 87' lang='lat' dir='ltr'><strong>ipsius</strong></span> <span class='ocrx_word' id='word_1_128' title='bbox 1118 1702 1366 1756; x_wconf 85' lang='lat' dir='ltr'><strong>libertate</strong></span> <span class='ocrx_word' id='word_1_129' title='bbox 1412 1703 1646 1768; x_wconf 91' lang='lat' dir='ltr'><strong>virtutis,</strong></span> <span class='ocrx_word' id='word_1_130' title='bbox 1693 1718 1814 1771; x_wconf 70' lang='lat' dir='ltr'><strong>qua:</strong></span> <span class='ocrx_word' id='word_1_131' title='bbox 1842 1704 1894 1757; x_wconf 91' lang='lat' dir='ltr'><strong>in</strong></span> <span class='ocrx_word' id='word_1_132' title='bbox 1937 1705 2190 1760; x_wconf 88' lang='lat' dir='ltr'><strong>conﬂictu</strong></span> 
     </span>
    </p>
   </div>
   <div class='ocr_carea' id='block_1_19' title="bbox 2285 491 3899 567">
    <p class='ocr_par' dir='ltr' id='par_1_19' title="bbox 2285 491 3899 567">
     <span class='ocr_line' id='line_1_19' title="bbox 2285 491 3899 567; baseline 0.003 -21"><span class='ocrx_word' id='word_1_133' title='bbox 2285 491 2599 548; x_wconf 88' lang='lat' dir='ltr'><strong>factorem:</strong></span> <span class='ocrx_word' id='word_1_134' title='bbox 2666 492 2807 548; x_wconf 87' lang='lat' dir='ltr'><strong>sicut</strong></span> <span class='ocrx_word' id='word_1_135' title='bbox 2860 493 3114 548; x_wconf 87' lang='lat' dir='ltr'><strong>Salomon</strong></span> <span class='ocrx_word' id='word_1_136' title='bbox 3173 494 3548 551; x_wconf 87' lang='lat' dir='ltr'><strong>sanctissimus</strong></span> <span class='ocrx_word' id='word_1_137' title='bbox 3606 499 3899 567; x_wconf 83' lang='lat' dir='ltr'><strong>protulit:</strong></span> 
     </span>
    </p>
   </div>
   <div class='ocr_carea' id='block_1_20' title="bbox 2288 584 3897 663">
    <p class='ocr_par' dir='ltr' id='par_1_20' title="bbox 2288 584 3897 663">
     <span class='ocr_line' id='line_1_20' title="bbox 2288 584 3897 663; baseline 0.004 -24"><span class='ocrx_word' id='word_1_138' title='bbox 2288 585 2422 639; x_wconf 86' lang='lat' dir='ltr'><strong>Odia</strong></span> <span class='ocrx_word' id='word_1_139' title='bbox 2451 593 2592 652; x_wconf 81' lang='lat' dir='ltr'><strong>sunt,</strong></span> <span class='ocrx_word' id='word_1_140' title='bbox 2622 585 2814 657; x_wconf 87' lang='lat' dir='ltr'><strong>inquit,</strong></span> <span class='ocrx_word' id='word_1_141' title='bbox 2868 584 2978 642; x_wconf 88' lang='lat' dir='ltr'><strong>Deo</strong></span> <span class='ocrx_word' id='word_1_142' title='bbox 3006 586 3197 658; x_wconf 76' lang='lat' dir='ltr'><strong>impius</strong></span> <span class='ocrx_word' id='word_1_143' title='bbox 3226 596 3272 642; x_wconf 89' lang='lat' dir='ltr'><strong>et</strong></span> <span class='ocrx_word' id='word_1_144' title='bbox 3303 588 3539 661; x_wconf 74' lang='lat' dir='ltr'><strong>impietas</strong></span> <span class='ocrx_word' id='word_1_145' title='bbox 3564 592 3678 660; x_wconf 78' lang='lat' dir='ltr'><strong>ejus</strong></span> <span class='ocrx_word' id='word_1_146' title='bbox 3712 593 3897 663; x_wconf 70' lang='lat' dir='ltr'><strong>(Sep.</strong></span> 
     </span>
    </p>
   </div>
   <div class='ocr_carea' id='block_1_21' title="bbox 2281 676 3895 753">
    <p class='ocr_par' dir='ltr' id='par_1_21' title="bbox 2281 676 3895 753">
     <span class='ocr_line' id='line_1_21' title="bbox 2281 676 3895 753; baseline 0.004 -21"><span class='ocrx_word' id='word_1_147' title='bbox 2281 693 2397 742; x_wconf 79' lang='lat' dir='ltr'><strong>xw,</strong></span> <span class='ocrx_word' id='word_1_148' title='bbox 2421 676 2500 748; x_wconf 68' lang='lat'><strong>2).</strong></span> <span class='ocrx_word' id='word_1_149' title='bbox 2531 678 2672 748; x_wconf 84' lang='lat' dir='ltr'><strong>Ergo</strong></span> <span class='ocrx_word' id='word_1_150' title='bbox 2693 678 2882 733; x_wconf 90' lang='lat' dir='ltr'><strong>melius</strong></span> <span class='ocrx_word' id='word_1_151' title='bbox 2899 686 2983 734; x_wconf 89' lang='lat' dir='ltr'><strong>est</strong></span> <span class='ocrx_word' id='word_1_152' title='bbox 3011 678 3066 733; x_wconf 91' lang='lat' dir='ltr'><strong>in</strong></span> <span class='ocrx_word' id='word_1_153' title='bbox 3100 678 3205 734; x_wconf 90' lang='lat' dir='ltr'><strong>hoc</strong></span> <span class='ocrx_word' id='word_1_154' title='bbox 3226 680 3426 735; x_wconf 88' lang='lat' dir='ltr'><strong>mundo</strong></span> <span class='ocrx_word' id='word_1_155' title='bbox 3456 683 3616 736; x_wconf 89' lang='lat' dir='ltr'><strong>anuis</strong></span> <span class='ocrx_word' id='word_1_156' title='bbox 3643 699 3895 753; x_wconf 86' lang='lat' dir='ltr'><strong>vergen-</strong></span> 
     </span>
    </p>
   </div>
   <div class='ocr_carea' id='block_1_22' title="bbox 2286 770 3898 842">
    <p class='ocr_par' dir='ltr' id='par_1_22' title="bbox 2286 770 3898 842">
     <span class='ocr_line' id='line_1_22' title="bbox 2286 770 3898 842; baseline 0.002 -17"><span class='ocrx_word' id='word_1_157' title='bbox 2286 771 2429 825; x_wconf 90' lang='lat' dir='ltr'><strong>tibus</strong></span> <span class='ocrx_word' id='word_1_158' title='bbox 2459 770 2718 840; x_wconf 91' lang='lat' dir='ltr'><strong>perituro,</strong></span> <span class='ocrx_word' id='word_1_159' title='bbox 2775 771 2930 841; x_wconf 86' lang='lat' dir='ltr'><strong>cujus</strong></span> <span class='ocrx_word' id='word_1_160' title='bbox 2978 782 3314 827; x_wconf 88' lang='lat' dir='ltr'><strong>senectutem</strong></span> <span class='ocrx_word' id='word_1_161' title='bbox 3348 773 3542 842; x_wconf 90' lang='lat' dir='ltr'><strong>premit</strong></span> <span class='ocrx_word' id='word_1_162' title='bbox 3571 788 3635 829; x_wconf 88' lang='lat' dir='ltr'><strong>ac</strong></span> <span class='ocrx_word' id='word_1_163' title='bbox 3684 776 3898 830; x_wconf 88' lang='lat' dir='ltr'><strong>sorbet</strong></span> 
     </span>
    </p>
   </div>
   <div class='ocr_carea' id='block_1_23' title="bbox 2285 863 3899 926">
    <p class='ocr_par' dir='ltr' id='par_1_23' title="bbox 2285 863 3899 926">
     <span class='ocr_line' id='line_1_23' title="bbox 2285 863 3899 926; baseline 0.002 -8"><span class='ocrx_word' id='word_1_164' title='bbox 2285 877 2508 918; x_wconf 85' lang='lat' dir='ltr'><strong>occasus</strong></span> <span class='ocrx_word' id='word_1_165' title='bbox 2541 903 2557 926; x_wconf 91' lang='lat'><strong>,</strong></span> <span class='ocrx_word' id='word_1_166' title='bbox 2610 877 2676 917; x_wconf 82' lang='lat' dir='ltr'><strong>ex</strong></span> <span class='ocrx_word' id='word_1_167' title='bbox 2707 877 2893 919; x_wconf 90' lang='lat' dir='ltr'><strong>amore</strong></span> <span class='ocrx_word' id='word_1_168' title='bbox 2936 863 3145 918; x_wconf 88' lang='lat' dir='ltr'><strong>Domini</strong></span> <span class='ocrx_word' id='word_1_169' title='bbox 3204 864 3548 919; x_wconf 89' lang='lat' dir='ltr'><strong>medicinalia</strong></span> <span class='ocrx_word' id='word_1_170' title='bbox 3602 866 3899 922; x_wconf 87' lang='lat' dir='ltr'><strong>sustinere</strong></span> 
     </span>
    </p>
   </div>
   <div class='ocr_carea' id='block_1_24' title="bbox 2287 954 3895 1030">
    <p class='ocr_par' dir='ltr' id='par_1_24' title="bbox 2287 954 3895 1030">
     <span class='ocr_line' id='line_1_24' title="bbox 2287 954 3895 1030; baseline 0.003 -23"><span class='ocrx_word' id='word_1_171' title='bbox 2287 956 2538 1021; x_wconf 89' lang='lat' dir='ltr'><strong>verbera,</strong></span> <span class='ocrx_word' id='word_1_172' title='bbox 2561 970 2722 1025; x_wconf 88' lang='lat' dir='ltr'><strong>quam</strong></span> <span class='ocrx_word' id='word_1_173' title='bbox 2750 970 2817 1010; x_wconf 80' lang='lat' dir='ltr'><strong>ex</strong></span> <span class='ocrx_word' id='word_1_174' title='bbox 2862 954 2989 1010; x_wconf 91' lang='lat' dir='ltr'><strong>odio</strong></span> <span class='ocrx_word' id='word_1_175' title='bbox 3016 967 3342 1025; x_wconf 80' lang='lat' dir='ltr'><strong>exspectare</strong></span> <span class='ocrx_word' id='word_1_176' title='bbox 3375 958 3732 1014; x_wconf 81' lang='lat' dir='ltr'><strong>insanabilem</strong></span> <span class='ocrx_word' id='word_1_177' title='bbox 3770 962 3895 1030; x_wconf 82' lang='lat' dir='ltr'><strong>pla-</strong></span> 
     </span>
    </p>
   </div>
   <div class='ocr_carea' id='block_1_25' title="bbox 2287 1047 3893 1118">
    <p class='ocr_par' dir='ltr' id='par_1_25' title="bbox 2287 1047 3893 1118">
     <span class='ocr_line' id='line_1_25' title="bbox 2287 1047 3893 1118; baseline 0.003 -17"><span class='ocrx_word' id='word_1_178' title='bbox 2287 1064 2408 1118; x_wconf 91' lang='lat' dir='ltr'><strong>gam</strong></span> <span class='ocrx_word' id='word_1_179' title='bbox 2436 1056 2490 1104; x_wconf 91' lang='lat' dir='ltr'><strong>et</strong></span> <span class='ocrx_word' id='word_1_180' title='bbox 2518 1048 2620 1105; x_wconf 85' lang='lat' dir='ltr'><strong>sub</strong></span> <span class='ocrx_word' id='word_1_181' title='bbox 2650 1047 2877 1103; x_wconf 80' lang='lat' dir='ltr'><strong>fulmine</strong></span> <span class='ocrx_word' id='word_1_182' title='bbox 2929 1050 3219 1104; x_wconf 69' lang='lat' dir='ltr'><strong>sententiae</strong></span> <span class='ocrx_word' id='word_1_183' title='bbox 3261 1050 3462 1105; x_wconf 82' lang='lat' dir='ltr'><strong>ducere</strong></span> <span class='ocrx_word' id='word_1_184' title='bbox 3509 1051 3893 1107; x_wconf 83' lang='lat' dir='ltr'><strong>damnabilem</strong></span> 
     </span>
    </p>
   </div>
   <div class='ocr_carea' id='block_1_26' title="bbox 2287 1142 3889 1200">
    <p class='ocr_par' dir='ltr' id='par_1_26' title="bbox 2287 1142 3889 1200">
     <span class='ocr_line' id='line_1_26' title="bbox 2287 1142 3889 1200; baseline 0.002 -6"><span class='ocrx_word' id='word_1_185' title='bbox 2287 1142 2475 1197; x_wconf 89' lang='lat' dir='ltr'><strong>vitam.</strong></span> <span class='ocrx_word' id='word_1_186' title='bbox 2506 1142 2693 1198; x_wconf 80' lang='lat' dir='ltr'><strong>Melius</strong></span> <span class='ocrx_word' id='word_1_187' title='bbox 2733 1151 2817 1198; x_wconf 92' lang='lat' dir='ltr'><strong>est</strong></span> <span class='ocrx_word' id='word_1_188' title='bbox 2861 1143 3002 1198; x_wconf 89' lang='lat' dir='ltr'><strong>inter</strong></span> <span class='ocrx_word' id='word_1_189' title='bbox 3048 1157 3238 1197; x_wconf 90' lang='lat' dir='ltr'><strong>manus</strong></span> <span class='ocrx_word' id='word_1_190' title='bbox 3279 1143 3471 1199; x_wconf 90' lang='lat' dir='ltr'><strong>medici</strong></span> <span class='ocrx_word' id='word_1_191' title='bbox 3514 1147 3889 1200; x_wconf 83' lang='lat' dir='ltr'><strong>transiturum</strong></span> 
     </span>
    </p>
   </div>
   <div class='ocr_carea' id='block_1_27' title="bbox 2289 1234 3897 1305">
    <p class='ocr_par' dir='ltr' id='par_1_27' title="bbox 2289 1234 3897 1305">
     <span class='ocr_line' id='line_1_27' title="bbox 2289 1234 3897 1305; baseline 0.005 -19"><span class='ocrx_word' id='word_1_192' title='bbox 2289 1248 2352 1287; x_wconf 87' lang='lat' dir='ltr'><strong>ac</strong></span> <span class='ocrx_word' id='word_1_193' title='bbox 2394 1234 2662 1289; x_wconf 89' lang='lat' dir='ltr'><strong>modicum</strong></span> <span class='ocrx_word' id='word_1_194' title='bbox 2691 1234 2960 1290; x_wconf 88' lang='lat' dir='ltr'><strong>sustinere</strong></span> <span class='ocrx_word' id='word_1_195' title='bbox 3006 1244 3353 1301; x_wconf 87' lang='lat' dir='ltr'><strong>tormentmu,</strong></span> <span class='ocrx_word' id='word_1_196' title='bbox 3377 1252 3535 1305; x_wconf 90' lang='lat' dir='ltr'><strong>quam</strong></span> <span class='ocrx_word' id='word_1_197' title='bbox 3565 1240 3897 1295; x_wconf 86' lang='lat' dir='ltr'><strong>renuntiare</strong></span> 
     </span>
    </p>
   </div>
   <div class='ocr_carea' id='block_1_28' title="bbox 2291 1328 3896 1397">
    <p class='ocr_par' dir='ltr' id='par_1_28' title="bbox 2291 1328 3896 1397">
     <span class='ocr_line' id='line_1_28' title="bbox 2291 1328 3896 1397; baseline 0.001 -14"><span class='ocrx_word' id='word_1_198' title='bbox 2291 1328 2523 1396; x_wconf 90' lang='lat' dir='ltr'><strong>medico,</strong></span> <span class='ocrx_word' id='word_1_199' title='bbox 2544 1339 2599 1383; x_wconf 88' lang='lat' dir='ltr'><strong>et</strong></span> <span class='ocrx_word' id='word_1_200' title='bbox 2624 1329 2906 1385; x_wconf 88' lang='lat' dir='ltr'><strong>incurrere</strong></span> <span class='ocrx_word' id='word_1_201' title='bbox 2948 1329 3267 1397; x_wconf 90' lang='lat' dir='ltr'><strong>supplicium</strong></span> <span class='ocrx_word' id='word_1_202' title='bbox 3314 1330 3528 1385; x_wconf 69' lang='lat' dir='ltr'><strong>arternis</strong></span> <span class='ocrx_word' id='word_1_203' title='bbox 3577 1332 3896 1387; x_wconf 88' lang='lat' dir='ltr'><strong>tortoribus</strong></span> 
     </span>
    </p>
   </div>
   <div class='ocr_carea' id='block_1_29' title="bbox 2292 1422 3891 1481">
    <p class='ocr_par' dir='ltr' id='par_1_29' title="bbox 2292 1422 3891 1481">
     <span class='ocr_line' id='line_1_29' title="bbox 2292 1422 3891 1481; baseline 0.004 -6"><span class='ocrx_word' id='word_1_204' title='bbox 2292 1422 2761 1478; x_wconf 78' lang='lat' dir='ltr'><strong>vexaturnm.Aut</strong></span> <span class='ocrx_word' id='word_1_205' title='bbox 2810 1423 2856 1478; x_wconf 89' lang='lat' dir='ltr'><strong>si</strong></span> <span class='ocrx_word' id='word_1_206' title='bbox 2909 1423 3085 1478; x_wconf 88' lang='lat' dir='ltr'><strong>adhuc</strong></span> <span class='ocrx_word' id='word_1_207' title='bbox 3142 1424 3353 1479; x_wconf 90' lang='lat' dir='ltr'><strong>miraris</strong></span> <span class='ocrx_word' id='word_1_208' title='bbox 3402 1426 3657 1480; x_wconf 89' lang='lat' dir='ltr'><strong>amatoris</strong></span> <span class='ocrx_word' id='word_1_209' title='bbox 3691 1430 3891 1481; x_wconf 89' lang='lat' dir='ltr'><strong>nostri</strong></span> 
     </span>
    </p>
   </div>
   <div class='ocr_carea' id='block_1_30' title="bbox 2292 1514 3898 1589">
    <p class='ocr_par' dir='ltr' id='par_1_30' title="bbox 2292 1514 3898 1589">
     <span class='ocr_line' id='line_1_30' title="bbox 2292 1514 3898 1589; baseline 0.004 -21"><span class='ocrx_word' id='word_1_210' title='bbox 2292 1514 2640 1581; x_wconf 89' lang='lat' dir='ltr'><strong>medicinam,</strong></span> <span class='ocrx_word' id='word_1_211' title='bbox 2672 1530 2769 1586; x_wconf 90' lang='lat' dir='ltr'><strong>per</strong></span> <span class='ocrx_word' id='word_1_212' title='bbox 2814 1516 3027 1587; x_wconf 87' lang='lat' dir='ltr'><strong>ﬂagella</strong></span> <span class='ocrx_word' id='word_1_213' title='bbox 3069 1530 3343 1581; x_wconf 78' lang='lat' dir='ltr'><strong>conStare,</strong></span> <span class='ocrx_word' id='word_1_214' title='bbox 3375 1518 3503 1573; x_wconf 92' lang='lat' dir='ltr'><strong>illud</strong></span> <span class='ocrx_word' id='word_1_215' title='bbox 3532 1534 3755 1589; x_wconf 87' lang='lat' dir='ltr'><strong>quoque</strong></span> <span class='ocrx_word' id='word_1_216' title='bbox 3798 1521 3898 1576; x_wconf 88' lang='lat' dir='ltr'><strong>de-</strong></span> 
     </span>
    </p>
   </div>
   <div class='ocr_carea' id='block_1_31' title="bbox 2293 1608 3895 1680">
    <p class='ocr_par' dir='ltr' id='par_1_31' title="bbox 2293 1608 3895 1680">
     <span class='ocr_line' id='line_1_31' title="bbox 2293 1608 3895 1680; baseline 0 -17"><span class='ocrx_word' id='word_1_217' title='bbox 2293 1608 2390 1663; x_wconf 88' lang='lat' dir='ltr'><strong>bes</strong></span> <span class='ocrx_word' id='word_1_218' title='bbox 2420 1608 2633 1673; x_wconf 87' lang='lat' dir='ltr'><strong>mirari,</strong></span> <span class='ocrx_word' id='word_1_219' title='bbox 2660 1608 2805 1679; x_wconf 92' lang='lat' dir='ltr'><strong>quod</strong></span> <span class='ocrx_word' id='word_1_220' title='bbox 2857 1616 3152 1680; x_wconf 88' lang='lat' dir='ltr'><strong>torqueant</strong></span> <span class='ocrx_word' id='word_1_221' title='bbox 3182 1608 3419 1664; x_wconf 84' lang='lat' dir='ltr'><strong>remedia</strong></span> <span class='ocrx_word' id='word_1_222' title='bbox 3448 1624 3584 1680; x_wconf 89' lang='lat' dir='ltr'><strong>quos</strong></span> <span class='ocrx_word' id='word_1_223' title='bbox 3634 1611 3895 1666; x_wconf 85' lang='lat' dir='ltr'><strong>medicos</strong></span> 
     </span>
    </p>
   </div>
   <div class='ocr_carea' id='block_1_32' title="bbox 2292 1700 3893 1773">
    <p class='ocr_par' dir='ltr' id='par_1_32' title="bbox 2292 1700 3893 1773">
     <span class='ocr_line' id='line_1_32' title="bbox 2292 1700 3893 1773; baseline 0.002 -19"><span class='ocrx_word' id='word_1_224' title='bbox 2292 1710 2458 1767; x_wconf 87' lang='lat' dir='ltr'><strong>amat,</strong></span> <span class='ocrx_word' id='word_1_225' title='bbox 2482 1701 2574 1773; x_wconf 89' lang='lat' dir='ltr'><strong>qui</strong></span> <span class='ocrx_word' id='word_1_226' title='bbox 2608 1700 2855 1757; x_wconf 87' lang='lat' dir='ltr'><strong>nocendo</strong></span> <span class='ocrx_word' id='word_1_227' title='bbox 2895 1702 3038 1772; x_wconf 91' lang='lat' dir='ltr'><strong>quod</strong></span> <span class='ocrx_word' id='word_1_228' title='bbox 3072 1711 3229 1756; x_wconf 88' lang='lat' dir='ltr'><strong>nocet</strong></span> <span class='ocrx_word' id='word_1_229' title='bbox 3277 1701 3539 1757; x_wconf 75' lang='lat' dir='ltr'><strong>excludit.</strong></span> <span class='ocrx_word' id='word_1_230' title='bbox 3564 1700 3769 1771; x_wconf 83' lang='lat' dir='ltr'><strong>Utique</strong></span> <span class='ocrx_word' id='word_1_231' title='bbox 3802 1705 3893 1772; x_wconf 89' lang='lat' dir='ltr'><strong>qui</strong></span> 
     </span>
    </p>
   </div>
   <div class='ocr_carea' id='block_1_33' title="bbox 614 1791 3887 1867">
    <p class='ocr_par' dir='ltr' id='par_1_33' title="bbox 614 1791 3887 1867">
     <span class='ocr_line' id='line_1_33' title="bbox 614 1791 3887 1867; baseline 0 -21"><span class='ocrx_word' id='word_1_232' title='bbox 614 1793 949 1859; x_wconf 90' lang='lat' dir='ltr'><strong>tentationis,</strong></span> <span class='ocrx_word' id='word_1_233' title='bbox 970 1794 1119 1848; x_wconf 87' lang='lat' dir='ltr'><strong>varie</strong></span> <span class='ocrx_word' id='word_1_234' title='bbox 1149 1794 1409 1864; x_wconf 85' lang='lat' dir='ltr'><strong>legalibus</strong></span> <span class='ocrx_word' id='word_1_235' title='bbox 1437 1796 1905 1865; x_wconf 89' lang='lat' dir='ltr'><strong>tubisjamdudum</strong></span> <span class='ocrx_word' id='word_1_236' title='bbox 1931 1797 2080 1867; x_wconf 82' lang='lat' dir='ltr'><strong>jussa</strong></span> <span class='ocrx_word' id='word_1_237' title='bbox 2105 1806 2193 1852; x_wconf 86' lang='lat' dir='ltr'><strong>est</strong></span> <span class='ocrx_word' id='word_1_238' title='bbox 2220 1791 2269 1853; x_wconf 88' lang='lat' dir='ltr'><strong>B</strong></span> <span class='ocrx_word' id='word_1_239' title='bbox 2296 1794 2542 1848; x_wconf 87' lang='lat' dir='ltr'><strong>nocentia</strong></span> <span class='ocrx_word' id='word_1_240' title='bbox 2569 1794 2765 1863; x_wconf 68' lang='lat' dir='ltr'><strong>quaerit</strong></span> <span class='ocrx_word' id='word_1_241' title='bbox 2804 1794 3117 1859; x_wconf 77' lang='lat' dir='ltr'><strong>excludere,</strong></span> <span class='ocrx_word' id='word_1_242' title='bbox 3153 1811 3259 1849; x_wconf 89' lang='lat' dir='ltr'><strong>non</strong></span> <span class='ocrx_word' id='word_1_243' title='bbox 3286 1804 3461 1863; x_wconf 87' lang='lat' dir='ltr'><strong>potest</strong></span> <span class='ocrx_word' id='word_1_244' title='bbox 3492 1810 3597 1849; x_wconf 90' lang='lat' dir='ltr'><strong>non</strong></span> <span class='ocrx_word' id='word_1_245' title='bbox 3639 1810 3851 1851; x_wconf 87' lang='lat' dir='ltr'><strong>nocere</strong></span> <span class='ocrx_word' id='word_1_246' title='bbox 3877 1816 3887 1847; x_wconf 90' lang='lat'>:</span> 
     </span>
    </p>
   </div>
   <div class='ocr_carea' id='block_1_34' title="bbox 612 1886 2187 1958">
    <p class='ocr_par' dir='ltr' id='par_1_34' title="bbox 612 1886 2187 1958">
     <span class='ocr_line' id='line_1_34' title="bbox 612 1886 2187 1958; baseline 0.004 -20"><span class='ocrx_word' id='word_1_247' title='bbox 612 1886 900 1955; x_wconf 77' lang='lat' dir='ltr'><strong>prteparari</strong></span> <span class='ocrx_word' id='word_1_248' title='bbox 927 1928 942 1951; x_wconf 91' lang='lat'><strong>,</strong></span> <span class='ocrx_word' id='word_1_249' title='bbox 983 1897 1037 1941; x_wconf 91' lang='lat' dir='ltr'><strong>et</strong></span> <span class='ocrx_word' id='word_1_250' title='bbox 1070 1887 1122 1941; x_wconf 92' lang='lat' dir='ltr'><strong>in</strong></span> <span class='ocrx_word' id='word_1_251' title='bbox 1159 1888 1275 1957; x_wconf 89' lang='lat' dir='ltr'><strong>ipso</strong></span> <span class='ocrx_word' id='word_1_252' title='bbox 1294 1889 1554 1944; x_wconf 85' lang='lat' dir='ltr'><strong>vestibulo</strong></span> <span class='ocrx_word' id='word_1_253' title='bbox 1582 1889 1864 1945; x_wconf 67' lang='lat' dir='ltr'><strong>dominica:</strong></span> <span class='ocrx_word' id='word_1_254' title='bbox 1888 1890 2187 1958; x_wconf 82' lang='lat' dir='ltr'><strong>servitutis,</strong></span> 
     </span>
    </p>
   </div>
   <div class='ocr_carea' id='block_1_35' title="bbox 612 1980 2185 2055">
    <p class='ocr_par' dir='ltr' id='par_1_35' title="bbox 612 1980 2185 2055">
     <span class='ocr_line' id='line_1_35' title="bbox 612 1980 2185 2055; baseline 0.003 -21"><span class='ocrx_word' id='word_1_255' title='bbox 612 1989 798 2035; x_wconf 85' lang='lat' dir='ltr'><strong>contra</strong></span> <span class='ocrx_word' id='word_1_256' title='bbox 830 1980 1050 2036; x_wconf 89' lang='lat' dir='ltr'><strong>infestas</strong></span> <span class='ocrx_word' id='word_1_257' title='bbox 1081 1982 1410 2036; x_wconf 67' lang='lat' dir='ltr'><strong>calamitates</strong></span> <span class='ocrx_word' id='word_1_258' title='bbox 1437 1984 1661 2038; x_wconf 87' lang='lat' dir='ltr'><strong>armari.</strong></span> <span class='ocrx_word' id='word_1_259' title='bbox 1707 1982 1833 2047; x_wconf 80' lang='lat' dir='ltr'><strong>Fili,</strong></span> <span class='ocrx_word' id='word_1_260' title='bbox 1863 1984 2057 2055; x_wconf 92' lang='lat' dir='ltr'><strong>inquit,</strong></span> <span class='ocrx_word' id='word_1_261' title='bbox 2091 2001 2185 2038; x_wconf 81' lang='lat' dir='ltr'><strong>ac-</strong></span> 
     </span>
    </p>
   </div>
   <div class='ocr_carea' id='block_1_36' title="bbox 611 2072 2196 2147">
    <p class='ocr_par' dir='ltr' id='par_1_36' title="bbox 611 2072 2196 2147">
     <span class='ocr_line' id='line_1_36' title="bbox 611 2072 2196 2147; baseline 0.004 -22"><span class='ocrx_word' id='word_1_262' title='bbox 611 2073 796 2126; x_wconf 79' lang='lat' dir='ltr'><strong>cedens</strong></span> <span class='ocrx_word' id='word_1_263' title='bbox 816 2072 886 2125; x_wconf 83' lang='lat' dir='ltr'><strong>ad</strong></span> <span class='ocrx_word' id='word_1_264' title='bbox 918 2073 1204 2126; x_wconf 79' lang='lat' dir='ltr'><strong>seruitutem</strong></span> <span class='ocrx_word' id='word_1_265' title='bbox 1258 2072 1375 2139; x_wconf 88' lang='lat' dir='ltr'><strong>Dei,</strong></span> <span class='ocrx_word' id='word_1_266' title='bbox 1403 2084 1483 2128; x_wconf 81' lang='lat' dir='ltr'><strong>stu</strong></span> <span class='ocrx_word' id='word_1_267' title='bbox 1512 2076 1565 2128; x_wconf 78' lang='lat' dir='ltr'><strong>in</strong></span> <span class='ocrx_word' id='word_1_268' title='bbox 1602 2076 1809 2147; x_wconf 80' lang='lat' dir='ltr'><strong>jttstitia</strong></span> <span class='ocrx_word' id='word_1_269' title='bbox 1836 2084 1883 2129; x_wconf 86' lang='lat' dir='ltr'><strong>et</strong></span> <span class='ocrx_word' id='word_1_270' title='bbox 1914 2079 2118 2143; x_wconf 81' lang='lat' dir='ltr'><strong>timore,</strong></span> <span class='ocrx_word' id='word_1_271' title='bbox 2148 2086 2196 2132; x_wconf 84' lang='lat' dir='ltr'><strong>et</strong></span> 
     </span>
    </p>
   </div>
   <div class='ocr_carea' id='block_1_37' title="bbox 615 2171 2193 2245">
    <p class='ocr_par' dir='ltr' id='par_1_37' title="bbox 615 2171 2193 2245">
     <span class='ocr_line' id='line_1_37' title="bbox 615 2171 2193 2245; baseline 0.001 -22"><span class='ocrx_word' id='word_1_272' title='bbox 615 2188 848 2243; x_wconf 71' lang='lat' dir='ltr'><strong>pra&#39;para</strong></span> <span class='ocrx_word' id='word_1_273' title='bbox 876 2172 1103 2225; x_wconf 78' lang='lat' dir='ltr'><strong>animum</strong></span> <span class='ocrx_word' id='word_1_274' title='bbox 1144 2179 1283 2224; x_wconf 85' lang='lat' dir='ltr'><strong>tuam</strong></span> <span class='ocrx_word' id='word_1_275' title='bbox 1330 2172 1398 2223; x_wconf 84' lang='lat' dir='ltr'><strong>ad</strong></span> <span class='ocrx_word' id='word_1_276' title='bbox 1425 2174 1756 2227; x_wconf 81' lang='lat' dir='ltr'><strong>tentationem</strong></span> <span class='ocrx_word' id='word_1_277' title='bbox 1810 2171 1979 2245; x_wconf 78' lang='lat' dir='ltr'><strong>(Eccl.</strong></span> <span class='ocrx_word' id='word_1_278' title='bbox 2012 2189 2072 2241; x_wconf 88' lang='lat' dir='ltr'><strong>tl,</strong></span> <span class='ocrx_word' id='word_1_279' title='bbox 2104 2174 2193 2243; x_wconf 71' lang='lat'><strong>1):</strong></span> 
     </span>
    </p>
   </div>
   <div class='ocr_carea' id='block_1_38' title="bbox 622 2265 2197 2337">
    <p class='ocr_par' dir='ltr' id='par_1_38' title="bbox 622 2265 2197 2337">
     <span class='ocr_line' id='line_1_38' title="bbox 622 2265 2197 2337; baseline 0 -19"><span class='ocrx_word' id='word_1_280' title='bbox 622 2265 759 2335; x_wconf 85' lang='lat' dir='ltr'><strong>Ergo</strong></span> <span class='ocrx_word' id='word_1_281' title='bbox 812 2280 932 2320; x_wconf 90' lang='lat' dir='ltr'><strong>cum</strong></span> <span class='ocrx_word' id='word_1_282' title='bbox 981 2267 1205 2320; x_wconf 90' lang='lat' dir='ltr'><strong>tentatio</strong></span> <span class='ocrx_word' id='word_1_283' title='bbox 1255 2265 1451 2320; x_wconf 90' lang='lat' dir='ltr'><strong>nostris</strong></span> <span class='ocrx_word' id='word_1_284' title='bbox 1501 2265 1821 2322; x_wconf 90' lang='lat' dir='ltr'><strong>utilitatibus</strong></span> <span class='ocrx_word' id='word_1_285' title='bbox 1852 2275 2197 2337; x_wconf 84' lang='lat' dir='ltr'><strong>prorogetur,</strong></span> 
     </span>
    </p>
   </div>
   <div class='ocr_carea' id='block_1_39' title="bbox 616 2354 2203 2425">
    <p class='ocr_par' dir='ltr' id='par_1_39' title="bbox 616 2354 2203 2425">
     <span class='ocr_line' id='line_1_39' title="bbox 616 2354 2203 2425; baseline 0.001 -16"><span class='ocrx_word' id='word_1_286' title='bbox 616 2369 723 2409; x_wconf 90' lang='lat' dir='ltr'><strong>non</strong></span> <span class='ocrx_word' id='word_1_287' title='bbox 753 2366 836 2409; x_wconf 90' lang='lat' dir='ltr'><strong>est</strong></span> <span class='ocrx_word' id='word_1_288' title='bbox 887 2355 1210 2415; x_wconf 88' lang='lat' dir='ltr'><strong>mirandum.</strong></span> <span class='ocrx_word' id='word_1_289' title='bbox 1249 2354 1293 2409; x_wconf 88' lang='lat' dir='ltr'><strong>si</strong></span> <span class='ocrx_word' id='word_1_290' title='bbox 1327 2355 1482 2410; x_wconf 89' lang='lat' dir='ltr'><strong>nobis</strong></span> <span class='ocrx_word' id='word_1_291' title='bbox 1510 2357 1629 2425; x_wconf 84' lang='lat' dir='ltr'><strong>ejus</strong></span> <span class='ocrx_word' id='word_1_292' title='bbox 1659 2357 1826 2411; x_wconf 87' lang='lat' dir='ltr'><strong>ardor</strong></span> <span class='ocrx_word' id='word_1_293' title='bbox 1849 2356 2059 2411; x_wconf 88' lang='lat' dir='ltr'><strong>accidat</strong></span> <span class='ocrx_word' id='word_1_294' title='bbox 2085 2374 2098 2409; x_wconf 91' lang='lat'><strong>:</strong></span> <span class='ocrx_word' id='word_1_295' title='bbox 2126 2357 2203 2411; x_wconf 88' lang='lat' dir='ltr'><strong>si-</strong></span> 
     </span>
    </p>
   </div>
   <div class='ocr_carea' id='block_1_40' title="bbox 615 2446 2203 2517">
    <p class='ocr_par' dir='ltr' id='par_1_40' title="bbox 615 2446 2203 2517">
     <span class='ocr_line' id='line_1_40' title="bbox 615 2446 2203 2517; baseline 0.002 -16"><span class='ocrx_word' id='word_1_296' title='bbox 615 2454 707 2501; x_wconf 93' lang='lat' dir='ltr'><strong>cut</strong></span> <span class='ocrx_word' id='word_1_297' title='bbox 752 2446 1095 2502; x_wconf 88' lang='lat' dir='ltr'><strong>beatissimus</strong></span> <span class='ocrx_word' id='word_1_298' title='bbox 1133 2447 1331 2504; x_wconf 86' lang='lat' dir='ltr'><strong>Petrus</strong></span> <span class='ocrx_word' id='word_1_299' title='bbox 1382 2448 1433 2502; x_wconf 92' lang='lat' dir='ltr'><strong>in</strong></span> <span class='ocrx_word' id='word_1_300' title='bbox 1490 2448 1727 2517; x_wconf 76' lang='lat' dir='ltr'><strong>Epistula</strong></span> <span class='ocrx_word' id='word_1_301' title='bbox 1777 2464 1873 2504; x_wconf 88' lang='lat' dir='ltr'><strong>sua</strong></span> <span class='ocrx_word' id='word_1_302' title='bbox 1906 2458 2106 2515; x_wconf 87' lang='lat' dir='ltr'><strong>monet,</strong></span> <span class='ocrx_word' id='word_1_303' title='bbox 2139 2464 2203 2504; x_wconf 88' lang='lat' dir='ltr'><strong>ac</strong></span> 
     </span>
    </p>
   </div>
   <div class='ocr_carea' id='block_1_41' title="bbox 615 2538 2205 2611">
    <p class='ocr_par' dir='ltr' id='par_1_41' title="bbox 615 2538 2205 2611">
     <span class='ocr_line' id='line_1_41' title="bbox 615 2538 2205 2611; baseline 0.001 -18"><span class='ocrx_word' id='word_1_304' title='bbox 615 2538 747 2593; x_wconf 89' lang='lat' dir='ltr'><strong>dicit</strong></span> <span class='ocrx_word' id='word_1_305' title='bbox 779 2558 791 2591; x_wconf 88' lang='lat'><strong>:</strong></span> <span class='ocrx_word' id='word_1_306' title='bbox 825 2538 1003 2593; x_wconf 77' lang='lat' dir='ltr'><strong>Nolite</strong></span> <span class='ocrx_word' id='word_1_307' title='bbox 1042 2540 1226 2593; x_wconf 80' lang='lat' dir='ltr'><strong>mirari</strong></span> <span class='ocrx_word' id='word_1_308' title='bbox 1274 2540 1515 2593; x_wconf 85' lang='lat' dir='ltr'><strong>ardorem</strong></span> <span class='ocrx_word' id='word_1_309' title='bbox 1555 2541 1870 2594; x_wconf 82' lang='lat' dir='ltr'><strong>occidentem</strong></span> <span class='ocrx_word' id='word_1_310' title='bbox 1899 2541 2039 2595; x_wconf 81' lang='lat' dir='ltr'><strong>vobis</strong></span> <span class='ocrx_word' id='word_1_311' title='bbox 2072 2558 2088 2595; x_wconf 93' lang='lat'><strong><em>:</em></strong></span> <span class='ocrx_word' id='word_1_312' title='bbox 2116 2542 2205 2611; x_wconf 85' lang='lat' dir='ltr'><strong>qui</strong></span> 
     </span>
    </p>
   </div>
   <div class='ocr_carea' id='block_1_42' title="bbox 617 2630 2206 2700">
    <p class='ocr_par' dir='ltr' id='par_1_42' title="bbox 617 2630 2206 2700">
     <span class='ocr_line' id='line_1_42' title="bbox 617 2630 2206 2700; baseline 0.003 -19"><span class='ocrx_word' id='word_1_313' title='bbox 617 2630 687 2682; x_wconf 70' lang='lat' dir='ltr'><strong>ait</strong></span> <span class='ocrx_word' id='word_1_314' title='bbox 735 2631 1071 2683; x_wconf 84' lang='lat' dir='ltr'><strong>tentationem</strong></span> <span class='ocrx_word' id='word_1_315' title='bbox 1113 2641 1333 2684; x_wconf 80' lang='lat' dir='ltr'><strong>vestram</strong></span> <span class='ocrx_word' id='word_1_316' title='bbox 1381 2630 1460 2700; x_wconf 81' lang='lat' dir='ltr'><strong>ﬁt,</strong></span> <span class='ocrx_word' id='word_1_317' title='bbox 1487 2648 1548 2685; x_wconf 81' lang='lat' dir='ltr'><strong>ne</strong></span> <span class='ocrx_word' id='word_1_318' title='bbox 1570 2632 1824 2685; x_wconf 74' lang='lat' dir='ltr'><strong>cxcidatis</strong></span> <span class='ocrx_word' id='word_1_319' title='bbox 1877 2633 2010 2686; x_wconf 80' lang='lat' dir='ltr'><strong>inter</strong></span> <span class='ocrx_word' id='word_1_320' title='bbox 2037 2634 2206 2687; x_wconf 76' lang='lat' dir='ltr'><strong>uarios</strong></span> 
     </span>
    </p>
   </div>
   <div class='ocr_carea' id='block_1_43' title="bbox 619 2721 2206 2794">
    <p class='ocr_par' dir='ltr' id='par_1_43' title="bbox 619 2721 2206 2794">
     <span class='ocr_line' id='line_1_43' title="bbox 619 2721 2206 2794; baseline 0.002 -19"><span class='ocrx_word' id='word_1_321' title='bbox 619 2722 799 2775; x_wconf 73' lang='grc' dir='ltr'><strong>σατυιὶ</strong></span> <span class='ocrx_word' id='word_1_322' title='bbox 828 2724 1017 2791; x_wconf 73' lang='lat' dir='ltr'><strong>[luctus</strong></span> <span class='ocrx_word' id='word_1_323' title='bbox 1043 2722 1084 2791; x_wconf 90' lang='grc' dir='ltr'><strong>(Ι</strong></span> <span class='ocrx_word' id='word_1_324' title='bbox 1121 2721 1268 2776; x_wconf 65' lang='lat' dir='ltr'><strong>Patr.</strong></span> <span class='ocrx_word' id='word_1_325' title='bbox 1301 2737 1373 2787; x_wconf 84' lang='lat' dir='ltr'><strong>tv,</strong></span> <span class='ocrx_word' id='word_1_326' title='bbox 1420 2722 1533 2794; x_wconf 67' lang='lat'><strong>1‘2).</strong></span> <span class='ocrx_word' id='word_1_327' title='bbox 1568 2721 1959 2791; x_wconf 88' lang='lat' dir='ltr'><strong>Frequentibus</strong></span> <span class='ocrx_word' id='word_1_328' title='bbox 1988 2724 2206 2793; x_wconf 89' lang='lat' dir='ltr'><strong>procel-</strong></span> 
     </span>
    </p>
   </div>
   <div class='ocr_carea' id='block_1_44' title="bbox 622 2810 2206 2884">
    <p class='ocr_par' dir='ltr' id='par_1_44' title="bbox 622 2810 2206 2884">
     <span class='ocr_line' id='line_1_44' title="bbox 622 2810 2206 2884; baseline 0.003 -19"><span class='ocrx_word' id='word_1_329' title='bbox 622 2811 689 2866; x_wconf 90' lang='lat' dir='ltr'><strong>lis</strong></span> <span class='ocrx_word' id='word_1_330' title='bbox 715 2810 1019 2866; x_wconf 76' lang='lat' dir='ltr'><strong>Cbristiana</strong></span> <span class='ocrx_word' id='word_1_331' title='bbox 1062 2813 1165 2866; x_wconf 84' lang='lat' dir='ltr'><strong>vita</strong></span> <span class='ocrx_word' id='word_1_332' title='bbox 1213 2814 1448 2882; x_wconf 88' lang='lat' dir='ltr'><strong>quatitur</strong></span> <span class='ocrx_word' id='word_1_333' title='bbox 1476 2821 1636 2884; x_wconf 89' lang='lat' dir='ltr'><strong>atque</strong></span> <span class='ocrx_word' id='word_1_334' title='bbox 1668 2823 1924 2877; x_wconf 89' lang='lat' dir='ltr'><strong>tentatur,</strong></span> <span class='ocrx_word' id='word_1_335' title='bbox 1971 2827 2026 2869; x_wconf 91' lang='lat' dir='ltr'><strong>et</strong></span> <span class='ocrx_word' id='word_1_336' title='bbox 2054 2829 2206 2883; x_wconf 86' lang='lat' dir='ltr'><strong>pres—</strong></span> 
     </span>
    </p>
   </div>
   <div class='ocr_carea' id='block_1_45' title="bbox 620 2902 2206 2974">
    <p class='ocr_par' dir='ltr' id='par_1_45' title="bbox 620 2902 2206 2974">
     <span class='ocr_line' id='line_1_45' title="bbox 620 2902 2206 2974; baseline 0.004 -18"><span class='ocrx_word' id='word_1_337' title='bbox 620 2902 765 2957; x_wconf 85' lang='lat' dir='ltr'><strong>suris</strong></span> <span class='ocrx_word' id='word_1_338' title='bbox 818 2904 1114 2958; x_wconf 85' lang='lat' dir='ltr'><strong>innumeris</strong></span> <span class='ocrx_word' id='word_1_339' title='bbox 1164 2904 1373 2959; x_wconf 66' lang='lat' dir='ltr'><strong>lictatnr</strong></span> <span class='ocrx_word' id='word_1_340' title='bbox 1403 2915 1456 2959; x_wconf 89' lang='lat' dir='ltr'><strong>ct</strong></span> <span class='ocrx_word' id='word_1_341' title='bbox 1477 2906 1692 2960; x_wconf 88' lang='lat' dir='ltr'><strong>crescit.</strong></span> <span class='ocrx_word' id='word_1_342' title='bbox 1748 2905 1902 2974; x_wconf 85' lang='lat' dir='ltr'><strong>Quod</strong></span> <span class='ocrx_word' id='word_1_343' title='bbox 1948 2906 2206 2962; x_wconf 89' lang='lat' dir='ltr'><strong>Salomon</strong></span> 
     </span>
    </p>
   </div>
   <div class='ocr_carea' id='block_1_46' title="bbox 625 2996 2210 3067">
    <p class='ocr_par' dir='ltr' id='par_1_46' title="bbox 625 2996 2210 3067">
     <span class='ocr_line' id='line_1_46' title="bbox 625 2996 2210 3067; baseline 0.002 -15"><span class='ocrx_word' id='word_1_344' title='bbox 625 2996 967 3052; x_wconf 83' lang='lat' dir='ltr'><strong>beatissimus</strong></span> <span class='ocrx_word' id='word_1_345' title='bbox 1016 3000 1274 3067; x_wconf 81' lang='lat' dir='ltr'><strong>propheta</strong></span> <span class='ocrx_word' id='word_1_346' title='bbox 1314 3010 1367 3053; x_wconf 88' lang='lat' dir='ltr'><strong>et</strong></span> <span class='ocrx_word' id='word_1_347' title='bbox 1418 3001 1552 3053; x_wconf 85' lang='lat' dir='ltr'><strong>satis</strong></span> <span class='ocrx_word' id='word_1_348' title='bbox 1607 3000 1830 3055; x_wconf 85' lang='lat' dir='ltr'><strong>illustris</strong></span> <span class='ocrx_word' id='word_1_349' title='bbox 1889 3009 2119 3055; x_wconf 89' lang='lat' dir='ltr'><strong>testatur</strong></span> <span class='ocrx_word' id='word_1_350' title='bbox 2153 3008 2210 3055; x_wconf 93' lang='lat' dir='ltr'><strong>et</strong></span> 
     </span>
    </p>
   </div>
   <div class='ocr_carea' id='block_1_47' title="bbox 627 3092 2211 3166">
    <p class='ocr_par' dir='ltr' id='par_1_47' title="bbox 627 3092 2211 3166">
     <span class='ocr_line' id='line_1_47' title="bbox 627 3092 2211 3166; baseline 0.001 -19"><span class='ocrx_word' id='word_1_351' title='bbox 627 3093 837 3162; x_wconf 87' lang='lat' dir='ltr'><strong>probat.</strong></span> <span class='ocrx_word' id='word_1_352' title='bbox 881 3092 1242 3166; x_wconf 84' lang='lat' dir='ltr'><strong>Conjungere,</strong></span> <span class='ocrx_word' id='word_1_353' title='bbox 1293 3095 1483 3165; x_wconf 89' lang='lat' dir='ltr'><strong>inquit,</strong></span> <span class='ocrx_word' id='word_1_354' title='bbox 1536 3095 1758 3149; x_wconf 84' lang='lat' dir='ltr'><strong>Domino</strong></span> <span class='ocrx_word' id='word_1_355' title='bbox 1806 3104 1854 3148; x_wconf 84' lang='lat' dir='ltr'><strong>et</strong></span> <span class='ocrx_word' id='word_1_356' title='bbox 1906 3098 2121 3161; x_wconf 71' lang='lat' dir='ltr'><strong>sustine,</strong></span> <span class='ocrx_word' id='word_1_357' title='bbox 2155 3104 2211 3149; x_wconf 86' lang='lat' dir='ltr'><strong>ut</strong></span> 
     </span>
    </p>
   </div>
   <div class='ocr_carea' id='block_1_48' title="bbox 2295 1886 3893 1961">
    <p class='ocr_par' dir='ltr' id='par_1_48' title="bbox 2295 1886 3893 1961">
     <span class='ocr_line' id='line_1_48' title="bbox 2295 1886 3893 1961; baseline 0.001 -18"><span class='ocrx_word' id='word_1_358' title='bbox 2295 1895 2349 1943; x_wconf 89' lang='lat' dir='ltr'><strong>et</strong></span> <span class='ocrx_word' id='word_1_359' title='bbox 2396 1886 2517 1943; x_wconf 91' lang='lat' dir='ltr'><strong>ideo</strong></span> <span class='ocrx_word' id='word_1_360' title='bbox 2547 1888 2790 1944; x_wconf 88' lang='lat' dir='ltr'><strong>nocendo</strong></span> <span class='ocrx_word' id='word_1_361' title='bbox 2816 1898 2985 1953; x_wconf 87' lang='lat' dir='ltr'><strong>curat,</strong></span> <span class='ocrx_word' id='word_1_362' title='bbox 3021 1897 3080 1943; x_wconf 90' lang='lat' dir='ltr'><strong>ut</strong></span> <span class='ocrx_word' id='word_1_363' title='bbox 3102 1888 3319 1943; x_wconf 89' lang='lat' dir='ltr'><strong>cbarior</strong></span> <span class='ocrx_word' id='word_1_364' title='bbox 3342 1889 3413 1942; x_wconf 90' lang='lat' dir='ltr'><strong>sit</strong></span> <span class='ocrx_word' id='word_1_365' title='bbox 3438 1890 3645 1943; x_wconf 84' lang='lat' dir='ltr'><strong>sanitas</strong></span> <span class='ocrx_word' id='word_1_366' title='bbox 3674 1905 3893 1961; x_wconf 49' lang='lat' dir='ltr'><strong>pra‘pa-</strong></span> 
     </span>
    </p>
   </div>
   <div class='ocr_carea' id='block_1_49' title="bbox 2296 1982 3888 2040">
    <p class='ocr_par' dir='ltr' id='par_1_49' title="bbox 2296 1982 3888 2040">
     <span class='ocr_line' id='line_1_49' title="bbox 2296 1982 3888 2040; baseline 0.001 -4"><span class='ocrx_word' id='word_1_367' title='bbox 2296 1990 2410 2036; x_wconf 89' lang='lat' dir='ltr'><strong>rata</strong></span> <span class='ocrx_word' id='word_1_368' title='bbox 2461 1983 2801 2038; x_wconf 68' lang='lat' dir='ltr'><strong>maeroribus.</strong></span> <span class='ocrx_word' id='word_1_369' title='bbox 2860 1983 2919 2039; x_wconf 89' lang='lat' dir='ltr'><strong>Si</strong></span> <span class='ocrx_word' id='word_1_370' title='bbox 2970 1983 3114 2039; x_wconf 91' lang='lat' dir='ltr'><strong>enim</strong></span> <span class='ocrx_word' id='word_1_371' title='bbox 3148 1982 3412 2038; x_wconf 87' lang='lat' dir='ltr'><strong>medicina</strong></span> <span class='ocrx_word' id='word_1_372' title='bbox 3466 1998 3571 2037; x_wconf 92' lang='lat' dir='ltr'><strong>non</strong></span> <span class='ocrx_word' id='word_1_373' title='bbox 3615 1985 3888 2040; x_wconf 82' lang='lat' dir='ltr'><strong>laceraret</strong></span> 
     </span>
    </p>
   </div>
   <div class='ocr_carea' id='block_1_50' title="bbox 2297 2073 3891 2147">
    <p class='ocr_par' dir='ltr' id='par_1_50' title="bbox 2297 2073 3891 2147">
     <span class='ocr_line' id='line_1_50' title="bbox 2297 2073 3891 2147; baseline 0.001 -20"><span class='ocrx_word' id='word_1_374' title='bbox 2297 2073 2620 2139; x_wconf 89' lang='lat' dir='ltr'><strong>sanandum,</strong></span> <span class='ocrx_word' id='word_1_375' title='bbox 2649 2074 2900 2130; x_wconf 90' lang='lat' dir='ltr'><strong>meritum</strong></span> <span class='ocrx_word' id='word_1_376' title='bbox 2918 2075 3161 2130; x_wconf 87' lang='lat' dir='ltr'><strong>sanitatis</strong></span> <span class='ocrx_word' id='word_1_377' title='bbox 3184 2076 3259 2130; x_wconf 90' lang='lat' dir='ltr'><strong>ire</strong></span> <span class='ocrx_word' id='word_1_378' title='bbox 3272 2090 3485 2147; x_wconf 86' lang='lat' dir='ltr'><strong>semper</strong></span> <span class='ocrx_word' id='word_1_379' title='bbox 3508 2075 3820 2132; x_wconf 87' lang='lat' dir='ltr'><strong>delectaret</strong></span> <span class='ocrx_word' id='word_1_380' title='bbox 3846 2079 3891 2129; x_wconf 90' lang='lat' dir='ltr'><strong>in</strong></span> 
     </span>
    </p>
   </div>
   <div class='ocr_carea' id='block_1_51' title="bbox 2298 2166 3892 2238">
    <p class='ocr_par' dir='ltr' id='par_1_51' title="bbox 2298 2166 3892 2238">
     <span class='ocr_line' id='line_1_51' title="bbox 2298 2166 3892 2238; baseline -0.001 -18"><span class='ocrx_word' id='word_1_381' title='bbox 2298 2166 2662 2221; x_wconf 87' lang='lat' dir='ltr'><strong>voluntarium</strong></span> <span class='ocrx_word' id='word_1_382' title='bbox 2705 2166 2920 2222; x_wconf 86' lang='lat' dir='ltr'><strong>vulnus.</strong></span> <span class='ocrx_word' id='word_1_383' title='bbox 2949 2167 3006 2221; x_wconf 88' lang='lat' dir='ltr'><strong>Si</strong></span> <span class='ocrx_word' id='word_1_384' title='bbox 3040 2183 3146 2221; x_wconf 90' lang='lat' dir='ltr'><strong>non</strong></span> <span class='ocrx_word' id='word_1_385' title='bbox 3181 2166 3521 2222; x_wconf 89' lang='lat' dir='ltr'><strong>mordacibus</strong></span> <span class='ocrx_word' id='word_1_386' title='bbox 3562 2167 3892 2238; x_wconf 83' lang='lat' dir='ltr'><strong>adjumentis</strong></span> 
     </span>
    </p>
   </div>
   <div class='ocr_carea' id='block_1_52' title="bbox 2301 2260 3892 2330">
    <p class='ocr_par' dir='ltr' id='par_1_52' title="bbox 2301 2260 3892 2330">
     <span class='ocr_line' id='line_1_52' title="bbox 2301 2260 3892 2330; baseline 0.001 -15"><span class='ocrx_word' id='word_1_387' title='bbox 2301 2260 2611 2316; x_wconf 89' lang='lat' dir='ltr'><strong>nocentium</strong></span> <span class='ocrx_word' id='word_1_388' title='bbox 2662 2261 2992 2316; x_wconf 90' lang='lat' dir='ltr'><strong>medelarum</strong></span> <span class='ocrx_word' id='word_1_389' title='bbox 3023 2277 3149 2317; x_wconf 85' lang='lat' dir='ltr'><strong>cura</strong></span> <span class='ocrx_word' id='word_1_390' title='bbox 3178 2263 3413 2330; x_wconf 91' lang='lat' dir='ltr'><strong>pretiosa</strong></span> <span class='ocrx_word' id='word_1_391' title='bbox 3444 2272 3750 2329; x_wconf 89' lang='lat' dir='ltr'><strong>constaret,</strong></span> <span class='ocrx_word' id='word_1_392' title='bbox 3801 2279 3892 2317; x_wconf 88' lang='lat' dir='ltr'><strong>cn-</strong></span> 
     </span>
    </p>
   </div>
   <div class='ocr_carea' id='block_1_53' title="bbox 2300 2351 3892 2423">
    <p class='ocr_par' dir='ltr' id='par_1_53' title="bbox 2300 2351 3892 2423">
     <span class='ocr_line' id='line_1_53' title="bbox 2300 2351 3892 2423; baseline -0.001 -16"><span class='ocrx_word' id='word_1_393' title='bbox 2300 2351 2528 2407; x_wconf 89' lang='lat' dir='ltr'><strong>randum</strong></span> <span class='ocrx_word' id='word_1_394' title='bbox 2553 2367 2717 2408; x_wconf 90' lang='lat' dir='ltr'><strong>causa</strong></span> <span class='ocrx_word' id='word_1_395' title='bbox 2745 2369 2850 2408; x_wconf 91' lang='lat' dir='ltr'><strong>non</strong></span> <span class='ocrx_word' id='word_1_396' title='bbox 2894 2363 3112 2423; x_wconf 83' lang='lat' dir='ltr'><strong>cogeret</strong></span> <span class='ocrx_word' id='word_1_397' title='bbox 3142 2354 3193 2408; x_wconf 92' lang='lat' dir='ltr'><strong>in</strong></span> <span class='ocrx_word' id='word_1_398' title='bbox 3221 2367 3537 2409; x_wconf 63' lang='lat' dir='ltr'><strong>maerorem.</strong></span> <span class='ocrx_word' id='word_1_399' title='bbox 3562 2353 3628 2408; x_wconf 86' lang='lat' dir='ltr'><strong>Et</strong></span> <span class='ocrx_word' id='word_1_400' title='bbox 3659 2353 3791 2409; x_wconf 92' lang='lat' dir='ltr'><strong>ideo</strong></span> <span class='ocrx_word' id='word_1_401' title='bbox 3815 2368 3892 2407; x_wconf 87' lang='lat' dir='ltr'><strong>re-</strong></span> 
     </span>
    </p>
   </div>
   <div class='ocr_carea' id='block_1_54' title="bbox 2303 2445 3892 2517">
    <p class='ocr_par' dir='ltr' id='par_1_54' title="bbox 2303 2445 3892 2517">
     <span class='ocr_line' id='line_1_54' title="bbox 2303 2445 3892 2517; baseline -0.001 -16"><span class='ocrx_word' id='word_1_402' title='bbox 2303 2445 2497 2501; x_wconf 88' lang='lat' dir='ltr'><strong>mediis</strong></span> <span class='ocrx_word' id='word_1_403' title='bbox 2544 2446 2863 2502; x_wconf 86' lang='lat' dir='ltr'><strong>nocentibus</strong></span> <span class='ocrx_word' id='word_1_404' title='bbox 2891 2462 3018 2501; x_wconf 91' lang='lat' dir='ltr'><strong>cura</strong></span> <span class='ocrx_word' id='word_1_405' title='bbox 3045 2446 3343 2515; x_wconf 82' lang='lat' dir='ltr'><strong>perficitur,</strong></span> <span class='ocrx_word' id='word_1_406' title='bbox 3365 2454 3423 2500; x_wconf 95' lang='lat' dir='ltr'><strong>ut</strong></span> <span class='ocrx_word' id='word_1_407' title='bbox 3444 2447 3700 2502; x_wconf 62' lang='lat' dir='ltr'><strong>maeroris</strong></span> <span class='ocrx_word' id='word_1_408' title='bbox 3723 2448 3892 2517; x_wconf 87' lang='lat' dir='ltr'><strong>pretio</strong></span> 
     </span>
    </p>
   </div>
   <div class='ocr_carea' id='block_1_55' title="bbox 2301 2537 3892 2608">
    <p class='ocr_par' dir='ltr' id='par_1_55' title="bbox 2301 2537 3892 2608">
     <span class='ocr_line' id='line_1_55' title="bbox 2301 2537 3892 2608; baseline -0.001 -16"><span class='ocrx_word' id='word_1_409' title='bbox 2301 2537 2583 2608; x_wconf 88' lang='lat' dir='ltr'><strong>redempta</strong></span> <span class='ocrx_word' id='word_1_410' title='bbox 2630 2538 2855 2604; x_wconf 83' lang='lat' dir='ltr'><strong>sanitas,</strong></span> <span class='ocrx_word' id='word_1_411' title='bbox 2891 2538 3108 2593; x_wconf 87' lang='lat' dir='ltr'><strong>cbarior</strong></span> <span class='ocrx_word' id='word_1_412' title='bbox 3152 2537 3418 2592; x_wconf 86' lang='lat' dir='ltr'><strong>habeatur</strong></span> <span class='ocrx_word' id='word_1_413' title='bbox 3459 2544 3516 2591; x_wconf 88' lang='lat' dir='ltr'><strong>et</strong></span> <span class='ocrx_word' id='word_1_414' title='bbox 3542 2547 3722 2608; x_wconf 85' lang='lat' dir='ltr'><strong>grata.</strong></span> <span class='ocrx_word' id='word_1_415' title='bbox 3757 2539 3892 2607; x_wconf 78' lang='lat' dir='ltr'><strong>Ergo</strong></span> 
     </span>
    </p>
   </div>
   <div class='ocr_carea' id='block_1_56' title="bbox 2304 2630 3891 2704">
    <p class='ocr_par' dir='ltr' id='par_1_56' title="bbox 2304 2630 3891 2704">
     <span class='ocr_line' id='line_1_56' title="bbox 2304 2630 3891 2704; baseline 0 -19"><span class='ocrx_word' id='word_1_416' title='bbox 2304 2630 2395 2699; x_wconf 90' lang='lat' dir='ltr'><strong>qtti</strong></span> <span class='ocrx_word' id='word_1_417' title='bbox 2421 2631 2684 2686; x_wconf 88' lang='lat' dir='ltr'><strong>amandus</strong></span> <span class='ocrx_word' id='word_1_418' title='bbox 2708 2641 2812 2697; x_wconf 88' lang='lat' dir='ltr'><strong>est,</strong></span> <span class='ocrx_word' id='word_1_419' title='bbox 2854 2632 3094 2702; x_wconf 89' lang='lat' dir='ltr'><strong>quolibet</strong></span> <span class='ocrx_word' id='word_1_420' title='bbox 3122 2634 3371 2689; x_wconf 79' lang='lat' dir='ltr'><strong>examine</strong></span> <span class='ocrx_word' id='word_1_421' title='bbox 3419 2650 3525 2690; x_wconf 93' lang='lat' dir='ltr'><strong>non</strong></span> <span class='ocrx_word' id='word_1_422' title='bbox 3578 2644 3764 2704; x_wconf 85' lang='lat' dir='ltr'><strong>potest</strong></span> <span class='ocrx_word' id='word_1_423' title='bbox 3796 2650 3891 2687; x_wconf 87' lang='lat' dir='ltr'><strong>non</strong></span> 
     </span>
    </p>
   </div>
   <div class='ocr_carea' id='block_1_57' title="bbox 2304 2723 3890 2796">
    <p class='ocr_par' dir='ltr' id='par_1_57' title="bbox 2304 2723 3890 2796">
     <span class='ocr_line' id='line_1_57' title="bbox 2304 2723 3890 2796; baseline 0 -18"><span class='ocrx_word' id='word_1_424' title='bbox 2304 2723 2585 2779; x_wconf 88' lang='lat' dir='ltr'><strong>emendari</strong></span> <span class='ocrx_word' id='word_1_425' title='bbox 2619 2725 2749 2794; x_wconf 91' lang='lat' dir='ltr'><strong>:qui</strong></span> <span class='ocrx_word' id='word_1_426' title='bbox 2792 2725 3139 2794; x_wconf 88' lang='lat' dir='ltr'><strong>corrigendus</strong></span> <span class='ocrx_word' id='word_1_427' title='bbox 3178 2735 3282 2790; x_wconf 76' lang='lat' dir='ltr'><strong>est,</strong></span> <span class='ocrx_word' id='word_1_428' title='bbox 3310 2742 3415 2781; x_wconf 92' lang='lat' dir='ltr'><strong>non</strong></span> <span class='ocrx_word' id='word_1_429' title='bbox 3446 2735 3626 2796; x_wconf 89' lang='lat' dir='ltr'><strong>potest</strong></span> <span class='ocrx_word' id='word_1_430' title='bbox 3660 2742 3778 2780; x_wconf 88' lang='lat' dir='ltr'><strong>non</strong></span> <span class='ocrx_word' id='word_1_431' title='bbox 3805 2728 3890 2780; x_wconf 83' lang='lat' dir='ltr'><strong>lia—</strong></span> 
     </span>
    </p>
   </div>
   <div class='ocr_carea' id='block_1_58' title="bbox 2306 2814 3893 2886">
    <p class='ocr_par' dir='ltr' id='par_1_58' title="bbox 2306 2814 3893 2886">
     <span class='ocr_line' id='line_1_58' title="bbox 2306 2814 3893 2886; baseline -0.001 -18"><span class='ocrx_word' id='word_1_432' title='bbox 2306 2814 2493 2883; x_wconf 84' lang='lat' dir='ltr'><strong>gellari</strong></span> <span class='ocrx_word' id='word_1_433' title='bbox 2518 2817 2779 2870; x_wconf 86' lang='lat' dir='ltr'><strong>amatoris</strong></span> <span class='ocrx_word' id='word_1_434' title='bbox 2813 2820 3041 2871; x_wconf 83' lang='lat' dir='ltr'><strong>verbere</strong></span> <span class='ocrx_word' id='word_1_435' title='bbox 3073 2836 3084 2869; x_wconf 92' lang='lat'>:</span> <span class='ocrx_word' id='word_1_436' title='bbox 3118 2819 3208 2886; x_wconf 89' lang='lat' dir='ltr'><strong>qui</strong></span> <span class='ocrx_word' id='word_1_437' title='bbox 3234 2819 3506 2872; x_wconf 88' lang='lat' dir='ltr'><strong>curandus</strong></span> <span class='ocrx_word' id='word_1_438' title='bbox 3532 2826 3637 2884; x_wconf 91' lang='lat' dir='ltr'><strong>est,</strong></span> <span class='ocrx_word' id='word_1_439' title='bbox 3677 2818 3893 2873; x_wconf 77' lang='lat' dir='ltr'><strong>meden-</strong></span> 
     </span>
    </p>
   </div>
   <div class='ocr_carea' id='block_1_59' title="bbox 2306 2908 3895 2980">
    <p class='ocr_par' dir='ltr' id='par_1_59' title="bbox 2306 2908 3895 2980">
     <span class='ocr_line' id='line_1_59' title="bbox 2306 2908 3895 2980; baseline 0.001 -20"><span class='ocrx_word' id='word_1_440' title='bbox 2306 2910 2378 2961; x_wconf 88' lang='lat' dir='ltr'><strong>tis</strong></span> <span class='ocrx_word' id='word_1_441' title='bbox 2407 2908 2764 2964; x_wconf 89' lang='lat' dir='ltr'><strong>mordacitatc</strong></span> <span class='ocrx_word' id='word_1_442' title='bbox 2811 2924 2918 2964; x_wconf 92' lang='lat' dir='ltr'><strong>non</strong></span> <span class='ocrx_word' id='word_1_443' title='bbox 2967 2920 3146 2980; x_wconf 87' lang='lat' dir='ltr'><strong>potest</strong></span> <span class='ocrx_word' id='word_1_444' title='bbox 3183 2928 3287 2966; x_wconf 91' lang='lat' dir='ltr'><strong>non</strong></span> <span class='ocrx_word' id='word_1_445' title='bbox 3331 2912 3537 2967; x_wconf 89' lang='lat' dir='ltr'><strong>noceri.</strong></span> <span class='ocrx_word' id='word_1_446' title='bbox 3568 2911 3710 2979; x_wconf 84' lang='lat' dir='ltr'><strong>Quid</strong></span> <span class='ocrx_word' id='word_1_447' title='bbox 3744 2914 3895 2965; x_wconf 85' lang='lat' dir='ltr'><strong>mira-</strong></span> 
     </span>
    </p>
   </div>
   <div class='ocr_carea' id='block_1_60' title="bbox 2309 3000 3891 3074">
    <p class='ocr_par' dir='ltr' id='par_1_60' title="bbox 2309 3000 3891 3074">
     <span class='ocr_line' id='line_1_60' title="bbox 2309 3000 3891 3074; baseline 0.002 -21"><span class='ocrx_word' id='word_1_448' title='bbox 2309 3000 2433 3054; x_wconf 91' lang='lat' dir='ltr'><strong>culo</strong></span> <span class='ocrx_word' id='word_1_449' title='bbox 2452 3010 2636 3070; x_wconf 90' lang='lat' dir='ltr'><strong>stupes</strong></span> <span class='ocrx_word' id='word_1_450' title='bbox 2662 3001 2730 3056; x_wconf 88' lang='lat' dir='ltr'><strong>de</strong></span> <span class='ocrx_word' id='word_1_451' title='bbox 2784 3002 3044 3070; x_wconf 85' lang='lat' dir='ltr'><strong>periculis</strong></span> <span class='ocrx_word' id='word_1_452' title='bbox 3096 3014 3373 3073; x_wconf 78' lang='lat' dir='ltr'><strong>exspectat</strong></span> <span class='ocrx_word' id='word_1_453' title='bbox 3423 3004 3891 3074; x_wconf 71' lang='lat' dir='ltr'><strong>auxilium,queut</strong></span> 
     </span>
    </p>
   </div>
   <div class='ocr_carea' id='block_1_61' title="bbox 2306 3094 3891 3166">
    <p class='ocr_par' dir='ltr' id='par_1_61' title="bbox 2306 3094 3891 3166">
     <span class='ocr_line' id='line_1_61' title="bbox 2306 3094 3891 3166; baseline -0.002 -16"><span class='ocrx_word' id='word_1_454' title='bbox 2306 3103 2463 3150; x_wconf 88' lang='lat' dir='ltr'><strong>curat</strong></span> <span class='ocrx_word' id='word_1_455' title='bbox 2490 3094 2627 3165; x_wconf 86' lang='lat' dir='ltr'><strong>ignis</strong></span> <span class='ocrx_word' id='word_1_456' title='bbox 2650 3105 2704 3149; x_wconf 90' lang='lat' dir='ltr'><strong>et</strong></span> <span class='ocrx_word' id='word_1_457' title='bbox 2731 3094 2955 3149; x_wconf 89' lang='lat' dir='ltr'><strong>ferrum</strong></span> <span class='ocrx_word' id='word_1_458' title='bbox 2992 3096 3151 3150; x_wconf 85' lang='lat' dir='ltr'><strong>Multa</strong></span> <span class='ocrx_word' id='word_1_459' title='bbox 3173 3105 3298 3151; x_wconf 90' lang='lat' dir='ltr'><strong>sunt</strong></span> <span class='ocrx_word' id='word_1_460' title='bbox 3320 3098 3465 3150; x_wconf 88' lang='lat' dir='ltr'><strong>enim</strong></span> <span class='ocrx_word' id='word_1_461' title='bbox 3498 3112 3620 3166; x_wconf 68' lang='lat' dir='ltr'><strong>qua:</strong></span> <span class='ocrx_word' id='word_1_462' title='bbox 3652 3113 3766 3151; x_wconf 89' lang='lat' dir='ltr'><strong>nou</strong></span> <span class='ocrx_word' id='word_1_463' title='bbox 3799 3097 3891 3149; x_wconf 89' lang='lat' dir='ltr'><strong>nisi</strong></span> 
     </span>
    </p>
   </div>
   <div class='ocr_carea' id='block_1_62' title="bbox 626 3171 3896 3259">
    <p class='ocr_par' dir='ltr' id='par_1_62' title="bbox 626 3171 3896 3259">
     <span class='ocr_line' id='line_1_62' title="bbox 626 3171 3896 3259; baseline 0.001 -20"><span class='ocrx_word' id='word_1_464' title='bbox 626 3196 820 3240; x_wconf 77' lang='lat' dir='ltr'><strong>crescat</strong></span> <span class='ocrx_word' id='word_1_465' title='bbox 866 3187 918 3240; x_wconf 83' lang='lat' dir='ltr'><strong>in</strong></span> <span class='ocrx_word' id='word_1_466' title='bbox 945 3188 1214 3242; x_wconf 77' lang='lat' dir='ltr'><strong>novissimo</strong></span> <span class='ocrx_word' id='word_1_467' title='bbox 1252 3191 1355 3242; x_wconf 83' lang='lat' dir='ltr'><strong>vita</strong></span> <span class='ocrx_word' id='word_1_468' title='bbox 1387 3199 1473 3243; x_wconf 88' lang='lat' dir='ltr'><strong>tua</strong></span> <span class='ocrx_word' id='word_1_469' title='bbox 1503 3186 1697 3259; x_wconf 82' lang='lat' dir='ltr'><strong>(Eceli.</strong></span> <span class='ocrx_word' id='word_1_470' title='bbox 1725 3204 1781 3253; x_wconf 89' lang='lat' dir='ltr'><strong>tt,</strong></span> <span class='ocrx_word' id='word_1_471' title='bbox 1812 3186 1889 3257; x_wconf 75' lang='lat'><strong>5).</strong></span> <span class='ocrx_word' id='word_1_472' title='bbox 1924 3188 2203 3257; x_wconf 80' lang='lat' dir='ltr'><strong>Navigium</strong></span> <span class='ocrx_word' id='word_1_473' title='bbox 2234 3171 2282 3235; x_wconf 73' lang='grc' dir='ltr'>Ο</span> <span class='ocrx_word' id='word_1_474' title='bbox 2316 3203 2571 3258; x_wconf 85' lang='lat' dir='ltr'><strong>percussa</strong></span> <span class='ocrx_word' id='word_1_475' title='bbox 2599 3197 2878 3244; x_wconf 89' lang='lat' dir='ltr'><strong>sanantur.</strong></span> <span class='ocrx_word' id='word_1_476' title='bbox 2908 3190 3059 3244; x_wconf 82' lang='lat' dir='ltr'><strong>Multi</strong></span> <span class='ocrx_word' id='word_1_477' title='bbox 3092 3199 3213 3244; x_wconf 87' lang='lat' dir='ltr'><strong>sunt</strong></span> <span class='ocrx_word' id='word_1_478' title='bbox 3241 3205 3376 3259; x_wconf 89' lang='lat' dir='ltr'><strong>quos</strong></span> <span class='ocrx_word' id='word_1_479' title='bbox 3400 3190 3591 3245; x_wconf 81' lang='lat' dir='ltr'><strong>inedici</strong></span> <span class='ocrx_word' id='word_1_480' title='bbox 3618 3192 3743 3246; x_wconf 86' lang='lat' dir='ltr'><strong>sine</strong></span> <span class='ocrx_word' id='word_1_481' title='bbox 3766 3190 3896 3244; x_wconf 67' lang='grc' dir='ltr'><strong>ἴυγγι)</strong></span> 
     </span>
    </p>
   </div>
   <div class='ocr_carea' id='block_1_63' title="bbox 624 3284 2205 3355">
    <p class='ocr_par' dir='ltr' id='par_1_63' title="bbox 624 3284 2205 3355">
     <span class='ocr_line' id='line_1_63' title="bbox 624 3284 2205 3355; baseline 0.002 -18"><span class='ocrx_word' id='word_1_482' title='bbox 624 3285 748 3339; x_wconf 69' lang='lat' dir='ltr'><strong>vita:</strong></span> <span class='ocrx_word' id='word_1_483' title='bbox 779 3295 976 3339; x_wconf 61' lang='lat' dir='ltr'><strong>nostra!</strong></span> <span class='ocrx_word' id='word_1_484' title='bbox 992 3284 1370 3354; x_wconf 75' lang='lat' dir='ltr'><strong>agitationibus</strong></span> <span class='ocrx_word' id='word_1_485' title='bbox 1408 3286 1640 3355; x_wconf 88' lang='lat' dir='ltr'><strong>gaudet:</strong></span> <span class='ocrx_word' id='word_1_486' title='bbox 1671 3284 1781 3339; x_wconf 87' lang='lat' dir='ltr'><strong>sola</strong></span> <span class='ocrx_word' id='word_1_487' title='bbox 1818 3284 2205 3355; x_wconf 88' lang='lat' dir='ltr'><strong>tranquillitate</strong></span> 
     </span>
    </p>
   </div>
   <div class='ocr_carea' id='block_1_64' title="bbox 633 3375 2206 3447">
    <p class='ocr_par' dir='ltr' id='par_1_64' title="bbox 633 3375 2206 3447">
     <span class='ocr_line' id='line_1_64' title="bbox 633 3375 2206 3447; baseline 0.001 -17"><span class='ocrx_word' id='word_1_488' title='bbox 633 3377 902 3431; x_wconf 90' lang='lat' dir='ltr'><strong>turbatur.</strong></span> <span class='ocrx_word' id='word_1_489' title='bbox 937 3376 1125 3447; x_wconf 88' lang='lat' dir='ltr'><strong>Stupet</strong></span> <span class='ocrx_word' id='word_1_490' title='bbox 1176 3379 1318 3432; x_wconf 89' lang='lat' dir='ltr'><strong>enim</strong></span> <span class='ocrx_word' id='word_1_491' title='bbox 1349 3391 1561 3440; x_wconf 82' lang='lat' dir='ltr'><strong>cursus,</strong></span> <span class='ocrx_word' id='word_1_492' title='bbox 1592 3375 1931 3432; x_wconf 80' lang='lat' dir='ltr'><strong>cessantibus</strong></span> <span class='ocrx_word' id='word_1_493' title='bbox 1982 3376 2156 3432; x_wconf 84' lang='lat' dir='ltr'><strong>ventis</strong></span> <span class='ocrx_word' id='word_1_494' title='bbox 2188 3393 2206 3443; x_wconf 85' lang='lat'><strong>;</strong></span> 
     </span>
    </p>
   </div>
   <div class='ocr_carea' id='block_1_65' title="bbox 631 3469 2209 3541">
    <p class='ocr_par' dir='ltr' id='par_1_65' title="bbox 631 3469 2209 3541">
     <span class='ocr_line' id='line_1_65' title="bbox 631 3469 2209 3541; baseline 0.001 -18"><span class='ocrx_word' id='word_1_495' title='bbox 631 3469 998 3537; x_wconf 81' lang='lat' dir='ltr'><strong>periclitatur,</strong></span> <span class='ocrx_word' id='word_1_496' title='bbox 1064 3471 1106 3524; x_wconf 91' lang='lat' dir='ltr'><strong>si</strong></span> <span class='ocrx_word' id='word_1_497' title='bbox 1154 3470 1409 3541; x_wconf 86' lang='lat' dir='ltr'><strong>periculis</strong></span> <span class='ocrx_word' id='word_1_498' title='bbox 1460 3485 1565 3523; x_wconf 87' lang='lat' dir='ltr'><strong>non</strong></span> <span class='ocrx_word' id='word_1_499' title='bbox 1618 3469 1893 3539; x_wconf 82' lang='lat' dir='ltr'><strong>probetur.</strong></span> <span class='ocrx_word' id='word_1_500' title='bbox 1945 3469 2209 3525; x_wconf 79' lang='lat' dir='ltr'><strong>Incertum</strong></span> 
     </span>
    </p>
   </div>
   <div class='ocr_carea' id='block_1_66' title="bbox 630 3562 2213 3633">
    <p class='ocr_par' dir='ltr' id='par_1_66' title="bbox 630 3562 2213 3633">
     <span class='ocr_line' id='line_1_66' title="bbox 630 3562 2213 3633; baseline -0.002 -15"><span class='ocrx_word' id='word_1_501' title='bbox 630 3572 713 3618; x_wconf 88' lang='lat' dir='ltr'><strong>est</strong></span> <span class='ocrx_word' id='word_1_502' title='bbox 733 3563 883 3618; x_wconf 89' lang='lat' dir='ltr'><strong>enim</strong></span> <span class='ocrx_word' id='word_1_503' title='bbox 931 3574 1107 3616; x_wconf 91' lang='lat' dir='ltr'><strong>utrum</strong></span> <span class='ocrx_word' id='word_1_504' title='bbox 1140 3563 1205 3615; x_wconf 90' lang='lat' dir='ltr'><strong>ad</strong></span> <span class='ocrx_word' id='word_1_505' title='bbox 1234 3563 1523 3616; x_wconf 65' lang='lat' dir='ltr'><strong>“Omitth</strong></span> <span class='ocrx_word' id='word_1_506' title='bbox 1558 3562 1847 3633; x_wconf 87' lang='lat' dir='ltr'><strong>pertineat,</strong></span> <span class='ocrx_word' id='word_1_507' title='bbox 1877 3578 2033 3631; x_wconf 88' lang='lat' dir='ltr'><strong>quem</strong></span> <span class='ocrx_word' id='word_1_508' title='bbox 2063 3578 2213 3631; x_wconf 85' lang='lat' dir='ltr'><strong>pres-</strong></span> 
     </span>
    </p>
   </div>
   <div class='ocr_carea' id='block_1_67' title="bbox 633 3655 2214 3724">
    <p class='ocr_par' dir='ltr' id='par_1_67' title="bbox 633 3655 2214 3724">
     <span class='ocr_line' id='line_1_67' title="bbox 633 3655 2214 3724; baseline 0 -17"><span class='ocrx_word' id='word_1_509' title='bbox 633 3671 759 3707; x_wconf 89' lang='lat' dir='ltr'><strong>sura</strong></span> <span class='ocrx_word' id='word_1_510' title='bbox 791 3664 963 3708; x_wconf 89' lang='lat' dir='ltr'><strong>mater</strong></span> <span class='ocrx_word' id='word_1_511' title='bbox 993 3656 1176 3723; x_wconf 71' lang='lat' dir='ltr'><strong>gloria:</strong></span> <span class='ocrx_word' id='word_1_512' title='bbox 1205 3655 1511 3708; x_wconf 84' lang='lat' dir='ltr'><strong>ventilando</strong></span> <span class='ocrx_word' id='word_1_513' title='bbox 1539 3670 1644 3709; x_wconf 91' lang='lat' dir='ltr'><strong>non</strong></span> <span class='ocrx_word' id='word_1_514' title='bbox 1678 3662 1885 3721; x_wconf 74' lang='lat' dir='ltr'><strong>purgat,</strong></span> <span class='ocrx_word' id='word_1_515' title='bbox 1920 3655 2214 3724; x_wconf 88' lang='lat' dir='ltr'><strong>premendo</strong></span> 
     </span>
    </p>
   </div>
   <div class='ocr_carea' id='block_1_68' title="bbox 638 3746 2214 3815">
    <p class='ocr_par' dir='ltr' id='par_1_68' title="bbox 638 3746 2214 3815">
     <span class='ocr_line' id='line_1_68' title="bbox 638 3746 2214 3815; baseline 0.001 -17"><span class='ocrx_word' id='word_1_516' title='bbox 638 3760 746 3798; x_wconf 90' lang='lat' dir='ltr'><strong>non</strong></span> <span class='ocrx_word' id='word_1_517' title='bbox 786 3747 974 3808; x_wconf 79' lang='lat' dir='ltr'><strong>nutrit,</strong></span> <span class='ocrx_word' id='word_1_518' title='bbox 1003 3748 1317 3815; x_wconf 79' lang='lat' dir='ltr'><strong>castigando</strong></span> <span class='ocrx_word' id='word_1_519' title='bbox 1339 3761 1445 3799; x_wconf 87' lang='lat' dir='ltr'><strong>non</strong></span> <span class='ocrx_word' id='word_1_520' title='bbox 1473 3748 1682 3815; x_wconf 81' lang='lat' dir='ltr'><strong>prohat,</strong></span> <span class='ocrx_word' id='word_1_521' title='bbox 1707 3746 1964 3800; x_wconf 71' lang='lat' dir='ltr'><strong>caulendo</strong></span> <span class='ocrx_word' id='word_1_522' title='bbox 1989 3763 2093 3800; x_wconf 89' lang='lat' dir='ltr'><strong>non</strong></span> <span class='ocrx_word' id='word_1_523' title='bbox 2124 3762 2214 3801; x_wconf 89' lang='lat' dir='ltr'><strong>ett-</strong></span> 
     </span>
    </p>
   </div>
   <div class='ocr_carea' id='block_1_69' title="bbox 638 3837 2213 3905">
    <p class='ocr_par' dir='ltr' id='par_1_69' title="bbox 638 3837 2213 3905">
     <span class='ocr_line' id='line_1_69' title="bbox 638 3837 2213 3905; baseline 0.001 -13"><span class='ocrx_word' id='word_1_524' title='bbox 638 3848 740 3892; x_wconf 84' lang='lat' dir='ltr'><strong>rat.</strong></span> <span class='ocrx_word' id='word_1_525' title='bbox 776 3837 905 3892; x_wconf 83' lang='lat' dir='ltr'><strong>Nam</strong></span> <span class='ocrx_word' id='word_1_526' title='bbox 924 3854 1045 3891; x_wconf 89' lang='lat' dir='ltr'><strong>cttm</strong></span> <span class='ocrx_word' id='word_1_527' title='bbox 1078 3838 1301 3892; x_wconf 78' lang='lat' dir='ltr'><strong>verbera</strong></span> <span class='ocrx_word' id='word_1_528' title='bbox 1344 3840 1501 3893; x_wconf 87' lang='lat' dir='ltr'><strong>nobis</strong></span> <span class='ocrx_word' id='word_1_529' title='bbox 1529 3849 1687 3905; x_wconf 87' lang='lat' dir='ltr'><strong>atque</strong></span> <span class='ocrx_word' id='word_1_530' title='bbox 1716 3841 1861 3891; x_wconf 84' lang='lat' dir='ltr'><strong>varia</strong></span> <span class='ocrx_word' id='word_1_531' title='bbox 1884 3848 2213 3893; x_wconf 87' lang='lat' dir='ltr'><strong>tentameuta</strong></span> 
     </span>
    </p>
   </div>
   <div class='ocr_carea' id='block_1_70' title="bbox 649 3932 2220 3999">
    <p class='ocr_par' dir='ltr' id='par_1_70' title="bbox 649 3932 2220 3999">
     <span class='ocr_line' id='line_1_70' title="bbox 649 3932 2220 3999; baseline 0.004 -17"><span class='ocrx_word' id='word_1_532' title='bbox 649 3946 802 3984; x_wconf 86' lang='lat' dir='ltr'><strong>amor</strong></span> <span class='ocrx_word' id='word_1_533' title='bbox 834 3932 1048 3985; x_wconf 80' lang='lat' dir='ltr'><strong>divinus</strong></span> <span class='ocrx_word' id='word_1_534' title='bbox 1080 3932 1391 3999; x_wconf 85' lang='lat' dir='ltr'><strong>impendat,</strong></span> <span class='ocrx_word' id='word_1_535' title='bbox 1419 3947 1483 3987; x_wconf 90' lang='lat' dir='ltr'><strong>ac</strong></span> <span class='ocrx_word' id='word_1_536' title='bbox 1512 3935 1651 3987; x_wconf 83' lang='lat' dir='ltr'><strong>sicut</strong></span> <span class='ocrx_word' id='word_1_537' title='bbox 1696 3934 1937 3988; x_wconf 84' lang='lat' dir='ltr'><strong>medicus</strong></span> <span class='ocrx_word' id='word_1_538' title='bbox 1974 3934 2220 3988; x_wconf 85' lang='lat' dir='ltr'><strong>conferat</strong></span> 
     </span>
    </p>
   </div>
   <div class='ocr_carea' id='block_1_71' title="bbox 640 4023 2209 4096">
    <p class='ocr_par' dir='ltr' id='par_1_71' title="bbox 640 4023 2209 4096">
     <span class='ocr_line' id='line_1_71' title="bbox 640 4023 2209 4096; baseline 0.002 -19"><span class='ocrx_word' id='word_1_539' title='bbox 640 4023 942 4078; x_wconf 84' lang='lat' dir='ltr'><strong>remedium</strong></span> <span class='ocrx_word' id='word_1_540' title='bbox 990 4024 1057 4079; x_wconf 89' lang='lat' dir='ltr'><strong>de</strong></span> <span class='ocrx_word' id='word_1_541' title='bbox 1099 4024 1406 4089; x_wconf 72' lang='lat' dir='ltr'><strong>contrariis,</strong></span> <span class='ocrx_word' id='word_1_542' title='bbox 1457 4038 1509 4080; x_wconf 86' lang='lat' dir='ltr'><strong>et</strong></span> <span class='ocrx_word' id='word_1_543' title='bbox 1540 4028 1840 4096; x_wconf 87' lang='lat' dir='ltr'><strong>torquendo</strong></span> <span class='ocrx_word' id='word_1_544' title='bbox 1883 4036 2162 4080; x_wconf 72' lang='lat' dir='ltr'><strong>succurrat</strong></span> <span class='ocrx_word' id='word_1_545' title='bbox 2196 4043 2209 4080; x_wconf 90' lang='lat'>:</span> 
     </span>
    </p>
   </div>
   <div class='ocr_carea' id='block_1_72' title="bbox 643 4118 2218 4189">
    <p class='ocr_par' dir='ltr' id='par_1_72' title="bbox 643 4118 2218 4189">
     <span class='ocr_line' id='line_1_72' title="bbox 643 4118 2218 4189; baseline -0.002 -17"><span class='ocrx_word' id='word_1_546' title='bbox 643 4134 749 4172; x_wconf 66' lang='lat' dir='ltr'><strong>non</strong></span> <span class='ocrx_word' id='word_1_547' title='bbox 776 4134 833 4171; x_wconf 89' lang='lat' dir='ltr'><strong>se</strong></span> <span class='ocrx_word' id='word_1_548' title='bbox 860 4119 1050 4187; x_wconf 85' lang='lat' dir='ltr'><strong>probat</strong></span> <span class='ocrx_word' id='word_1_549' title='bbox 1071 4118 1137 4171; x_wconf 89' lang='lat' dir='ltr'><strong>ad</strong></span> <span class='ocrx_word' id='word_1_550' title='bbox 1164 4134 1401 4173; x_wconf 87' lang='lat' dir='ltr'><strong>amorem</strong></span> <span class='ocrx_word' id='word_1_551' title='bbox 1433 4122 1703 4189; x_wconf 84' lang='lat' dir='ltr'><strong>pertinere</strong></span> <span class='ocrx_word' id='word_1_552' title='bbox 1734 4120 2077 4187; x_wconf 81' lang='lat' dir='ltr'><strong>Dontini.qui</strong></span> <span class='ocrx_word' id='word_1_553' title='bbox 2107 4121 2218 4187; x_wconf 83' lang='lat' dir='ltr'><strong>pla-</strong></span> 
     </span>
    </p>
   </div>
   <div class='ocr_carea' id='block_1_73' title="bbox 643 4211 2224 4281">
    <p class='ocr_par' dir='ltr' id='par_1_73' title="bbox 643 4211 2224 4281">
     <span class='ocr_line' id='line_1_73' title="bbox 643 4211 2224 4281; baseline 0 -17"><span class='ocrx_word' id='word_1_554' title='bbox 643 4213 725 4281; x_wconf 78' lang='lat' dir='ltr'><strong>gis</strong></span> <span class='ocrx_word' id='word_1_555' title='bbox 776 4211 1185 4266; x_wconf 81' lang='lat' dir='ltr'><strong>medicinalibus</strong></span> <span class='ocrx_word' id='word_1_556' title='bbox 1218 4227 1323 4267; x_wconf 92' lang='lat' dir='ltr'><strong>non</strong></span> <span class='ocrx_word' id='word_1_557' title='bbox 1357 4214 1548 4267; x_wconf 91' lang='lat' dir='ltr'><strong>meruit</strong></span> <span class='ocrx_word' id='word_1_558' title='bbox 1578 4214 1885 4279; x_wconf 74' lang='lat' dir='ltr'><strong>subiacere.</strong></span> <span class='ocrx_word' id='word_1_559' title='bbox 1930 4212 2035 4267; x_wconf 76' lang='lat' dir='ltr'><strong>Sed</strong></span> <span class='ocrx_word' id='word_1_560' title='bbox 2066 4212 2224 4266; x_wconf 83' lang='lat' dir='ltr'><strong>forsi-</strong></span> 
     </span>
    </p>
   </div>
   <div class='ocr_carea' id='block_1_74' title="bbox 647 4301 2225 4374">
    <p class='ocr_par' dir='ltr' id='par_1_74' title="bbox 647 4301 2225 4374">
     <span class='ocr_line' id='line_1_74' title="bbox 647 4301 2225 4374; baseline 0.002 -17"><span class='ocrx_word' id='word_1_561' title='bbox 647 4311 737 4357; x_wconf 90' lang='lat' dir='ltr'><strong>tan</strong></span> <span class='ocrx_word' id='word_1_562' title='bbox 765 4301 905 4358; x_wconf 87' lang='lat' dir='ltr'><strong>dicis</strong></span> <span class='ocrx_word' id='word_1_563' title='bbox 937 4319 953 4357; x_wconf 86' lang='lat'><strong>:</strong></span> <span class='ocrx_word' id='word_1_564' title='bbox 1002 4302 1058 4359; x_wconf 90' lang='lat' dir='ltr'><strong>Si</strong></span> <span class='ocrx_word' id='word_1_565' title='bbox 1090 4318 1240 4359; x_wconf 89' lang='lat' dir='ltr'><strong>meus</strong></span> <span class='ocrx_word' id='word_1_566' title='bbox 1266 4314 1348 4359; x_wconf 86' lang='lat' dir='ltr'><strong>est</strong></span> <span class='ocrx_word' id='word_1_567' title='bbox 1397 4316 1606 4360; x_wconf 90' lang='lat' dir='ltr'><strong>amator</strong></span> <span class='ocrx_word' id='word_1_568' title='bbox 1636 4305 1797 4370; x_wconf 90' lang='lat' dir='ltr'><strong>Deus,</strong></span> <span class='ocrx_word' id='word_1_569' title='bbox 1829 4321 1924 4359; x_wconf 91' lang='lat' dir='ltr'><strong>cur</strong></span> <span class='ocrx_word' id='word_1_570' title='bbox 1952 4319 2036 4359; x_wconf 89' lang='lat' dir='ltr'><strong>me</strong></span> <span class='ocrx_word' id='word_1_571' title='bbox 2064 4306 2225 4374; x_wconf 87' lang='lat' dir='ltr'><strong>igitur</strong></span> 
     </span>
    </p>
   </div>
   <div class='ocr_carea' id='block_1_75' title="bbox 646 4396 2222 4468">
    <p class='ocr_par' dir='ltr' id='par_1_75' title="bbox 646 4396 2222 4468">
     <span class='ocr_line' id='line_1_75' title="bbox 646 4396 2222 4468; baseline 0.002 -20"><span class='ocrx_word' id='word_1_572' title='bbox 646 4396 907 4449; x_wconf 88' lang='lat' dir='ltr'><strong>amatoris</strong></span> <span class='ocrx_word' id='word_1_573' title='bbox 935 4396 1036 4451; x_wconf 92' lang='lat' dir='ltr'><strong>mei</strong></span> <span class='ocrx_word' id='word_1_574' title='bbox 1070 4396 1272 4467; x_wconf 77' lang='lat' dir='ltr'><strong>ﬂagella</strong></span> <span class='ocrx_word' id='word_1_575' title='bbox 1301 4399 1451 4468; x_wconf 87' lang='lat' dir='ltr'><strong>gravi</strong></span> <span class='ocrx_word' id='word_1_576' title='bbox 1483 4398 1812 4452; x_wconf 87' lang='lat' dir='ltr'><strong>laceratione</strong></span> <span class='ocrx_word' id='word_1_577' title='bbox 1856 4396 2222 4463; x_wconf 70' lang='lat' dir='ltr'><strong>maestiﬁcaut,</strong></span> 
     </span>
    </p>
   </div>
   <div class='ocr_carea' id='block_1_76' title="bbox 648 4489 2224 4561">
    <p class='ocr_par' dir='ltr' id='par_1_76' title="bbox 648 4489 2224 4561">
     <span class='ocr_line' id='line_1_76' title="bbox 648 4489 2224 4561; baseline -0.001 -17"><span class='ocrx_word' id='word_1_578' title='bbox 648 4499 701 4544; x_wconf 91' lang='lat' dir='ltr'><strong>et</strong></span> <span class='ocrx_word' id='word_1_579' title='bbox 745 4489 991 4544; x_wconf 79' lang='lat' dir='ltr'><strong>lzrdendn</strong></span> <span class='ocrx_word' id='word_1_580' title='bbox 1030 4491 1354 4546; x_wconf 76' lang='lat' dir='ltr'><strong>conturbant</strong></span> <span class='ocrx_word' id='word_1_581' title='bbox 1378 4491 1402 4544; x_wconf 72' lang='grc' dir='ltr'><strong>’ἲ</strong></span> <span class='ocrx_word' id='word_1_582' title='bbox 1424 4491 1470 4545; x_wconf 92' lang='lat' dir='ltr'><strong>si</strong></span> <span class='ocrx_word' id='word_1_583' title='bbox 1502 4506 1589 4545; x_wconf 89' lang='lat' dir='ltr'><strong>me</strong></span> <span class='ocrx_word' id='word_1_584' title='bbox 1612 4489 1950 4558; x_wconf 71' lang='lat' dir='ltr'><strong>amplexibus</strong></span> <span class='ocrx_word' id='word_1_585' title='bbox 1982 4489 2224 4561; x_wconf 83' lang='lat' dir='ltr'><strong>ﬂagello-</strong></span> 
     </span>
    </p>
   </div>
   <div class='ocr_carea' id='block_1_77' title="bbox 2310 3281 3893 3351">
    <p class='ocr_par' dir='ltr' id='par_1_77' title="bbox 2310 3281 3893 3351">
     <span class='ocr_line' id='line_1_77' title="bbox 2310 3281 3893 3351; baseline -0.001 -16"><span class='ocrx_word' id='word_1_586' title='bbox 2310 3296 2502 3336; x_wconf 89' lang='lat' dir='ltr'><strong>curarc</strong></span> <span class='ocrx_word' id='word_1_587' title='bbox 2531 3297 2635 3335; x_wconf 89' lang='lat' dir='ltr'><strong>non</strong></span> <span class='ocrx_word' id='word_1_588' title='bbox 2678 3292 2921 3351; x_wconf 82' lang='lat' dir='ltr'><strong>possunt.</strong></span> <span class='ocrx_word' id='word_1_589' title='bbox 2952 3281 3053 3349; x_wconf 89' lang='lat' dir='ltr'><strong>Qui</strong></span> <span class='ocrx_word' id='word_1_590' title='bbox 3090 3282 3371 3337; x_wconf 88' lang='lat' dir='ltr'><strong>sanitatem</strong></span> <span class='ocrx_word' id='word_1_591' title='bbox 3400 3281 3611 3337; x_wconf 89' lang='lat' dir='ltr'><strong>diversa</strong></span> <span class='ocrx_word' id='word_1_592' title='bbox 3661 3299 3766 3351; x_wconf 90' lang='lat' dir='ltr'><strong>per</strong></span> <span class='ocrx_word' id='word_1_593' title='bbox 3797 3295 3893 3335; x_wconf 84' lang='lat' dir='ltr'><strong>tur-</strong></span> 
     </span>
    </p>
   </div>
   <div class='ocr_carea' id='block_1_78' title="bbox 2312 3373 3894 3444">
    <p class='ocr_par' dir='ltr' id='par_1_78' title="bbox 2312 3373 3894 3444">
     <span class='ocr_line' id='line_1_78' title="bbox 2312 3373 3894 3444; baseline -0.001 -18"><span class='ocrx_word' id='word_1_594' title='bbox 2312 3383 2491 3427; x_wconf 90' lang='lat' dir='ltr'><strong>menta</strong></span> <span class='ocrx_word' id='word_1_595' title='bbox 2546 3373 2722 3444; x_wconf 85' lang='lat' dir='ltr'><strong>rogati</strong></span> <span class='ocrx_word' id='word_1_596' title='bbox 2753 3374 3080 3443; x_wconf 88' lang='lat' dir='ltr'><strong>concedunt,</strong></span> <span class='ocrx_word' id='word_1_597' title='bbox 3135 3374 3476 3430; x_wconf 87' lang='lat' dir='ltr'><strong>amarissima</strong></span> <span class='ocrx_word' id='word_1_598' title='bbox 3528 3376 3746 3444; x_wconf 83' lang='lat' dir='ltr'><strong>pocula.</strong></span> <span class='ocrx_word' id='word_1_599' title='bbox 3796 3373 3894 3427; x_wconf 76' lang='lat' dir='ltr'><strong>cxi-</strong></span> 
     </span>
    </p>
   </div>
   <div class='ocr_carea' id='block_1_79' title="bbox 2312 3468 3897 3536">
    <p class='ocr_par' dir='ltr' id='par_1_79' title="bbox 2312 3468 3897 3536">
     <span class='ocr_line' id='line_1_79' title="bbox 2312 3468 3897 3536; baseline -0.003 -14"><span class='ocrx_word' id='word_1_600' title='bbox 2312 3476 2472 3536; x_wconf 86' lang='lat' dir='ltr'><strong>gente</strong></span> <span class='ocrx_word' id='word_1_601' title='bbox 2529 3468 2740 3533; x_wconf 90' lang='lat' dir='ltr'><strong>morbo,</strong></span> <span class='ocrx_word' id='word_1_602' title='bbox 2785 3468 3007 3522; x_wconf 88' lang='lat' dir='ltr'><strong>remedii</strong></span> <span class='ocrx_word' id='word_1_603' title='bbox 3046 3483 3205 3523; x_wconf 84' lang='lat' dir='ltr'><strong>causa</strong></span> <span class='ocrx_word' id='word_1_604' title='bbox 3263 3484 3372 3523; x_wconf 92' lang='lat' dir='ltr'><strong>non</strong></span> <span class='ocrx_word' id='word_1_605' title='bbox 3405 3469 3715 3523; x_wconf 87' lang='lat' dir='ltr'><strong>sitientilms</strong></span> <span class='ocrx_word' id='word_1_606' title='bbox 3763 3482 3897 3532; x_wconf 70' lang='lat' dir='ltr'><strong>smie</strong></span> 
     </span>
    </p>
   </div>
   <div class='ocr_carea' id='block_1_80' title="bbox 2316 3560 3890 3629">
    <p class='ocr_par' dir='ltr' id='par_1_80' title="bbox 2316 3560 3890 3629">
     <span class='ocr_line' id='line_1_80' title="bbox 2316 3560 3890 3629; baseline -0.003 -16"><span class='ocrx_word' id='word_1_607' title='bbox 2316 3560 2623 3629; x_wconf 72' lang='lat' dir='ltr'><strong>propinauit,</strong></span> <span class='ocrx_word' id='word_1_608' title='bbox 2641 3576 2757 3629; x_wconf 82' lang='lat' dir='ltr'><strong>quae</strong></span> <span class='ocrx_word' id='word_1_609' title='bbox 2782 3574 2888 3613; x_wconf 90' lang='lat' dir='ltr'><strong>non</strong></span> <span class='ocrx_word' id='word_1_610' title='bbox 2919 3560 3037 3615; x_wconf 88' lang='lat' dir='ltr'><strong>sine</strong></span> <span class='ocrx_word' id='word_1_611' title='bbox 3061 3560 3256 3614; x_wconf 80' lang='lat' dir='ltr'><strong>frontis</strong></span> <span class='ocrx_word' id='word_1_612' title='bbox 3272 3560 3569 3629; x_wconf 87' lang='lat' dir='ltr'><strong>rugositate</strong></span> <span class='ocrx_word' id='word_1_613' title='bbox 3590 3561 3890 3616; x_wconf 88' lang='lat' dir='ltr'><strong>sorbentur.</strong></span> 
     </span>
    </p>
   </div>
   <div class='ocr_carea' id='block_1_81' title="bbox 2316 3650 3896 3719">
    <p class='ocr_par' dir='ltr' id='par_1_81' title="bbox 2316 3650 3896 3719">
     <span class='ocr_line' id='line_1_81' title="bbox 2316 3650 3896 3719; baseline -0.001 -13"><span class='ocrx_word' id='word_1_614' title='bbox 2316 3650 2448 3706; x_wconf 86' lang='lat' dir='ltr'><strong>Nam</strong></span> <span class='ocrx_word' id='word_1_615' title='bbox 2471 3653 2513 3706; x_wconf 92' lang='lat' dir='ltr'><strong>si</strong></span> <span class='ocrx_word' id='word_1_616' title='bbox 2541 3652 2748 3707; x_wconf 82' lang='lat' dir='ltr'><strong>vultum</strong></span> <span class='ocrx_word' id='word_1_617' title='bbox 2776 3652 3010 3707; x_wconf 83' lang='lat' dir='ltr'><strong>bibentis</strong></span> <span class='ocrx_word' id='word_1_618' title='bbox 3040 3652 3307 3719; x_wconf 91' lang='lat' dir='ltr'><strong>attendas,</strong></span> <span class='ocrx_word' id='word_1_619' title='bbox 3340 3654 3509 3707; x_wconf 91' lang='lat' dir='ltr'><strong>tristis</strong></span> <span class='ocrx_word' id='word_1_620' title='bbox 3523 3662 3581 3707; x_wconf 90' lang='lat' dir='ltr'><strong>et</strong></span> <span class='ocrx_word' id='word_1_621' title='bbox 3602 3655 3801 3706; x_wconf 80' lang='lat' dir='ltr'><strong>anxius</strong></span> <span class='ocrx_word' id='word_1_622' title='bbox 3824 3650 3896 3704; x_wconf 82' lang='lat' dir='ltr'><strong>bi-</strong></span> 
     </span>
    </p>
   </div>
   <div class='ocr_carea' id='block_1_82' title="bbox 2319 3746 3896 3812">
    <p class='ocr_par' dir='ltr' id='par_1_82' title="bbox 2319 3746 3896 3812">
     <span class='ocr_line' id='line_1_82' title="bbox 2319 3746 3896 3812; baseline -0.004 -11"><span class='ocrx_word' id='word_1_623' title='bbox 2319 3747 2417 3812; x_wconf 91' lang='lat' dir='ltr'><strong>bit,</strong></span> <span class='ocrx_word' id='word_1_624' title='bbox 2452 3757 2511 3801; x_wconf 92' lang='lat' dir='ltr'><strong>ut</strong></span> <span class='ocrx_word' id='word_1_625' title='bbox 2562 3748 2717 3801; x_wconf 72' lang='lat' dir='ltr'><strong>lautus</strong></span> <span class='ocrx_word' id='word_1_626' title='bbox 2762 3757 2817 3800; x_wconf 88' lang='lat' dir='ltr'><strong>et</strong></span> <span class='ocrx_word' id='word_1_627' title='bbox 2875 3746 3162 3800; x_wconf 87' lang='lat' dir='ltr'><strong>incolumis</strong></span> <span class='ocrx_word' id='word_1_628' title='bbox 3198 3746 3361 3800; x_wconf 90' lang='lat' dir='ltr'><strong>vivat.</strong></span> <span class='ocrx_word' id='word_1_629' title='bbox 3404 3746 3449 3800; x_wconf 90' lang='lat'>0</span> <span class='ocrx_word' id='word_1_630' title='bbox 3481 3746 3831 3801; x_wconf 87' lang='lat' dir='ltr'><strong>rationabilis</strong></span> <span class='ocrx_word' id='word_1_631' title='bbox 3853 3752 3896 3795; x_wconf 86' lang='lat' dir='ltr'><strong>et</strong></span> 
     </span>
    </p>
   </div>
   <div class='ocr_carea' id='block_1_83' title="bbox 2322 3834 3895 3909">
    <p class='ocr_par' dir='ltr' id='par_1_83' title="bbox 2322 3834 3895 3909">
     <span class='ocr_line' id='line_1_83' title="bbox 2322 3834 3895 3909; baseline -0.006 -15"><span class='ocrx_word' id='word_1_632' title='bbox 2322 3839 2674 3894; x_wconf 87' lang='lat' dir='ltr'><strong>incommodis</strong></span> <span class='ocrx_word' id='word_1_633' title='bbox 2715 3839 2998 3893; x_wconf 86' lang='lat' dir='ltr'><strong>commoda</strong></span> <span class='ocrx_word' id='word_1_634' title='bbox 3041 3838 3171 3893; x_wconf 84' lang='lat' dir='ltr'><strong>satis</strong></span> <span class='ocrx_word' id='word_1_635' title='bbox 3215 3839 3548 3909; x_wconf 90' lang='lat' dir='ltr'><strong>perversitas</strong></span> <span class='ocrx_word' id='word_1_636' title='bbox 3579 3834 3895 3893; x_wconf 48' lang='lat' dir='ltr'><strong>medicinae!</strong></span> 
     </span>
    </p>
   </div>
   <div class='ocr_carea' id='block_1_84' title="bbox 2324 3929 3893 4002">
    <p class='ocr_par' dir='ltr' id='par_1_84' title="bbox 2324 3929 3893 4002">
     <span class='ocr_line' id='line_1_84' title="bbox 2324 3929 3893 4002; baseline -0.01 -13"><span class='ocrx_word' id='word_1_637' title='bbox 2324 3932 2564 4002; x_wconf 87' lang='lat' dir='ltr'><strong>Urgetur</strong></span> <span class='ocrx_word' id='word_1_638' title='bbox 2593 3932 2753 3985; x_wconf 89' lang='lat' dir='ltr'><strong>homo</strong></span> <span class='ocrx_word' id='word_1_639' title='bbox 2788 3929 2973 3986; x_wconf 83' lang='lat' dir='ltr'><strong>bibere</strong></span> <span class='ocrx_word' id='word_1_640' title='bbox 3011 3932 3155 4001; x_wconf 89' lang='lat' dir='ltr'><strong>quod</strong></span> <span class='ocrx_word' id='word_1_641' title='bbox 3184 3947 3288 3985; x_wconf 91' lang='lat' dir='ltr'><strong>non</strong></span> <span class='ocrx_word' id='word_1_642' title='bbox 3310 3931 3423 3987; x_wconf 90' lang='lat' dir='ltr'><strong>sitit</strong></span> <span class='ocrx_word' id='word_1_643' title='bbox 3451 3948 3463 3982; x_wconf 88' lang='lat'><strong>:</strong></span> <span class='ocrx_word' id='word_1_644' title='bbox 3491 3930 3575 3985; x_wconf 91' lang='lat' dir='ltr'><strong>cui</strong></span> <span class='ocrx_word' id='word_1_645' title='bbox 3606 3929 3893 3984; x_wconf 88' lang='lat' dir='ltr'><strong>remedium</strong></span> 
     </span>
    </p>
   </div>
   <div class='ocr_carea' id='block_1_85' title="bbox 2322 4024 3894 4096">
    <p class='ocr_par' dir='ltr' id='par_1_85' title="bbox 2322 4024 3894 4096">
     <span class='ocr_line' id='line_1_85' title="bbox 2322 4024 3894 4096; baseline -0.006 -15"><span class='ocrx_word' id='word_1_646' title='bbox 2322 4039 2404 4081; x_wconf 86' lang='lat' dir='ltr'><strong>est</strong></span> <span class='ocrx_word' id='word_1_647' title='bbox 2425 4026 2712 4096; x_wconf 84' lang='lat' dir='ltr'><strong>aliquando</strong></span> <span class='ocrx_word' id='word_1_648' title='bbox 2734 4028 2873 4095; x_wconf 86' lang='lat' dir='ltr'><strong>quod</strong></span> <span class='ocrx_word' id='word_1_649' title='bbox 2895 4026 3027 4080; x_wconf 90' lang='lat' dir='ltr'><strong>sitit.</strong></span> <span class='ocrx_word' id='word_1_650' title='bbox 3058 4025 3189 4079; x_wconf 83' lang='lat' dir='ltr'><strong>Nam</strong></span> <span class='ocrx_word' id='word_1_651' title='bbox 3213 4028 3335 4094; x_wconf 85' lang='lat' dir='ltr'><strong>quia</strong></span> <span class='ocrx_word' id='word_1_652' title='bbox 3360 4024 3626 4080; x_wconf 87' lang='lat' dir='ltr'><strong>interdum</strong></span> <span class='ocrx_word' id='word_1_653' title='bbox 3659 4026 3894 4079; x_wconf 81' lang='lat' dir='ltr'><strong>ciborum</strong></span> 
     </span>
    </p>
   </div>
   <div class='ocr_carea' id='block_1_86' title="bbox 2323 4118 3893 4189">
    <p class='ocr_par' dir='ltr' id='par_1_86' title="bbox 2323 4118 3893 4189">
     <span class='ocr_line' id='line_1_86' title="bbox 2323 4118 3893 4189; baseline -0.004 -17"><span class='ocrx_word' id='word_1_654' title='bbox 2323 4118 2706 4173; x_wconf 85' lang='lat' dir='ltr'><strong>abstinentiam</strong></span> <span class='ocrx_word' id='word_1_655' title='bbox 2756 4119 3074 4189; x_wconf 57' lang='lat' dir='ltr'><strong>praecipiunt</strong></span> <span class='ocrx_word' id='word_1_656' title='bbox 3112 4135 3125 4171; x_wconf 87' lang='lat'><strong>:</strong></span> <span class='ocrx_word' id='word_1_657' title='bbox 3162 4120 3360 4171; x_wconf 83' lang='lat' dir='ltr'><strong>indicta</strong></span> <span class='ocrx_word' id='word_1_658' title='bbox 3388 4118 3677 4189; x_wconf 83' lang='lat' dir='ltr'><strong>jejunitate</strong></span> <span class='ocrx_word' id='word_1_659' title='bbox 3705 4130 3893 4181; x_wconf 80' lang='lat' dir='ltr'><strong>corpus</strong></span> 
     </span>
    </p>
   </div>
   <div class='ocr_carea' id='block_1_87' title="bbox 2324 4210 3894 4280">
    <p class='ocr_par' dir='ltr' id='par_1_87' title="bbox 2324 4210 3894 4280">
     <span class='ocr_line' id='line_1_87' title="bbox 2324 4210 3894 4280; baseline -0.004 -16"><span class='ocrx_word' id='word_1_660' title='bbox 2324 4221 2639 4277; x_wconf 83' lang='lat' dir='ltr'><strong>exonerant,</strong></span> <span class='ocrx_word' id='word_1_661' title='bbox 2674 4218 2731 4263; x_wconf 91' lang='lat' dir='ltr'><strong>ut</strong></span> <span class='ocrx_word' id='word_1_662' title='bbox 2753 4210 2820 4265; x_wconf 89' lang='lat' dir='ltr'><strong>de</strong></span> <span class='ocrx_word' id='word_1_663' title='bbox 2846 4212 2958 4279; x_wconf 90' lang='lat' dir='ltr'><strong>ipsa</strong></span> <span class='ocrx_word' id='word_1_664' title='bbox 2985 4210 3297 4264; x_wconf 86' lang='lat' dir='ltr'><strong>lassitudine</strong></span> <span class='ocrx_word' id='word_1_665' title='bbox 3334 4210 3595 4265; x_wconf 88' lang='lat' dir='ltr'><strong>refectum</strong></span> <span class='ocrx_word' id='word_1_666' title='bbox 3615 4220 3779 4280; x_wconf 89' lang='lat' dir='ltr'><strong>atque</strong></span> <span class='ocrx_word' id='word_1_667' title='bbox 3802 4210 3894 4259; x_wconf 82' lang='lat' dir='ltr'><strong>tor-</strong></span> 
     </span>
    </p>
   </div>
   <div class='ocr_carea' id='block_1_88' title="bbox 2328 4301 3893 4373">
    <p class='ocr_par' dir='ltr' id='par_1_88' title="bbox 2328 4301 3893 4373">
     <span class='ocr_line' id='line_1_88' title="bbox 2328 4301 3893 4373; baseline -0.005 -17"><span class='ocrx_word' id='word_1_668' title='bbox 2328 4301 2592 4358; x_wconf 83' lang='lat' dir='ltr'><strong>tissimum</strong></span> <span class='ocrx_word' id='word_1_669' title='bbox 2649 4302 2900 4358; x_wconf 88' lang='lat' dir='ltr'><strong>reddant.</strong></span> <span class='ocrx_word' id='word_1_670' title='bbox 2940 4301 3241 4373; x_wconf 81' lang='lat' dir='ltr'><strong>Repentina</strong></span> <span class='ocrx_word' id='word_1_671' title='bbox 3272 4304 3493 4357; x_wconf 87' lang='lat' dir='ltr'><strong>vulnera</strong></span> <span class='ocrx_word' id='word_1_672' title='bbox 3516 4318 3637 4373; x_wconf 76' lang='lat' dir='ltr'><strong>qua:</strong></span> <span class='ocrx_word' id='word_1_673' title='bbox 3665 4318 3831 4357; x_wconf 87' lang='lat' dir='ltr'><strong>casus</strong></span> <span class='ocrx_word' id='word_1_674' title='bbox 3852 4301 3893 4351; x_wconf 88' lang='lat' dir='ltr'><strong>in</strong></span> 
     </span>
    </p>
   </div>
   <div class='ocr_carea' id='block_1_89' title="bbox 2328 4395 3897 4467">
    <p class='ocr_par' dir='ltr' id='par_1_89' title="bbox 2328 4395 3897 4467">
     <span class='ocr_line' id='line_1_89' title="bbox 2328 4395 3897 4467; baseline -0.006 -16"><span class='ocrx_word' id='word_1_675' title='bbox 2328 4396 2527 4451; x_wconf 87' lang='lat' dir='ltr'><strong>castris</strong></span> <span class='ocrx_word' id='word_1_676' title='bbox 2572 4396 2815 4461; x_wconf 77' lang='lat' dir='ltr'><strong>advexit,</strong></span> <span class='ocrx_word' id='word_1_677' title='bbox 2864 4395 3067 4461; x_wconf 77' lang='lat' dir='ltr'><strong>fovent,</strong></span> <span class='ocrx_word' id='word_1_678' title='bbox 3129 4398 3318 4467; x_wconf 89' lang='lat' dir='ltr'><strong>ligant,</strong></span> <span class='ocrx_word' id='word_1_679' title='bbox 3362 4398 3603 4451; x_wconf 88' lang='lat' dir='ltr'><strong>sarciunt</strong></span> <span class='ocrx_word' id='word_1_680' title='bbox 3631 4438 3645 4460; x_wconf 92' lang='lat'><strong>,</strong></span> <span class='ocrx_word' id='word_1_681' title='bbox 3692 4399 3897 4452; x_wconf 88' lang='lat' dir='ltr'><strong>curant,</strong></span> 
     </span>
    </p>
   </div>
   <div class='ocr_carea' id='block_1_90' title="bbox 2329 4488 3901 4561">
    <p class='ocr_par' dir='ltr' id='par_1_90' title="bbox 2329 4488 3901 4561">
     <span class='ocr_line' id='line_1_90' title="bbox 2329 4488 3901 4561; baseline -0.006 -15"><span class='ocrx_word' id='word_1_682' title='bbox 2329 4492 2725 4548; x_wconf 61' lang='lat' dir='ltr'><strong>maestificando</strong></span> <span class='ocrx_word' id='word_1_683' title='bbox 2762 4492 3066 4555; x_wconf 66' lang='lat' dir='ltr'><strong>laetificant,</strong></span> <span class='ocrx_word' id='word_1_684' title='bbox 3125 4490 3397 4561; x_wconf 82' lang='lat' dir='ltr'><strong>fatigando</strong></span> <span class='ocrx_word' id='word_1_685' title='bbox 3445 4489 3783 4554; x_wconf 89' lang='lat' dir='ltr'><strong>confortant,</strong></span> <span class='ocrx_word' id='word_1_686' title='bbox 3830 4488 3901 4537; x_wconf 75' lang='lat' dir='ltr'><strong>Ize-</strong></span> 
     </span>
    </p>
   </div>
   <div class='ocr_carea' id='block_1_91' title="bbox 649 4566 3900 4655">
    <p class='ocr_par' dir='ltr' id='par_1_91' title="bbox 649 4566 3900 4655">
     <span class='ocr_line' id='line_1_91' title="bbox 649 4566 3900 4655; baseline -0.002 -18"><span class='ocrx_word' id='word_1_687' title='bbox 649 4599 768 4637; x_wconf 89' lang='lat' dir='ltr'><strong>rum</strong></span> <span class='ocrx_word' id='word_1_688' title='bbox 802 4592 1015 4655; x_wconf 91' lang='lat' dir='ltr'><strong>torquet</strong></span> <span class='ocrx_word' id='word_1_689' title='bbox 1043 4586 1132 4654; x_wconf 90' lang='lat' dir='ltr'><strong>qui</strong></span> <span class='ocrx_word' id='word_1_690' title='bbox 1164 4594 1328 4650; x_wconf 84' lang='lat' dir='ltr'><strong>amat,</strong></span> <span class='ocrx_word' id='word_1_691' title='bbox 1372 4585 1482 4651; x_wconf 87' lang='lat' dir='ltr'><strong>jam</strong></span> <span class='ocrx_word' id='word_1_692' title='bbox 1517 4596 1697 4653; x_wconf 89' lang='lat' dir='ltr'><strong>partes</strong></span> <span class='ocrx_word' id='word_1_693' title='bbox 1717 4584 1823 4637; x_wconf 90' lang='lat' dir='ltr'><strong>odii</strong></span> <span class='ocrx_word' id='word_1_694' title='bbox 1860 4584 2026 4638; x_wconf 80' lang='lat' dir='ltr'><strong>falsus</strong></span> <span class='ocrx_word' id='word_1_695' title='bbox 2075 4600 2228 4641; x_wconf 89' lang='lat' dir='ltr'><strong>amor</strong></span> <span class='ocrx_word' id='word_1_696' title='bbox 2258 4566 2308 4629; x_wconf 81' lang='grc' dir='ltr'><strong>Ῑ)</strong></span> <span class='ocrx_word' id='word_1_697' title='bbox 2336 4588 2511 4642; x_wconf 88' lang='lat' dir='ltr'><strong>dendo</strong></span> <span class='ocrx_word' id='word_1_698' title='bbox 2538 4586 2842 4641; x_wconf 91' lang='lat' dir='ltr'><strong>medentur.</strong></span> <span class='ocrx_word' id='word_1_699' title='bbox 2861 4585 2988 4639; x_wconf 83' lang='lat' dir='ltr'><strong>Nam</strong></span> <span class='ocrx_word' id='word_1_700' title='bbox 3009 4584 3135 4639; x_wconf 92' lang='lat' dir='ltr'><strong>dum</strong></span> <span class='ocrx_word' id='word_1_701' title='bbox 3178 4582 3581 4654; x_wconf 88' lang='lat' dir='ltr'><strong>patulovulneri</strong></span> <span class='ocrx_word' id='word_1_702' title='bbox 3601 4584 3900 4636; x_wconf 78' lang='lat' dir='ltr'><strong>continuata</strong></span> 
     </span>
    </p>
   </div>
   <div class='ocr_carea' id='block_1_92' title="bbox 654 4674 2231 4746">
    <p class='ocr_par' dir='ltr' id='par_1_92' title="bbox 654 4674 2231 4746">
     <span class='ocr_line' id='line_1_92' title="bbox 654 4674 2231 4746; baseline 0.002 -16"><span class='ocrx_word' id='word_1_703' title='bbox 654 4678 1051 4746; x_wconf 77' lang='lat' dir='ltr'><strong>exercet:jam</strong></span> <span class='ocrx_word' id='word_1_704' title='bbox 1100 4678 1245 4733; x_wconf 88' lang='lat' dir='ltr'><strong>malo</strong></span> <span class='ocrx_word' id='word_1_705' title='bbox 1271 4677 1466 4738; x_wconf 86' lang='lat' dir='ltr'><strong>oderit,</strong></span> <span class='ocrx_word' id='word_1_706' title='bbox 1518 4692 1584 4730; x_wconf 88' lang='lat' dir='ltr'><strong>ne</strong></span> <span class='ocrx_word' id='word_1_707' title='bbox 1612 4685 1877 4743; x_wconf 87' lang='lat' dir='ltr'><strong>torqueat.</strong></span> <span class='ocrx_word' id='word_1_708' title='bbox 1936 4674 2045 4728; x_wconf 88' lang='lat' dir='ltr'><strong>lmu</strong></span> <span class='ocrx_word' id='word_1_709' title='bbox 2101 4692 2231 4733; x_wconf 81' lang='lat' dir='ltr'><strong>cave</strong></span> 
     </span>
    </p>
   </div>
   <div class='ocr_carea' id='block_1_93' title="bbox 651 4768 2232 4841">
    <p class='ocr_par' dir='ltr' id='par_1_93' title="bbox 651 4768 2232 4841">
     <span class='ocr_line' id='line_1_93' title="bbox 651 4768 2232 4841; baseline 0 -17"><span class='ocrx_word' id='word_1_710' title='bbox 651 4786 758 4824; x_wconf 84' lang='lat' dir='ltr'><strong>non</strong></span> <span class='ocrx_word' id='word_1_711' title='bbox 801 4771 994 4837; x_wconf 85' lang='lat' dir='ltr'><strong>oderit,</strong></span> <span class='ocrx_word' id='word_1_712' title='bbox 1055 4788 1183 4841; x_wconf 75' lang='lat' dir='ltr'><strong>roga</strong></span> <span class='ocrx_word' id='word_1_713' title='bbox 1242 4778 1301 4823; x_wconf 92' lang='lat' dir='ltr'><strong>ut</strong></span> <span class='ocrx_word' id='word_1_714' title='bbox 1353 4785 1535 4823; x_wconf 84' lang='lat' dir='ltr'><strong>amare.</strong></span> <span class='ocrx_word' id='word_1_715' title='bbox 1592 4768 1861 4837; x_wconf 73' lang='lat' dir='ltr'><strong>dignetur.</strong></span> <span class='ocrx_word' id='word_1_716' title='bbox 1893 4768 2059 4824; x_wconf 72' lang='lat' dir='ltr'><strong>Amor</strong></span> <span class='ocrx_word' id='word_1_717' title='bbox 2089 4770 2232 4825; x_wconf 88' lang='lat' dir='ltr'><strong>enim</strong></span> 
     </span>
    </p>
   </div>
   <div class='ocr_carea' id='block_1_94' title="bbox 653 4863 2238 4931">
    <p class='ocr_par' dir='ltr' id='par_1_94' title="bbox 653 4863 2238 4931">
     <span class='ocr_line' id='line_1_94' title="bbox 653 4863 2238 4931; baseline 0 -11"><span class='ocrx_word' id='word_1_718' title='bbox 653 4868 924 4929; x_wconf 86' lang='lat' dir='ltr'><strong>emendat,</strong></span> <span class='ocrx_word' id='word_1_719' title='bbox 950 4867 1132 4921; x_wconf 86' lang='lat' dir='ltr'><strong>odium</strong></span> <span class='ocrx_word' id='word_1_720' title='bbox 1158 4881 1287 4917; x_wconf 76' lang='lat' dir='ltr'><strong>vero</strong></span> <span class='ocrx_word' id='word_1_721' title='bbox 1314 4864 1634 4931; x_wconf 86' lang='lat' dir='ltr'><strong>supplicium</strong></span> <span class='ocrx_word' id='word_1_722' title='bbox 1658 4864 2035 4917; x_wconf 88' lang='lat' dir='ltr'><strong>conttninatttr.</strong></span> <span class='ocrx_word' id='word_1_723' title='bbox 2072 4863 2238 4920; x_wconf 77' lang='lat' dir='ltr'><strong>Amor</strong></span> 
     </span>
    </p>
   </div>
   <div class='ocr_carea' id='block_1_95' title="bbox 657 4956 2238 5031">
    <p class='ocr_par' dir='ltr' id='par_1_95' title="bbox 657 4956 2238 5031">
     <span class='ocr_line' id='line_1_95' title="bbox 657 4956 2238 5031; baseline 0 -18"><span class='ocrx_word' id='word_1_724' title='bbox 657 4960 996 5031; x_wconf 46' lang='lat' dir='ltr'><strong>disciplinam</strong></span> <span class='ocrx_word' id='word_1_725' title='bbox 1047 4959 1325 5014; x_wconf 80' lang='lat' dir='ltr'><strong>tonsuevit</strong></span> <span class='ocrx_word' id='word_1_726' title='bbox 1382 4956 1713 5025; x_wconf 87' lang='lat' dir='ltr'><strong>impendere,</strong></span> <span class='ocrx_word' id='word_1_727' title='bbox 1758 4956 1937 5011; x_wconf 89' lang='lat' dir='ltr'><strong>odimn</strong></span> <span class='ocrx_word' id='word_1_728' title='bbox 1970 4974 2117 5021; x_wconf 81' lang='lat' dir='ltr'><strong>vero,</strong></span> <span class='ocrx_word' id='word_1_729' title='bbox 2149 4960 2238 5013; x_wconf 81' lang='lat' dir='ltr'><strong>di-</strong></span> 
     </span>
    </p>
   </div>
   <div class='ocr_carea' id='block_1_96' title="bbox 658 5050 2239 5117">
    <p class='ocr_par' dir='ltr' id='par_1_96' title="bbox 658 5050 2239 5117">
     <span class='ocr_line' id='line_1_96' title="bbox 658 5050 2239 5117; baseline -0.001 -11"><span class='ocrx_word' id='word_1_730' title='bbox 658 5062 839 5109; x_wconf 89' lang='lat' dir='ltr'><strong>ctante</strong></span> <span class='ocrx_word' id='word_1_731' title='bbox 868 5050 1159 5117; x_wconf 87' lang='lat' dir='ltr'><strong>sententia,</strong></span> <span class='ocrx_word' id='word_1_732' title='bbox 1190 5060 1395 5105; x_wconf 88' lang='lat' dir='ltr'><strong>reatum</strong></span> <span class='ocrx_word' id='word_1_733' title='bbox 1444 5051 1689 5104; x_wconf 89' lang='lat' dir='ltr'><strong>recitare.</strong></span> <span class='ocrx_word' id='word_1_734' title='bbox 1716 5050 1867 5116; x_wconf 87' lang='lat' dir='ltr'><strong>Quod</strong></span> <span class='ocrx_word' id='word_1_735' title='bbox 1897 5051 2074 5105; x_wconf 88' lang='lat' dir='ltr'><strong>odium</strong></span> <span class='ocrx_word' id='word_1_736' title='bbox 2102 5051 2239 5105; x_wconf 86' lang='lat' dir='ltr'><strong>nati-</strong></span> 
     </span>
    </p>
   </div>
   <div class='ocr_carea' id='block_1_97' title="bbox 657 5145 2239 5216">
    <p class='ocr_par' dir='ltr' id='par_1_97' title="bbox 657 5145 2239 5216">
     <span class='ocr_line' id='line_1_97' title="bbox 657 5145 2239 5216; baseline -0.004 -15"><span class='ocrx_word' id='word_1_737' title='bbox 657 5152 825 5203; x_wconf 87' lang='lat' dir='ltr'><strong>vitatc</strong></span> <span class='ocrx_word' id='word_1_738' title='bbox 866 5148 1082 5202; x_wconf 87' lang='lat' dir='ltr'><strong>humani</strong></span> <span class='ocrx_word' id='word_1_739' title='bbox 1108 5146 1320 5216; x_wconf 88' lang='lat' dir='ltr'><strong>generis</strong></span> <span class='ocrx_word' id='word_1_740' title='bbox 1351 5163 1413 5201; x_wconf 80' lang='lat' dir='ltr'><strong>cx</strong></span> <span class='ocrx_word' id='word_1_741' title='bbox 1445 5145 1555 5199; x_wconf 88' lang='lat' dir='ltr'><strong>Deo</strong></span> <span class='ocrx_word' id='word_1_742' title='bbox 1581 5147 1632 5200; x_wconf 90' lang='lat' dir='ltr'><strong>in</strong></span> <span class='ocrx_word' id='word_1_743' title='bbox 1665 5145 1939 5202; x_wconf 88' lang='lat' dir='ltr'><strong>hominem</strong></span> <span class='ocrx_word' id='word_1_744' title='bbox 1977 5162 2239 5215; x_wconf 81' lang='lat' dir='ltr'><strong>propaga-</strong></span> 
     </span>
    </p>
   </div>
   <div class='ocr_carea' id='block_1_98' title="bbox 660 5240 2241 5312">
    <p class='ocr_par' dir='ltr' id='par_1_98' title="bbox 660 5240 2241 5312">
     <span class='ocr_line' id='line_1_98' title="bbox 660 5240 2241 5312; baseline -0.003 -14"><span class='ocrx_word' id='word_1_745' title='bbox 660 5256 766 5299; x_wconf 89' lang='lat' dir='ltr'><strong>tur.</strong></span> <span class='ocrx_word' id='word_1_746' title='bbox 801 5243 868 5298; x_wconf 84' lang='lat' dir='ltr'><strong>Et</strong></span> <span class='ocrx_word' id='word_1_747' title='bbox 906 5242 1024 5297; x_wconf 90' lang='lat' dir='ltr'><strong>ideo</strong></span> <span class='ocrx_word' id='word_1_748' title='bbox 1064 5251 1145 5296; x_wconf 87' lang='lat' dir='ltr'><strong>est</strong></span> <span class='ocrx_word' id='word_1_749' title='bbox 1197 5241 1450 5306; x_wconf 88' lang='lat' dir='ltr'><strong>hominis,</strong></span> <span class='ocrx_word' id='word_1_750' title='bbox 1503 5241 1645 5312; x_wconf 87' lang='lat' dir='ltr'><strong>quod</strong></span> <span class='ocrx_word' id='word_1_751' title='bbox 1693 5242 1826 5311; x_wconf 85' lang='lat' dir='ltr'><strong>odit,</strong></span> <span class='ocrx_word' id='word_1_752' title='bbox 1857 5249 1948 5295; x_wconf 89' lang='lat' dir='ltr'><strong>aut</strong></span> <span class='ocrx_word' id='word_1_753' title='bbox 1992 5240 2241 5294; x_wconf 85' lang='lat' dir='ltr'><strong>irascitur</strong></span> 
     </span>
    </p>
   </div>
   <div class='ocr_carea' id='block_1_99' title="bbox 664 5334 2241 5401">
    <p class='ocr_par' dir='ltr' id='par_1_99' title="bbox 664 5334 2241 5401">
     <span class='ocr_line' id='line_1_99' title="bbox 664 5334 2241 5401; baseline -0.003 -9"><span class='ocrx_word' id='word_1_754' title='bbox 664 5337 806 5392; x_wconf 89' lang='lat' dir='ltr'><strong>Deus</strong></span> <span class='ocrx_word' id='word_1_755' title='bbox 835 5353 848 5389; x_wconf 91' lang='lat'><strong>:</strong></span> <span class='ocrx_word' id='word_1_756' title='bbox 881 5334 992 5388; x_wconf 90' lang='lat' dir='ltr'><strong>odit</strong></span> <span class='ocrx_word' id='word_1_757' title='bbox 1014 5335 1144 5388; x_wconf 89' lang='lat' dir='ltr'><strong>dum</strong></span> <span class='ocrx_word' id='word_1_758' title='bbox 1176 5334 1483 5400; x_wconf 80' lang='lat' dir='ltr'><strong>offenditur,</strong></span> <span class='ocrx_word' id='word_1_759' title='bbox 1515 5335 1767 5389; x_wconf 87' lang='lat' dir='ltr'><strong>irascitur</strong></span> <span class='ocrx_word' id='word_1_760' title='bbox 1796 5334 1922 5388; x_wconf 89' lang='lat' dir='ltr'><strong>dttm</strong></span> <span class='ocrx_word' id='word_1_761' title='bbox 1948 5348 2051 5385; x_wconf 92' lang='lat' dir='ltr'><strong>non</strong></span> <span class='ocrx_word' id='word_1_762' title='bbox 2087 5348 2241 5401; x_wconf 62' lang='lat' dir='ltr'><strong>roga-</strong></span> 
     </span>
    </p>
   </div>
   <div class='ocr_carea' id='block_1_100' title="bbox 668 5426 2239 5499">
    <p class='ocr_par' dir='ltr' id='par_1_100' title="bbox 668 5426 2239 5499">
     <span class='ocr_line' id='line_1_100' title="bbox 668 5426 2239 5499; baseline -0.003 -14"><span class='ocrx_word' id='word_1_763' title='bbox 668 5442 751 5485; x_wconf 93' lang='lat' dir='ltr'><strong>tur</strong></span> <span class='ocrx_word' id='word_1_764' title='bbox 777 5428 1032 5485; x_wconf 86' lang='lat' dir='ltr'><strong>offensus.</strong></span> <span class='ocrx_word' id='word_1_765' title='bbox 1069 5428 1124 5481; x_wconf 91' lang='lat' dir='ltr'><strong>lu</strong></span> <span class='ocrx_word' id='word_1_766' title='bbox 1161 5427 1343 5483; x_wconf 89' lang='lat' dir='ltr'><strong>odium</strong></span> <span class='ocrx_word' id='word_1_767' title='bbox 1372 5428 1514 5483; x_wconf 91' lang='lat' dir='ltr'><strong>enim</strong></span> <span class='ocrx_word' id='word_1_768' title='bbox 1538 5429 1619 5483; x_wconf 91' lang='lat' dir='ltr'><strong>sui</strong></span> <span class='ocrx_word' id='word_1_769' title='bbox 1651 5436 1909 5499; x_wconf 86' lang='lat' dir='ltr'><strong>provocat</strong></span> <span class='ocrx_word' id='word_1_770' title='bbox 1939 5426 2239 5493; x_wconf 89' lang='lat' dir='ltr'><strong>Dominum,</strong></span> 
     </span>
    </p>
   </div>
   <div class='ocr_carea' id='block_1_101' title="bbox 662 5519 2248 5598">
    <p class='ocr_par' dir='ltr' id='par_1_101' title="bbox 662 5519 2248 5598">
     <span class='ocr_line' id='line_1_101' title="bbox 662 5519 2248 5598; baseline 0 -21"><span class='ocrx_word' id='word_1_771' title='bbox 662 5527 754 5598; x_wconf 84' lang='lat' dir='ltr'><strong>qui</strong></span> <span class='ocrx_word' id='word_1_772' title='bbox 787 5526 940 5580; x_wconf 87' lang='lat' dir='ltr'><strong>factis</strong></span> <span class='ocrx_word' id='word_1_773' title='bbox 964 5524 1254 5580; x_wconf 88' lang='lat' dir='ltr'><strong>odibilibns</strong></span> <span class='ocrx_word' id='word_1_774' title='bbox 1271 5540 1329 5578; x_wconf 90' lang='lat' dir='ltr'><strong>se</strong></span> <span class='ocrx_word' id='word_1_775' title='bbox 1354 5523 1602 5578; x_wconf 89' lang='lat' dir='ltr'><strong>odibilem</strong></span> <span class='ocrx_word' id='word_1_776' title='bbox 1633 5524 1846 5593; x_wconf 80' lang='lat' dir='ltr'><strong>facit,et</strong></span> <span class='ocrx_word' id='word_1_777' title='bbox 1873 5519 2134 5577; x_wconf 76' lang='lat' dir='ltr'><strong>oﬂ‘ensum</strong></span> <span class='ocrx_word' id='word_1_778' title='bbox 2160 5537 2248 5577; x_wconf 88' lang='lat' dir='ltr'><strong>ro-</strong></span> 
     </span>
    </p>
   </div>
   <div class='ocr_carea' id='block_1_102' title="bbox 620 5611 2251 5689">
    <p class='ocr_par' dir='ltr' id='par_1_102' title="bbox 620 5611 2251 5689">
     <span class='ocr_line' id='line_1_102' title="bbox 620 5611 2251 5689; baseline -0.002 -18"><span class='ocrx_word' id='word_1_779' title='bbox 620 5618 621 5621; x_wconf 61' lang='grc'><em>“</em></span> <span class='ocrx_word' id='word_1_780' title='bbox 664 5634 791 5689; x_wconf 81' lang='lat' dir='ltr'><strong>gare</strong></span> <span class='ocrx_word' id='word_1_781' title='bbox 820 5618 1135 5673; x_wconf 82' lang='lat' dir='ltr'><strong>contemnit.</strong></span> <span class='ocrx_word' id='word_1_782' title='bbox 1183 5616 1448 5671; x_wconf 68' lang='lat' dir='ltr'><strong>Caeterum</strong></span> <span class='ocrx_word' id='word_1_783' title='bbox 1497 5627 1642 5670; x_wconf 87' lang='lat' dir='ltr'><strong>amat</strong></span> <span class='ocrx_word' id='word_1_784' title='bbox 1678 5616 1820 5670; x_wconf 88' lang='lat' dir='ltr'><strong>Deus</strong></span> <span class='ocrx_word' id='word_1_785' title='bbox 1866 5611 2162 5677; x_wconf 90' lang='lat' dir='ltr'><strong>hominem,</strong></span> <span class='ocrx_word' id='word_1_786' title='bbox 2190 5621 2251 5667; x_wconf 91' lang='lat' dir='ltr'><strong>ut</strong></span> 
     </span>
    </p>
   </div>
   <div class='ocr_carea' id='block_1_103' title="bbox 662 5707 2248 5779">
    <p class='ocr_par' dir='ltr' id='par_1_103' title="bbox 662 5707 2248 5779">
     <span class='ocr_line' id='line_1_103' title="bbox 662 5707 2248 5779; baseline -0.003 -16"><span class='ocrx_word' id='word_1_787' title='bbox 662 5708 855 5763; x_wconf 78' lang='lat' dir='ltr'><strong>artifex</strong></span> <span class='ocrx_word' id='word_1_788' title='bbox 883 5709 1159 5775; x_wconf 88' lang='lat' dir='ltr'><strong>fabricam,</strong></span> <span class='ocrx_word' id='word_1_789' title='bbox 1193 5708 1286 5763; x_wconf 86' lang='lat' dir='ltr'><strong>sed</strong></span> <span class='ocrx_word' id='word_1_790' title='bbox 1315 5707 1427 5763; x_wconf 89' lang='lat' dir='ltr'><strong>odit</strong></span> <span class='ocrx_word' id='word_1_791' title='bbox 1451 5709 1591 5761; x_wconf 90' lang='lat' dir='ltr'><strong>mala</strong></span> <span class='ocrx_word' id='word_1_792' title='bbox 1615 5724 1802 5778; x_wconf 88' lang='lat' dir='ltr'><strong>opera,</strong></span> <span class='ocrx_word' id='word_1_793' title='bbox 1832 5708 2025 5779; x_wconf 89' lang='lat' dir='ltr'><strong>quibus</strong></span> <span class='ocrx_word' id='word_1_794' title='bbox 2053 5707 2248 5762; x_wconf 85' lang='lat' dir='ltr'><strong>fabrica</strong></span> 
     </span>
    </p>
   </div>
   <div class='ocr_carea' id='block_1_104' title="bbox 664 5799 2253 5873">
    <p class='ocr_par' dir='ltr' id='par_1_104' title="bbox 664 5799 2253 5873">
     <span class='ocr_line' id='line_1_104' title="bbox 664 5799 2253 5873; baseline -0.001 -15"><span class='ocrx_word' id='word_1_795' title='bbox 664 5812 887 5873; x_wconf 81' lang='lat' dir='ltr'><strong>urgetur</strong></span> <span class='ocrx_word' id='word_1_796' title='bbox 917 5800 969 5859; x_wconf 92' lang='lat' dir='ltr'><strong>in</strong></span> <span class='ocrx_word' id='word_1_797' title='bbox 1021 5802 1251 5873; x_wconf 84' lang='lat' dir='ltr'><strong>lapsum,</strong></span> <span class='ocrx_word' id='word_1_798' title='bbox 1304 5810 1361 5859; x_wconf 86' lang='lat' dir='ltr'><strong>et</strong></span> <span class='ocrx_word' id='word_1_799' title='bbox 1414 5799 1623 5871; x_wconf 80' lang='lat' dir='ltr'><strong>cogitur</strong></span> <span class='ocrx_word' id='word_1_800' title='bbox 1650 5801 1706 5858; x_wconf 92' lang='lat' dir='ltr'><strong>in</strong></span> <span class='ocrx_word' id='word_1_801' title='bbox 1760 5800 2017 5858; x_wconf 89' lang='lat' dir='ltr'><strong>labinam.</strong></span> <span class='ocrx_word' id='word_1_802' title='bbox 2063 5801 2129 5858; x_wconf 88' lang='lat' dir='ltr'><strong>Et</strong></span> <span class='ocrx_word' id='word_1_803' title='bbox 2159 5800 2253 5872; x_wconf 89' lang='lat' dir='ltr'><strong>qui</strong></span> 
     </span>
    </p>
   </div>
   <div class='ocr_carea' id='block_1_105' title="bbox 2337 4675 3900 4753">
    <p class='ocr_par' dir='ltr' id='par_1_105' title="bbox 2337 4675 3900 4753">
     <span class='ocr_line' id='line_1_105' title="bbox 2337 4675 3900 4753; baseline -0.009 -18"><span class='ocrx_word' id='word_1_804' title='bbox 2337 4682 2573 4753; x_wconf 89' lang='lat' dir='ltr'><strong>partium</strong></span> <span class='ocrx_word' id='word_1_805' title='bbox 2618 4692 2742 4736; x_wconf 88' lang='lat' dir='ltr'><strong>cute</strong></span> <span class='ocrx_word' id='word_1_806' title='bbox 2781 4680 3103 4750; x_wconf 89' lang='lat' dir='ltr'><strong>quibusdam</strong></span> <span class='ocrx_word' id='word_1_807' title='bbox 3135 4679 3311 4733; x_wconf 85' lang='lat' dir='ltr'><strong>fibulis</strong></span> <span class='ocrx_word' id='word_1_808' title='bbox 3358 4677 3592 4732; x_wconf 86' lang='lat' dir='ltr'><strong>inferunt</strong></span> <span class='ocrx_word' id='word_1_809' title='bbox 3629 4675 3900 4729; x_wconf 74' lang='lat' dir='ltr'><strong>sanitatem</strong></span> 
     </span>
    </p>
   </div>
   <div class='ocr_carea' id='block_1_106' title="bbox 2339 4771 3901 4843">
    <p class='ocr_par' dir='ltr' id='par_1_106' title="bbox 2339 4771 3901 4843">
     <span class='ocr_line' id='line_1_106' title="bbox 2339 4771 3901 4843; baseline -0.008 -14"><span class='ocrx_word' id='word_1_810' title='bbox 2339 4777 2499 4830; x_wconf 90' lang='lat' dir='ltr'><strong>vitam</strong></span> <span class='ocrx_word' id='word_1_811' title='bbox 2539 4774 2870 4829; x_wconf 78' lang='lat' dir='ltr'><strong>consolando</strong></span> <span class='ocrx_word' id='word_1_812' title='bbox 2900 4774 3243 4843; x_wconf 88' lang='lat' dir='ltr'><strong>pollicentur,</strong></span> <span class='ocrx_word' id='word_1_813' title='bbox 3274 4788 3432 4842; x_wconf 87' lang='lat' dir='ltr'><strong>quam</strong></span> <span class='ocrx_word' id='word_1_814' title='bbox 3483 4771 3730 4825; x_wconf 88' lang='lat' dir='ltr'><strong>curando</strong></span> <span class='ocrx_word' id='word_1_815' title='bbox 3769 4784 3901 4822; x_wconf 81' lang='lat' dir='ltr'><strong>con;-</strong></span> 
     </span>
    </p>
   </div>
   <div class='ocr_carea' id='block_1_107' title="bbox 2343 4854 3899 4938">
    <p class='ocr_par' dir='ltr' id='par_1_107' title="bbox 2343 4854 3899 4938">
     <span class='ocr_line' id='line_1_107' title="bbox 2343 4854 3899 4938; baseline -0.011 -13"><span class='ocrx_word' id='word_1_816' title='bbox 2343 4879 2566 4938; x_wconf 79' lang='lat' dir='ltr'><strong>pOnunt.</strong></span> <span class='ocrx_word' id='word_1_817' title='bbox 2596 4867 2699 4923; x_wconf 88' lang='lat' dir='ltr'><strong>Sed</strong></span> <span class='ocrx_word' id='word_1_818' title='bbox 2749 4868 2945 4922; x_wconf 86' lang='lat' dir='ltr'><strong>leviora</strong></span> <span class='ocrx_word' id='word_1_819' title='bbox 2984 4874 3111 4919; x_wconf 89' lang='lat' dir='ltr'><strong>sunt</strong></span> <span class='ocrx_word' id='word_1_820' title='bbox 3157 4866 3253 4919; x_wconf 86' lang='lat' dir='ltr'><strong>ista</strong></span> <span class='ocrx_word' id='word_1_821' title='bbox 3285 4880 3405 4934; x_wconf 70' lang='lat' dir='ltr'><strong>qua:</strong></span> <span class='ocrx_word' id='word_1_822' title='bbox 3455 4864 3700 4917; x_wconf 80' lang='lat' dir='ltr'><strong>diximus</strong></span> <span class='ocrx_word' id='word_1_823' title='bbox 3733 4881 3747 4914; x_wconf 73' lang='grc' dir='ltr'>ε</span> <span class='ocrx_word' id='word_1_824' title='bbox 3775 4854 3899 4928; x_wconf 88' lang='lat' dir='ltr'><strong>apml</strong></span> 
     </span>
    </p>
   </div>
   <div class='ocr_carea' id='block_1_108' title="bbox 2342 4955 3905 5031">
    <p class='ocr_par' dir='ltr' id='par_1_108' title="bbox 2342 4955 3905 5031">
     <span class='ocr_line' id='line_1_108' title="bbox 2342 4955 3905 5031; baseline -0.008 -20"><span class='ocrx_word' id='word_1_825' title='bbox 2342 4975 2477 5031; x_wconf 85' lang='lat' dir='ltr'><strong>quos</strong></span> <span class='ocrx_word' id='word_1_826' title='bbox 2500 4967 2584 5015; x_wconf 89' lang='lat' dir='ltr'><strong>est</strong></span> <span class='ocrx_word' id='word_1_827' title='bbox 2610 4958 2902 5012; x_wconf 88' lang='lat' dir='ltr'><strong>remedium</strong></span> <span class='ocrx_word' id='word_1_828' title='bbox 2933 4972 3038 5011; x_wconf 90' lang='lat' dir='ltr'><strong>non</strong></span> <span class='ocrx_word' id='word_1_829' title='bbox 3067 4958 3183 5010; x_wconf 91' lang='lat' dir='ltr'><strong>sine</strong></span> <span class='ocrx_word' id='word_1_830' title='bbox 3208 4956 3462 5025; x_wconf 88' lang='lat' dir='ltr'><strong>scalpello</strong></span> <span class='ocrx_word' id='word_1_831' title='bbox 3484 4955 3704 5009; x_wconf 89' lang='lat' dir='ltr'><strong>demere</strong></span> <span class='ocrx_word' id='word_1_832' title='bbox 3746 4961 3905 5022; x_wconf 79' lang='lat' dir='ltr'><strong>putre-</strong></span> 
     </span>
    </p>
   </div>
   <div class='ocr_carea' id='block_1_109' title="bbox 2342 5046 3908 5119">
    <p class='ocr_par' dir='ltr' id='par_1_109' title="bbox 2342 5046 3908 5119">
     <span class='ocr_line' id='line_1_109' title="bbox 2342 5046 3908 5119; baseline -0.008 -13"><span class='ocrx_word' id='word_1_833' title='bbox 2342 5053 2497 5107; x_wconf 88' lang='lat' dir='ltr'><strong>dines</strong></span> <span class='ocrx_word' id='word_1_834' title='bbox 2519 5061 2824 5113; x_wconf 79' lang='lat' dir='ltr'><strong>enervatas,</strong></span> <span class='ocrx_word' id='word_1_835' title='bbox 2855 5062 2909 5105; x_wconf 92' lang='lat' dir='ltr'><strong>et</strong></span> <span class='ocrx_word' id='word_1_836' title='bbox 2938 5058 3222 5119; x_wconf 87' lang='lat' dir='ltr'><strong>amputare</strong></span> <span class='ocrx_word' id='word_1_837' title='bbox 3247 5048 3316 5101; x_wconf 88' lang='lat' dir='ltr'><strong>de</strong></span> <span class='ocrx_word' id='word_1_838' title='bbox 3364 5046 3584 5101; x_wconf 90' lang='lat' dir='ltr'><strong>homine</strong></span> <span class='ocrx_word' id='word_1_839' title='bbox 3622 5047 3748 5100; x_wconf 88' lang='lat' dir='ltr'><strong>vivo</strong></span> <span class='ocrx_word' id='word_1_840' title='bbox 3779 5053 3908 5097; x_wconf 49' lang='lat' dir='ltr'><strong>more</strong></span> 
     </span>
    </p>
   </div>
   <div class='ocr_carea' id='block_1_110' title="bbox 2346 5140 3904 5215">
    <p class='ocr_par' dir='ltr' id='par_1_110' title="bbox 2346 5140 3904 5215">
     <span class='ocr_line' id='line_1_110' title="bbox 2346 5140 3904 5215; baseline -0.01 -15"><span class='ocrx_word' id='word_1_841' title='bbox 2346 5155 2465 5200; x_wconf 80' lang='lat' dir='ltr'><strong>tuas</strong></span> <span class='ocrx_word' id='word_1_842' title='bbox 2496 5154 2702 5215; x_wconf 87' lang='lat' dir='ltr'><strong>partes;</strong></span> <span class='ocrx_word' id='word_1_843' title='bbox 2737 5147 2861 5200; x_wconf 87' lang='lat' dir='ltr'><strong>licet</strong></span> <span class='ocrx_word' id='word_1_844' title='bbox 2893 5159 3055 5198; x_wconf 86' lang='lat' dir='ltr'><strong>unum</strong></span> <span class='ocrx_word' id='word_1_845' title='bbox 3081 5142 3449 5197; x_wconf 86' lang='lat' dir='ltr'><strong>membrorum</strong></span> <span class='ocrx_word' id='word_1_846' title='bbox 3488 5155 3590 5194; x_wconf 85' lang='lat' dir='ltr'><strong>non</strong></span> <span class='ocrx_word' id='word_1_847' title='bbox 3621 5140 3741 5195; x_wconf 85' lang='lat' dir='ltr'><strong>sine</strong></span> <span class='ocrx_word' id='word_1_848' title='bbox 3766 5143 3904 5192; x_wconf 74' lang='lat' dir='ltr'><strong>sensti</strong></span> 
     </span>
    </p>
   </div>
   <div class='ocr_carea' id='block_1_111' title="bbox 2349 5223 3908 5308">
    <p class='ocr_par' dir='ltr' id='par_1_111' title="bbox 2349 5223 3908 5308">
     <span class='ocr_line' id='line_1_111' title="bbox 2349 5223 3908 5308; baseline -0.008 -14"><span class='ocrx_word' id='word_1_849' title='bbox 2349 5240 2513 5295; x_wconf 88' lang='lat' dir='ltr'><strong>totius</strong></span> <span class='ocrx_word' id='word_1_850' title='bbox 2535 5238 2781 5308; x_wconf 89' lang='lat' dir='ltr'><strong>corporis</strong></span> <span class='ocrx_word' id='word_1_851' title='bbox 2820 5246 3152 5305; x_wconf 86' lang='lat' dir='ltr'><strong>amputetur,</strong></span> <span class='ocrx_word' id='word_1_852' title='bbox 3178 5234 3341 5289; x_wconf 89' lang='lat' dir='ltr'><strong>homo</strong></span> <span class='ocrx_word' id='word_1_853' title='bbox 3365 5246 3544 5287; x_wconf 85' lang='lat' dir='ltr'><strong>tamen</strong></span> <span class='ocrx_word' id='word_1_854' title='bbox 3580 5233 3695 5287; x_wconf 90' lang='lat' dir='ltr'><strong>suis</strong></span> <span class='ocrx_word' id='word_1_855' title='bbox 3719 5223 3908 5287; x_wconf 78' lang='lat' dir='ltr'><strong>damnis</strong></span> 
     </span>
    </p>
   </div>
   <div class='ocr_carea' id='block_1_112' title="bbox 2351 5325 3905 5398">
    <p class='ocr_par' dir='ltr' id='par_1_112' title="bbox 2351 5325 3905 5398">
     <span class='ocr_line' id='line_1_112' title="bbox 2351 5325 3905 5398; baseline -0.012 -9"><span class='ocrx_word' id='word_1_856' title='bbox 2351 5334 2697 5389; x_wconf 88' lang='lat' dir='ltr'><strong>consentitut</strong></span> <span class='ocrx_word' id='word_1_857' title='bbox 2718 5332 2881 5386; x_wconf 84' lang='lat' dir='ltr'><strong>vivat.</strong></span> <span class='ocrx_word' id='word_1_858' title='bbox 2916 5328 3068 5398; x_wconf 85' lang='lat' dir='ltr'><strong>Apud</strong></span> <span class='ocrx_word' id='word_1_859' title='bbox 3094 5329 3211 5384; x_wconf 91' lang='lat' dir='ltr'><strong>illos</strong></span> <span class='ocrx_word' id='word_1_860' title='bbox 3242 5327 3526 5398; x_wconf 87' lang='lat' dir='ltr'><strong>aliquoties</strong></span> <span class='ocrx_word' id='word_1_861' title='bbox 3542 5325 3799 5381; x_wconf 86' lang='lat' dir='ltr'><strong>detractis</strong></span> <span class='ocrx_word' id='word_1_862' title='bbox 3827 5332 3905 5372; x_wconf 89' lang='lat' dir='ltr'><strong>cu-</strong></span> 
     </span>
    </p>
   </div>
   <div class='ocr_carea' id='block_1_113' title="bbox 2353 5414 3909 5495">
    <p class='ocr_par' dir='ltr' id='par_1_113' title="bbox 2353 5414 3909 5495">
     <span class='ocr_line' id='line_1_113' title="bbox 2353 5414 3909 5495; baseline -0.012 -15"><span class='ocrx_word' id='word_1_863' title='bbox 2353 5428 2514 5491; x_wconf 90' lang='lat' dir='ltr'><strong>tibus,</strong></span> <span class='ocrx_word' id='word_1_864' title='bbox 2547 5436 2599 5481; x_wconf 91' lang='lat' dir='ltr'><strong>et</strong></span> <span class='ocrx_word' id='word_1_865' title='bbox 2632 5428 2743 5495; x_wconf 65' lang='lat' dir='ltr'><strong>ipsa</strong></span> <span class='ocrx_word' id='word_1_866' title='bbox 2773 5439 2895 5479; x_wconf 88' lang='lat' dir='ltr'><strong>ossa</strong></span> <span class='ocrx_word' id='word_1_867' title='bbox 2928 5423 3212 5485; x_wconf 86' lang='lat' dir='ltr'><strong>raduntur,</strong></span> <span class='ocrx_word' id='word_1_868' title='bbox 3240 5436 3307 5475; x_wconf 91' lang='lat' dir='ltr'><strong>ne</strong></span> <span class='ocrx_word' id='word_1_869' title='bbox 3346 5428 3490 5474; x_wconf 89' lang='lat' dir='ltr'><strong>totus</strong></span> <span class='ocrx_word' id='word_1_870' title='bbox 3522 5418 3686 5473; x_wconf 90' lang='lat' dir='ltr'><strong>homo</strong></span> <span class='ocrx_word' id='word_1_871' title='bbox 3718 5414 3909 5488; x_wconf 88' lang='lat' dir='ltr'><strong>periens</strong></span> 
     </span>
    </p>
   </div>
   <div class='ocr_carea' id='block_1_114' title="bbox 2353 5502 3910 5587">
    <p class='ocr_par' dir='ltr' id='par_1_114' title="bbox 2353 5502 3910 5587">
     <span class='ocr_line' id='line_1_114' title="bbox 2353 5502 3910 5587; baseline -0.007 -15"><span class='ocrx_word' id='word_1_872' title='bbox 2353 5521 2624 5573; x_wconf 80' lang='lat' dir='ltr'><strong>eradatur.</strong></span> <span class='ocrx_word' id='word_1_873' title='bbox 2652 5518 2803 5587; x_wconf 82' lang='lat' dir='ltr'><strong>Apud</strong></span> <span class='ocrx_word' id='word_1_874' title='bbox 2846 5518 2990 5585; x_wconf 85' lang='lat' dir='ltr'><strong>ipsos</strong></span> <span class='ocrx_word' id='word_1_875' title='bbox 3020 5530 3422 5585; x_wconf 84' lang='lat' dir='ltr'><strong>nonnumquam</strong></span> <span class='ocrx_word' id='word_1_876' title='bbox 3452 5513 3709 5569; x_wconf 88' lang='lat' dir='ltr'><strong>collectio</strong></span> <span class='ocrx_word' id='word_1_877' title='bbox 3737 5502 3910 5566; x_wconf 79' lang='lat' dir='ltr'><strong>vermi-</strong></span> 
     </span>
    </p>
   </div>
   <div class='ocr_carea' id='block_1_115' title="bbox 2358 5606 3907 5674">
    <p class='ocr_par' dir='ltr' id='par_1_115' title="bbox 2358 5606 3907 5674">
     <span class='ocr_line' id='line_1_115' title="bbox 2358 5606 3907 5674; baseline -0.008 -9"><span class='ocrx_word' id='word_1_878' title='bbox 2358 5628 2492 5667; x_wconf 87' lang='lat' dir='ltr'><strong>nans</strong></span> <span class='ocrx_word' id='word_1_879' title='bbox 2536 5623 2590 5668; x_wconf 91' lang='lat' dir='ltr'><strong>et</strong></span> <span class='ocrx_word' id='word_1_880' title='bbox 2637 5622 2872 5666; x_wconf 70' lang='lat' dir='ltr'><strong>msmans</strong></span> <span class='ocrx_word' id='word_1_881' title='bbox 2904 5620 3100 5674; x_wconf 92' lang='lat' dir='ltr'><strong>tumor,</strong></span> <span class='ocrx_word' id='word_1_882' title='bbox 3136 5607 3440 5664; x_wconf 88' lang='lat' dir='ltr'><strong>medicinali</strong></span> <span class='ocrx_word' id='word_1_883' title='bbox 3492 5607 3639 5661; x_wconf 90' lang='lat' dir='ltr'><strong>ferro</strong></span> <span class='ocrx_word' id='word_1_884' title='bbox 3666 5606 3907 5661; x_wconf 76' lang='lat' dir='ltr'><strong>sulcatur-</strong></span> 
     </span>
    </p>
   </div>
   <div class='ocr_carea' id='block_1_116' title="bbox 2358 5690 3911 5774">
    <p class='ocr_par' dir='ltr' id='par_1_116' title="bbox 2358 5690 3911 5774">
     <span class='ocr_line' id='line_1_116' title="bbox 2358 5690 3911 5774; baseline -0.007 -15"><span class='ocrx_word' id='word_1_885' title='bbox 2358 5705 2514 5774; x_wconf 83' lang='lat' dir='ltr'><strong>Apud</strong></span> <span class='ocrx_word' id='word_1_886' title='bbox 2546 5705 2692 5773; x_wconf 88' lang='lat' dir='ltr'><strong>ipsos</strong></span> <span class='ocrx_word' id='word_1_887' title='bbox 2744 5702 2882 5772; x_wconf 79' lang='lat' dir='ltr'><strong>ignis</strong></span> <span class='ocrx_word' id='word_1_888' title='bbox 2912 5704 3041 5767; x_wconf 89' lang='lat' dir='ltr'><strong>urit,</strong></span> <span class='ocrx_word' id='word_1_889' title='bbox 3084 5711 3145 5756; x_wconf 91' lang='lat' dir='ltr'><strong>ut</strong></span> <span class='ocrx_word' id='word_1_890' title='bbox 3174 5701 3497 5770; x_wconf 82' lang='lat' dir='ltr'><strong>refrigeret:</strong></span> <span class='ocrx_word' id='word_1_891' title='bbox 3531 5698 3746 5755; x_wconf 89' lang='lat' dir='ltr'><strong>mordet</strong></span> <span class='ocrx_word' id='word_1_892' title='bbox 3769 5702 3821 5749; x_wconf 89' lang='lat' dir='ltr'><strong>et</strong></span> <span class='ocrx_word' id='word_1_893' title='bbox 3847 5690 3911 5743; x_wconf 73' lang='grc'><strong>1³·</strong></span> 
     </span>
    </p>
   </div>
   <div class='ocr_carea' id='block_1_117' title="bbox 2358 5783 3912 5871">
    <p class='ocr_par' dir='ltr' id='par_1_117' title="bbox 2358 5783 3912 5871">
     <span class='ocr_line' id='line_1_117' title="bbox 2358 5783 3912 5871; baseline -0.008 -14"><span class='ocrx_word' id='word_1_894' title='bbox 2358 5811 2511 5857; x_wconf 81' lang='lat' dir='ltr'><strong>cerat</strong></span> <span class='ocrx_word' id='word_1_895' title='bbox 2539 5797 2737 5871; x_wconf 85' lang='lat' dir='ltr'><strong>pulvis,</strong></span> <span class='ocrx_word' id='word_1_896' title='bbox 2765 5805 2825 5854; x_wconf 92' lang='lat' dir='ltr'><strong>ut</strong></span> <span class='ocrx_word' id='word_1_897' title='bbox 2846 5805 3022 5855; x_wconf 84' lang='lat' dir='ltr'><strong>sanet.</strong></span> <span class='ocrx_word' id='word_1_898' title='bbox 3053 5795 3192 5865; x_wconf 84' lang='lat' dir='ltr'><strong>Quid</strong></span> <span class='ocrx_word' id='word_1_899' title='bbox 3221 5794 3422 5869; x_wconf 84' lang='lat' dir='ltr'><strong>plura?</strong></span> <span class='ocrx_word' id='word_1_900' title='bbox 3448 5794 3560 5853; x_wconf 88' lang='lat' dir='ltr'><strong>Sub</strong></span> <span class='ocrx_word' id='word_1_901' title='bbox 3589 5794 3797 5853; x_wconf 84' lang='lat' dir='ltr'><strong>medica</strong></span> <span class='ocrx_word' id='word_1_902' title='bbox 3815 5783 3912 5858; x_wconf 76' lang='grc' dir='ltr'><strong>ρίθ·</strong></span> 
     </span>
    </p>
   </div>
  </div>
