3998 6198
137 228 202 285 65
1101 224 1429 288 EPISTOLA
1470 225 1535 284 V.
1575 226 1668 285 AD
1704 221 1969 287 ΔιιιῦοΜ
2010 222 2391 287 Αεςιωτωί.
3320 224 3391 282 66

139 353 237 397 late
283 342 447 399 homo
489 344 781 417 plurimum
815 352 1112 415 torquetur,
1144 354 1199 400 ut
1227 345 1517 415 plurimum
1543 344 1710 400 vivat.
1740 344 1785 405 Α
1817 343 1944 399 felix
1974 354 2055 400 est
2099 344 2187 413 qui
2227 342 2468 411 vapulat,
2505 340 2592 398 ubi
2629 340 2829 397 amoris
2859 347 2943 397 est
2977 340 3157 411 plaga.
3194 338 3392 396 Beatus

138 438 269 492 Ecce
301 440 670 494 necessarium
711 438 1025 509 periculum,
1057 440 1110 494 in
1138 455 1243 509 quo
1280 439 1599 495 beneﬁcium
1628 445 1713 493 est

142 530 294 583 lidele
322 540 673 586 tormentum.
721 530 1061 587 Periclitatur
1086 546 1180 602 pro
1226 542 1377 585 certo
1405 546 1564 602 quem
1597 546 1712 586 me.

137 623 289 677 dicos
309 635 479 687 curat,
499 624 591 678 sed
615 625 820 694 peritet
850 626 1117 694 decipitur
1147 626 1231 680 cui
1263 625 1555 681 renuntiat.
1580 626 1713 681 Huic

133 715 299 779 cnim,
329 715 451 771 licet
482 719 584 771 sub
614 728 902 781 tormento,
947 720 1054 771 vita
1106 720 1439 788 promittitur
1472 736 1485 770 :
1517 718 1605 772 alii
1639 720 1720 771 vi-

135 806 292 860 vettdi
346 822 471 876 spes
511 809 830 879 denegatur.
861 811 1003 879 Ergo
1045 812 1134 864 ubi
1177 811 1476 865 necessitas
1528 811 1715 881 exigit,

133 898 428 965 periclitari
463 902 656 955 melius
692 916 767 956 ρει
803 918 962 971 quam
992 904 1191 971 perire.
1228 904 1587 958 lucomtnodis
1614 920 1713 957 no-

130 1007 259 1045 cere
288 1009 412 1046 eum
442 996 617 1047 fructu
643 995 983 1049 commodius
1032 1008 1179 1065 puto,
1206 1011 1367 1065 quam
1410 996 1613 1065 negatis
1637 998 1720 1051 itt-

126 1084 441 1138 commodis
473 1085 693 1140 interire
720 1103 733 1151 ;
790 1087 840 1139 id
871 1096 975 1151 est,
1028 1089 1195 1141 satius
1236 1098 1318 1141 est
1346 1089 1586 1143 remedio
1614 1088 1715 1141 sibi

129 1180 347 1245 noceri,
376 1195 532 1249 quam
564 1196 669 1233 non
694 1194 853 1249 posse
883 1181 1079 1233 curari.

200 1270 290 1323 IV.
317 1272 428 1323 Hoc
458 1272 751 1324 secundum
801 1272 1077 1325 caelestem
1124 1270 1392 1325 medicum
1422 1270 1629 1341 loquor,
1658 1282 1714 1327 et

131 1365 197 1416 ad
226 1377 415 1417 coram
447 1364 613 1433 inagis
637 1366 815 1417 refero
842 1363 1204 1433 spiritualem,
1230 1378 1336 1418 non
1366 1365 1433 1418 ad
1460 1364 1606 1420 illam
1623 1380 1713 1420 so-

131 1457 377 1522 lamqme
408 1464 521 1508 arte
549 1455 833 1522 moritura,
852 1456 1173 1511 mortalibus
1195 1466 1443 1510 versatur
1465 1456 1518 1510 in
1550 1473 1713 1513 mem-

129 1548 269 1602 bris.
303 1547 472 1604 Nobis
512 1557 594 1603 est
639 1563 768 1620 ergo
792 1550 983 1603 melius
1009 1564 1037 1601 a
1066 1549 1293 1604 Domino
1323 1550 1594 1621 redargui,
1622 1566 1715 1606 ca-

131 1640 340 1710 stigari,
371 1653 424 1696 et
454 1642 557 1695 sub
602 1641 720 1710 ejus
768 1642 921 1712 plaga
950 1643 1152 1707 curari,
1183 1658 1342 1711 quam
1368 1643 1438 1696 ab
1458 1646 1580 1712 eius
1600 1661 1714 1698 tne-

1813 454 1977 509 quem
2026 439 2247 509 superni
2294 437 2535 493 verberis
2586 436 2887 493 remedium
2929 446 3117 498 curat,
3146 435 3389 505 corrigit,

1817 531 2068 588 emendat
2089 574 2104 597 ,
2140 542 2299 601 atquo
2328 531 2599 599 componit
2630 548 2643 584 :
2675 545 2797 587 cum
2840 528 3008 584 David
3051 528 3236 584 beatus
3266 544 3392 598 pro-

1821 626 1985 696 pheta
2012 634 2067 680 et
2096 627 2228 680 satis
2254 625 2477 681 illustris
2511 625 2594 681 sic
2620 625 2997 690 concionetur,
3029 633 3082 677 et
3118 621 3391 685 clamitet.

1814 720 2004 775 dicens
2037 735 2051 772 :
2097 714 2253 773 Felix
2290 734 2440 789 quem
2475 729 2529 773 tu
2555 718 2931 784 emendaveris,
2980 714 3217 781 Domine,
3255 724 3299 768 et
3330 714 3394 767 de

1818 812 1928 883 lege
1977 822 2065 865 tua
2113 812 2349 865 docueris
2400 826 2514 866 eum
2550 811 2723 880 (Psal.
2757 825 2907 878 xcm,
2943 808 3053 879 η).
3096 810 3234 878 Ergo
3264 822 3397 876 quo-

1820 907 1963 959 niam
1996 919 2061 958 ex
2091 904 2277 959 divino
2303 905 2594 973 premissu,
2627 903 2857 957 diversae
2882 900 3252 956 mordacitatis
3279 900 3396 953 lan-

1818 995 2074 1065 guoribus
2101 995 2468 1063 sobjacemus,
2497 1010 2559 1047 ac
2587 995 2745 1064 longa
2766 993 3078 1047 calamitate
3102 990 3397 1047 curandam

1816 1087 2056 1155 gerimus
2087 1085 2272 1147 vitam,
2299 1084 2351 1138 itt
2370 1099 2596 1139 examen
2624 1093 2826 1139 nostra:
2851 1084 3088 1147 virtutis,
3112 1082 3401 1153 prtedictas
3438 1090 3441 1097 ‘

1817 1176 1946 1230 olim
1977 1176 2226 1229 miserias
2257 1174 2638 1244 aequanimiter
2660 1175 3020 1245 perferamus.
3058 1174 3311 1229 Infelices
3339 1189 3401 1228 ac

1814 1267 2146 1335 multiplices
2173 1281 2359 1332 casus,
2391 1267 2698 1321 anxietates
2718 1278 2774 1319 et
2802 1266 2964 1321 lletus
2991 1282 3128 1336 quos
3166 1266 3400 1322 incurri-

1813 1376 1934 1415 mus
1958 1361 2091 1425 nati,
2116 1359 2313 1415 mentis
2340 1358 2597 1413 felicitate
2628 1367 2928 1425 portemus.
2952 1357 3064 1413 Nec
3093 1357 3398 1414 mirandum

1812 1461 1895 1509 est
1915 1450 2083 1517 enim,
2105 1450 2248 1517 quod
2270 1450 2535 1506 malorum
2559 1450 2924 1521 frequentium
2944 1450 3215 1521 stragibus
3234 1452 3400 1505 variis

1812 1546 1892 1601 sic
1919 1544 2225 1599 mortalium
2254 1544 2361 1599 vita
2395 1545 2678 1615 populetur
2706 1543 2759 1599 in
2785 1544 3007 1608 mundo.
3030 1543 3082 1599 in
3104 1558 3212 1615 quo
3235 1557 3398 1598 nemo

1816 1640 2055 1694 nascitur
2086 1638 2291 1704 ridens,
2326 1639 2380 1694 in
2424 1654 2534 1710 quo
2564 1655 2725 1695 nemo
2752 1639 2935 1693 lumen
2965 1638 3088 1693 vitae
3136 1637 3238 1693 nisi
3270 1653 3395 1691 cum

135 1733 311 1787 dicina
346 1732 669 1787 iucurabiles
698 1734 985 1789 removeri.
1032 1737 1194 1789 Arcet
1222 1738 1364 1789 enim
1399 1752 1426 1787 a
1461 1736 1575 1790 suis
1602 1738 1713 1790 vul-
1746 1735 1788 1794 Β
1818 1731 2073 1802 lacrytnis
2120 1732 2451 1799 auspicatur.
2506 1732 2637 1785 Cum
2698 1746 2795 1786 nos
2844 1731 3081 1800 denique
3134 1741 3393 1785 materna:

134 1826 275 1879 tibus
299 1824 459 1890 Deus,
493 1840 629 1893 quos
658 1824 852 1879 viderit
880 1826 1194 1881 incurabilis
1222 1828 1397 1881 morbi
1436 1826 1717 1897 iniquitate

135 1927 359 1971 vexatos
388 1936 402 1971 :
433 1930 487 1971 ct
514 1920 656 1971 sicut
684 1919 962 1988 pulverem
993 1930 1083 1973 aut
1117 1920 1325 1987 paleam
1373 1920 1572 1987 impetu
1602 1930 1717 1974 tur-

138 2012 279 2064 binis
305 2026 400 2079 per
423 2010 547 2063 vitia
576 2010 866 2080 dissipatos
887 2022 1049 2077 atque
1084 2011 1360 2081 dispersos
1392 2030 1404 2064 :
1438 2012 1573 2064 sicut
1606 2012 1721 2080 ipse

141 2104 188 2156 iu
222 2119 326 2156 sua
359 2103 783 2172 voreloquitur,
833 2102 1020 2157 dicens
1054 2120 1068 2155 :
1115 2101 1374 2156 Reccdant
1428 2119 1459 2155 α
1495 2119 1573 2155 me
1617 2104 1719 2156 ini-

140 2199 246 2265 qui,
277 2197 387 2248 eius
429 2196 564 2249 enim
606 2196 813 2249 illorum
848 2197 977 2248 scire
1018 2196 1135 2249 uola
1180 2212 1199 2250 :
1237 2197 1481 2266 quoniam
1513 2198 1720 2250 lucerna

144 2304 318 2340 eorum
340 2289 591 2341 exstincta
615 2297 709 2353 est,
736 2299 779 2340 et
812 2289 1053 2358 gemitum
1085 2286 1337 2341 habebant
1376 2290 1427 2341 in
1463 2291 1565 2341 vita
1603 2306 1717 2342 sua.

147 2376 313 2429 Erunt
345 2378 480 2430 enim
511 2378 663 2431 sicuti
684 2378 866 2448 palea',
898 2394 1012 2445 qua:
1031 2396 1062 2431 a
1089 2389 1233 2432 teuto
1266 2377 1436 2433 volant
1464 2395 1482 2433 :
1511 2389 1557 2432 et
1590 2379 1721 2431 sicut

146 2471 333 2539 putris,
358 2470 447 2541 qui
483 2488 515 2523 a
541 2472 918 2538 tempestatibus
952 2470 1151 2523 tollitur
1184 2468 1325 2540 (Job.
1364 2487 1473 2533 ιιι,
1510 2471 1595 2535 lli,
1631 2472 1718 2540 17,

147 2563 251 2631 18).
302 2564 504 2616 Eorum
545 2562 661 2615 vias
702 2578 807 2614 non
850 2564 965 2614 vult
1008 2561 1172 2625 scire,
1210 2562 1301 2631 qui
1334 2564 1473 2616 viam
1503 2564 1722 2617 omnino

148 2656 335 2711 nolunt
379 2665 571 2711 tenere
610 2656 991 2724 pcrdttcenletn
1029 2658 1093 2708 ad
1132 2657 1401 2711 sublimia.
1444 2658 1522 2714 Ad
1556 2675 1719 2712 unum

147 2749 285 2803 enim
319 2748 604 2802 Dominum
639 2766 738 2802 una
774 2750 852 2801 via
887 2750 941 2802 in
970 2749 1186 2803 Christo
1215 2750 1441 2804 tenenda
1474 2762 1579 2815 est,
1602 2765 1720 2820 qua:

149 2842 562 2912 angttstantibus
593 2843 940 2896 tentatnentis
972 2844 1021 2895 itt
1059 2845 1235 2911 spatio
1266 2843 1436 2911 longa:
1458 2848 1724 2901 securita-

152 2940 215 2988 tis
246 2935 485 2989 inducat.
519 2934 651 2989 lluic
678 2935 778 2989 soli
804 2935 901 2989 vim
931 2943 1079 3004 patet
1102 2934 1354 3004 palatium
1386 2938 1528 2991 tte'i.
1559 2937 1724 2992 Cauc-

152 3046 219 3082 r:u
249 3045 380 3085 vero
409 3030 744 3098 voluptatum
781 3028 1108 3082 anfractibus
1149 3038 1409 3083 tortuosa:
1447 3030 1720 3098 regionem

1819 1824 1991 1875 vulva:
2030 1823 2322 1877 tentorium
2370 1822 2685 1877 ostenderet
2724 1822 2945 1889 mundo,
2978 1824 3168 1877 ﬂentes
3208 1821 3399 1875 didici-

1821 1932 1940 1971 mus
1990 1916 2245 1968 mundum
2306 1932 2319 1966 :
2368 1924 2428 1968 ut
2475 1914 2629 1983 quasi
2680 1915 2944 1969 malorum
3008 1913 3274 1984 primitias
3330 1913 3383 1968 in

1823 2009 2011 2079 primis
2040 2008 2295 2078 lacrymis
2323 2016 2680 2077 gustaremus.
2715 2008 2968 2061 Salomon
3000 2011 3262 2076 propheta
3295 2006 3394 2062 hac

1822 2102 2257 2173 pronuntiatione
2307 2110 2573 2155 testatur:
2619 2099 2761 2169 Ego,
2792 2100 2993 2171 inquit.
3028 2111 3178 2153 natus
3225 2101 3397 2169 accepi

1821 2210 2143 2248 communem
2171 2203 2372 2249 tetatem
2397 2235 2411 2258 ,
2453 2204 2502 2248 et
2528 2195 2579 2247 in
2617 2194 2856 2247 similiter
2886 2194 3077 2263 factam
3103 2193 3267 2246 decidi
3294 2202 3399 2247 ter-

1821 2306 1933 2342 ram
1959 2306 1977 2343 :
2006 2292 2228 2359 priurum
2275 2303 2447 2341 t'ocem
2488 2286 2710 2341 similem
2747 2287 2982 2340 omnibus
3005 2289 3146 2341 emisi
3169 2286 3399 2356 plorans.

1825 2382 1889 2436 In
1918 2384 2277 2437 inuolumentis
2319 2388 2546 2436 nutritus
2574 2400 2687 2435 sum
2720 2391 2766 2435 et
2795 2384 2932 2435 curis
2972 2382 3190 2453 magnis.
3235 2381 3402 2434 Semo

1824 2476 1961 2529 enim
1983 2492 2047 2528 ea:
2070 2475 2273 2546 regibus
2298 2476 2443 2528 aliud
2472 2475 2653 2528 habuit
2684 2476 2968 2529 nativitatis
2990 2475 3218 2527 initium.
3257 2472 3402 2527 Unus

1821 2579 1895 2623 est
1923 2585 2043 2639 ergo
2069 2568 2301 2621 onmibns
2337 2570 2575 2620 introitus
2602 2558 2672 2619 ad
2704 2569 2855 2620 vitam
2876 2608 2890 2631 ,
2922 2577 2969 2619 et
3009 2568 3195 2621 similis
3240 2567 3405 2621 exitus

1827 2660 1983 2729 (Sup.
2018 2674 2111 2722 vtt,
2146 2660 2188 2720 Ι,
2214 2658 2269 2722 2,
2301 2660 2381 2727 5).
2425 2658 2656 2712 Necesse
2682 2666 2767 2711 est
2791 2660 2935 2712 enim
2964 2667 3021 2711 ut
3054 2659 3142 2725 qui
3174 2657 3403 2723 Vt'lttrtil,

1827 2764 2085 2816 transeat,
2119 2754 2205 2805 ubi
2237 2755 2398 2805 vitam
2426 2751 2597 2821 egerit
2627 2754 2960 2821 peregrinam
2987 2769 2998 2804 :
3025 2751 3259 2805 tnasinte
3279 2766 3400 2805 cum

1827 2848 1895 2899 ita
1921 2844 2176 2899 Salomon
2207 2855 2571 2913 protestetur:
2607 2842 2750 2898 Unus
2776 2888 2790 2911 ,
2826 2845 2994 2915 inquit
3014 2887 3028 2909 ,
3060 2844 3301 2898 introitus
3333 2842 3401 2897 ad

1824 2938 1978 2992 vitam
2007 2978 2022 3003 ,
2050 2949 2097 2991 et
2121 2936 2303 2991 similis
2331 2939 2516 2991 exitus.
2573 2936 2710 3004 Quid
2754 2952 2884 3007 ergo
2911 2937 3286 3006 prosperitatis
3311 2948 3402 2991 aut

1828 3030 2028 3085 laetitia:
2072 3040 2245 3099 potest
2295 3032 2450 3084 nobis
2501 3045 2792 3086 occurrere
2816 3072 2830 3094 ,
2858 3029 2945 3085 ubi
2978 3031 3149 3099 primo
3180 3030 3403 3085 discitur

151 3122 526 3176 ﬂammiferam
553 3131 758 3190 petunt.
795 3122 867 3175 lle
892 3121 1086 3190 quibus
1112 3120 1367 3175 Salomon
1402 3121 1481 3175 sic
1508 3122 1723 3188 propria
1750 3110 1794 3174 C
1828 3120 1994 3188 ﬂere,
2039 3133 2093 3177 et
2126 3124 2263 3177 inter
2295 3125 2404 3191 ipsa
2434 3121 2698 3177 cunabula
2730 3124 3003 3179 nascentis
3044 3124 3283 3178 infantia:
3304 3161 3316 3183 .
3350 3132 3405 3177 et

152 3228 281 3267 voce
313 3222 541 3268 testatur
568 3222 624 3267 et
643 3212 807 3268 dicit:
837 3213 967 3268 Sunt
991 3215 1081 3265 οἱα·
1106 3229 1219 3282 quia
1249 3212 1481 3265 ridentur
1508 3212 1727 3265 [natiui-

152 3308 241 3361 bus
257 3311 440 3379 justaz,
462 3318 503 3360 et
524 3306 574 3360 in
596 3307 698 3376 ﬁne
714 3306 929 3361 illarum
952 3307 1156 3360 tristitia
1177 3313 1222 3358 et
1241 3302 1391 3358 dolor
1411 3302 1593 3375 (Prov.
1611 3319 1724 3371 Itv,

152 3400 271 3471 1‘2).
308 3400 376 3454 Et
399 3416 493 3470 per
530 3400 620 3455 has
648 3402 763 3454 vias
796 3399 874 3455 illi
908 3417 997 3470 pra
1018 3405 1207 3470 cipites
1243 3401 1578 3471 gradiuntur,
1609 3397 1727 3470 qui-

154 3492 252 3546 bus
303 3508 499 3547 cursus
545 3494 774 3549 initnica:
827 3495 968 3557 vitzr,
1024 3492 1405 3548 blandimentis
1449 3491 1728 3547 fallacibus

155 3586 401 3641 adulatur
432 3602 448 3651 ;
480 3600 617 3657 quos
643 3588 776 3641 fallit
804 3586 1030 3643 surdum
1057 3597 1267 3657 tempus
1296 3600 1343 3642 et
1374 3587 1610 3657 decipit,
1641 3603 1729 3642 re-

156 3680 278 3755 cipit
330 3680 580 3735 interitus
629 3689 683 3735 et
731 3678 971 3735 includit.
1006 3682 1149 3747 Quos
1197 3679 1337 3734 sicut
1380 3682 1431 3735 iu
1476 3680 1729 3751 scopulos

158 3771 450 3836 perituram
495 3788 688 3827 navem
721 3780 1013 3841 tempestas
1045 3772 1290 3841 impellit,
1328 3772 1407 3827 sic
1438 3772 1620 3827 infelix
1655 3775 1731 3828 lc-

161 3863 329 3920 licitas
363 3868 413 3920 in
446 3867 724 3921 interitum
756 3882 952 3936 pronos
978 3877 1033 3921 et
1064 3867 1250 3921 labiles
1273 3868 1439 3921 ducit.
1471 3866 1539 3922 Et
1565 3869 1727 3921 sicuti

160 3957 387 4025 aliquem
436 3960 649 4014 securis
689 3960 988 4014 incessibus
1034 3960 1401 4029 gradientem,
1446 3961 1730 4029 repentino

159 4066 301 4113 tasu,
347 4060 441 4105 aut
489 4053 779 4106 marmoris
826 4053 1033 4119 levitas,
1076 4064 1168 4107 aut
1222 4053 1394 4107 labina
1441 4052 1731 4122 pavimenti

158 4145 409 4198 subversa
437 4146 632 4214 pedum
667 4146 831 4200 tutela
859 4149 1158 4209 contorsit;
1185 4146 1255 4200 ita
1284 4163 1423 4217 quos
1446 4147 1732 4201 infeliciter

160 4236 301 4290 ducit
323 4238 682 4293 secundarum
710 4255 890 4295 rerum
916 4239 1020 4294 iter
1045 4241 1331 4306 incertum,
1360 4239 1571 4309 vitaque
1594 4238 1733 4293 male

156 4330 415 4397 jucunda,
447 4348 672 4387 necesse
703 4342 787 4387 est
817 4335 868 4386 itt
896 4333 1304 4388 irrcvocabilem
1338 4334 1544 4403 lapsum
1589 4333 1735 4388 subi-

163 4434 350 4480 taneus
378 4440 538 4480 casus
573 4426 872 4495 impingat:
902 4428 1053 4480 sicuti
1077 4425 1328 4481 Salomon
1360 4425 1734 4481 sanctissimus

1828 3219 1878 3272 iu
1910 3220 2024 3287 ipso
2056 3218 2177 3272 vitae
2212 3217 2480 3272 vestibulo
2509 3257 2523 3281 ,
2565 3216 2699 3271 nihil
2747 3216 2891 3271 aliud
2938 3215 3068 3270 novi
3097 3216 3164 3270 de
3202 3213 3405 3269 mundo

1826 3324 1983 3380 quam
2015 3308 2171 3366 fletus
2199 3310 2480 3365 occurrit?
2523 3308 2731 3364 Limina
2772 3309 2955 3364 nnmdi
2987 3324 3107 3364 cutn
3137 3308 3265 3363 ﬂetu
3293 3308 3401 3363 cal-

1826 3404 2066 3457 cavimus
2090 3442 2104 3468 ,
2138 3401 2389 3457 ﬂebimus
2416 3400 2666 3471 equidem
2699 3400 3000 3455 transituri.
3045 3402 3089 3455 0
3120 3411 3403 3468 angustum

1826 3507 1887 3551 et
1910 3495 2041 3551 satis
2063 3493 2281 3549 anxium
2309 3505 2522 3565 tempus
2548 3491 2670 3548 vita:
2694 3488 2956 3561 mortalis,
2990 3488 3078 3547 ubi
3106 3506 3226 3549 cum
3252 3491 3406 3547 initio

1828 3589 2137 3644 nominatur
2164 3595 2220 3642 et
2255 3587 2398 3653 linis,
2431 3586 2640 3640 initium
2669 3595 2909 3640 nostrum
2943 3601 3062 3641 eum
3095 3587 3200 3640 line
3229 3587 3401 3641 susci-

1832 3680 2044 3750 pimus!
2078 3678 2195 3733 Jstu
2227 3688 2416 3749 captus
2448 3688 2532 3733 est
2558 3688 2750 3745 morte,
2784 3678 2872 3747 qui
2907 3690 3059 3733 natus
3086 3687 3191 3733 cst.
3218 3680 3405 3734 Testes

1829 3786 1955 3829 sunt
1979 3772 2196 3839 tnortui,
2218 3789 2338 3827 cum
2366 3788 2471 3827 non
2498 3784 2695 3843 negant
2721 3789 2781 3828 se
2804 3775 3069 3828 morituri.
3104 3772 3244 3843 Ergo
3270 3790 3404 3842 quo-

1831 3871 1974 3922 niam
2002 3869 2125 3922 ituri
2159 3866 2435 3930 venimus,
2472 3866 2924 3935 peregrinantium
2962 3882 3112 3921 more
3140 3866 3280 3937 quod
3312 3884 3406 3923 ac-

1831 3961 2025 4015 ciderit
2070 3961 2210 4014 intra
2262 3960 2446 4014 mundi
2497 3958 2837 4029 hospitium,
2882 3960 3035 4030 quasi
3068 3972 3408 4018 transeuntes

1833 4054 2059 4109 ferendo
2098 4052 2411 4106 vincamus:
2447 4053 2584 4105 mala
2620 4052 2871 4121 imposita
2899 4094 2914 4116 ,
2946 4054 3084 4106 luna
3117 4054 3408 4111 devotione

1835 4156 2045 4218 portata
2074 4146 2384 4201 vincuntur.
2423 4144 2580 4214 l‘ejus
2609 4149 2751 4200 enim
2774 4148 3173 4213 uocetmalum,
3206 4150 3249 4201 si
3272 4149 3410 4204 male

1837 4247 2138 4311 portentur.
2199 4239 2273 4293 lbi
2325 4240 2569 4307 proiecto
2615 4240 2855 4294 solamen
2900 4240 3112 4294 vittatis
3155 4256 3296 4309 opas
3326 4257 3411 4295 est

1836 4335 1971 4408 (sub
1989 4333 2447 4399 contemplatione
2474 4333 2681 4388 scilicet
2708 4349 2959 4403 superate
2988 4335 3287 4401 niercrdis)
3321 4336 3410 4389 ubi

1836 4428 1913 4482 sic
1963 4426 2302 4482 desideratur
2343 4428 2463 4481 litus
2502 4437 2554 4482 et
2592 4428 2767 4481 exitus
2796 4428 2937 4491 vitas,
2971 4428 3109 4482 sicut
3142 4427 3193 4481 in
3226 4428 3413 4496 pelago

164 4525 410 4582 testatur,
440 4530 494 4572 ct
524 4519 721 4572 clamat
751 4535 763 4570 :
799 4520 989 4587 Sicuti,
1023 4521 1213 4589 inquit,
1243 4521 1331 4590 qui
1370 4521 1421 4573 in
1448 4521 1737 4588 pavimento
1766 4506 1816 4566 ι)
1841 4522 2007 4576 tutela
2044 4523 2349 4589 portuensis
2377 4530 2617 4589 optatur.
2666 4522 2798 4585 Quis
2827 4522 2970 4575 enim
3002 4519 3141 4573 inter
3162 4522 3413 4573 anxieta-

165 4612 318 4679 cadit,
360 4613 436 4665 sic
465 4629 619 4666 casus
651 4611 903 4665 ma.’orum
936 4614 1234 4682 festinanter
1264 4614 1422 4666 t‘cttlt’l
1453 4612 1619 4684 (liccl.
1646 4628 1733 4677 ax,

164 4704 269 4772 ξω).
304 4705 369 4758 lli
405 4714 527 4757 sunt
562 4706 752 4773 procul
786 4706 974 4767 dubio,
1008 4706 1097 4775 qui
1124 4723 1228 4758 non
1263 4716 1537 4759 merentur
1576 4705 1742 4758 alicu-

170 4796 244 4859 ius
273 4798 515 4853 miseria:
546 4799 820 4852 ventilatis
843 4799 1262 4869 ﬂagitationibus
1292 4798 1513 4866 agitari,
1546 4798 1741 4868 quibus

169 4902 357 4941 a:terua
387 4890 654 4958 :rgritudo
678 4891 933 4952 nutritur,
960 4905 1056 4944 nec
1080 4890 1351 4944 verberari
1373 4906 1493 4945 cum
1517 4891 1738 4951 sanctis.

174 4979 394 5037 Domino
423 4984 748 5052 castigante,
780 4999 898 5037 cum
928 4999 1033 5052 quo
1060 4991 1178 5052 post
1209 4982 1416 5052 flagella
1450 4993 1701 5054 rcgnctur
1726 5001 1739 5037 :

172 5094 395 5141 quorum
428 5077 597 5130 David
624 5076 728 5130 hoc
752 5078 993 5131 carmine
1024 5079 1231 5146 ﬂagitat
1272 5076 1598 5130 mentionem
1633 5093 1645 5128 :
1680 5074 1745 5131 In

177 5171 565 5234 cogitationibus
604 5170 867 5222 [coruinum
907 5187 1004 5222 non
1047 5181 1183 5232 sum,
1218 5183 1263 5221 et
1306 5185 1423 5221 cum
1466 5169 1749 5222 hominibus

178 5278 267 5312 non
306 5264 719 5334 ﬂagellabantur
758 5280 774 5310 :
811 5264 924 5316 ideo
966 5263 1126 5315 tenuit
1169 5280 1253 5316 eos
1295 5261 1533 5328 supn'bia
1578 5278 1751 5314 eorum

178 5351 338 5415 (Psul.
380 5372 537 5423 vav,
572 5355 647 5423 l).
680 5353 870 5409 Cernis
898 5355 1056 5422 igitur
1085 5355 1388 5407 medicinali
1420 5353 1630 5422 llagellu
1653 5353 1751 5405 iut-

180 5448 399 5501 mcritos
445 5450 676 5516 despici,
721 5456 776 5501 et
825 5450 1047 5501 meritos
1094 5445 1447 5499 attiiealiiiitcr
1480 5444 1753 5515 castigari.

184 5545 379 5596 l’arcos
421 5548 567 5598 enim
614 5543 858 5597 omnium
908 5544 1071 5604 licus,
1104 5552 1159 5593 ut
1190 5551 1268 5595 est
1298 5540 1539 5595 incditus
1584 5540 1758 5595 fidelis

182 5648 299 5704 erga
330 5649 644 5712 susceptos,
686 5646 741 5695 et
774 5637 992 5705 genitor
1030 5638 1171 5693 circa
1204 5637 1400 5693 liberos
1430 5650 1589 5704 suos,
1622 5649 1758 5704 quos

183 5737 339 5803 autat.
389 5729 468 5797 sic
515 5729 664 5806 terit.
707 5740 762 5795 ut
802 5730 1057 5804 corrigat.
1105 5744 1212 5797 non
1252 5738 1307 5799 ut
1338 5727 1565 5814 occidat.
1617 5725 1759 5805 Ergo

1844 4626 1923 4671 les
1950 4618 2195 4686 vagantis
2243 4618 2423 4671 smculi
2472 4630 2848 4686 a'rumnaSquu
2878 4616 3186 4669 morborum
3212 4614 3413 4667 hrdeo-

1846 4711 1975 4766 timn
1999 4754 2012 4777 ,
2064 4726 2168 4765 non
2220 4710 2390 4780 magis
2426 4724 2653 4765 mortem
2685 4710 2984 4773 desideret,
3011 4722 3168 4776 quam
3203 4708 3414 4777 longam

1845 4808 1975 4859 satis
1998 4814 2052 4859 et
2083 4802 2383 4873 languidam
2415 4804 2598 4869 vitam,
2634 4802 2848 4856 dicente
2877 4802 3165 4854 Salomone
3190 4816 3202 4852 :
3232 4797 3419 4854 Melior

1845 4908 1917 4949 est
1951 4912 2116 4957 mors,
2143 4912 2295 4964 quam
2336 4896 2435 4946 tita
2478 4909 2693 4946 amara:
2733 4904 2777 4945 et
2808 4892 2999 4959 requies
3028 4904 3236 4956 (eterna,
3261 4909 3415 4960 quam

1845 4990 2064 5056 lmtguor
2088 5002 2409 5056 erseverans
2440 4983 2606 5055 (Eccl.
2638 5000 2763 5043 xxx.
2790 4983 2917 5051 12)?
2951 4984 3152 5038 lztalibi
3181 5002 3192 5039 :
3232 4984 3419 5041 Metus

1846 5082 1936 5135 tibi
1978 5080 2147 5139 mori,
2196 5094 2348 5145 quam
2390 5079 2551 5131 viuere
2600 5075 2780 5143 (Eccl.
2811 5093 2899 5143 η,
2930 5077 3054 5146 9.9).
3105 5078 3246 5134 Mors
3275 5081 3417 5135 enim

1849 5172 1993 5225 omni
2038 5170 2238 5222 homini
2289 5168 2384 5221 dat
2427 5169 2686 5236 requiem.
2757 5169 2858 5222 l’ro
2904 5182 3055 5225 Certo
3103 5172 3241 5226 inter
3282 5177 3420 5226 mala

1850 5266 2152 5331 grassantia
2184 5260 2497 5314 necessario
2534 5258 2709 5312 exitus
2749 5271 2991 5314 sthenter
3038 5273 3271 5330 optatur.
3314 5264 3420 5317 Sed

1853 5354 1993 5408 sicut
2036 5369 2135 5408 nec
2184 5362 2424 5405 nostrum
2471 5350 2643 5405 fuerat
2686 5353 2833 5407 nasci
2859 5393 2875 5417 ,
2920 5353 2989 5407 ita
3019 5370 3118 5408 nec
3146 5356 3425 5422 potestatis

1855 5458 2058 5503 nostra:
2084 5458 2162 5501 cst
2197 5444 2354 5500 mori.
2386 5444 2596 5513 Alioqui
2627 5445 2671 5498 si
2703 5446 2753 5497 in
2785 5454 2966 5498 nostra
2998 5457 3262 5513 potestate
3292 5446 3427 5499 n.ori

1856 5543 2202 5601 consisteret,
2237 5544 2383 5591 esset
2411 5535 2462 5591 in
2495 5546 2763 5607 potestate
2791 5552 2895 5590 non
2927 5535 3083 5589 mori.
3111 5536 3190 5590 Ad
3227 5538 3325 5592 hoc
3354 5541 3433 5594 in-

1859 5640 1940 5687 ter
1997 5642 2211 5688 nostras
2261 5628 2540 5699 attgttSlittS
2591 5628 2780 5684 mortis
2829 5626 3067 5696 requiem
3108 5627 3434 5702 flagitamus,

1859 5723 1983 5797 quia
2026 5720 2164 5801 inter
2212 5717 2352 5807 mala
2399 5719 2469 5805 de
2512 5719 2655 5791 bona
2701 5717 2948 5806 totatuta
2986 5724 3069 5788 est
3096 5733 3201 5801 non
3234 5729 3440 5791 taceret
