  <div class='ocr_page' id='page_1' title='image "/cluster/home/n/w/nwhite01/storage/ocr_20150623/30/uva.x000826572/041.png"; bbox 0 0 3998 6198; ppageno 0'>
   <div class='ocr_carea' id='block_1_1' title="bbox 608 182 3869 258">
    <p class='ocr_par' dir='ltr' id='par_1_1' title="bbox 608 182 3869 258">
     <span class='ocr_line' id='line_1_1' title="bbox 608 182 3869 258; baseline -0.006 0"><span class='ocrx_word' id='word_1_1' title='bbox 608 197 679 258; x_wconf 71' lang='grc'>67</span> <span class='ocrx_word' id='word_1_2' title='bbox 1634 195 1693 254; x_wconf 85' lang='lat'><strong>3.</strong></span> <span class='ocrx_word' id='word_1_3' title='bbox 1733 186 2115 253; x_wconf 73' lang='lat' dir='ltr'><strong>HIERONYMI</strong></span> <span class='ocrx_word' id='word_1_4' title='bbox 2152 182 2433 253; x_wconf 65' lang='lat' dir='ltr'><strong>ORERUM</strong></span> <span class='ocrx_word' id='word_1_5' title='bbox 2473 182 2835 246; x_wconf 76' lang='lat' dir='ltr'><strong>MAN&#39;I‘iSSA.</strong></span> <span class='ocrx_word' id='word_1_6' title='bbox 3804 182 3869 240; x_wconf 78' lang='lat'><strong>08</strong></span> 
     </span>
    </p>
   </div>
   <div class='ocr_carea' id='block_1_2' title="bbox 604 297 3868 383">
    <p class='ocr_par' dir='ltr' id='par_1_2' title="bbox 604 297 3868 383">
     <span class='ocr_line' id='line_1_2' title="bbox 604 297 3868 383; baseline -0.004 -13"><span class='ocrx_word' id='word_1_7' title='bbox 604 310 969 383; x_wconf 77' lang='lat' dir='ltr'><strong>navigantium</strong></span> <span class='ocrx_word' id='word_1_8' title='bbox 1001 325 1183 375; x_wconf 78' lang='lat' dir='ltr'><strong>more,</strong></span> <span class='ocrx_word' id='word_1_9' title='bbox 1215 309 1411 381; x_wconf 78' lang='lat' dir='ltr'><strong>quibus</strong></span> <span class='ocrx_word' id='word_1_10' title='bbox 1442 309 1782 379; x_wconf 77' lang='lat' dir='ltr'><strong>refrigerium</strong></span> <span class='ocrx_word' id='word_1_11' title='bbox 1813 317 1895 363; x_wconf 92' lang='lat' dir='ltr'><strong>est</strong></span> <span class='ocrx_word' id='word_1_12' title='bbox 1927 307 2065 360; x_wconf 87' lang='lat' dir='ltr'><strong>inter</strong></span> <span class='ocrx_word' id='word_1_13' title='bbox 2094 304 2173 357; x_wconf 91' lang='lat' dir='ltr'><strong>in-</strong></span> <span class='ocrx_word' id='word_1_14' title='bbox 2206 301 2262 363; x_wconf 74' lang='grc' dir='ltr'><strong>Α</strong></span> <span class='ocrx_word' id='word_1_15' title='bbox 2287 301 2424 371; x_wconf 83' lang='lat' dir='ltr'><strong>Ergo</strong></span> <span class='ocrx_word' id='word_1_16' title='bbox 2449 302 2703 370; x_wconf 90' lang='lat' dir='ltr'><strong>quoniam</strong></span> <span class='ocrx_word' id='word_1_17' title='bbox 2755 316 2877 355; x_wconf 90' lang='lat' dir='ltr'><strong>cum</strong></span> <span class='ocrx_word' id='word_1_18' title='bbox 2908 297 3145 355; x_wconf 72' lang='lat' dir='ltr'><strong>diversis</strong></span> <span class='ocrx_word' id='word_1_19' title='bbox 3176 299 3533 359; x_wconf 78' lang='lat' dir='ltr'><strong>teutationum</strong></span> <span class='ocrx_word' id='word_1_20' title='bbox 3561 299 3761 370; x_wconf 74' lang='lat' dir='ltr'><strong>iaculis</strong></span> <span class='ocrx_word' id='word_1_21' title='bbox 3793 301 3868 356; x_wconf 89' lang='lat' dir='ltr'><strong>di-</strong></span> 
     </span>
    </p>
   </div>
   <div class='ocr_carea' id='block_1_3' title="bbox 606 399 2178 473">
    <p class='ocr_par' dir='ltr' id='par_1_3' title="bbox 606 399 2178 473">
     <span class='ocr_line' id='line_1_3' title="bbox 606 399 2178 473; baseline -0.006 -12"><span class='ocrx_word' id='word_1_22' title='bbox 606 407 775 465; x_wconf 78' lang='lat' dir='ltr'><strong>festos</strong></span> <span class='ocrx_word' id='word_1_23' title='bbox 822 414 982 473; x_wconf 83' lang='lat' dir='ltr'><strong>atque</strong></span> <span class='ocrx_word' id='word_1_24' title='bbox 1021 404 1286 459; x_wconf 79' lang='lat' dir='ltr'><strong>sollicitos</strong></span> <span class='ocrx_word' id='word_1_25' title='bbox 1330 420 1520 459; x_wconf 78' lang='lat' dir='ltr'><strong>cursus</strong></span> <span class='ocrx_word' id='word_1_26' title='bbox 1572 403 1718 471; x_wconf 83' lang='lat' dir='ltr'><strong>loqui</strong></span> <span class='ocrx_word' id='word_1_27' title='bbox 1769 400 1837 455; x_wconf 90' lang='lat' dir='ltr'><strong>de</strong></span> <span class='ocrx_word' id='word_1_28' title='bbox 1883 399 2178 453; x_wconf 74' lang='lat' dir='ltr'><strong>securitate</strong></span> 
     </span>
    </p>
   </div>
   <div class='ocr_carea' id='block_1_4' title="bbox 604 492 2173 569">
    <p class='ocr_par' dir='ltr' id='par_1_4' title="bbox 604 492 2173 569">
     <span class='ocr_line' id='line_1_4' title="bbox 604 492 2173 569; baseline -0.006 -18"><span class='ocrx_word' id='word_1_29' title='bbox 604 497 917 569; x_wconf 86' lang='lat' dir='ltr'><strong>portuonsi,</strong></span> <span class='ocrx_word' id='word_1_30' title='bbox 959 496 1024 550; x_wconf 88' lang='lat' dir='ltr'><strong>ad</strong></span> <span class='ocrx_word' id='word_1_31' title='bbox 1069 511 1233 565; x_wconf 90' lang='lat' dir='ltr'><strong>quam</strong></span> <span class='ocrx_word' id='word_1_32' title='bbox 1277 497 1375 551; x_wconf 76' lang='lat' dir='ltr'><strong>etsi</strong></span> <span class='ocrx_word' id='word_1_33' title='bbox 1411 511 1514 549; x_wconf 89' lang='lat' dir='ltr'><strong>non</strong></span> <span class='ocrx_word' id='word_1_34' title='bbox 1556 495 1736 556; x_wconf 89' lang='lat' dir='ltr'><strong>liceat,</strong></span> <span class='ocrx_word' id='word_1_35' title='bbox 1763 503 2021 560; x_wconf 88' lang='lat' dir='ltr'><strong>quantum</strong></span> <span class='ocrx_word' id='word_1_36' title='bbox 2055 492 2173 542; x_wconf 83' lang='lat' dir='ltr'><strong>ani-</strong></span> 
     </span>
    </p>
   </div>
   <div class='ocr_carea' id='block_1_5' title="bbox 603 584 2175 657">
    <p class='ocr_par' dir='ltr' id='par_1_5' title="bbox 603 584 2175 657">
     <span class='ocr_line' id='line_1_5' title="bbox 603 584 2175 657; baseline -0.007 -12"><span class='ocrx_word' id='word_1_37' title='bbox 603 607 722 647; x_wconf 80' lang='lat' dir='ltr'><strong>mus</strong></span> <span class='ocrx_word' id='word_1_38' title='bbox 749 591 899 657; x_wconf 75' lang='lat' dir='ltr'><strong>cupit</strong></span> <span class='ocrx_word' id='word_1_39' title='bbox 918 630 932 652; x_wconf 95' lang='lat'><strong>,</strong></span> <span class='ocrx_word' id='word_1_40' title='bbox 963 587 1199 645; x_wconf 81' lang='lat' dir='ltr'><strong>celerius</strong></span> <span class='ocrx_word' id='word_1_41' title='bbox 1226 586 1509 657; x_wconf 83' lang='lat' dir='ltr'><strong>pervenire</strong></span> <span class='ocrx_word' id='word_1_42' title='bbox 1532 603 1548 652; x_wconf 88' lang='lat'><strong>;</strong></span> <span class='ocrx_word' id='word_1_43' title='bbox 1572 586 1727 655; x_wconf 85' lang='lat' dir='ltr'><strong>juvat</strong></span> <span class='ocrx_word' id='word_1_44' title='bbox 1756 594 1932 637; x_wconf 88' lang='lat' dir='ltr'><strong>tamen</strong></span> <span class='ocrx_word' id='word_1_45' title='bbox 1961 594 2013 637; x_wconf 88' lang='lat' dir='ltr'><strong>et</strong></span> <span class='ocrx_word' id='word_1_46' title='bbox 2043 584 2175 638; x_wconf 86' lang='lat' dir='ltr'><strong>satis</strong></span> 
     </span>
    </p>
   </div>
   <div class='ocr_carea' id='block_1_6' title="bbox 604 675 2169 754">
    <p class='ocr_par' dir='ltr' id='par_1_6' title="bbox 604 675 2169 754">
     <span class='ocr_line' id='line_1_6' title="bbox 604 675 2169 754; baseline -0.007 -16"><span class='ocrx_word' id='word_1_47' title='bbox 604 683 884 754; x_wconf 83' lang='lat' dir='ltr'><strong>pulchrum</strong></span> <span class='ocrx_word' id='word_1_48' title='bbox 911 689 1014 745; x_wconf 84' lang='lat' dir='ltr'><strong>est,</strong></span> <span class='ocrx_word' id='word_1_49' title='bbox 1050 682 1303 736; x_wconf 73' lang='lat' dir='ltr'><strong>meliores</strong></span> <span class='ocrx_word' id='word_1_50' title='bbox 1331 690 1507 749; x_wconf 86' lang='lat' dir='ltr'><strong>partes</strong></span> <span class='ocrx_word' id='word_1_51' title='bbox 1538 688 1748 747; x_wconf 82' lang='lat' dir='ltr'><strong>Optare.</strong></span> <span class='ocrx_word' id='word_1_52' title='bbox 1784 675 1889 730; x_wconf 88' lang='lat' dir='ltr'><strong>Sed</strong></span> <span class='ocrx_word' id='word_1_53' title='bbox 1916 676 2169 745; x_wconf 78' lang='lat' dir='ltr'><strong>quoniam</strong></span> 
     </span>
    </p>
   </div>
   <div class='ocr_carea' id='block_1_7' title="bbox 601 770 2173 843">
    <p class='ocr_par' dir='ltr' id='par_1_7' title="bbox 601 770 2173 843">
     <span class='ocr_line' id='line_1_7' title="bbox 601 770 2173 843; baseline -0.006 -10"><span class='ocrx_word' id='word_1_54' title='bbox 601 793 701 832; x_wconf 88' lang='lat' dir='ltr'><strong>nec</strong></span> <span class='ocrx_word' id='word_1_55' title='bbox 728 788 925 831; x_wconf 70' lang='lat' dir='ltr'><strong>nostra:</strong></span> <span class='ocrx_word' id='word_1_56' title='bbox 966 776 1257 843; x_wconf 75' lang='lat' dir='ltr'><strong>potestatis</strong></span> <span class='ocrx_word' id='word_1_57' title='bbox 1284 782 1367 829; x_wconf 84' lang='lat' dir='ltr'><strong>est.</strong></span> <span class='ocrx_word' id='word_1_58' title='bbox 1394 774 1553 843; x_wconf 89' lang='lat' dir='ltr'><strong>potiri</strong></span> <span class='ocrx_word' id='word_1_59' title='bbox 1578 772 1892 826; x_wconf 77' lang='lat' dir='ltr'><strong>melioribus</strong></span> <span class='ocrx_word' id='word_1_60' title='bbox 1915 811 1929 831; x_wconf 85' lang='lat'><strong>,</strong></span> <span class='ocrx_word' id='word_1_61' title='bbox 1956 788 2072 840; x_wconf 71' lang='lat' dir='ltr'><strong>qua:</strong></span> <span class='ocrx_word' id='word_1_62' title='bbox 2102 770 2173 824; x_wconf 92' lang='lat' dir='ltr'><strong>de</strong></span> 
     </span>
    </p>
   </div>
   <div class='ocr_carea' id='block_1_8' title="bbox 600 863 2171 939">
    <p class='ocr_par' dir='ltr' id='par_1_8' title="bbox 600 863 2171 939">
     <span class='ocr_line' id='line_1_8' title="bbox 600 863 2171 939; baseline -0.009 -11"><span class='ocrx_word' id='word_1_63' title='bbox 600 880 775 928; x_wconf 89' lang='lat' dir='ltr'><strong>morte</strong></span> <span class='ocrx_word' id='word_1_64' title='bbox 816 879 1132 935; x_wconf 84' lang='lat' dir='ltr'><strong>nascuntur,</strong></span> <span class='ocrx_word' id='word_1_65' title='bbox 1164 877 1537 939; x_wconf 70' lang='lat' dir='ltr'><strong>exspectantes</strong></span> <span class='ocrx_word' id='word_1_66' title='bbox 1565 866 1782 920; x_wconf 87' lang='lat' dir='ltr'><strong>meliora</strong></span> <span class='ocrx_word' id='word_1_67' title='bbox 1808 907 1824 930; x_wconf 93' lang='lat'><strong>,</strong></span> <span class='ocrx_word' id='word_1_68' title='bbox 1858 864 2056 918; x_wconf 88' lang='lat' dir='ltr'><strong>bonum</strong></span> <span class='ocrx_word' id='word_1_69' title='bbox 2089 863 2171 917; x_wconf 90' lang='lat' dir='ltr'><strong>in-</strong></span> 
     </span>
    </p>
   </div>
   <div class='ocr_carea' id='block_1_9' title="bbox 596 959 2166 1037">
    <p class='ocr_par' dir='ltr' id='par_1_9' title="bbox 596 959 2166 1037">
     <span class='ocr_line' id='line_1_9' title="bbox 596 959 2166 1037; baseline -0.008 -14"><span class='ocrx_word' id='word_1_70' title='bbox 596 968 761 1024; x_wconf 80' lang='lat' dir='ltr'><strong>teritu</strong></span> <span class='ocrx_word' id='word_1_71' title='bbox 789 980 1041 1037; x_wconf 87' lang='lat' dir='ltr'><strong>geramus</strong></span> <span class='ocrx_word' id='word_1_72' title='bbox 1080 964 1221 1019; x_wconf 89' lang='lat' dir='ltr'><strong>inter</strong></span> <span class='ocrx_word' id='word_1_73' title='bbox 1248 962 1387 1018; x_wconf 80' lang='lat' dir='ltr'><strong>mala</strong></span> <span class='ocrx_word' id='word_1_74' title='bbox 1409 970 1702 1019; x_wconf 80' lang='lat' dir='ltr'><strong>certamen.</strong></span> <span class='ocrx_word' id='word_1_75' title='bbox 1754 959 1962 1013; x_wconf 87' lang='lat' dir='ltr'><strong>Bonum</strong></span> <span class='ocrx_word' id='word_1_76' title='bbox 1987 969 2166 1013; x_wconf 85' lang='lat' dir='ltr'><strong>autem</strong></span> 
     </span>
    </p>
   </div>
   <div class='ocr_carea' id='block_1_10' title="bbox 594 1052 2168 1127">
    <p class='ocr_par' dir='ltr' id='par_1_10' title="bbox 594 1052 2168 1127">
     <span class='ocr_line' id='line_1_10' title="bbox 594 1052 2168 1127; baseline -0.008 -10"><span class='ocrx_word' id='word_1_77' title='bbox 594 1070 864 1117; x_wconf 75' lang='lat' dir='ltr'><strong>certamen</strong></span> <span class='ocrx_word' id='word_1_78' title='bbox 890 1070 974 1115; x_wconf 84' lang='lat' dir='ltr'><strong>est</strong></span> <span class='ocrx_word' id='word_1_79' title='bbox 999 1102 1015 1127; x_wconf 97' lang='lat'><strong>,</strong></span> <span class='ocrx_word' id='word_1_80' title='bbox 1057 1056 1211 1113; x_wconf 84' lang='lat' dir='ltr'><strong>malis</strong></span> <span class='ocrx_word' id='word_1_81' title='bbox 1239 1072 1344 1112; x_wconf 90' lang='lat' dir='ltr'><strong>non</strong></span> <span class='ocrx_word' id='word_1_82' title='bbox 1379 1056 1579 1111; x_wconf 92' lang='lat' dir='ltr'><strong>cedere</strong></span> <span class='ocrx_word' id='word_1_83' title='bbox 1600 1097 1617 1122; x_wconf 95' lang='lat'><strong>,</strong></span> <span class='ocrx_word' id='word_1_84' title='bbox 1648 1054 1756 1109; x_wconf 77' lang='lat' dir='ltr'><strong>‘sed</strong></span> <span class='ocrx_word' id='word_1_85' title='bbox 1789 1053 1924 1108; x_wconf 89' lang='lat' dir='ltr'><strong>mala</strong></span> <span class='ocrx_word' id='word_1_86' title='bbox 1952 1052 2168 1106; x_wconf 87' lang='lat' dir='ltr'><strong>virtutis</strong></span> 
     </span>
    </p>
   </div>
   <div class='ocr_carea' id='block_1_11' title="bbox 593 1148 2169 1223">
    <p class='ocr_par' dir='ltr' id='par_1_11' title="bbox 593 1148 2169 1223">
     <span class='ocr_line' id='line_1_11' title="bbox 593 1148 2169 1223; baseline -0.006 -15"><span class='ocrx_word' id='word_1_87' title='bbox 593 1152 737 1208; x_wconf 89' lang='lat' dir='ltr'><strong>bono</strong></span> <span class='ocrx_word' id='word_1_88' title='bbox 764 1161 1004 1223; x_wconf 87' lang='lat' dir='ltr'><strong>portare,</strong></span> <span class='ocrx_word' id='word_1_89' title='bbox 1036 1167 1133 1221; x_wconf 91' lang='lat' dir='ltr'><strong>per</strong></span> <span class='ocrx_word' id='word_1_90' title='bbox 1158 1166 1282 1221; x_wconf 56' lang='lat' dir='ltr'><strong>quas</strong></span> <span class='ocrx_word' id='word_1_91' title='bbox 1312 1151 1362 1204; x_wconf 93' lang='lat' dir='ltr'><strong>in</strong></span> <span class='ocrx_word' id='word_1_92' title='bbox 1393 1149 1621 1204; x_wconf 81' lang='lat' dir='ltr'><strong>meliora</strong></span> <span class='ocrx_word' id='word_1_93' title='bbox 1651 1148 1719 1202; x_wconf 87' lang='lat' dir='ltr'><strong>de</strong></span> <span class='ocrx_word' id='word_1_94' title='bbox 1741 1158 1914 1202; x_wconf 90' lang='lat' dir='ltr'><strong>morte</strong></span> <span class='ocrx_word' id='word_1_95' title='bbox 1941 1160 2169 1200; x_wconf 79' lang='lat' dir='ltr'><strong>nascen—</strong></span> 
     </span>
    </p>
   </div>
   <div class='ocr_carea' id='block_1_12' title="bbox 594 1241 2167 1315">
    <p class='ocr_par' dir='ltr' id='par_1_12' title="bbox 594 1241 2167 1315">
     <span class='ocr_line' id='line_1_12' title="bbox 594 1241 2167 1315; baseline -0.003 -15"><span class='ocrx_word' id='word_1_96' title='bbox 594 1247 664 1300; x_wconf 90' lang='lat' dir='ltr'><strong>tia</strong></span> <span class='ocrx_word' id='word_1_97' title='bbox 693 1246 899 1300; x_wconf 81' lang='lat' dir='ltr'><strong>morbis</strong></span> <span class='ocrx_word' id='word_1_98' title='bbox 919 1256 1081 1315; x_wconf 89' lang='lat' dir='ltr'><strong>atque</strong></span> <span class='ocrx_word' id='word_1_99' title='bbox 1111 1245 1354 1298; x_wconf 87' lang='lat' dir='ltr'><strong>carentia</strong></span> <span class='ocrx_word' id='word_1_100' title='bbox 1390 1242 1659 1296; x_wconf 85' lang='lat' dir='ltr'><strong>sublimati</strong></span> <span class='ocrx_word' id='word_1_101' title='bbox 1690 1249 1984 1310; x_wconf 75' lang='lat' dir='ltr'><strong>portentur.</strong></span> <span class='ocrx_word' id='word_1_102' title='bbox 2039 1241 2167 1297; x_wconf 82' lang='lat' dir='ltr'><strong>Sine</strong></span> 
     </span>
    </p>
   </div>
   <div class='ocr_carea' id='block_1_13' title="bbox 592 1332 2166 1407">
    <p class='ocr_par' dir='ltr' id='par_1_13' title="bbox 592 1332 2166 1407">
     <span class='ocr_line' id='line_1_13' title="bbox 592 1332 2166 1407; baseline -0.004 -13"><span class='ocrx_word' id='word_1_103' title='bbox 592 1341 793 1394; x_wconf 67' lang='lat' dir='ltr'><strong>(locato</strong></span> <span class='ocrx_word' id='word_1_104' title='bbox 820 1340 966 1393; x_wconf 89' lang='lat' dir='ltr'><strong>enim</strong></span> <span class='ocrx_word' id='word_1_105' title='bbox 994 1350 1157 1407; x_wconf 86' lang='lat' dir='ltr'><strong>atque</strong></span> <span class='ocrx_word' id='word_1_106' title='bbox 1188 1352 1371 1391; x_wconf 85' lang='lat' dir='ltr'><strong>morsu</strong></span> <span class='ocrx_word' id='word_1_107' title='bbox 1403 1334 1747 1397; x_wconf 87' lang='lat' dir='ltr'><strong>infelicitatis,</strong></span> <span class='ocrx_word' id='word_1_108' title='bbox 1782 1335 1833 1389; x_wconf 92' lang='lat' dir='ltr'><strong>in</strong></span> <span class='ocrx_word' id='word_1_109' title='bbox 1866 1332 2166 1402; x_wconf 64' lang='lat' dir='ltr'><strong>triumphos</strong></span> 
     </span>
    </p>
   </div>
   <div class='ocr_carea' id='block_1_14' title="bbox 593 1426 2165 1501">
    <p class='ocr_par' dir='ltr' id='par_1_14' title="bbox 593 1426 2165 1501">
     <span class='ocr_line' id='line_1_14' title="bbox 593 1426 2165 1501; baseline -0.006 -14"><span class='ocrx_word' id='word_1_110' title='bbox 593 1432 922 1487; x_wconf 81' lang='lat' dir='ltr'><strong>immortalis</strong></span> <span class='ocrx_word' id='word_1_111' title='bbox 946 1432 1138 1501; x_wconf 62' lang='lat' dir='ltr'><strong>gloria</strong></span> <span class='ocrx_word' id='word_1_112' title='bbox 1180 1446 1286 1483; x_wconf 89' lang='lat' dir='ltr'><strong>non</strong></span> <span class='ocrx_word' id='word_1_113' title='bbox 1320 1431 1629 1499; x_wconf 84' lang='lat' dir='ltr'><strong>pervenitur</strong></span> <span class='ocrx_word' id='word_1_114' title='bbox 1660 1446 1673 1481; x_wconf 90' lang='lat'><strong>:</strong></span> <span class='ocrx_word' id='word_1_115' title='bbox 1702 1428 1825 1497; x_wconf 73' lang='lat' dir='ltr'><strong>quia</strong></span> <span class='ocrx_word' id='word_1_116' title='bbox 1855 1444 1948 1495; x_wconf 88' lang='lat' dir='ltr'><strong>per</strong></span> <span class='ocrx_word' id='word_1_117' title='bbox 1977 1426 2165 1481; x_wconf 84' lang='lat' dir='ltr'><strong>discri-</strong></span> 
     </span>
    </p>
   </div>
   <div class='ocr_carea' id='block_1_15' title="bbox 590 1521 2165 1592">
    <p class='ocr_par' dir='ltr' id='par_1_15' title="bbox 590 1521 2165 1592">
     <span class='ocr_line' id='line_1_15' title="bbox 590 1521 2165 1592; baseline -0.004 -11"><span class='ocrx_word' id='word_1_118' title='bbox 590 1528 735 1581; x_wconf 88' lang='lat' dir='ltr'><strong>mina</strong></span> <span class='ocrx_word' id='word_1_119' title='bbox 759 1525 1045 1581; x_wconf 86' lang='lat' dir='ltr'><strong>coniicitur</strong></span> <span class='ocrx_word' id='word_1_120' title='bbox 1072 1539 1266 1580; x_wconf 82' lang='lat' dir='ltr'><strong>cursus</strong></span> <span class='ocrx_word' id='word_1_121' title='bbox 1295 1525 1348 1577; x_wconf 92' lang='lat' dir='ltr'><strong>in</strong></span> <span class='ocrx_word' id='word_1_122' title='bbox 1376 1531 1556 1592; x_wconf 83' lang='lat' dir='ltr'><strong>portu.</strong></span> <span class='ocrx_word' id='word_1_123' title='bbox 1600 1523 1780 1577; x_wconf 88' lang='lat' dir='ltr'><strong>Primo</strong></span> <span class='ocrx_word' id='word_1_124' title='bbox 1808 1521 2165 1589; x_wconf 66' lang='lat' dir='ltr'><strong>triumphatur</strong></span> 
     </span>
    </p>
   </div>
   <div class='ocr_carea' id='block_1_16' title="bbox 592 1614 2159 1689">
    <p class='ocr_par' dir='ltr' id='par_1_16' title="bbox 592 1614 2159 1689">
     <span class='ocr_line' id='line_1_16' title="bbox 592 1614 2159 1689; baseline -0.007 -13"><span class='ocrx_word' id='word_1_125' title='bbox 592 1635 699 1676; x_wconf 85' lang='lat' dir='ltr'><strong>non</strong></span> <span class='ocrx_word' id='word_1_126' title='bbox 747 1631 919 1689; x_wconf 79' lang='lat' dir='ltr'><strong>potest</strong></span> <span class='ocrx_word' id='word_1_127' title='bbox 949 1619 1055 1675; x_wconf 86' lang='lat' dir='ltr'><strong>dici</strong></span> <span class='ocrx_word' id='word_1_128' title='bbox 1082 1658 1098 1686; x_wconf 94' lang='lat'><strong>,</strong></span> <span class='ocrx_word' id='word_1_129' title='bbox 1144 1618 1248 1673; x_wconf 84' lang='lat' dir='ltr'><strong>nisi</strong></span> <span class='ocrx_word' id='word_1_130' title='bbox 1279 1619 1367 1673; x_wconf 91' lang='lat' dir='ltr'><strong>cui</strong></span> <span class='ocrx_word' id='word_1_131' title='bbox 1404 1617 1685 1672; x_wconf 70' lang='lat' dir='ltr'><strong>victoriam</strong></span> <span class='ocrx_word' id='word_1_132' title='bbox 1713 1616 1883 1670; x_wconf 87' lang='lat' dir='ltr'><strong>virtus</strong></span> <span class='ocrx_word' id='word_1_133' title='bbox 1916 1614 2159 1668; x_wconf 75' lang='lat' dir='ltr'><strong>invenit:</strong></span> 
     </span>
    </p>
   </div>
   <div class='ocr_carea' id='block_1_17' title="bbox 2282 394 3863 464">
    <p class='ocr_par' dir='ltr' id='par_1_17' title="bbox 2282 394 3863 464">
     <span class='ocr_line' id='line_1_17' title="bbox 2282 394 3863 464; baseline -0.001 -16"><span class='ocrx_word' id='word_1_134' title='bbox 2282 395 2583 449; x_wconf 67' lang='lat' dir='ltr'><strong>mictndum</strong></span> <span class='ocrx_word' id='word_1_135' title='bbox 2615 404 2700 450; x_wconf 87' lang='lat' dir='ltr'><strong>est</strong></span> <span class='ocrx_word' id='word_1_136' title='bbox 2726 395 2881 449; x_wconf 88' lang='lat' dir='ltr'><strong>nobis</strong></span> <span class='ocrx_word' id='word_1_137' title='bbox 2908 412 2921 448; x_wconf 86' lang='lat'><strong>;</strong></span> <span class='ocrx_word' id='word_1_138' title='bbox 2953 396 2995 447; x_wconf 89' lang='lat' dir='ltr'><strong>si</strong></span> <span class='ocrx_word' id='word_1_139' title='bbox 3040 394 3165 464; x_wconf 91' lang='lat' dir='ltr'><strong>quid</strong></span> <span class='ocrx_word' id='word_1_140' title='bbox 3196 399 3516 458; x_wconf 70' lang='lat' dir='ltr'><strong>CIIIBI‘SL‘I‘ll,</strong></span> <span class='ocrx_word' id='word_1_141' title='bbox 3549 395 3693 462; x_wconf 86' lang='lat' dir='ltr'><strong>quod</strong></span> <span class='ocrx_word' id='word_1_142' title='bbox 3726 394 3863 449; x_wconf 77' lang='lat' dir='ltr'><strong>vires</strong></span> 
     </span>
    </p>
   </div>
   <div class='ocr_carea' id='block_1_18' title="bbox 2279 488 3858 559">
    <p class='ocr_par' dir='ltr' id='par_1_18' title="bbox 2279 488 3858 559">
     <span class='ocr_line' id='line_1_18' title="bbox 2279 488 3858 559; baseline -0.001 -16"><span class='ocrx_word' id='word_1_143' title='bbox 2279 500 2573 554; x_wconf 71' lang='lat' dir='ltr'><strong>csaininct,</strong></span> <span class='ocrx_word' id='word_1_144' title='bbox 2607 490 2749 559; x_wconf 87' lang='lat' dir='ltr'><strong>quod</strong></span> <span class='ocrx_word' id='word_1_145' title='bbox 2798 490 3034 543; x_wconf 70' lang='lat' dir='ltr'><strong>membra</strong></span> <span class='ocrx_word' id='word_1_146' title='bbox 3089 490 3381 555; x_wconf 63' lang='lat' dir='ltr'><strong>concutiat,</strong></span> <span class='ocrx_word' id='word_1_147' title='bbox 3434 488 3577 558; x_wconf 82' lang='lat' dir='ltr'><strong>quod</strong></span> <span class='ocrx_word' id='word_1_148' title='bbox 3626 490 3858 542; x_wconf 69' lang='lat' dir='ltr'><strong>animam</strong></span> 
     </span>
    </p>
   </div>
   <div class='ocr_carea' id='block_1_19' title="bbox 2278 580 3859 651">
    <p class='ocr_par' dir='ltr' id='par_1_19' title="bbox 2278 580 3859 651">
     <span class='ocr_line' id='line_1_19' title="bbox 2278 580 3859 651; baseline 0 -17"><span class='ocrx_word' id='word_1_149' title='bbox 2278 585 2465 651; x_wconf 86' lang='lat' dir='ltr'><strong>probet</strong></span> <span class='ocrx_word' id='word_1_150' title='bbox 2497 600 2509 636; x_wconf 89' lang='lat'><strong>:</strong></span> <span class='ocrx_word' id='word_1_151' title='bbox 2539 582 2694 651; x_wconf 86' lang='lat' dir='ltr'><strong>quasi</strong></span> <span class='ocrx_word' id='word_1_152' title='bbox 2737 584 3081 637; x_wconf 67' lang='lat' dir='ltr'><strong>occisionem</strong></span> <span class='ocrx_word' id='word_1_153' title='bbox 3111 596 3291 634; x_wconf 86' lang='lat' dir='ltr'><strong>tuunct</strong></span> <span class='ocrx_word' id='word_1_154' title='bbox 3311 580 3354 632; x_wconf 82' lang='lat' dir='ltr'><strong>is</strong></span> <span class='ocrx_word' id='word_1_155' title='bbox 3382 581 3707 648; x_wconf 64' lang='lat' dir='ltr'><strong>arerianius</strong></span> <span class='ocrx_word' id='word_1_156' title='bbox 3751 597 3859 634; x_wconf 80' lang='lat' dir='ltr'><strong>ant-</strong></span> 
     </span>
    </p>
   </div>
   <div class='ocr_carea' id='block_1_20' title="bbox 2277 674 3854 746">
    <p class='ocr_par' dir='ltr' id='par_1_20' title="bbox 2277 674 3854 746">
     <span class='ocr_line' id='line_1_20' title="bbox 2277 674 3854 746; baseline 0.002 -19"><span class='ocrx_word' id='word_1_157' title='bbox 2277 678 2435 746; x_wconf 77' lang='lat' dir='ltr'><strong>plexu</strong></span> <span class='ocrx_word' id='word_1_158' title='bbox 2461 674 2693 731; x_wconf 81' lang='lat' dir='ltr'><strong>virtutis.</strong></span> <span class='ocrx_word' id='word_1_159' title='bbox 2724 677 2797 730; x_wconf 87' lang='lat' dir='ltr'><strong>Ita</strong></span> <span class='ocrx_word' id='word_1_160' title='bbox 2823 676 2986 732; x_wconf 80' lang='lat' dir='ltr'><strong>debet</strong></span> <span class='ocrx_word' id='word_1_161' title='bbox 3010 690 3129 730; x_wconf 86' lang='lat' dir='ltr'><strong>csse</strong></span> <span class='ocrx_word' id='word_1_162' title='bbox 3159 675 3320 729; x_wconf 88' lang='lat' dir='ltr'><strong>animi</strong></span> <span class='ocrx_word' id='word_1_163' title='bbox 3344 674 3635 729; x_wconf 79' lang='lat' dir='ltr'><strong>immobilis</strong></span> <span class='ocrx_word' id='word_1_164' title='bbox 3658 677 3854 743; x_wconf 84' lang='lat' dir='ltr'><strong>virtus,</strong></span> 
     </span>
    </p>
   </div>
   <div class='ocr_carea' id='block_1_21' title="bbox 2272 769 3855 840">
    <p class='ocr_par' dir='ltr' id='par_1_21' title="bbox 2272 769 3855 840">
     <span class='ocr_line' id='line_1_21' title="bbox 2272 769 3855 840; baseline 0 -17"><span class='ocrx_word' id='word_1_165' title='bbox 2272 782 2431 840; x_wconf 87' lang='lat' dir='ltr'><strong>atque</strong></span> <span class='ocrx_word' id='word_1_166' title='bbox 2456 775 2651 826; x_wconf 77' lang='lat' dir='ltr'><strong>utentis</strong></span> <span class='ocrx_word' id='word_1_167' title='bbox 2683 772 3019 826; x_wconf 77' lang='lat' dir='ltr'><strong>inconcussa:</strong></span> <span class='ocrx_word' id='word_1_168' title='bbox 3049 769 3215 823; x_wconf 87' lang='lat' dir='ltr'><strong>robur</strong></span> <span class='ocrx_word' id='word_1_169' title='bbox 3248 769 3528 835; x_wconf 84' lang='lat' dir='ltr'><strong>invictum,</strong></span> <span class='ocrx_word' id='word_1_170' title='bbox 3574 780 3631 823; x_wconf 90' lang='lat' dir='ltr'><strong>ut</strong></span> <span class='ocrx_word' id='word_1_171' title='bbox 3653 778 3743 824; x_wconf 90' lang='lat' dir='ltr'><strong>est</strong></span> <span class='ocrx_word' id='word_1_172' title='bbox 3770 786 3855 840; x_wconf 60' lang='lat' dir='ltr'><strong>pe.</strong></span> 
     </span>
    </p>
   </div>
   <div class='ocr_carea' id='block_1_22' title="bbox 2274 863 3855 933">
    <p class='ocr_par' dir='ltr' id='par_1_22' title="bbox 2274 863 3855 933">
     <span class='ocr_line' id='line_1_22' title="bbox 2274 863 3855 933; baseline 0 -16"><span class='ocrx_word' id='word_1_173' title='bbox 2274 871 2355 917; x_wconf 88' lang='lat' dir='ltr'><strong>tra</strong></span> <span class='ocrx_word' id='word_1_174' title='bbox 2388 865 2438 917; x_wconf 90' lang='lat' dir='ltr'><strong>in</strong></span> <span class='ocrx_word' id='word_1_175' title='bbox 2469 867 2627 932; x_wconf 87' lang='lat' dir='ltr'><strong>mari,</strong></span> <span class='ocrx_word' id='word_1_176' title='bbox 2659 880 2817 933; x_wconf 85' lang='lat' dir='ltr'><strong>quam</strong></span> <span class='ocrx_word' id='word_1_177' title='bbox 2851 864 2991 918; x_wconf 88' lang='lat' dir='ltr'><strong>inter</strong></span> <span class='ocrx_word' id='word_1_178' title='bbox 3014 864 3208 918; x_wconf 89' lang='lat' dir='ltr'><strong>fluctus</strong></span> <span class='ocrx_word' id='word_1_179' title='bbox 3227 874 3417 917; x_wconf 89' lang='lat' dir='ltr'><strong>natura</strong></span> <span class='ocrx_word' id='word_1_180' title='bbox 3447 863 3714 930; x_wconf 85' lang='lat' dir='ltr'><strong>fundavit,</strong></span> <span class='ocrx_word' id='word_1_181' title='bbox 3740 881 3855 933; x_wconf 78' lang='lat' dir='ltr'><strong>qua:</strong></span> 
     </span>
    </p>
   </div>
   <div class='ocr_carea' id='block_1_23' title="bbox 2274 957 3855 1027">
    <p class='ocr_par' dir='ltr' id='par_1_23' title="bbox 2274 957 3855 1027">
     <span class='ocr_line' id='line_1_23' title="bbox 2274 957 3855 1027; baseline -0.001 -13"><span class='ocrx_word' id='word_1_182' title='bbox 2274 962 2538 1015; x_wconf 88' lang='lat' dir='ltr'><strong>undarum</strong></span> <span class='ocrx_word' id='word_1_183' title='bbox 2569 959 2891 1019; x_wconf 84' lang='lat' dir='ltr'><strong>tumentium</strong></span> <span class='ocrx_word' id='word_1_184' title='bbox 2914 958 3198 1015; x_wconf 85' lang='lat' dir='ltr'><strong>collisione</strong></span> <span class='ocrx_word' id='word_1_185' title='bbox 3218 957 3486 1027; x_wconf 90' lang='lat' dir='ltr'><strong>frequenti</strong></span> <span class='ocrx_word' id='word_1_186' title='bbox 3502 959 3739 1027; x_wconf 85' lang='lat' dir='ltr'><strong>vapulat,</strong></span> <span class='ocrx_word' id='word_1_187' title='bbox 3759 974 3855 1014; x_wconf 86' lang='lat' dir='ltr'><strong>nec</strong></span> 
     </span>
    </p>
   </div>
   <div class='ocr_carea' id='block_1_24' title="bbox 2273 1050 3854 1122">
    <p class='ocr_par' dir='ltr' id='par_1_24' title="bbox 2273 1050 3854 1122">
     <span class='ocr_line' id='line_1_24' title="bbox 2273 1050 3854 1122; baseline -0.001 -15"><span class='ocrx_word' id='word_1_188' title='bbox 2273 1062 2540 1109; x_wconf 89' lang='lat' dir='ltr'><strong>movetur.</strong></span> <span class='ocrx_word' id='word_1_189' title='bbox 2575 1053 2760 1122; x_wconf 81' lang='lat' dir='ltr'><strong>Itaque</strong></span> <span class='ocrx_word' id='word_1_190' title='bbox 2811 1051 2902 1105; x_wconf 92' lang='lat' dir='ltr'><strong>ubi</strong></span> <span class='ocrx_word' id='word_1_191' title='bbox 2936 1051 3208 1106; x_wconf 82' lang='lat' dir='ltr'><strong>hominem</strong></span> <span class='ocrx_word' id='word_1_192' title='bbox 3258 1053 3483 1105; x_wconf 82' lang='lat' dir='ltr'><strong>adversa</strong></span> <span class='ocrx_word' id='word_1_193' title='bbox 3523 1052 3572 1105; x_wconf 87' lang='lat' dir='ltr'><strong>iti</strong></span> <span class='ocrx_word' id='word_1_194' title='bbox 3607 1050 3854 1121; x_wconf 66' lang='lat' dir='ltr'><strong>prxclium</strong></span> 
     </span>
    </p>
   </div>
   <div class='ocr_carea' id='block_1_25' title="bbox 2276 1144 3852 1217">
    <p class='ocr_par' dir='ltr' id='par_1_25' title="bbox 2276 1144 3852 1217">
     <span class='ocr_line' id='line_1_25' title="bbox 2276 1144 3852 1217; baseline -0.001 -16"><span class='ocrx_word' id='word_1_195' title='bbox 2276 1156 2555 1217; x_wconf 78' lang='lat' dir='ltr'><strong>provocat,</strong></span> <span class='ocrx_word' id='word_1_196' title='bbox 2590 1156 2645 1200; x_wconf 93' lang='lat' dir='ltr'><strong>et</strong></span> <span class='ocrx_word' id='word_1_197' title='bbox 2675 1145 2726 1199; x_wconf 91' lang='lat' dir='ltr'><strong>in</strong></span> <span class='ocrx_word' id='word_1_198' title='bbox 2760 1156 3032 1200; x_wconf 79' lang='lat' dir='ltr'><strong>certamen</strong></span> <span class='ocrx_word' id='word_1_199' title='bbox 3072 1144 3348 1199; x_wconf 89' lang='lat' dir='ltr'><strong>calamitas</strong></span> <span class='ocrx_word' id='word_1_200' title='bbox 3376 1153 3531 1214; x_wconf 92' lang='lat' dir='ltr'><strong>urget</strong></span> <span class='ocrx_word' id='word_1_201' title='bbox 3572 1154 3626 1199; x_wconf 88' lang='lat' dir='ltr'><strong>ct</strong></span> <span class='ocrx_word' id='word_1_202' title='bbox 3666 1146 3852 1214; x_wconf 83' lang='lat' dir='ltr'><strong>cOgit,</strong></span> 
     </span>
    </p>
   </div>
   <div class='ocr_carea' id='block_1_26' title="bbox 2273 1240 3855 1311">
    <p class='ocr_par' dir='ltr' id='par_1_26' title="bbox 2273 1240 3855 1311">
     <span class='ocr_line' id='line_1_26' title="bbox 2273 1240 3855 1311; baseline -0.001 -16"><span class='ocrx_word' id='word_1_203' title='bbox 2273 1244 2485 1298; x_wconf 85' lang='lat' dir='ltr'><strong>animus</strong></span> <span class='ocrx_word' id='word_1_204' title='bbox 2510 1241 2638 1295; x_wconf 82' lang='lat' dir='ltr'><strong>felix</strong></span> <span class='ocrx_word' id='word_1_205' title='bbox 2668 1242 2884 1296; x_wconf 88' lang='lat' dir='ltr'><strong>virtutis</strong></span> <span class='ocrx_word' id='word_1_206' title='bbox 2906 1242 3095 1311; x_wconf 81' lang='lat' dir='ltr'><strong>clypeo</strong></span> <span class='ocrx_word' id='word_1_207' title='bbox 3122 1240 3382 1309; x_wconf 89' lang='lat' dir='ltr'><strong>producat</strong></span> <span class='ocrx_word' id='word_1_208' title='bbox 3408 1248 3694 1302; x_wconf 89' lang='lat' dir='ltr'><strong>armatum,</strong></span> <span class='ocrx_word' id='word_1_209' title='bbox 3716 1255 3855 1307; x_wconf 72' lang='lat' dir='ltr'><strong>prte-</strong></span> 
     </span>
    </p>
   </div>
   <div class='ocr_carea' id='block_1_27' title="bbox 2270 1331 3858 1404">
    <p class='ocr_par' dir='ltr' id='par_1_27' title="bbox 2270 1331 3858 1404">
     <span class='ocr_line' id='line_1_27' title="bbox 2270 1331 3858 1404; baseline -0.003 -15"><span class='ocrx_word' id='word_1_210' title='bbox 2270 1346 2485 1404; x_wconf 81' lang='lat' dir='ltr'><strong>stetque</strong></span> <span class='ocrx_word' id='word_1_211' title='bbox 2522 1333 2663 1389; x_wconf 85' lang='lat' dir='ltr'><strong>inter</strong></span> <span class='ocrx_word' id='word_1_212' title='bbox 2692 1333 2927 1403; x_wconf 83' lang='lat' dir='ltr'><strong>pericula</strong></span> <span class='ocrx_word' id='word_1_213' title='bbox 2956 1344 3128 1387; x_wconf 90' lang='lat' dir='ltr'><strong>tutum</strong></span> <span class='ocrx_word' id='word_1_214' title='bbox 3160 1342 3215 1387; x_wconf 86' lang='lat' dir='ltr'><strong>et</strong></span> <span class='ocrx_word' id='word_1_215' title='bbox 3244 1348 3515 1393; x_wconf 85' lang='lat' dir='ltr'><strong>securum,</strong></span> <span class='ocrx_word' id='word_1_216' title='bbox 3544 1331 3684 1385; x_wconf 86' lang='lat' dir='ltr'><strong>inter</strong></span> <span class='ocrx_word' id='word_1_217' title='bbox 3714 1331 3858 1385; x_wconf 79' lang='lat' dir='ltr'><strong>infe-</strong></span> 
     </span>
    </p>
   </div>
   <div class='ocr_carea' id='block_1_28' title="bbox 2274 1423 3849 1494">
    <p class='ocr_par' dir='ltr' id='par_1_28' title="bbox 2274 1423 3849 1494">
     <span class='ocr_line' id='line_1_28' title="bbox 2274 1423 3849 1494; baseline -0.004 -13"><span class='ocrx_word' id='word_1_218' title='bbox 2274 1427 2403 1482; x_wconf 85' lang='lat' dir='ltr'><strong>licia</strong></span> <span class='ocrx_word' id='word_1_219' title='bbox 2427 1444 2482 1483; x_wconf 42' lang='lat' dir='ltr'><strong>os</strong></span> <span class='ocrx_word' id='word_1_220' title='bbox 2495 1428 2678 1482; x_wconf 88' lang='lat' dir='ltr'><strong>tendat</strong></span> <span class='ocrx_word' id='word_1_221' title='bbox 2696 1426 2938 1490; x_wconf 79' lang='lat' dir='ltr'><strong>felicem,</strong></span> <span class='ocrx_word' id='word_1_222' title='bbox 2964 1426 3103 1480; x_wconf 88' lang='lat' dir='ltr'><strong>inter</strong></span> <span class='ocrx_word' id='word_1_223' title='bbox 3129 1439 3358 1494; x_wconf 82' lang='lat' dir='ltr'><strong>angores</strong></span> <span class='ocrx_word' id='word_1_224' title='bbox 3378 1423 3622 1479; x_wconf 71' lang='lat' dir='ltr'><strong>exhibeat</strong></span> <span class='ocrx_word' id='word_1_225' title='bbox 3638 1424 3849 1486; x_wconf 69' lang='lat' dir='ltr'><strong>Initum,</strong></span> 
     </span>
    </p>
   </div>
   <div class='ocr_carea' id='block_1_29' title="bbox 2269 1518 3853 1590">
    <p class='ocr_par' dir='ltr' id='par_1_29' title="bbox 2269 1518 3853 1590">
     <span class='ocr_line' id='line_1_29' title="bbox 2269 1518 3853 1590; baseline -0.001 -15"><span class='ocrx_word' id='word_1_226' title='bbox 2269 1521 2411 1578; x_wconf 89' lang='lat' dir='ltr'><strong>inter</strong></span> <span class='ocrx_word' id='word_1_227' title='bbox 2443 1522 2713 1575; x_wconf 76' lang='lat' dir='ltr'><strong>morbidus</strong></span> <span class='ocrx_word' id='word_1_228' title='bbox 2744 1520 3086 1590; x_wconf 68' lang='lat' dir='ltr'><strong>aegritudines</strong></span> <span class='ocrx_word' id='word_1_229' title='bbox 3122 1534 3310 1573; x_wconf 79' lang='lat' dir='ltr'><strong>Sanum</strong></span> <span class='ocrx_word' id='word_1_230' title='bbox 3345 1537 3356 1570; x_wconf 90' lang='lat'><strong>:</strong></span> <span class='ocrx_word' id='word_1_231' title='bbox 3387 1518 3685 1588; x_wconf 67' lang='lat' dir='ltr'><strong>efficiatque</strong></span> <span class='ocrx_word' id='word_1_232' title='bbox 3732 1534 3853 1573; x_wconf 80' lang='lat' dir='ltr'><strong>sus-</strong></span> 
     </span>
    </p>
   </div>
   <div class='ocr_carea' id='block_1_30' title="bbox 2272 1611 3850 1686">
    <p class='ocr_par' dir='ltr' id='par_1_30' title="bbox 2272 1611 3850 1686">
     <span class='ocr_line' id='line_1_30' title="bbox 2272 1611 3850 1686; baseline -0.004 -16"><span class='ocrx_word' id='word_1_233' title='bbox 2272 1617 2521 1671; x_wconf 71' lang='lat' dir='ltr'><strong>tineutize</strong></span> <span class='ocrx_word' id='word_1_234' title='bbox 2546 1616 2749 1686; x_wconf 85' lang='lat' dir='ltr'><strong>jaculo,</strong></span> <span class='ocrx_word' id='word_1_235' title='bbox 2781 1618 2917 1669; x_wconf 83' lang='lat' dir='ltr'><strong>victa</strong></span> <span class='ocrx_word' id='word_1_236' title='bbox 2948 1614 3273 1679; x_wconf 83' lang='lat' dir='ltr'><strong>calamitate,</strong></span> <span class='ocrx_word' id='word_1_237' title='bbox 3304 1612 3583 1667; x_wconf 76' lang='lat' dir='ltr'><strong>victorem.</strong></span> <span class='ocrx_word' id='word_1_238' title='bbox 3613 1611 3850 1680; x_wconf 87' lang='lat' dir='ltr'><strong>Supera-</strong></span> 
     </span>
    </p>
   </div>
   <div class='ocr_carea' id='block_1_31' title="bbox 588 1698 3849 1784">
    <p class='ocr_par' dir='ltr' id='par_1_31' title="bbox 588 1698 3849 1784">
     <span class='ocr_line' id='line_1_31' title="bbox 588 1698 3849 1784; baseline -0.003 -18"><span class='ocrx_word' id='word_1_239' title='bbox 588 1728 709 1782; x_wconf 69' lang='lat' dir='ltr'><strong>qua:</strong></span> <span class='ocrx_word' id='word_1_240' title='bbox 738 1728 901 1767; x_wconf 89' lang='lat' dir='ltr'><strong>omne</strong></span> <span class='ocrx_word' id='word_1_241' title='bbox 927 1713 1071 1784; x_wconf 88' lang='lat' dir='ltr'><strong>quod</strong></span> <span class='ocrx_word' id='word_1_242' title='bbox 1096 1715 1337 1777; x_wconf 88' lang='lat' dir='ltr'><strong>timetur,</strong></span> <span class='ocrx_word' id='word_1_243' title='bbox 1383 1710 1484 1765; x_wconf 78' lang='lat' dir='ltr'><strong>sub</strong></span> <span class='ocrx_word' id='word_1_244' title='bbox 1514 1725 1575 1765; x_wconf 89' lang='lat' dir='ltr'><strong>se</strong></span> <span class='ocrx_word' id='word_1_245' title='bbox 1599 1708 1775 1764; x_wconf 84' lang='lat' dir='ltr'><strong>cernit</strong></span> <span class='ocrx_word' id='word_1_246' title='bbox 1802 1708 1991 1761; x_wconf 88' lang='lat' dir='ltr'><strong>elisum</strong></span> <span class='ocrx_word' id='word_1_247' title='bbox 2012 1748 2026 1773; x_wconf 94' lang='lat'><strong>,</strong></span> <span class='ocrx_word' id='word_1_248' title='bbox 2063 1715 2165 1759; x_wconf 80' lang='lat' dir='ltr'><strong>tra-</strong></span> <span class='ocrx_word' id='word_1_249' title='bbox 2200 1698 2245 1759; x_wconf 79' lang='grc' dir='ltr'><strong>Β</strong></span> <span class='ocrx_word' id='word_1_250' title='bbox 2276 1721 2362 1764; x_wconf 93' lang='lat' dir='ltr'><strong>tur</strong></span> <span class='ocrx_word' id='word_1_251' title='bbox 2393 1709 2532 1764; x_wconf 89' lang='lat' dir='ltr'><strong>enim</strong></span> <span class='ocrx_word' id='word_1_252' title='bbox 2566 1708 2793 1762; x_wconf 84' lang='lat' dir='ltr'><strong>morbus</strong></span> <span class='ocrx_word' id='word_1_253' title='bbox 2818 1708 2873 1760; x_wconf 89' lang='lat' dir='ltr'><strong>in</strong></span> <span class='ocrx_word' id='word_1_254' title='bbox 2898 1721 3151 1776; x_wconf 83' lang='lat' dir='ltr'><strong>corpore,</strong></span> <span class='ocrx_word' id='word_1_255' title='bbox 3183 1708 3227 1759; x_wconf 94' lang='lat' dir='ltr'><strong>si</strong></span> <span class='ocrx_word' id='word_1_256' title='bbox 3252 1704 3422 1760; x_wconf 89' lang='lat' dir='ltr'><strong>discat</strong></span> <span class='ocrx_word' id='word_1_257' title='bbox 3451 1705 3661 1758; x_wconf 88' lang='lat' dir='ltr'><strong>animus</strong></span> <span class='ocrx_word' id='word_1_258' title='bbox 3688 1707 3849 1757; x_wconf 80' lang='lat' dir='ltr'><strong>susti-</strong></span> 
     </span>
    </p>
   </div>
   <div class='ocr_carea' id='block_1_32' title="bbox 592 1805 1320 1876">
    <p class='ocr_par' dir='ltr' id='par_1_32' title="bbox 592 1805 1320 1876">
     <span class='ocr_line' id='line_1_32' title="bbox 592 1805 1320 1876; baseline -0.003 -16"><span class='ocrx_word' id='word_1_259' title='bbox 592 1805 777 1876; x_wconf 87' lang='lat' dir='ltr'><strong>bitque</strong></span> <span class='ocrx_word' id='word_1_260' title='bbox 805 1807 1001 1861; x_wconf 91' lang='lat' dir='ltr'><strong>invicta</strong></span> <span class='ocrx_word' id='word_1_261' title='bbox 1028 1806 1320 1875; x_wconf 86' lang='lat' dir='ltr'><strong>captivum.</strong></span> 
     </span>
    </p>
   </div>
   <div class='ocr_carea' id='block_1_33' title="bbox 662 1889 2161 1962">
    <p class='ocr_par' dir='ltr' id='par_1_33' title="bbox 662 1889 2161 1962">
     <span class='ocr_line' id='line_1_33' title="bbox 662 1889 2161 1962; baseline -0.005 -11"><span class='ocrx_word' id='word_1_262' title='bbox 662 1899 729 1952; x_wconf 72' lang='grc' dir='ltr'><strong>ν.</strong></span> <span class='ocrx_word' id='word_1_263' title='bbox 773 1899 867 1953; x_wconf 84' lang='lat' dir='ltr'><strong>Est</strong></span> <span class='ocrx_word' id='word_1_264' title='bbox 920 1900 1121 1952; x_wconf 87' lang='lat' dir='ltr'><strong>interea</strong></span> <span class='ocrx_word' id='word_1_265' title='bbox 1167 1896 1424 1952; x_wconf 55' lang='lat' dir='ltr'><strong>sarculum</strong></span> <span class='ocrx_word' id='word_1_266' title='bbox 1452 1935 1466 1957; x_wconf 88' lang='lat'><strong>.</strong></span> <span class='ocrx_word' id='word_1_267' title='bbox 1497 1904 1557 1950; x_wconf 87' lang='lat' dir='ltr'><strong>ut</strong></span> <span class='ocrx_word' id='word_1_268' title='bbox 1587 1904 1669 1949; x_wconf 88' lang='lat' dir='ltr'><strong>est</strong></span> <span class='ocrx_word' id='word_1_269' title='bbox 1698 1908 1846 1948; x_wconf 88' lang='lat' dir='ltr'><strong>mare</strong></span> <span class='ocrx_word' id='word_1_270' title='bbox 1876 1889 2161 1962; x_wconf 85' lang='lat' dir='ltr'><strong>impatiens</strong></span> 
     </span>
    </p>
   </div>
   <div class='ocr_carea' id='block_1_34' title="bbox 592 1984 2160 2057">
    <p class='ocr_par' dir='ltr' id='par_1_34' title="bbox 592 1984 2160 2057">
     <span class='ocr_line' id='line_1_34' title="bbox 592 1984 2160 2057; baseline -0.006 -10"><span class='ocrx_word' id='word_1_271' title='bbox 592 2000 785 2048; x_wconf 83' lang='lat' dir='ltr'><strong>natura</strong></span> <span class='ocrx_word' id='word_1_272' title='bbox 815 2032 830 2056; x_wconf 95' lang='lat'><strong>,</strong></span> <span class='ocrx_word' id='word_1_273' title='bbox 883 2000 939 2045; x_wconf 91' lang='lat' dir='ltr'><strong>et</strong></span> <span class='ocrx_word' id='word_1_274' title='bbox 967 1992 1083 2045; x_wconf 86' lang='lat' dir='ltr'><strong>sine</strong></span> <span class='ocrx_word' id='word_1_275' title='bbox 1112 1990 1287 2045; x_wconf 85' lang='lat' dir='ltr'><strong>ventis</strong></span> <span class='ocrx_word' id='word_1_276' title='bbox 1318 1988 1559 2043; x_wconf 89' lang='lat' dir='ltr'><strong>inflatum</strong></span> <span class='ocrx_word' id='word_1_277' title='bbox 1586 2029 1600 2051; x_wconf 92' lang='lat'><strong>,</strong></span> <span class='ocrx_word' id='word_1_278' title='bbox 1632 1988 1847 2057; x_wconf 79' lang='lat' dir='ltr'><strong>erigens</strong></span> <span class='ocrx_word' id='word_1_279' title='bbox 1873 1986 2076 2040; x_wconf 78' lang='lat' dir='ltr'><strong>scilicet</strong></span> <span class='ocrx_word' id='word_1_280' title='bbox 2106 1984 2160 2038; x_wconf 89' lang='lat' dir='ltr'><strong>in</strong></span> 
     </span>
    </p>
   </div>
   <div class='ocr_carea' id='block_1_35' title="bbox 587 2078 2157 2154">
    <p class='ocr_par' dir='ltr' id='par_1_35' title="bbox 587 2078 2157 2154">
     <span class='ocr_line' id='line_1_35' title="bbox 587 2078 2157 2154; baseline -0.004 -17"><span class='ocrx_word' id='word_1_281' title='bbox 587 2084 699 2153; x_wconf 89' lang='lat' dir='ltr'><strong>ipsa</strong></span> <span class='ocrx_word' id='word_1_282' title='bbox 734 2082 1128 2154; x_wconf 86' lang='lat' dir='ltr'><strong>tranquillitate</strong></span> <span class='ocrx_word' id='word_1_283' title='bbox 1159 2082 1401 2137; x_wconf 87' lang='lat' dir='ltr'><strong>minaces</strong></span> <span class='ocrx_word' id='word_1_284' title='bbox 1448 2090 1611 2150; x_wconf 90' lang='lat' dir='ltr'><strong>atque</strong></span> <span class='ocrx_word' id='word_1_285' title='bbox 1639 2078 1914 2134; x_wconf 86' lang='lat' dir='ltr'><strong>terribiles</strong></span> <span class='ocrx_word' id='word_1_286' title='bbox 1944 2078 2157 2138; x_wconf 87' lang='lat' dir='ltr'><strong>fluctus,</strong></span> 
     </span>
    </p>
   </div>
   <div class='ocr_carea' id='block_1_36' title="bbox 581 2172 2159 2249">
    <p class='ocr_par' dir='ltr' id='par_1_36' title="bbox 581 2172 2159 2249">
     <span class='ocr_line' id='line_1_36' title="bbox 581 2172 2159 2249; baseline -0.005 -18"><span class='ocrx_word' id='word_1_287' title='bbox 581 2177 724 2249; x_wconf 91' lang='lat' dir='ltr'><strong>quod</strong></span> <span class='ocrx_word' id='word_1_288' title='bbox 772 2176 894 2232; x_wconf 89' lang='lat' dir='ltr'><strong>licet</strong></span> <span class='ocrx_word' id='word_1_289' title='bbox 936 2191 1183 2231; x_wconf 82' lang='lat' dir='ltr'><strong>sessores</strong></span> <span class='ocrx_word' id='word_1_290' title='bbox 1237 2191 1341 2230; x_wconf 88' lang='lat' dir='ltr'><strong>non</strong></span> <span class='ocrx_word' id='word_1_291' title='bbox 1391 2185 1585 2229; x_wconf 80' lang='lat' dir='ltr'><strong>noceat</strong></span> <span class='ocrx_word' id='word_1_292' title='bbox 1613 2188 1762 2238; x_wconf 90' lang='lat' dir='ltr'><strong>suos,</strong></span> <span class='ocrx_word' id='word_1_293' title='bbox 1796 2172 1955 2225; x_wconf 85' lang='lat' dir='ltr'><strong>habet</strong></span> <span class='ocrx_word' id='word_1_294' title='bbox 1982 2179 2159 2223; x_wconf 89' lang='lat' dir='ltr'><strong>tamen</strong></span> 
     </span>
    </p>
   </div>
   <div class='ocr_carea' id='block_1_37' title="bbox 581 2263 2159 2340">
    <p class='ocr_par' dir='ltr' id='par_1_37' title="bbox 581 2263 2159 2340">
     <span class='ocr_line' id='line_1_37' title="bbox 581 2263 2159 2340; baseline -0.005 -17"><span class='ocrx_word' id='word_1_295' title='bbox 581 2270 781 2340; x_wconf 88' lang='lat' dir='ltr'><strong>aliquid</strong></span> <span class='ocrx_word' id='word_1_296' title='bbox 812 2263 1119 2324; x_wconf 77' lang='lat' dir='ltr'><strong>formidinis</strong></span> <span class='ocrx_word' id='word_1_297' title='bbox 1140 2270 1299 2324; x_wconf 88' lang='lat' dir='ltr'><strong>etiam</strong></span> <span class='ocrx_word' id='word_1_298' title='bbox 1330 2267 1547 2322; x_wconf 78' lang='lat' dir='ltr'><strong>innoxia</strong></span> <span class='ocrx_word' id='word_1_299' title='bbox 1574 2266 1911 2335; x_wconf 83' lang='lat' dir='ltr'><strong>magnitudo,</strong></span> <span class='ocrx_word' id='word_1_300' title='bbox 1937 2281 2034 2317; x_wconf 88' lang='lat' dir='ltr'><strong>nec</strong></span> <span class='ocrx_word' id='word_1_301' title='bbox 2067 2279 2159 2315; x_wconf 86' lang='lat' dir='ltr'><strong>na-</strong></span> 
     </span>
    </p>
   </div>
   <div class='ocr_carea' id='block_1_38' title="bbox 580 2357 2158 2431">
    <p class='ocr_par' dir='ltr' id='par_1_38' title="bbox 580 2357 2158 2431">
     <span class='ocr_line' id='line_1_38' title="bbox 580 2357 2158 2431; baseline -0.003 -19"><span class='ocrx_word' id='word_1_302' title='bbox 580 2362 894 2431; x_wconf 81' lang='lat' dir='ltr'><strong>vigantibus</strong></span> <span class='ocrx_word' id='word_1_303' title='bbox 916 2361 1110 2415; x_wconf 82' lang='lat' dir='ltr'><strong>desunt</strong></span> <span class='ocrx_word' id='word_1_304' title='bbox 1135 2359 1449 2415; x_wconf 87' lang='lat' dir='ltr'><strong>formidines</strong></span> <span class='ocrx_word' id='word_1_305' title='bbox 1478 2358 1790 2427; x_wconf 85' lang='lat' dir='ltr'><strong>frequenter</strong></span> <span class='ocrx_word' id='word_1_306' title='bbox 1811 2367 1863 2410; x_wconf 88' lang='lat' dir='ltr'><strong>et</strong></span> <span class='ocrx_word' id='word_1_307' title='bbox 1893 2357 2027 2409; x_wconf 88' lang='lat' dir='ltr'><strong>ictus</strong></span> <span class='ocrx_word' id='word_1_308' title='bbox 2058 2370 2158 2407; x_wconf 90' lang='lat' dir='ltr'><strong>un-</strong></span> 
     </span>
    </p>
   </div>
   <div class='ocr_carea' id='block_1_39' title="bbox 579 2450 2156 2524">
    <p class='ocr_par' dir='ltr' id='par_1_39' title="bbox 579 2450 2156 2524">
     <span class='ocr_line' id='line_1_39' title="bbox 579 2450 2156 2524; baseline -0.007 -15"><span class='ocrx_word' id='word_1_309' title='bbox 579 2454 791 2509; x_wconf 88' lang='lat' dir='ltr'><strong>darum.</strong></span> <span class='ocrx_word' id='word_1_310' title='bbox 833 2454 1135 2524; x_wconf 85' lang='lat' dir='ltr'><strong>Numquam</strong></span> <span class='ocrx_word' id='word_1_311' title='bbox 1186 2454 1418 2520; x_wconf 88' lang='lat' dir='ltr'><strong>denique</strong></span> <span class='ocrx_word' id='word_1_312' title='bbox 1464 2450 1796 2519; x_wconf 84' lang='lat' dir='ltr'><strong>gubernator</strong></span> <span class='ocrx_word' id='word_1_313' title='bbox 1836 2459 1975 2501; x_wconf 86' lang='lat' dir='ltr'><strong>totos</strong></span> <span class='ocrx_word' id='word_1_314' title='bbox 2005 2451 2156 2500; x_wconf 86' lang='lat' dir='ltr'><strong>sinus</strong></span> 
     </span>
    </p>
   </div>
   <div class='ocr_carea' id='block_1_40' title="bbox 580 2540 2154 2615">
    <p class='ocr_par' dir='ltr' id='par_1_40' title="bbox 580 2540 2154 2615">
     <span class='ocr_line' id='line_1_40' title="bbox 580 2540 2154 2615; baseline -0.006 -15"><span class='ocrx_word' id='word_1_315' title='bbox 580 2562 806 2602; x_wconf 88' lang='lat' dir='ltr'><strong>securus</strong></span> <span class='ocrx_word' id='word_1_316' title='bbox 856 2546 1133 2615; x_wconf 78' lang='lat' dir='ltr'><strong>explicuit.</strong></span> <span class='ocrx_word' id='word_1_317' title='bbox 1189 2544 1254 2597; x_wconf 75' lang='lat' dir='ltr'><strong>Et</strong></span> <span class='ocrx_word' id='word_1_318' title='bbox 1300 2544 1351 2595; x_wconf 89' lang='lat' dir='ltr'><strong>in</strong></span> <span class='ocrx_word' id='word_1_319' title='bbox 1394 2542 1497 2595; x_wconf 91' lang='lat' dir='ltr'><strong>hoc</strong></span> <span class='ocrx_word' id='word_1_320' title='bbox 1540 2540 1739 2595; x_wconf 90' lang='lat' dir='ltr'><strong>mundo</strong></span> <span class='ocrx_word' id='word_1_321' title='bbox 1771 2541 1860 2607; x_wconf 88' lang='lat' dir='ltr'><strong>qui</strong></span> <span class='ocrx_word' id='word_1_322' title='bbox 1883 2540 2154 2609; x_wconf 83' lang='lat' dir='ltr'><strong>fragosum</strong></span> 
     </span>
    </p>
   </div>
   <div class='ocr_carea' id='block_1_41' title="bbox 579 2631 2155 2705">
    <p class='ocr_par' dir='ltr' id='par_1_41' title="bbox 579 2631 2155 2705">
     <span class='ocr_line' id='line_1_41' title="bbox 579 2631 2155 2705; baseline -0.006 -12"><span class='ocrx_word' id='word_1_323' title='bbox 579 2640 711 2693; x_wconf 71' lang='lat' dir='ltr'><strong>vita:</strong></span> <span class='ocrx_word' id='word_1_324' title='bbox 762 2638 920 2705; x_wconf 81' lang='lat' dir='ltr'><strong>hujus</strong></span> <span class='ocrx_word' id='word_1_325' title='bbox 965 2646 1021 2691; x_wconf 87' lang='lat' dir='ltr'><strong>et</strong></span> <span class='ocrx_word' id='word_1_326' title='bbox 1067 2636 1339 2690; x_wconf 85' lang='lat' dir='ltr'><strong>turbidum</strong></span> <span class='ocrx_word' id='word_1_327' title='bbox 1381 2634 1673 2703; x_wconf 74' lang='lat' dir='ltr'><strong>quterimus</strong></span> <span class='ocrx_word' id='word_1_328' title='bbox 1711 2646 1949 2698; x_wconf 85' lang='lat' dir='ltr'><strong>cursum,</strong></span> <span class='ocrx_word' id='word_1_329' title='bbox 1984 2631 2155 2683; x_wconf 85' lang='lat' dir='ltr'><strong>malo-</strong></span> 
     </span>
    </p>
   </div>
   <div class='ocr_carea' id='block_1_42' title="bbox 580 2726 2155 2801">
    <p class='ocr_par' dir='ltr' id='par_1_42' title="bbox 580 2726 2155 2801">
     <span class='ocr_line' id='line_1_42' title="bbox 580 2726 2155 2801; baseline -0.006 -13"><span class='ocrx_word' id='word_1_330' title='bbox 580 2748 701 2788; x_wconf 82' lang='lat' dir='ltr'><strong>rum</strong></span> <span class='ocrx_word' id='word_1_331' title='bbox 748 2732 1016 2801; x_wconf 82' lang='lat' dir='ltr'><strong>tangimnr</strong></span> <span class='ocrx_word' id='word_1_332' title='bbox 1066 2730 1231 2783; x_wconf 83' lang='lat' dir='ltr'><strong>minis</strong></span> <span class='ocrx_word' id='word_1_333' title='bbox 1263 2730 1571 2796; x_wconf 89' lang='lat' dir='ltr'><strong>frequenter</strong></span> <span class='ocrx_word' id='word_1_334' title='bbox 1601 2737 1654 2781; x_wconf 86' lang='lat' dir='ltr'><strong>ct</strong></span> <span class='ocrx_word' id='word_1_335' title='bbox 1678 2726 1852 2781; x_wconf 83' lang='lat' dir='ltr'><strong>causis</strong></span> <span class='ocrx_word' id='word_1_336' title='bbox 1879 2743 1892 2777; x_wconf 87' lang='lat'><strong>:</strong></span> <span class='ocrx_word' id='word_1_337' title='bbox 1924 2726 2155 2778; x_wconf 74' lang='lat' dir='ltr'><strong>maxime</strong></span> 
     </span>
    </p>
   </div>
   <div class='ocr_carea' id='block_1_43' title="bbox 548 2817 2153 2895">
    <p class='ocr_par' dir='ltr' id='par_1_43' title="bbox 548 2817 2153 2895">
     <span class='ocr_line' id='line_1_43' title="bbox 548 2817 2153 2895; baseline -0.006 -16"><span class='ocrx_word' id='word_1_338' title='bbox 548 2840 715 2895; x_wconf 71' lang='lat' dir='ltr'><strong>squos</strong></span> <span class='ocrx_word' id='word_1_339' title='bbox 767 2826 905 2878; x_wconf 88' lang='lat' dir='ltr'><strong>inter</strong></span> <span class='ocrx_word' id='word_1_340' title='bbox 950 2823 1097 2893; x_wconf 68' lang='lat' dir='ltr'><strong>regis</strong></span> <span class='ocrx_word' id='word_1_341' title='bbox 1127 2830 1299 2875; x_wconf 85' lang='lat' dir='ltr'><strong>castra</strong></span> <span class='ocrx_word' id='word_1_342' title='bbox 1325 2821 1511 2873; x_wconf 88' lang='lat' dir='ltr'><strong>militia</strong></span> <span class='ocrx_word' id='word_1_343' title='bbox 1543 2820 1781 2874; x_wconf 75' lang='lat' dir='ltr'><strong>cmlestis</strong></span> <span class='ocrx_word' id='word_1_344' title='bbox 1803 2820 2045 2886; x_wconf 84' lang='lat' dir='ltr'><strong>signatos</strong></span> <span class='ocrx_word' id='word_1_345' title='bbox 2076 2817 2153 2870; x_wconf 87' lang='lat' dir='ltr'><strong>in-</strong></span> 
     </span>
    </p>
   </div>
   <div class='ocr_carea' id='block_1_44' title="bbox 580 2909 2151 2982">
    <p class='ocr_par' dir='ltr' id='par_1_44' title="bbox 580 2909 2151 2982">
     <span class='ocr_line' id='line_1_44' title="bbox 580 2909 2151 2982; baseline -0.006 -9"><span class='ocrx_word' id='word_1_346' title='bbox 580 2919 763 2973; x_wconf 79' lang='lat' dir='ltr'><strong>clusit.</strong></span> <span class='ocrx_word' id='word_1_347' title='bbox 819 2916 939 2971; x_wconf 80' lang='lat' dir='ltr'><strong>Jam</strong></span> <span class='ocrx_word' id='word_1_348' title='bbox 965 2915 1201 2971; x_wconf 78' lang='lat' dir='ltr'><strong>diximus</strong></span> <span class='ocrx_word' id='word_1_349' title='bbox 1229 2914 1486 2969; x_wconf 69' lang='lat' dir='ltr'><strong>saeculum</strong></span> <span class='ocrx_word' id='word_1_350' title='bbox 1519 2913 1707 2982; x_wconf 83' lang='lat' dir='ltr'><strong>pelago</strong></span> <span class='ocrx_word' id='word_1_351' title='bbox 1741 2909 2065 2979; x_wconf 85' lang='lat' dir='ltr'><strong>comparari,</strong></span> <span class='ocrx_word' id='word_1_352' title='bbox 2098 2911 2151 2964; x_wconf 86' lang='lat' dir='ltr'><strong>iri</strong></span> 
     </span>
    </p>
   </div>
   <div class='ocr_carea' id='block_1_45' title="bbox 581 3004 2153 3083">
    <p class='ocr_par' dir='ltr' id='par_1_45' title="bbox 581 3004 2153 3083">
     <span class='ocr_line' id='line_1_45' title="bbox 581 3004 2153 3083; baseline -0.003 -21"><span class='ocrx_word' id='word_1_353' title='bbox 581 3028 688 3083; x_wconf 88' lang='lat' dir='ltr'><strong>quo</strong></span> <span class='ocrx_word' id='word_1_354' title='bbox 715 3026 839 3064; x_wconf 88' lang='lat' dir='ltr'><strong>rara</strong></span> <span class='ocrx_word' id='word_1_355' title='bbox 865 3019 984 3063; x_wconf 88' lang='lat' dir='ltr'><strong>sunt</strong></span> <span class='ocrx_word' id='word_1_356' title='bbox 1017 3024 1271 3077; x_wconf 85' lang='lat' dir='ltr'><strong>prospera</strong></span> <span class='ocrx_word' id='word_1_357' title='bbox 1291 3050 1305 3073; x_wconf 94' lang='lat'><strong>,</strong></span> <span class='ocrx_word' id='word_1_358' title='bbox 1336 3008 1502 3061; x_wconf 90' lang='lat' dir='ltr'><strong>densa</strong></span> <span class='ocrx_word' id='word_1_359' title='bbox 1530 3014 1657 3059; x_wconf 88' lang='lat' dir='ltr'><strong>sunt</strong></span> <span class='ocrx_word' id='word_1_360' title='bbox 1684 3004 1987 3058; x_wconf 85' lang='lat' dir='ltr'><strong>turbulenta</strong></span> <span class='ocrx_word' id='word_1_361' title='bbox 2017 3044 2032 3065; x_wconf 85' lang='lat'><strong>,</strong></span> <span class='ocrx_word' id='word_1_362' title='bbox 2059 3018 2153 3057; x_wconf 76' lang='lat' dir='ltr'><strong>ex-</strong></span> 
     </span>
    </p>
   </div>
   <div class='ocr_carea' id='block_1_46' title="bbox 2270 1798 3846 1871">
    <p class='ocr_par' dir='ltr' id='par_1_46' title="bbox 2270 1798 3846 1871">
     <span class='ocr_line' id='line_1_46' title="bbox 2270 1798 3846 1871; baseline -0.005 -12"><span class='ocrx_word' id='word_1_363' title='bbox 2270 1819 2405 1859; x_wconf 91' lang='lat' dir='ltr'><strong>nere</strong></span> <span class='ocrx_word' id='word_1_364' title='bbox 2435 1821 2447 1858; x_wconf 93' lang='lat'><strong>:</strong></span> <span class='ocrx_word' id='word_1_365' title='bbox 2481 1813 2539 1858; x_wconf 92' lang='lat' dir='ltr'><strong>et</strong></span> <span class='ocrx_word' id='word_1_366' title='bbox 2567 1804 2688 1858; x_wconf 90' lang='lat' dir='ltr'><strong>ideo</strong></span> <span class='ocrx_word' id='word_1_367' title='bbox 2718 1801 2805 1857; x_wconf 87' lang='lat' dir='ltr'><strong>ubi</strong></span> <span class='ocrx_word' id='word_1_368' title='bbox 2838 1817 3037 1871; x_wconf 88' lang='lat' dir='ltr'><strong>corpus</strong></span> <span class='ocrx_word' id='word_1_369' title='bbox 3060 1800 3205 1869; x_wconf 83' lang='lat' dir='ltr'><strong>jacet</strong></span> <span class='ocrx_word' id='word_1_370' title='bbox 3227 1799 3518 1865; x_wconf 84' lang='lat' dir='ltr'><strong>infirmum,</strong></span> <span class='ocrx_word' id='word_1_371' title='bbox 3545 1799 3596 1852; x_wconf 92' lang='lat' dir='ltr'><strong>in</strong></span> <span class='ocrx_word' id='word_1_372' title='bbox 3621 1798 3846 1852; x_wconf 55' lang='lat' dir='ltr'><strong>recessi-</strong></span> 
     </span>
    </p>
   </div>
   <div class='ocr_carea' id='block_1_47' title="bbox 2265 1890 3846 1967">
    <p class='ocr_par' dir='ltr' id='par_1_47' title="bbox 2265 1890 3846 1967">
     <span class='ocr_line' id='line_1_47' title="bbox 2265 1890 3846 1967; baseline -0.007 -13"><span class='ocrx_word' id='word_1_373' title='bbox 2265 1898 2371 1954; x_wconf 87' lang='lat' dir='ltr'><strong>bus</strong></span> <span class='ocrx_word' id='word_1_374' title='bbox 2402 1897 2572 1967; x_wconf 87' lang='lat' dir='ltr'><strong>major</strong></span> <span class='ocrx_word' id='word_1_375' title='bbox 2601 1896 2794 1950; x_wconf 88' lang='lat' dir='ltr'><strong>alenda</strong></span> <span class='ocrx_word' id='word_1_376' title='bbox 2825 1906 2907 1949; x_wconf 88' lang='lat' dir='ltr'><strong>est</strong></span> <span class='ocrx_word' id='word_1_377' title='bbox 2938 1894 3129 1959; x_wconf 84' lang='lat' dir='ltr'><strong>virtus,</strong></span> <span class='ocrx_word' id='word_1_378' title='bbox 3156 1892 3562 1963; x_wconf 88' lang='lat' dir='ltr'><strong>parandumque</strong></span> <span class='ocrx_word' id='word_1_379' title='bbox 3581 1890 3725 1961; x_wconf 91' lang='lat' dir='ltr'><strong>quod</strong></span> <span class='ocrx_word' id='word_1_380' title='bbox 3751 1905 3846 1945; x_wconf 85' lang='lat' dir='ltr'><strong>nec</strong></span> 
     </span>
    </p>
   </div>
   <div class='ocr_carea' id='block_1_48' title="bbox 2264 1984 3370 2051">
    <p class='ocr_par' dir='ltr' id='par_1_48' title="bbox 2264 1984 3370 2051">
     <span class='ocr_line' id='line_1_48' title="bbox 2264 1984 3370 2051; baseline -0.006 -6"><span class='ocrx_word' id='word_1_381' title='bbox 2264 1990 2526 2045; x_wconf 84' lang='lat' dir='ltr'><strong>lassitudo</strong></span> <span class='ocrx_word' id='word_1_382' title='bbox 2555 1989 2813 2051; x_wconf 81' lang='lat' dir='ltr'><strong>decutiat,</strong></span> <span class='ocrx_word' id='word_1_383' title='bbox 2849 1996 2941 2040; x_wconf 87' lang='lat' dir='ltr'><strong>aut</strong></span> <span class='ocrx_word' id='word_1_384' title='bbox 2972 1995 3103 2041; x_wconf 69' lang='lat' dir='ltr'><strong>mtas</strong></span> <span class='ocrx_word' id='word_1_385' title='bbox 3130 1984 3370 2040; x_wconf 87' lang='lat' dir='ltr'><strong>inclinet.</strong></span> 
     </span>
    </p>
   </div>
   <div class='ocr_carea' id='block_1_49' title="bbox 2338 2077 3837 2151">
    <p class='ocr_par' dir='ltr' id='par_1_49' title="bbox 2338 2077 3837 2151">
     <span class='ocr_line' id='line_1_49' title="bbox 2338 2077 3837 2151; baseline -0.003 -15"><span class='ocrx_word' id='word_1_386' title='bbox 2338 2084 2423 2138; x_wconf 81' lang='lat' dir='ltr'><strong>Vl.</strong></span> <span class='ocrx_word' id='word_1_387' title='bbox 2456 2083 2603 2137; x_wconf 84' lang='lat' dir='ltr'><strong>Tene</strong></span> <span class='ocrx_word' id='word_1_388' title='bbox 2628 2084 2807 2151; x_wconf 79' lang='lat' dir='ltr'><strong>igitur,</strong></span> <span class='ocrx_word' id='word_1_389' title='bbox 2838 2081 3024 2147; x_wconf 80' lang='lat' dir='ltr'><strong>frater,</strong></span> <span class='ocrx_word' id='word_1_390' title='bbox 3052 2089 3174 2134; x_wconf 86' lang='lat' dir='ltr'><strong>tene</strong></span> <span class='ocrx_word' id='word_1_391' title='bbox 3204 2080 3325 2134; x_wconf 89' lang='lat' dir='ltr'><strong>fidei</strong></span> <span class='ocrx_word' id='word_1_392' title='bbox 3354 2078 3521 2132; x_wconf 87' lang='lat' dir='ltr'><strong>robur</strong></span> <span class='ocrx_word' id='word_1_393' title='bbox 3544 2077 3802 2132; x_wconf 89' lang='lat' dir='ltr'><strong>invictum</strong></span> <span class='ocrx_word' id='word_1_394' title='bbox 3827 2096 3837 2131; x_wconf 89' lang='lat'><strong>:</strong></span> 
     </span>
    </p>
   </div>
   <div class='ocr_carea' id='block_1_50' title="bbox 2263 2171 3837 2241">
    <p class='ocr_par' dir='ltr' id='par_1_50' title="bbox 2263 2171 3837 2241">
     <span class='ocr_line' id='line_1_50' title="bbox 2263 2171 3837 2241; baseline -0.005 -10"><span class='ocrx_word' id='word_1_395' title='bbox 2263 2187 2387 2231; x_wconf 88' lang='lat' dir='ltr'><strong>tene</strong></span> <span class='ocrx_word' id='word_1_396' title='bbox 2412 2176 2688 2229; x_wconf 90' lang='lat' dir='ltr'><strong>munimen</strong></span> <span class='ocrx_word' id='word_1_397' title='bbox 2717 2174 2990 2227; x_wconf 87' lang='lat' dir='ltr'><strong>immobile</strong></span> <span class='ocrx_word' id='word_1_398' title='bbox 3017 2171 3408 2235; x_wconf 81' lang='lat' dir='ltr'><strong>Christianum,</strong></span> <span class='ocrx_word' id='word_1_399' title='bbox 3436 2173 3658 2239; x_wconf 85' lang='lat' dir='ltr'><strong>superni</strong></span> <span class='ocrx_word' id='word_1_400' title='bbox 3687 2172 3837 2241; x_wconf 82' lang='lat' dir='ltr'><strong>vigo-</strong></span> 
     </span>
    </p>
   </div>
   <div class='ocr_carea' id='block_1_51' title="bbox 2262 2263 3840 2335">
    <p class='ocr_par' dir='ltr' id='par_1_51' title="bbox 2262 2263 3840 2335">
     <span class='ocr_line' id='line_1_51' title="bbox 2262 2263 3840 2335; baseline -0.006 -11"><span class='ocrx_word' id='word_1_401' title='bbox 2262 2270 2337 2325; x_wconf 89' lang='lat' dir='ltr'><strong>ris</strong></span> <span class='ocrx_word' id='word_1_402' title='bbox 2366 2270 2623 2323; x_wconf 88' lang='lat' dir='ltr'><strong>firmitate</strong></span> <span class='ocrx_word' id='word_1_403' title='bbox 2647 2267 2922 2321; x_wconf 88' lang='lat' dir='ltr'><strong>fundatum</strong></span> <span class='ocrx_word' id='word_1_404' title='bbox 2949 2282 2962 2318; x_wconf 87' lang='lat'>:</span> <span class='ocrx_word' id='word_1_405' title='bbox 2996 2266 3138 2319; x_wconf 89' lang='lat' dir='ltr'><strong>inter</strong></span> <span class='ocrx_word' id='word_1_406' title='bbox 3164 2264 3467 2335; x_wconf 81' lang='lat' dir='ltr'><strong>languentia</strong></span> <span class='ocrx_word' id='word_1_407' title='bbox 3494 2263 3736 2318; x_wconf 85' lang='lat' dir='ltr'><strong>membra</strong></span> <span class='ocrx_word' id='word_1_408' title='bbox 3761 2280 3840 2315; x_wconf 78' lang='lat' dir='ltr'><strong>sa-</strong></span> 
     </span>
    </p>
   </div>
   <div class='ocr_carea' id='block_1_52' title="bbox 2264 2358 3838 2433">
    <p class='ocr_par' dir='ltr' id='par_1_52' title="bbox 2264 2358 3838 2433">
     <span class='ocr_line' id='line_1_52' title="bbox 2264 2358 3838 2433; baseline -0.006 -15"><span class='ocrx_word' id='word_1_409' title='bbox 2264 2365 2436 2433; x_wconf 82' lang='lat' dir='ltr'><strong>tisque</strong></span> <span class='ocrx_word' id='word_1_410' title='bbox 2468 2362 2729 2432; x_wconf 86' lang='lat' dir='ltr'><strong>rigentia,</strong></span> <span class='ocrx_word' id='word_1_411' title='bbox 2765 2361 3038 2414; x_wconf 86' lang='lat' dir='ltr'><strong>incolume</strong></span> <span class='ocrx_word' id='word_1_412' title='bbox 3062 2359 3402 2429; x_wconf 88' lang='lat' dir='ltr'><strong>validumque</strong></span> <span class='ocrx_word' id='word_1_413' title='bbox 3424 2373 3553 2426; x_wconf 85' lang='lat' dir='ltr'><strong>gere</strong></span> <span class='ocrx_word' id='word_1_414' title='bbox 3576 2358 3697 2411; x_wconf 84' lang='lat' dir='ltr'><strong>fidei</strong></span> <span class='ocrx_word' id='word_1_415' title='bbox 3730 2359 3838 2409; x_wconf 73' lang='lat' dir='ltr'><strong>ani-</strong></span> 
     </span>
    </p>
   </div>
   <div class='ocr_carea' id='block_1_53' title="bbox 2260 2450 3838 2527">
    <p class='ocr_par' dir='ltr' id='par_1_53' title="bbox 2260 2450 3838 2527">
     <span class='ocr_line' id='line_1_53' title="bbox 2260 2450 3838 2527; baseline -0.007 -15"><span class='ocrx_word' id='word_1_416' title='bbox 2260 2473 2469 2527; x_wconf 72' lang='lat' dir='ltr'><strong>maeque</strong></span> <span class='ocrx_word' id='word_1_417' title='bbox 2496 2466 2729 2524; x_wconf 82' lang='lat' dir='ltr'><strong>scutum,</strong></span> <span class='ocrx_word' id='word_1_418' title='bbox 2759 2465 2814 2510; x_wconf 89' lang='lat' dir='ltr'><strong>et</strong></span> <span class='ocrx_word' id='word_1_419' title='bbox 2844 2456 3049 2524; x_wconf 85' lang='lat' dir='ltr'><strong>pigrum</strong></span> <span class='ocrx_word' id='word_1_420' title='bbox 3080 2452 3271 2507; x_wconf 74' lang='lat' dir='ltr'><strong>viceris</strong></span> <span class='ocrx_word' id='word_1_421' title='bbox 3297 2450 3541 2507; x_wconf 85' lang='lat' dir='ltr'><strong>morbum</strong></span> <span class='ocrx_word' id='word_1_422' title='bbox 3578 2450 3838 2519; x_wconf 79' lang='lat' dir='ltr'><strong>pernicio-</strong></span> 
     </span>
    </p>
   </div>
   <div class='ocr_carea' id='block_1_54' title="bbox 2264 2544 3837 2617">
    <p class='ocr_par' dir='ltr' id='par_1_54' title="bbox 2264 2544 3837 2617">
     <span class='ocr_line' id='line_1_54' title="bbox 2264 2544 3837 2617; baseline -0.004 -15"><span class='ocrx_word' id='word_1_423' title='bbox 2264 2564 2492 2617; x_wconf 89' lang='lat' dir='ltr'><strong>sumque</strong></span> <span class='ocrx_word' id='word_1_424' title='bbox 2544 2549 2878 2617; x_wconf 82' lang='lat' dir='ltr'><strong>languorem.</strong></span> <span class='ocrx_word' id='word_1_425' title='bbox 2946 2546 3311 2601; x_wconf 77' lang='lat' dir='ltr'><strong>Arietantihus</strong></span> <span class='ocrx_word' id='word_1_426' title='bbox 3358 2544 3543 2607; x_wconf 76' lang='lat' dir='ltr'><strong>malis,</strong></span> <span class='ocrx_word' id='word_1_427' title='bbox 3592 2545 3837 2596; x_wconf 81' lang='lat' dir='ltr'><strong>obicibus</strong></span> 
     </span>
    </p>
   </div>
   <div class='ocr_carea' id='block_1_55' title="bbox 2259 2630 3837 2709">
    <p class='ocr_par' dir='ltr' id='par_1_55' title="bbox 2259 2630 3837 2709">
     <span class='ocr_line' id='line_1_55' title="bbox 2259 2630 3837 2709; baseline -0.004 -14"><span class='ocrx_word' id='word_1_428' title='bbox 2259 2630 2485 2696; x_wconf 69' lang='lat' dir='ltr'><strong>oécnrre</strong></span> <span class='ocrx_word' id='word_1_429' title='bbox 2510 2639 2742 2695; x_wconf 84' lang='lat' dir='ltr'><strong>virtutis.</strong></span> <span class='ocrx_word' id='word_1_430' title='bbox 2775 2640 2943 2696; x_wconf 83' lang='lat' dir='ltr'><strong>Vince</strong></span> <span class='ocrx_word' id='word_1_431' title='bbox 2970 2641 3094 2694; x_wconf 87' lang='lat' dir='ltr'><strong>dum</strong></span> <span class='ocrx_word' id='word_1_432' title='bbox 3118 2640 3356 2709; x_wconf 84' lang='lat' dir='ltr'><strong>vapulas,</strong></span> <span class='ocrx_word' id='word_1_433' title='bbox 3385 2638 3462 2693; x_wconf 88' lang='lat' dir='ltr'><strong>sic</strong></span> <span class='ocrx_word' id='word_1_434' title='bbox 3486 2638 3632 2691; x_wconf 90' lang='lat' dir='ltr'><strong>enim</strong></span> <span class='ocrx_word' id='word_1_435' title='bbox 3660 2649 3837 2705; x_wconf 73' lang='lat' dir='ltr'><strong>poten-</strong></span> 
     </span>
    </p>
   </div>
   <div class='ocr_carea' id='block_1_56' title="bbox 2261 2732 3834 2800">
    <p class='ocr_par' dir='ltr' id='par_1_56' title="bbox 2261 2732 3834 2800">
     <span class='ocr_line' id='line_1_56' title="bbox 2261 2732 3834 2800; baseline -0.003 -13"><span class='ocrx_word' id='word_1_436' title='bbox 2261 2736 2331 2789; x_wconf 86' lang='lat' dir='ltr'><strong>tia</strong></span> <span class='ocrx_word' id='word_1_437' title='bbox 2356 2734 2659 2789; x_wconf 82' lang='lat' dir='ltr'><strong>Christiaua</strong></span> <span class='ocrx_word' id='word_1_438' title='bbox 2683 2734 2847 2788; x_wconf 88' lang='lat' dir='ltr'><strong>alitur</strong></span> <span class='ocrx_word' id='word_1_439' title='bbox 2879 2734 3266 2795; x_wconf 87' lang='lat' dir='ltr'><strong>incommodis,</strong></span> <span class='ocrx_word' id='word_1_440' title='bbox 3302 2732 3455 2785; x_wconf 52' lang='lat' dir='ltr'><strong>malis~</strong></span> <span class='ocrx_word' id='word_1_441' title='bbox 3486 2740 3834 2800; x_wconf 81' lang='lat' dir='ltr'><strong>promovetur</strong></span> 
     </span>
    </p>
   </div>
   <div class='ocr_carea' id='block_1_57' title="bbox 2256 2821 3835 2880">
    <p class='ocr_par' dir='ltr' id='par_1_57' title="bbox 2256 2821 3835 2880">
     <span class='ocr_line' id='line_1_57' title="bbox 2256 2821 3835 2880; baseline -0.003 -1"><span class='ocrx_word' id='word_1_442' title='bbox 2256 2824 2518 2880; x_wconf 80' lang='lat' dir='ltr'><strong>adversis.</strong></span> <span class='ocrx_word' id='word_1_443' title='bbox 2552 2825 2754 2879; x_wconf 63' lang='lat' dir='ltr'><strong>Militiae</strong></span> <span class='ocrx_word' id='word_1_444' title='bbox 2780 2825 3031 2880; x_wconf 87' lang='lat' dir='ltr'><strong>convenit</strong></span> <span class='ocrx_word' id='word_1_445' title='bbox 3062 2823 3383 2879; x_wconf 65' lang='lat' dir='ltr'><strong>Christianae</strong></span> <span class='ocrx_word' id='word_1_446' title='bbox 3408 2822 3585 2878; x_wconf 79' lang='lat' dir='ltr'><strong>excuti</strong></span> <span class='ocrx_word' id='word_1_447' title='bbox 3616 2821 3835 2875; x_wconf 87' lang='lat' dir='ltr'><strong>calami-</strong></span> 
     </span>
    </p>
   </div>
   <div class='ocr_carea' id='block_1_58' title="bbox 2260 2916 3835 2990">
    <p class='ocr_par' dir='ltr' id='par_1_58' title="bbox 2260 2916 3835 2990">
     <span class='ocr_line' id='line_1_58' title="bbox 2260 2916 3835 2990; baseline -0.004 -16"><span class='ocrx_word' id='word_1_448' title='bbox 2260 2920 2460 2974; x_wconf 85' lang='lat' dir='ltr'><strong>tatibus</strong></span> <span class='ocrx_word' id='word_1_449' title='bbox 2495 2929 2549 2975; x_wconf 89' lang='lat' dir='ltr'><strong>et</strong></span> <span class='ocrx_word' id='word_1_450' title='bbox 2581 2920 2818 2990; x_wconf 86' lang='lat' dir='ltr'><strong>probari.</strong></span> <span class='ocrx_word' id='word_1_451' title='bbox 2866 2918 3037 2989; x_wconf 81' lang='lat' dir='ltr'><strong>Ipsius</strong></span> <span class='ocrx_word' id='word_1_452' title='bbox 3074 2928 3157 2974; x_wconf 81' lang='lat' dir='ltr'><strong>est</strong></span> <span class='ocrx_word' id='word_1_453' title='bbox 3194 2917 3295 2970; x_wconf 88' lang='lat' dir='ltr'><strong>sub</strong></span> <span class='ocrx_word' id='word_1_454' title='bbox 3330 2916 3739 2970; x_wconf 85' lang='lat' dir='ltr'><strong>iufelicitatibus</strong></span> <span class='ocrx_word' id='word_1_455' title='bbox 3783 2922 3835 2968; x_wconf 92' lang='lat' dir='ltr'><strong>et</strong></span> 
     </span>
    </p>
   </div>
   <div class='ocr_carea' id='block_1_59' title="bbox 2256 3012 3830 3084">
    <p class='ocr_par' dir='ltr' id='par_1_59' title="bbox 2256 3012 3830 3084">
     <span class='ocr_line' id='line_1_59' title="bbox 2256 3012 3830 3084; baseline -0.003 -15"><span class='ocrx_word' id='word_1_456' title='bbox 2256 3015 2521 3084; x_wconf 82' lang='lat' dir='ltr'><strong>angustiis</strong></span> <span class='ocrx_word' id='word_1_457' title='bbox 2548 3015 2781 3071; x_wconf 77' lang='lat' dir='ltr'><strong>feliciter</strong></span> <span class='ocrx_word' id='word_1_458' title='bbox 2802 3015 3071 3083; x_wconf 84' lang='lat' dir='ltr'><strong>ampliari.</strong></span> <span class='ocrx_word' id='word_1_459' title='bbox 3095 3014 3196 3069; x_wconf 88' lang='lat' dir='ltr'><strong>sub</strong></span> <span class='ocrx_word' id='word_1_460' title='bbox 3214 3014 3478 3084; x_wconf 82' lang='lat' dir='ltr'><strong>pressuris</strong></span> <span class='ocrx_word' id='word_1_461' title='bbox 3501 3012 3830 3075; x_wconf 80' lang='lat' dir='ltr'><strong>adolescere,</strong></span> 
     </span>
    </p>
   </div>
   <div class='ocr_carea' id='block_1_60' title="bbox 581 3088 2151 3179">
    <p class='ocr_par' dir='ltr' id='par_1_60' title="bbox 581 3098 2149 3178">
     <span class='ocr_line' id='line_1_60' title="bbox 581 3098 2149 3178; baseline -0.008 -17"><span class='ocrx_word' id='word_1_462' title='bbox 581 3106 909 3178; x_wconf 66' lang='lat' dir='ltr'><strong>patescitur,</strong></span> <span class='ocrx_word' id='word_1_463' title='bbox 946 3103 1186 3169; x_wconf 80' lang='lat' dir='ltr'><strong>timetur,</strong></span> <span class='ocrx_word' id='word_1_464' title='bbox 1217 3102 1389 3155; x_wconf 85' lang='lat' dir='ltr'><strong>morbi</strong></span> <span class='ocrx_word' id='word_1_465' title='bbox 1416 3114 1629 3169; x_wconf 90' lang='lat' dir='ltr'><strong>quoque</strong></span> <span class='ocrx_word' id='word_1_466' title='bbox 1660 3116 1764 3152; x_wconf 90' lang='lat' dir='ltr'><strong>non</strong></span> <span class='ocrx_word' id='word_1_467' title='bbox 1794 3098 2026 3152; x_wconf 68' lang='lat' dir='ltr'><strong>desunt:</strong></span> <span class='ocrx_word' id='word_1_468' title='bbox 2060 3113 2149 3151; x_wconf 88' lang='lat' dir='ltr'><strong>so-</strong></span> 
     </span>
    </p>
   </div>
   <div class='ocr_carea' id='block_1_61' title="bbox 2257 3088 3833 3179">
    <p class='ocr_par' dir='ltr' id='par_1_61' title="bbox 2257 3105 3833 3179">
     <span class='ocr_line' id='line_1_61' title="bbox 2257 3105 3833 3179; baseline -0.005 -16"><span class='ocrx_word' id='word_1_469' title='bbox 2257 3120 2302 3163; x_wconf 88' lang='lat' dir='ltr'><strong>et</strong></span> <span class='ocrx_word' id='word_1_470' title='bbox 2338 3123 2620 3178; x_wconf 82' lang='lat' dir='ltr'><strong>presseras</strong></span> <span class='ocrx_word' id='word_1_471' title='bbox 2653 3110 2997 3179; x_wconf 73' lang='lat' dir='ltr'><strong>putrescendo</strong></span> <span class='ocrx_word' id='word_1_472' title='bbox 3035 3110 3261 3162; x_wconf 83' lang='lat' dir='ltr'><strong>calcare.</strong></span> <span class='ocrx_word' id='word_1_473' title='bbox 3296 3106 3470 3170; x_wconf 78' lang='lat' dir='ltr'><strong>ipsius</strong></span> <span class='ocrx_word' id='word_1_474' title='bbox 3495 3118 3578 3159; x_wconf 81' lang='lat' dir='ltr'><strong>est</strong></span> <span class='ocrx_word' id='word_1_475' title='bbox 3624 3105 3833 3159; x_wconf 78' lang='lat' dir='ltr'><strong>exerci-</strong></span> 
     </span>
    </p>
   </div>
   <div class='ocr_carea' id='block_1_62' title="bbox 580 3190 2153 3263">
    <p class='ocr_par' dir='ltr' id='par_1_62' title="bbox 580 3190 2153 3263">
     <span class='ocr_line' id='line_1_62' title="bbox 580 3190 2153 3263; baseline -0.006 -7"><span class='ocrx_word' id='word_1_476' title='bbox 580 3202 667 3256; x_wconf 87' lang='lat' dir='ltr'><strong>lus</strong></span> <span class='ocrx_word' id='word_1_477' title='bbox 708 3205 885 3253; x_wconf 85' lang='lat' dir='ltr'><strong>exitus</strong></span> <span class='ocrx_word' id='word_1_478' title='bbox 933 3199 1242 3253; x_wconf 81' lang='lat' dir='ltr'><strong>securitatis</strong></span> <span class='ocrx_word' id='word_1_479' title='bbox 1271 3206 1351 3249; x_wconf 83' lang='lat' dir='ltr'><strong>est</strong></span> <span class='ocrx_word' id='word_1_480' title='bbox 1379 3206 1585 3263; x_wconf 60' lang='lat' dir='ltr'><strong>rutvlus.</strong></span> <span class='ocrx_word' id='word_1_481' title='bbox 1640 3193 1773 3247; x_wconf 89' lang='lat' dir='ltr'><strong>llinc</strong></span> <span class='ocrx_word' id='word_1_482' title='bbox 1811 3201 1970 3261; x_wconf 83' lang='lat' dir='ltr'><strong>atque</strong></span> <span class='ocrx_word' id='word_1_483' title='bbox 2006 3190 2153 3251; x_wconf 79' lang='lat' dir='ltr'><strong>illinc</strong></span> 
     </span>
    </p>
   </div>
   <div class='ocr_carea' id='block_1_63' title="bbox 580 3285 2153 3364">
    <p class='ocr_par' dir='ltr' id='par_1_63' title="bbox 580 3285 2153 3364">
     <span class='ocr_line' id='line_1_63' title="bbox 580 3285 2153 3364; baseline -0.004 -18"><span class='ocrx_word' id='word_1_484' title='bbox 580 3293 840 3364; x_wconf 87' lang='lat' dir='ltr'><strong>ingruunt</strong></span> <span class='ocrx_word' id='word_1_485' title='bbox 883 3290 1209 3346; x_wconf 83' lang='lat' dir='ltr'><strong>calamitatis</strong></span> <span class='ocrx_word' id='word_1_486' title='bbox 1259 3288 1505 3343; x_wconf 79' lang='lat' dir='ltr'><strong>incursus</strong></span> <span class='ocrx_word' id='word_1_487' title='bbox 1556 3285 1803 3340; x_wconf 63' lang='lat' dir='ltr'><strong>infestae:</strong></span> <span class='ocrx_word' id='word_1_488' title='bbox 1852 3286 1945 3339; x_wconf 87' lang='lat' dir='ltr'><strong>sed</strong></span> <span class='ocrx_word' id='word_1_489' title='bbox 1981 3300 2153 3352; x_wconf 58' lang='lat' dir='ltr'><strong>usque</strong></span> 
     </span>
    </p>
   </div>
   <div class='ocr_carea' id='block_1_64' title="bbox 577 3378 2146 3455">
    <p class='ocr_par' dir='ltr' id='par_1_64' title="bbox 577 3378 2146 3455">
     <span class='ocr_line' id='line_1_64' title="bbox 577 3378 2146 3455; baseline -0.005 -16"><span class='ocrx_word' id='word_1_490' title='bbox 577 3388 642 3439; x_wconf 85' lang='lat' dir='ltr'><strong>ad</strong></span> <span class='ocrx_word' id='word_1_491' title='bbox 678 3398 889 3455; x_wconf 88' lang='lat' dir='ltr'><strong>portum</strong></span> <span class='ocrx_word' id='word_1_492' title='bbox 919 3429 934 3453; x_wconf 88' lang='lat'><strong>,</strong></span> <span class='ocrx_word' id='word_1_493' title='bbox 967 3384 1018 3438; x_wconf 89' lang='lat' dir='ltr'><strong>id</strong></span> <span class='ocrx_word' id='word_1_494' title='bbox 1043 3394 1123 3437; x_wconf 83' lang='lat' dir='ltr'><strong>est</strong></span> <span class='ocrx_word' id='word_1_495' title='bbox 1150 3426 1165 3447; x_wconf 96' lang='lat'><strong>,</strong></span> <span class='ocrx_word' id='word_1_496' title='bbox 1196 3382 1269 3435; x_wconf 86' lang='lat' dir='ltr'><strong>ad</strong></span> <span class='ocrx_word' id='word_1_497' title='bbox 1288 3383 1514 3447; x_wconf 77' lang='lat' dir='ltr'><strong>exitum,</strong></span> <span class='ocrx_word' id='word_1_498' title='bbox 1545 3379 1756 3433; x_wconf 82' lang='lat' dir='ltr'><strong>virtutis</strong></span> <span class='ocrx_word' id='word_1_499' title='bbox 1785 3388 1868 3433; x_wconf 88' lang='lat' dir='ltr'><strong>est</strong></span> <span class='ocrx_word' id='word_1_500' title='bbox 1893 3378 2146 3433; x_wconf 84' lang='lat' dir='ltr'><strong>tolerare.</strong></span> 
     </span>
    </p>
   </div>
   <div class='ocr_carea' id='block_1_65' title="bbox 579 3478 2144 3550">
    <p class='ocr_par' dir='ltr' id='par_1_65' title="bbox 579 3478 2144 3550">
     <span class='ocr_line' id='line_1_65' title="bbox 579 3478 2144 3550; baseline -0.006 -17"><span class='ocrx_word' id='word_1_501' title='bbox 579 3480 722 3534; x_wconf 75' lang='lat' dir='ltr'><strong>Inter</strong></span> <span class='ocrx_word' id='word_1_502' title='bbox 760 3480 995 3550; x_wconf 85' lang='lat' dir='ltr'><strong>pericula</strong></span> <span class='ocrx_word' id='word_1_503' title='bbox 1043 3478 1371 3548; x_wconf 80' lang='lat' dir='ltr'><strong>gubernator</strong></span> <span class='ocrx_word' id='word_1_504' title='bbox 1413 3489 1610 3529; x_wconf 84' lang='lat' dir='ltr'><strong>navem</strong></span> <span class='ocrx_word' id='word_1_505' title='bbox 1654 3483 1835 3526; x_wconf 87' lang='lat' dir='ltr'><strong>tuetur</strong></span> <span class='ocrx_word' id='word_1_506' title='bbox 1859 3482 1915 3525; x_wconf 83' lang='lat' dir='ltr'><strong>et</strong></span> <span class='ocrx_word' id='word_1_507' title='bbox 1945 3483 2144 3525; x_wconf 85' lang='lat' dir='ltr'><strong>servat.</strong></span> 
     </span>
    </p>
   </div>
   <div class='ocr_carea' id='block_1_66' title="bbox 577 3566 2150 3634">
    <p class='ocr_par' dir='ltr' id='par_1_66' title="bbox 577 3566 2150 3634">
     <span class='ocr_line' id='line_1_66' title="bbox 577 3566 2150 3634; baseline -0.006 -7"><span class='ocrx_word' id='word_1_508' title='bbox 577 3572 722 3627; x_wconf 80' lang='lat' dir='ltr'><strong>Inter</strong></span> <span class='ocrx_word' id='word_1_509' title='bbox 768 3572 1103 3625; x_wconf 80' lang='lat' dir='ltr'><strong>caiamitatcs</strong></span> <span class='ocrx_word' id='word_1_510' title='bbox 1131 3570 1349 3623; x_wconf 85' lang='lat' dir='ltr'><strong>animus</strong></span> <span class='ocrx_word' id='word_1_511' title='bbox 1381 3578 1557 3622; x_wconf 89' lang='lat' dir='ltr'><strong>rector</strong></span> <span class='ocrx_word' id='word_1_512' title='bbox 1582 3566 1855 3625; x_wconf 83' lang='lat' dir='ltr'><strong>hominem</strong></span> <span class='ocrx_word' id='word_1_513' title='bbox 1884 3567 2150 3634; x_wconf 87' lang='lat' dir='ltr'><strong>gubernat</strong></span> 
     </span>
    </p>
   </div>
   <div class='ocr_carea' id='block_1_67' title="bbox 577 3658 2149 3731">
    <p class='ocr_par' dir='ltr' id='par_1_67' title="bbox 577 3658 2149 3731">
     <span class='ocr_line' id='line_1_67' title="bbox 577 3658 2149 3731; baseline -0.006 -14"><span class='ocrx_word' id='word_1_514' title='bbox 577 3672 633 3718; x_wconf 86' lang='lat' dir='ltr'><strong>et</strong></span> <span class='ocrx_word' id='word_1_515' title='bbox 679 3665 837 3731; x_wconf 84' lang='lat' dir='ltr'><strong>regit.</strong></span> <span class='ocrx_word' id='word_1_516' title='bbox 878 3662 1133 3727; x_wconf 81' lang='lat' dir='ltr'><strong>Quamvis</strong></span> <span class='ocrx_word' id='word_1_517' title='bbox 1176 3661 1373 3729; x_wconf 82' lang='lat' dir='ltr'><strong>aliquis</strong></span> <span class='ocrx_word' id='word_1_518' title='bbox 1415 3659 1669 3728; x_wconf 87' lang='lat' dir='ltr'><strong>periculis</strong></span> <span class='ocrx_word' id='word_1_519' title='bbox 1710 3658 1981 3728; x_wconf 84' lang='lat' dir='ltr'><strong>paululum</strong></span> <span class='ocrx_word' id='word_1_520' title='bbox 2016 3668 2149 3709; x_wconf 85' lang='lat' dir='ltr'><strong>tem-</strong></span> 
     </span>
    </p>
   </div>
   <div class='ocr_carea' id='block_1_68' title="bbox 578 3748 2147 3829">
    <p class='ocr_par' dir='ltr' id='par_1_68' title="bbox 578 3748 2147 3829">
     <span class='ocr_line' id='line_1_68' title="bbox 578 3748 2147 3829; baseline -0.005 -18"><span class='ocrx_word' id='word_1_521' title='bbox 578 3758 780 3829; x_wconf 80' lang='lat' dir='ltr'><strong>peratis</strong></span> <span class='ocrx_word' id='word_1_522' title='bbox 809 3796 823 3819; x_wconf 89' lang='lat'><strong>,</strong></span> <span class='ocrx_word' id='word_1_523' title='bbox 870 3755 1139 3824; x_wconf 85' lang='lat' dir='ltr'><strong>navigium</strong></span> <span class='ocrx_word' id='word_1_524' title='bbox 1184 3752 1465 3808; x_wconf 85' lang='lat' dir='ltr'><strong>tractabile</strong></span> <span class='ocrx_word' id='word_1_525' title='bbox 1497 3755 1658 3805; x_wconf 86' lang='lat' dir='ltr'><strong>ducat</strong></span> <span class='ocrx_word' id='word_1_526' title='bbox 1688 3768 1700 3803; x_wconf 88' lang='lat'><strong>:</strong></span> <span class='ocrx_word' id='word_1_527' title='bbox 1730 3751 1825 3805; x_wconf 82' lang='lat' dir='ltr'><strong>sed</strong></span> <span class='ocrx_word' id='word_1_528' title='bbox 1854 3752 2032 3819; x_wconf 83' lang='lat' dir='ltr'><strong>potius</strong></span> <span class='ocrx_word' id='word_1_529' title='bbox 2059 3748 2147 3803; x_wconf 89' lang='lat' dir='ltr'><strong>illa</strong></span> 
     </span>
    </p>
   </div>
   <div class='ocr_carea' id='block_1_69' title="bbox 575 3843 2148 3918">
    <p class='ocr_par' dir='ltr' id='par_1_69' title="bbox 575 3843 2148 3918">
     <span class='ocr_line' id='line_1_69' title="bbox 575 3843 2148 3918; baseline -0.006 -14"><span class='ocrx_word' id='word_1_530' title='bbox 575 3856 947 3918; x_wconf 76' lang='lat' dir='ltr'><strong>exspecmtur,</strong></span> <span class='ocrx_word' id='word_1_531' title='bbox 997 3857 1158 3915; x_wconf 79' lang='lat' dir='ltr'><strong>atque</strong></span> <span class='ocrx_word' id='word_1_532' title='bbox 1204 3844 1489 3914; x_wconf 83' lang='lat' dir='ltr'><strong>triumphis</strong></span> <span class='ocrx_word' id='word_1_533' title='bbox 1541 3843 1832 3913; x_wconf 84' lang='lat' dir='ltr'><strong>majoribus</strong></span> <span class='ocrx_word' id='word_1_534' title='bbox 1883 3844 2148 3911; x_wconf 76' lang='lat' dir='ltr'><strong>excipitur</strong></span> 
     </span>
    </p>
   </div>
   <div class='ocr_carea' id='block_1_70' title="bbox 574 3936 2145 4010">
    <p class='ocr_par' dir='ltr' id='par_1_70' title="bbox 574 3936 2145 4010">
     <span class='ocr_line' id='line_1_70' title="bbox 574 3936 2145 4010; baseline -0.008 -11"><span class='ocrx_word' id='word_1_535' title='bbox 574 3942 749 4005; x_wconf 72' lang='lat' dir='ltr'><strong>navis,</strong></span> <span class='ocrx_word' id='word_1_536' title='bbox 780 3956 895 4010; x_wconf 69' lang='lat' dir='ltr'><strong>qua:</strong></span> <span class='ocrx_word' id='word_1_537' title='bbox 926 3940 1141 3993; x_wconf 78' lang='lat' dir='ltr'><strong>turbido</strong></span> <span class='ocrx_word' id='word_1_538' title='bbox 1176 3938 1394 3992; x_wconf 84' lang='lat' dir='ltr'><strong>tlutninc</strong></span> <span class='ocrx_word' id='word_1_539' title='bbox 1424 3948 1643 3992; x_wconf 81' lang='lat' dir='ltr'><strong>coactos</strong></span> <span class='ocrx_word' id='word_1_540' title='bbox 1677 3938 1729 3990; x_wconf 91' lang='lat' dir='ltr'><strong>in</strong></span> <span class='ocrx_word' id='word_1_541' title='bbox 1763 3940 2016 3991; x_wconf 87' lang='lat' dir='ltr'><strong>verticem</strong></span> <span class='ocrx_word' id='word_1_542' title='bbox 2045 3936 2145 3987; x_wconf 85' lang='lat' dir='ltr'><strong>ilu-</strong></span> 
     </span>
    </p>
   </div>
   <div class='ocr_carea' id='block_1_71' title="bbox 572 4028 2144 4104">
    <p class='ocr_par' dir='ltr' id='par_1_71' title="bbox 572 4028 2144 4104">
     <span class='ocr_line' id='line_1_71' title="bbox 572 4028 2144 4104; baseline -0.006 -14"><span class='ocrx_word' id='word_1_543' title='bbox 572 4047 692 4090; x_wconf 78' lang='lat' dir='ltr'><strong>ctus</strong></span> <span class='ocrx_word' id='word_1_544' title='bbox 719 4044 968 4104; x_wconf 87' lang='lat' dir='ltr'><strong>potenter</strong></span> <span class='ocrx_word' id='word_1_545' title='bbox 990 4033 1249 4088; x_wconf 75' lang='lat' dir='ltr'><strong>excuSsit.</strong></span> <span class='ocrx_word' id='word_1_546' title='bbox 1294 4032 1443 4087; x_wconf 89' lang='lat' dir='ltr'><strong>Ilanc</strong></span> <span class='ocrx_word' id='word_1_547' title='bbox 1487 4031 1690 4101; x_wconf 85' lang='lat' dir='ltr'><strong>excipit</strong></span> <span class='ocrx_word' id='word_1_548' title='bbox 1720 4028 1987 4099; x_wconf 85' lang='lat' dir='ltr'><strong>profundo</strong></span> <span class='ocrx_word' id='word_1_549' title='bbox 2025 4044 2144 4082; x_wconf 89' lang='lat' dir='ltr'><strong>cum</strong></span> 
     </span>
    </p>
   </div>
   <div class='ocr_carea' id='block_1_72' title="bbox 572 4120 2146 4200">
    <p class='ocr_par' dir='ltr' id='par_1_72' title="bbox 572 4120 2146 4200">
     <span class='ocr_line' id='line_1_72' title="bbox 572 4120 2146 4200; baseline -0.007 -16"><span class='ocrx_word' id='word_1_550' title='bbox 572 4129 767 4200; x_wconf 87' lang='lat' dir='ltr'><strong>gaudio</strong></span> <span class='ocrx_word' id='word_1_551' title='bbox 828 4128 981 4182; x_wconf 88' lang='lat' dir='ltr'><strong>turba</strong></span> <span class='ocrx_word' id='word_1_552' title='bbox 1044 4124 1373 4194; x_wconf 81' lang='lat' dir='ltr'><strong>parmensis.</strong></span> <span class='ocrx_word' id='word_1_553' title='bbox 1427 4123 1577 4177; x_wconf 83' lang='lat' dir='ltr'><strong>Hauc</strong></span> <span class='ocrx_word' id='word_1_554' title='bbox 1635 4120 1838 4190; x_wconf 83' lang='lat' dir='ltr'><strong>excipit</strong></span> <span class='ocrx_word' id='word_1_555' title='bbox 1888 4120 2146 4176; x_wconf 78' lang='lat' dir='ltr'><strong>securitas</strong></span> 
     </span>
    </p>
   </div>
   <div class='ocr_carea' id='block_1_73' title="bbox 572 4216 2145 4290">
    <p class='ocr_par' dir='ltr' id='par_1_73' title="bbox 572 4216 2145 4290">
     <span class='ocr_line' id='line_1_73' title="bbox 572 4216 2145 4290; baseline -0.005 -13"><span class='ocrx_word' id='word_1_556' title='bbox 572 4221 924 4289; x_wconf 83' lang='lat' dir='ltr'><strong>triumphalis.</strong></span> <span class='ocrx_word' id='word_1_557' title='bbox 959 4221 1250 4290; x_wconf 73' lang='lat' dir='ltr'><strong>Species-ns</strong></span> <span class='ocrx_word' id='word_1_558' title='bbox 1278 4230 1361 4274; x_wconf 88' lang='lat' dir='ltr'><strong>est</strong></span> <span class='ocrx_word' id='word_1_559' title='bbox 1401 4219 1556 4272; x_wconf 87' lang='lat' dir='ltr'><strong>miles</strong></span> <span class='ocrx_word' id='word_1_560' title='bbox 1588 4218 1638 4271; x_wconf 89' lang='lat' dir='ltr'><strong>in</strong></span> <span class='ocrx_word' id='word_1_561' title='bbox 1671 4217 1909 4273; x_wconf 82' lang='lat' dir='ltr'><strong>exercitu</strong></span> <span class='ocrx_word' id='word_1_562' title='bbox 1940 4216 2145 4270; x_wconf 89' lang='lat' dir='ltr'><strong>consti-</strong></span> 
     </span>
    </p>
   </div>
   <div class='ocr_carea' id='block_1_74' title="bbox 571 4309 2147 4382">
    <p class='ocr_par' dir='ltr' id='par_1_74' title="bbox 571 4309 2147 4382">
     <span class='ocr_line' id='line_1_74' title="bbox 571 4309 2147 4382; baseline -0.004 -12"><span class='ocrx_word' id='word_1_563' title='bbox 571 4326 715 4370; x_wconf 78' lang='lat' dir='ltr'><strong>tutus</strong></span> <span class='ocrx_word' id='word_1_564' title='bbox 740 4330 1014 4369; x_wconf 87' lang='lat' dir='ltr'><strong>armorum</strong></span> <span class='ocrx_word' id='word_1_565' title='bbox 1046 4332 1056 4366; x_wconf 89' lang='lat'>:</span> <span class='ocrx_word' id='word_1_566' title='bbox 1091 4314 1307 4382; x_wconf 86' lang='lat' dir='ltr'><strong>squalet</strong></span> <span class='ocrx_word' id='word_1_567' title='bbox 1336 4326 1465 4366; x_wconf 85' lang='lat' dir='ltr'><strong>vero</strong></span> <span class='ocrx_word' id='word_1_568' title='bbox 1490 4309 1720 4365; x_wconf 79' lang='lat' dir='ltr'><strong>deformi</strong></span> <span class='ocrx_word' id='word_1_569' title='bbox 1745 4310 1945 4363; x_wconf 89' lang='lat' dir='ltr'><strong>virtute</strong></span> <span class='ocrx_word' id='word_1_570' title='bbox 1968 4310 2147 4378; x_wconf 83' lang='lat' dir='ltr'><strong>segnis</strong></span> 
     </span>
    </p>
   </div>
   <div class='ocr_carea' id='block_1_75' title="bbox 568 4406 2144 4478">
    <p class='ocr_par' dir='ltr' id='par_1_75' title="bbox 568 4406 2144 4478">
     <span class='ocr_line' id='line_1_75' title="bbox 568 4406 2144 4478; baseline -0.003 -13"><span class='ocrx_word' id='word_1_571' title='bbox 568 4423 620 4465; x_wconf 91' lang='lat' dir='ltr'><strong>et</strong></span> <span class='ocrx_word' id='word_1_572' title='bbox 651 4424 869 4473; x_wconf 80' lang='lat' dir='ltr'><strong>vacuus,</strong></span> <span class='ocrx_word' id='word_1_573' title='bbox 901 4409 989 4478; x_wconf 87' lang='lat' dir='ltr'><strong>qui</strong></span> <span class='ocrx_word' id='word_1_574' title='bbox 1019 4409 1289 4477; x_wconf 79' lang='lat' dir='ltr'><strong>incampo</strong></span> <span class='ocrx_word' id='word_1_575' title='bbox 1332 4422 1432 4463; x_wconf 85' lang='lat' dir='ltr'><strong>nec</strong></span> <span class='ocrx_word' id='word_1_576' title='bbox 1475 4407 1577 4461; x_wconf 88' lang='lat' dir='ltr'><strong>sibi</strong></span> <span class='ocrx_word' id='word_1_577' title='bbox 1608 4414 1693 4459; x_wconf 84' lang='lat' dir='ltr'><strong>est</strong></span> <span class='ocrx_word' id='word_1_578' title='bbox 1734 4406 2004 4475; x_wconf 85' lang='lat' dir='ltr'><strong>cognitus,</strong></span> <span class='ocrx_word' id='word_1_579' title='bbox 2047 4421 2144 4461; x_wconf 90' lang='lat' dir='ltr'><strong>nec</strong></span> 
     </span>
    </p>
   </div>
   <div class='ocr_carea' id='block_1_76' title="bbox 2254 3197 3834 3271">
    <p class='ocr_par' dir='ltr' id='par_1_76' title="bbox 2254 3197 3834 3271">
     <span class='ocr_line' id='line_1_76' title="bbox 2254 3197 3834 3271; baseline -0.004 -15"><span class='ocrx_word' id='word_1_580' title='bbox 2254 3204 2545 3256; x_wconf 86' lang='lat' dir='ltr'><strong>tati0nibus</strong></span> <span class='ocrx_word' id='word_1_581' title='bbox 2597 3202 2802 3256; x_wconf 87' lang='lat' dir='ltr'><strong>crebris</strong></span> <span class='ocrx_word' id='word_1_582' title='bbox 2842 3203 3116 3271; x_wconf 87' lang='lat' dir='ltr'><strong>proprium</strong></span> <span class='ocrx_word' id='word_1_583' title='bbox 3158 3202 3365 3253; x_wconf 79' lang='lat' dir='ltr'><strong>nutrire</strong></span> <span class='ocrx_word' id='word_1_584' title='bbox 3406 3197 3685 3251; x_wconf 90' lang='lat' dir='ltr'><strong>munimen</strong></span> <span class='ocrx_word' id='word_1_585' title='bbox 3712 3239 3724 3261; x_wconf 98' lang='lat'><strong>,</strong></span> <span class='ocrx_word' id='word_1_586' title='bbox 3785 3206 3834 3250; x_wconf 87' lang='lat' dir='ltr'><strong>et</strong></span> 
     </span>
    </p>
   </div>
   <div class='ocr_carea' id='block_1_77' title="bbox 2250 3291 3833 3365">
    <p class='ocr_par' dir='ltr' id='par_1_77' title="bbox 2250 3291 3833 3365">
     <span class='ocr_line' id='line_1_77' title="bbox 2250 3291 3833 3365; baseline -0.003 -15"><span class='ocrx_word' id='word_1_587' title='bbox 2250 3310 2370 3350; x_wconf 90' lang='lat' dir='ltr'><strong>cum</strong></span> <span class='ocrx_word' id='word_1_588' title='bbox 2402 3296 2653 3365; x_wconf 83' lang='lat' dir='ltr'><strong>periculis</strong></span> <span class='ocrx_word' id='word_1_589' title='bbox 2692 3295 2892 3349; x_wconf 88' lang='lat' dir='ltr'><strong>habere</strong></span> <span class='ocrx_word' id='word_1_590' title='bbox 2927 3307 3221 3349; x_wconf 70' lang='lat' dir='ltr'><strong>certamen.</strong></span> <span class='ocrx_word' id='word_1_591' title='bbox 3273 3293 3444 3362; x_wconf 88' lang='lat' dir='ltr'><strong>Ipsius</strong></span> <span class='ocrx_word' id='word_1_592' title='bbox 3484 3301 3567 3345; x_wconf 87' lang='lat' dir='ltr'><strong>est</strong></span> <span class='ocrx_word' id='word_1_593' title='bbox 3601 3291 3667 3345; x_wconf 84' lang='lat' dir='ltr'><strong>ad</strong></span> <span class='ocrx_word' id='word_1_594' title='bbox 3702 3306 3833 3359; x_wconf 90' lang='lat' dir='ltr'><strong>por-</strong></span> 
     </span>
    </p>
   </div>
   <div class='ocr_carea' id='block_1_78' title="bbox 2252 3385 3835 3458">
    <p class='ocr_par' dir='ltr' id='par_1_78' title="bbox 2252 3385 3835 3458">
     <span class='ocr_line' id='line_1_78' title="bbox 2252 3385 3835 3458; baseline -0.003 -16"><span class='ocrx_word' id='word_1_595' title='bbox 2252 3398 2362 3442; x_wconf 92' lang='lat' dir='ltr'><strong>tum</strong></span> <span class='ocrx_word' id='word_1_596' title='bbox 2388 3396 2663 3458; x_wconf 64' lang='lat' dir='ltr'><strong>perpetuac</strong></span> <span class='ocrx_word' id='word_1_597' title='bbox 2706 3387 2974 3442; x_wconf 84' lang='lat' dir='ltr'><strong>felicitatis</strong></span> <span class='ocrx_word' id='word_1_598' title='bbox 3017 3403 3112 3451; x_wconf 76' lang='lat' dir='ltr'><strong>rer</strong></span> <span class='ocrx_word' id='word_1_599' title='bbox 3150 3386 3374 3441; x_wconf 71' lang='lat' dir='ltr'><strong>furentia</strong></span> <span class='ocrx_word' id='word_1_600' title='bbox 3416 3385 3597 3440; x_wconf 89' lang='lat' dir='ltr'><strong>mundi</strong></span> <span class='ocrx_word' id='word_1_601' title='bbox 3640 3385 3835 3440; x_wconf 85' lang='lat' dir='ltr'><strong>discri-</strong></span> 
     </span>
    </p>
   </div>
   <div class='ocr_carea' id='block_1_79' title="bbox 2255 3477 3834 3549">
    <p class='ocr_par' dir='ltr' id='par_1_79' title="bbox 2255 3477 3834 3549">
     <span class='ocr_line' id='line_1_79' title="bbox 2255 3477 3834 3549; baseline -0.004 -15"><span class='ocrx_word' id='word_1_602' title='bbox 2255 3482 2397 3535; x_wconf 88' lang='lat' dir='ltr'><strong>mina</strong></span> <span class='ocrx_word' id='word_1_603' title='bbox 2434 3482 2707 3549; x_wconf 84' lang='lat' dir='ltr'><strong>navigare,</strong></span> <span class='ocrx_word' id='word_1_604' title='bbox 2750 3490 2803 3533; x_wconf 81' lang='lat' dir='ltr'><strong>ot</strong></span> <span class='ocrx_word' id='word_1_605' title='bbox 2842 3482 2941 3534; x_wconf 78' lang='lat' dir='ltr'><strong>sub</strong></span> <span class='ocrx_word' id='word_1_606' title='bbox 2986 3477 3182 3533; x_wconf 87' lang='lat' dir='ltr'><strong>ictibus</strong></span> <span class='ocrx_word' id='word_1_607' title='bbox 3208 3478 3501 3547; x_wconf 67' lang='lat' dir='ltr'><strong>disciplima</strong></span> <span class='ocrx_word' id='word_1_608' title='bbox 3542 3479 3834 3532; x_wconf 80' lang='lat' dir='ltr'><strong>medicina-</strong></span> 
     </span>
    </p>
   </div>
   <div class='ocr_carea' id='block_1_80' title="bbox 2250 3572 3829 3642">
    <p class='ocr_par' dir='ltr' id='par_1_80' title="bbox 2250 3572 3829 3642">
     <span class='ocr_line' id='line_1_80' title="bbox 2250 3572 3829 3642; baseline -0.003 -15"><span class='ocrx_word' id='word_1_609' title='bbox 2250 3573 2338 3642; x_wconf 82' lang='lat' dir='ltr'><strong>lis,</strong></span> <span class='ocrx_word' id='word_1_610' title='bbox 2367 3584 2616 3641; x_wconf 78' lang='lat' dir='ltr'><strong>potenter</strong></span> <span class='ocrx_word' id='word_1_611' title='bbox 2643 3574 2754 3642; x_wconf 75' lang='lat' dir='ltr'><strong>ipsa</strong></span> <span class='ocrx_word' id='word_1_612' title='bbox 2789 3573 3112 3629; x_wconf 77' lang='lat' dir='ltr'><strong>necessitate</strong></span> <span class='ocrx_word' id='word_1_613' title='bbox 3140 3588 3387 3639; x_wconf 72' lang='lat' dir='ltr'><strong>regnare.</strong></span> <span class='ocrx_word' id='word_1_614' title='bbox 3437 3572 3690 3626; x_wconf 85' lang='lat' dir='ltr'><strong>Nostrqu</strong></span> <span class='ocrx_word' id='word_1_615' title='bbox 3723 3583 3829 3632; x_wconf 83' lang='lat' dir='ltr'><strong>est,</strong></span> 
     </span>
    </p>
   </div>
   <div class='ocr_carea' id='block_1_81' title="bbox 2253 3665 3830 3736">
    <p class='ocr_par' dir='ltr' id='par_1_81' title="bbox 2253 3665 3830 3736">
     <span class='ocr_line' id='line_1_81' title="bbox 2253 3665 3830 3736; baseline -0.003 -15"><span class='ocrx_word' id='word_1_616' title='bbox 2253 3668 2489 3735; x_wconf 85' lang='lat' dir='ltr'><strong>inquam,</strong></span> <span class='ocrx_word' id='word_1_617' title='bbox 2542 3668 2862 3721; x_wconf 83' lang='lat' dir='ltr'><strong>calamitatis</strong></span> <span class='ocrx_word' id='word_1_618' title='bbox 2912 3668 3273 3721; x_wconf 51' lang='lat' dir='ltr'><strong>exercitio‘iu</strong></span> <span class='ocrx_word' id='word_1_619' title='bbox 3322 3667 3512 3736; x_wconf 67' lang='lat' dir='ltr'><strong>gloria:</strong></span> <span class='ocrx_word' id='word_1_620' title='bbox 3559 3665 3830 3734; x_wconf 83' lang='lat' dir='ltr'><strong>faStigium</strong></span> 
     </span>
    </p>
   </div>
   <div class='ocr_carea' id='block_1_82' title="bbox 2249 3758 3828 3827">
    <p class='ocr_par' dir='ltr' id='par_1_82' title="bbox 2249 3758 3828 3827">
     <span class='ocr_line' id='line_1_82' title="bbox 2249 3758 3828 3827; baseline -0.001 -16"><span class='ocrx_word' id='word_1_621' title='bbox 2249 3758 2566 3821; x_wconf 81' lang='lat' dir='ltr'><strong>sobiimari,</strong></span> <span class='ocrx_word' id='word_1_622' title='bbox 2601 3772 2652 3814; x_wconf 89' lang='lat' dir='ltr'><strong>et</strong></span> <span class='ocrx_word' id='word_1_623' title='bbox 2699 3760 2855 3812; x_wconf 85' lang='lat' dir='ltr'><strong>malis</strong></span> <span class='ocrx_word' id='word_1_624' title='bbox 2888 3760 3276 3827; x_wconf 86' lang='lat' dir='ltr'><strong>prementibus,</strong></span> <span class='ocrx_word' id='word_1_625' title='bbox 3327 3759 3380 3812; x_wconf 91' lang='lat' dir='ltr'><strong>in</strong></span> <span class='ocrx_word' id='word_1_626' title='bbox 3429 3758 3569 3812; x_wconf 85' lang='lat' dir='ltr'><strong>bona</strong></span> <span class='ocrx_word' id='word_1_627' title='bbox 3612 3758 3828 3825; x_wconf 66' lang='lat' dir='ltr'><strong>prmmia</strong></span> 
     </span>
    </p>
   </div>
   <div class='ocr_carea' id='block_1_83' title="bbox 2252 3851 3826 3922">
    <p class='ocr_par' dir='ltr' id='par_1_83' title="bbox 2252 3851 3826 3922">
     <span class='ocr_line' id='line_1_83' title="bbox 2252 3851 3826 3922; baseline -0.001 -17"><span class='ocrx_word' id='word_1_628' title='bbox 2252 3851 2581 3922; x_wconf 85' lang='lat' dir='ltr'><strong>promoveri.</strong></span> <span class='ocrx_word' id='word_1_629' title='bbox 2612 3853 2764 3922; x_wconf 83' lang='lat' dir='ltr'><strong>Apud</strong></span> <span class='ocrx_word' id='word_1_630' title='bbox 2797 3869 2895 3905; x_wconf 81' lang='lat' dir='ltr'><strong>nos</strong></span> <span class='ocrx_word' id='word_1_631' title='bbox 2936 3853 3222 3905; x_wconf 82' lang='lat' dir='ltr'><strong>infirmitas</strong></span> <span class='ocrx_word' id='word_1_632' title='bbox 3259 3853 3342 3905; x_wconf 85' lang='lat' dir='ltr'><strong>vel</strong></span> <span class='ocrx_word' id='word_1_633' title='bbox 3378 3851 3636 3921; x_wconf 61' lang='lat' dir='ltr'><strong>quaelibet</strong></span> <span class='ocrx_word' id='word_1_634' title='bbox 3676 3866 3826 3920; x_wconf 65' lang='lat' dir='ltr'><strong>pres«</strong></span> 
     </span>
    </p>
   </div>
   <div class='ocr_carea' id='block_1_84' title="bbox 2250 3950 3828 4018">
    <p class='ocr_par' dir='ltr' id='par_1_84' title="bbox 2250 3950 3828 4018">
     <span class='ocr_line' id='line_1_84' title="bbox 2250 3950 3828 4018; baseline -0.002 -17"><span class='ocrx_word' id='word_1_635' title='bbox 2250 3961 2396 4010; x_wconf 86' lang='lat' dir='ltr'><strong>sura,</strong></span> <span class='ocrx_word' id='word_1_636' title='bbox 2449 3961 2825 4018; x_wconf 86' lang='lat' dir='ltr'><strong>argumentum</strong></span> <span class='ocrx_word' id='word_1_637' title='bbox 2852 3959 2934 4003; x_wconf 86' lang='lat' dir='ltr'><strong>est</strong></span> <span class='ocrx_word' id='word_1_638' title='bbox 2967 3950 3236 4018; x_wconf 71' lang='lat' dir='ltr'><strong>potentim,</strong></span> <span class='ocrx_word' id='word_1_639' title='bbox 3269 3957 3321 4001; x_wconf 90' lang='lat' dir='ltr'><strong>et</strong></span> <span class='ocrx_word' id='word_1_640' title='bbox 3352 3958 3524 4001; x_wconf 88' lang='lat' dir='ltr'><strong>mater</strong></span> <span class='ocrx_word' id='word_1_641' title='bbox 3553 3962 3651 4015; x_wconf 86' lang='lat' dir='ltr'><strong>pro</strong></span> <span class='ocrx_word' id='word_1_642' title='bbox 3679 3957 3828 4000; x_wconf 90' lang='lat' dir='ltr'><strong>certo</strong></span> 
     </span>
    </p>
   </div>
   <div class='ocr_carea' id='block_1_85' title="bbox 2252 4042 3829 4113">
    <p class='ocr_par' dir='ltr' id='par_1_85' title="bbox 2252 4042 3829 4113">
     <span class='ocr_line' id='line_1_85' title="bbox 2252 4042 3829 4113; baseline -0.002 -18"><span class='ocrx_word' id='word_1_643' title='bbox 2252 4044 2499 4113; x_wconf 76' lang='lat' dir='ltr'><strong>palmatae</strong></span> <span class='ocrx_word' id='word_1_644' title='bbox 2528 4046 2742 4098; x_wconf 85' lang='lat' dir='ltr'><strong>virtutis</strong></span> <span class='ocrx_word' id='word_1_645' title='bbox 2774 4063 2785 4097; x_wconf 89' lang='lat'><strong>:</strong></span> <span class='ocrx_word' id='word_1_646' title='bbox 2821 4046 2975 4098; x_wconf 84' lang='lat' dir='ltr'><strong>sicuti</strong></span> <span class='ocrx_word' id='word_1_647' title='bbox 3005 4043 3345 4099; x_wconf 75' lang='lat' dir='ltr'><strong>beatissimus</strong></span> <span class='ocrx_word' id='word_1_648' title='bbox 3371 4044 3647 4112; x_wconf 87' lang='lat' dir='ltr'><strong>apostolus</strong></span> <span class='ocrx_word' id='word_1_649' title='bbox 3698 4042 3829 4095; x_wconf 79' lang='lat' dir='ltr'><strong>Pau-</strong></span> 
     </span>
    </p>
   </div>
   <div class='ocr_carea' id='block_1_86' title="bbox 2252 4136 3830 4205">
    <p class='ocr_par' dir='ltr' id='par_1_86' title="bbox 2252 4136 3830 4205">
     <span class='ocr_line' id='line_1_86' title="bbox 2252 4136 3830 4205; baseline -0.003 -13"><span class='ocrx_word' id='word_1_650' title='bbox 2252 4139 2334 4192; x_wconf 91' lang='lat' dir='ltr'><strong>lus</strong></span> <span class='ocrx_word' id='word_1_651' title='bbox 2356 4179 2369 4203; x_wconf 96' lang='lat'><strong>,</strong></span> <span class='ocrx_word' id='word_1_652' title='bbox 2408 4139 2549 4192; x_wconf 86' lang='lat' dir='ltr'><strong>inter</strong></span> <span class='ocrx_word' id='word_1_653' title='bbox 2589 4139 2766 4191; x_wconf 84' lang='lat' dir='ltr'><strong>varios</strong></span> <span class='ocrx_word' id='word_1_654' title='bbox 2807 4136 2945 4191; x_wconf 90' lang='lat' dir='ltr'><strong>ictus</strong></span> <span class='ocrx_word' id='word_1_655' title='bbox 2973 4137 3291 4205; x_wconf 66' lang='lat' dir='ltr'><strong>divrrsaque</strong></span> <span class='ocrx_word' id='word_1_656' title='bbox 3324 4136 3542 4190; x_wconf 70' lang='lat' dir='ltr'><strong>verbera</strong></span> <span class='ocrx_word' id='word_1_657' title='bbox 3576 4147 3625 4189; x_wconf 89' lang='lat' dir='ltr'><strong>et</strong></span> <span class='ocrx_word' id='word_1_658' title='bbox 3660 4136 3830 4203; x_wconf 80' lang='lat' dir='ltr'><strong>impc-</strong></span> 
     </span>
    </p>
   </div>
   <div class='ocr_carea' id='block_1_87' title="bbox 2251 4231 3827 4303">
    <p class='ocr_par' dir='ltr' id='par_1_87' title="bbox 2251 4231 3827 4303">
     <span class='ocr_line' id='line_1_87' title="bbox 2251 4231 3827 4303; baseline -0.003 -18"><span class='ocrx_word' id='word_1_659' title='bbox 2251 4243 2336 4287; x_wconf 85' lang='lat' dir='ltr'><strong>tus</strong></span> <span class='ocrx_word' id='word_1_660' title='bbox 2369 4234 2701 4303; x_wconf 79' lang='lat' dir='ltr'><strong>procellosus</strong></span> <span class='ocrx_word' id='word_1_661' title='bbox 2726 4233 2783 4285; x_wconf 90' lang='lat' dir='ltr'><strong>in</strong></span> <span class='ocrx_word' id='word_1_662' title='bbox 2827 4232 3135 4285; x_wconf 88' lang='lat' dir='ltr'><strong>morborum</strong></span> <span class='ocrx_word' id='word_1_663' title='bbox 3168 4232 3353 4299; x_wconf 60' lang='lat' dir='ltr'><strong>praelia</strong></span> <span class='ocrx_word' id='word_1_664' title='bbox 3383 4231 3740 4296; x_wconf 84' lang='lat' dir='ltr'><strong>constitutus,</strong></span> <span class='ocrx_word' id='word_1_665' title='bbox 3772 4238 3827 4282; x_wconf 90' lang='lat' dir='ltr'><strong>ut</strong></span> 
     </span>
    </p>
   </div>
   <div class='ocr_carea' id='block_1_88' title="bbox 2250 4322 3829 4393">
    <p class='ocr_par' dir='ltr' id='par_1_88' title="bbox 2250 4322 3829 4393">
     <span class='ocr_line' id='line_1_88' title="bbox 2250 4322 3829 4393; baseline -0.003 -15"><span class='ocrx_word' id='word_1_666' title='bbox 2250 4325 2490 4381; x_wconf 75' lang='lat' dir='ltr'><strong>cmlcstis</strong></span> <span class='ocrx_word' id='word_1_667' title='bbox 2516 4326 2751 4390; x_wconf 78' lang='lat' dir='ltr'><strong>armiger</strong></span> <span class='ocrx_word' id='word_1_668' title='bbox 2776 4322 3176 4377; x_wconf 87' lang='lat' dir='ltr'><strong>infirmitatibus</strong></span> <span class='ocrx_word' id='word_1_669' title='bbox 3215 4333 3427 4393; x_wconf 82' lang='lat' dir='ltr'><strong>potens,</strong></span> <span class='ocrx_word' id='word_1_670' title='bbox 3462 4323 3745 4392; x_wconf 79' lang='lat' dir='ltr'><strong>gloriatur,</strong></span> <span class='ocrx_word' id='word_1_671' title='bbox 3778 4329 3829 4376; x_wconf 87' lang='lat' dir='ltr'><strong>et</strong></span> 
     </span>
    </p>
   </div>
   <div class='ocr_carea' id='block_1_89' title="bbox 2259 4416 3827 4488">
    <p class='ocr_par' dir='ltr' id='par_1_89' title="bbox 2259 4416 3827 4488">
     <span class='ocr_line' id='line_1_89' title="bbox 2259 4416 3827 4488; baseline -0.004 -15"><span class='ocrx_word' id='word_1_672' title='bbox 2259 4418 2389 4473; x_wconf 86' lang='lat' dir='ltr'><strong>dicit</strong></span> <span class='ocrx_word' id='word_1_673' title='bbox 2421 4436 2440 4471; x_wconf 90' lang='lat'><strong><em>:</em></strong></span> <span class='ocrx_word' id='word_1_674' title='bbox 2470 4416 2827 4471; x_wconf 71' lang='lat' dir='ltr'><strong>Libentissime</strong></span> <span class='ocrx_word' id='word_1_675' title='bbox 2847 4418 3012 4485; x_wconf 79' lang='lat' dir='ltr'><strong>itaque</strong></span> <span class='ocrx_word' id='word_1_676' title='bbox 3038 4419 3205 4488; x_wconf 70' lang='lat' dir='ltr'><strong>magis</strong></span> <span class='ocrx_word' id='word_1_677' title='bbox 3237 4416 3496 4487; x_wconf 84' lang='lat' dir='ltr'><strong>gloriabor</strong></span> <span class='ocrx_word' id='word_1_678' title='bbox 3520 4417 3571 4467; x_wconf 86' lang='lat' dir='ltr'><strong>in</strong></span> <span class='ocrx_word' id='word_1_679' title='bbox 3601 4416 3827 4483; x_wconf 76' lang='lat' dir='ltr'><strong>inﬁrmi—</strong></span> 
     </span>
    </p>
   </div>
   <div class='ocr_carea' id='block_1_90' title="bbox 564 4469 2151 4581">
    <p class='ocr_par' dir='ltr' id='par_1_90' title="bbox 564 4499 2129 4567">
     <span class='ocr_line' id='line_1_90' title="bbox 564 4499 2129 4567; baseline -0.002 -9"><span class='ocrx_word' id='word_1_680' title='bbox 564 4504 717 4559; x_wconf 84' lang='lat' dir='ltr'><strong>alteri</strong></span> <span class='ocrx_word' id='word_1_681' title='bbox 747 4511 925 4556; x_wconf 88' lang='lat' dir='ltr'><strong>notus.</strong></span> <span class='ocrx_word' id='word_1_682' title='bbox 957 4502 1116 4555; x_wconf 83' lang='lat' dir='ltr'><strong>Caret</strong></span> <span class='ocrx_word' id='word_1_683' title='bbox 1139 4502 1285 4555; x_wconf 87' lang='lat' dir='ltr'><strong>enim</strong></span> <span class='ocrx_word' id='word_1_684' title='bbox 1319 4499 1586 4563; x_wconf 88' lang='lat' dir='ltr'><strong>laudibus,</strong></span> <span class='ocrx_word' id='word_1_685' title='bbox 1619 4512 1762 4553; x_wconf 87' lang='lat' dir='ltr'><strong>caret</strong></span> <span class='ocrx_word' id='word_1_686' title='bbox 1792 4512 1848 4555; x_wconf 89' lang='lat' dir='ltr'><strong>et</strong></span> <span class='ocrx_word' id='word_1_687' title='bbox 1876 4499 2129 4567; x_wconf 81' lang='lat' dir='ltr'><strong>praemiis.</strong></span> 
     </span>
    </p>
   </div>
   <div class='ocr_carea' id='block_1_91' title="bbox 2257 4469 3827 4581">
    <p class='ocr_par' dir='ltr' id='par_1_91' title="bbox 2257 4506 3827 4581">
     <span class='ocr_line' id='line_1_91' title="bbox 2257 4506 3827 4581; baseline -0.002 -17"><span class='ocrx_word' id='word_1_688' title='bbox 2257 4511 2461 4577; x_wconf 85' lang='lat' dir='ltr'><strong>talibus,</strong></span> <span class='ocrx_word' id='word_1_689' title='bbox 2494 4517 2549 4562; x_wconf 84' lang='lat' dir='ltr'><strong>ut</strong></span> <span class='ocrx_word' id='word_1_690' title='bbox 2578 4508 2818 4563; x_wconf 78' lang='lat' dir='ltr'><strong>inhabitet</strong></span> <span class='ocrx_word' id='word_1_691' title='bbox 2841 4509 2894 4561; x_wconf 83' lang='lat' dir='ltr'><strong>in</strong></span> <span class='ocrx_word' id='word_1_692' title='bbox 2927 4524 3003 4560; x_wconf 82' lang='lat' dir='ltr'><strong>me</strong></span> <span class='ocrx_word' id='word_1_693' title='bbox 3034 4509 3192 4561; x_wconf 82' lang='lat' dir='ltr'><strong>rirtus</strong></span> <span class='ocrx_word' id='word_1_694' title='bbox 3219 4507 3407 4562; x_wconf 80' lang='lat' dir='ltr'><strong>Christi</strong></span> <span class='ocrx_word' id='word_1_695' title='bbox 3438 4509 3456 4581; x_wconf 93' lang='lat'><strong>(</strong></span> <span class='ocrx_word' id='word_1_696' title='bbox 3489 4507 3524 4560; x_wconf 94' lang='lat' dir='ltr'><strong>Il</strong></span> <span class='ocrx_word' id='word_1_697' title='bbox 3555 4506 3671 4560; x_wconf 80' lang='lat' dir='ltr'><strong>Cor.</strong></span> <span class='ocrx_word' id='word_1_698' title='bbox 3710 4523 3781 4561; x_wconf 70' lang='lat' dir='ltr'><strong>Ml</strong></span> <span class='ocrx_word' id='word_1_699' title='bbox 3810 4549 3827 4573; x_wconf 89' lang='lat'><strong>,</strong></span> 
     </span>
    </p>
   </div>
   <div class='ocr_carea' id='block_1_92' title="bbox 563 4594 2131 4664">
    <p class='ocr_par' dir='ltr' id='par_1_92' title="bbox 563 4594 2131 4664">
     <span class='ocr_line' id='line_1_92' title="bbox 563 4594 2131 4664; baseline -0.003 -8"><span class='ocrx_word' id='word_1_700' title='bbox 563 4602 630 4656; x_wconf 68' lang='lat' dir='ltr'><strong>Et</strong></span> <span class='ocrx_word' id='word_1_701' title='bbox 655 4599 775 4653; x_wconf 86' lang='lat' dir='ltr'><strong>ideo</strong></span> <span class='ocrx_word' id='word_1_702' title='bbox 803 4596 1054 4650; x_wconf 81' lang='lat' dir='ltr'><strong>nocivum</strong></span> <span class='ocrx_word' id='word_1_703' title='bbox 1082 4610 1185 4647; x_wconf 88' lang='lat' dir='ltr'><strong>non</strong></span> <span class='ocrx_word' id='word_1_704' title='bbox 1214 4594 1379 4647; x_wconf 84' lang='lat' dir='ltr'><strong>debet</strong></span> <span class='ocrx_word' id='word_1_705' title='bbox 1406 4609 1533 4648; x_wconf 84' lang='lat' dir='ltr'><strong>esse</strong></span> <span class='ocrx_word' id='word_1_706' title='bbox 1555 4595 1851 4664; x_wconf 88' lang='lat' dir='ltr'><strong>periculum</strong></span> <span class='ocrx_word' id='word_1_707' title='bbox 1872 4637 1887 4661; x_wconf 94' lang='lat'><strong>,</strong></span> <span class='ocrx_word' id='word_1_708' title='bbox 1920 4596 2005 4651; x_wconf 88' lang='lat' dir='ltr'><strong>tibi</strong></span> <span class='ocrx_word' id='word_1_709' title='bbox 2035 4614 2131 4652; x_wconf 88' lang='lat' dir='ltr'><strong>ua-</strong></span> 
     </span>
    </p>
   </div>
   <div class='ocr_carea' id='block_1_93' title="bbox 567 4688 2130 4762">
    <p class='ocr_par' dir='ltr' id='par_1_93' title="bbox 567 4688 2130 4762">
     <span class='ocr_line' id='line_1_93' title="bbox 567 4688 2130 4762; baseline 0.001 -15"><span class='ocrx_word' id='word_1_710' title='bbox 567 4693 734 4747; x_wconf 85' lang='lat' dir='ltr'><strong>scitur</strong></span> <span class='ocrx_word' id='word_1_711' title='bbox 766 4690 1066 4762; x_wconf 55' lang='lat' dir='ltr'><strong>praemium.</strong></span> <span class='ocrx_word' id='word_1_712' title='bbox 1097 4689 1209 4745; x_wconf 81' lang='lat' dir='ltr'><strong>Nec</strong></span> <span class='ocrx_word' id='word_1_713' title='bbox 1237 4688 1399 4744; x_wconf 87' lang='lat' dir='ltr'><strong>debet</strong></span> <span class='ocrx_word' id='word_1_714' title='bbox 1428 4691 1583 4745; x_wconf 83' lang='lat' dir='ltr'><strong>miles</strong></span> <span class='ocrx_word' id='word_1_715' title='bbox 1608 4691 1869 4751; x_wconf 81' lang='lat' dir='ltr'><strong>revocari.</strong></span> <span class='ocrx_word' id='word_1_716' title='bbox 1901 4702 1993 4745; x_wconf 89' lang='lat' dir='ltr'><strong>aut</strong></span> <span class='ocrx_word' id='word_1_717' title='bbox 2023 4696 2130 4762; x_wconf 85' lang='lat' dir='ltr'><strong>pati</strong></span> 
     </span>
    </p>
   </div>
   <div class='ocr_carea' id='block_1_94' title="bbox 559 4782 2131 4853">
    <p class='ocr_par' dir='ltr' id='par_1_94' title="bbox 559 4782 2131 4853">
     <span class='ocr_line' id='line_1_94' title="bbox 559 4782 2131 4853; baseline 0.003 -15"><span class='ocrx_word' id='word_1_718' title='bbox 559 4783 924 4847; x_wconf 86' lang='lat' dir='ltr'><strong>formidinem,</strong></span> <span class='ocrx_word' id='word_1_719' title='bbox 954 4783 1044 4837; x_wconf 88' lang='lat' dir='ltr'><strong>ubi</strong></span> <span class='ocrx_word' id='word_1_720' title='bbox 1076 4784 1318 4853; x_wconf 78' lang='lat' dir='ltr'><strong>sequitur</strong></span> <span class='ocrx_word' id='word_1_721' title='bbox 1362 4782 1534 4851; x_wconf 86' lang='lat' dir='ltr'><strong>palma</strong></span> <span class='ocrx_word' id='word_1_722' title='bbox 1565 4784 1820 4838; x_wconf 78' lang='lat' dir='ltr'><strong>victorim.</strong></span> <span class='ocrx_word' id='word_1_723' title='bbox 1853 4784 1958 4841; x_wconf 86' lang='lat' dir='ltr'><strong>Sua</strong></span> <span class='ocrx_word' id='word_1_724' title='bbox 1986 4788 2131 4843; x_wconf 90' lang='lat' dir='ltr'><strong>enim</strong></span> 
     </span>
    </p>
   </div>
   <div class='ocr_carea' id='block_1_95' title="bbox 564 4876 2132 4944">
    <p class='ocr_par' dir='ltr' id='par_1_95' title="bbox 564 4876 2132 4944">
     <span class='ocr_line' id='line_1_95' title="bbox 564 4876 2132 4944; baseline 0.005 -17"><span class='ocrx_word' id='word_1_725' title='bbox 564 4876 817 4931; x_wconf 72' lang='lat' dir='ltr'><strong>felicitate</strong></span> <span class='ocrx_word' id='word_1_726' title='bbox 845 4881 1009 4930; x_wconf 87' lang='lat' dir='ltr'><strong>miser</strong></span> <span class='ocrx_word' id='word_1_727' title='bbox 1051 4889 1154 4940; x_wconf 83' lang='lat' dir='ltr'><strong>est,</strong></span> <span class='ocrx_word' id='word_1_728' title='bbox 1198 4877 1437 4944; x_wconf 83' lang='lat' dir='ltr'><strong>quicum</strong></span> <span class='ocrx_word' id='word_1_729' title='bbox 1469 4876 1893 4942; x_wconf 81' lang='lat' dir='ltr'><strong>infelicitatibus,</strong></span> <span class='ocrx_word' id='word_1_730' title='bbox 1940 4884 2132 4944; x_wconf 81' lang='lat' dir='ltr'><strong>quibus</strong></span> 
     </span>
    </p>
   </div>
   <div class='ocr_carea' id='block_1_96' title="bbox 564 4967 2126 5039">
    <p class='ocr_par' dir='ltr' id='par_1_96' title="bbox 564 4967 2126 5039">
     <span class='ocr_line' id='line_1_96' title="bbox 564 4967 2126 5039; baseline 0.009 -21"><span class='ocrx_word' id='word_1_731' title='bbox 564 4967 733 5037; x_wconf 85' lang='lat' dir='ltr'><strong>gloria</strong></span> <span class='ocrx_word' id='word_1_732' title='bbox 756 4969 1016 5037; x_wconf 81' lang='lat' dir='ltr'><strong>gignitur,</strong></span> <span class='ocrx_word' id='word_1_733' title='bbox 1045 4984 1331 5039; x_wconf 88' lang='lat' dir='ltr'><strong>numquam</strong></span> <span class='ocrx_word' id='word_1_734' title='bbox 1354 4969 1549 5023; x_wconf 88' lang='lat' dir='ltr'><strong>meruit</strong></span> <span class='ocrx_word' id='word_1_735' title='bbox 1575 4968 1777 5025; x_wconf 83' lang='lat' dir='ltr'><strong>habere</strong></span> <span class='ocrx_word' id='word_1_736' title='bbox 1799 4974 2126 5033; x_wconf 81' lang='lat' dir='ltr'><strong>conﬂictum.</strong></span> 
     </span>
    </p>
   </div>
   <div class='ocr_carea' id='block_1_97' title="bbox 564 5057 2129 5133">
    <p class='ocr_par' dir='ltr' id='par_1_97' title="bbox 564 5057 2129 5133">
     <span class='ocr_line' id='line_1_97' title="bbox 564 5057 2129 5133; baseline 0.006 -18"><span class='ocrx_word' id='word_1_737' title='bbox 564 5057 675 5115; x_wconf 80' lang='lat' dir='ltr'><strong>Nec</strong></span> <span class='ocrx_word' id='word_1_738' title='bbox 728 5074 879 5114; x_wconf 82' lang='lat' dir='ltr'><strong>suam</strong></span> <span class='ocrx_word' id='word_1_739' title='bbox 933 5061 1181 5117; x_wconf 84' lang='lat' dir='ltr'><strong>virtutem</strong></span> <span class='ocrx_word' id='word_1_740' title='bbox 1230 5062 1447 5129; x_wconf 90' lang='lat' dir='ltr'><strong>didicit,</strong></span> <span class='ocrx_word' id='word_1_741' title='bbox 1494 5077 1653 5133; x_wconf 86' lang='lat' dir='ltr'><strong>quem</strong></span> <span class='ocrx_word' id='word_1_742' title='bbox 1700 5067 1975 5123; x_wconf 86' lang='lat' dir='ltr'><strong>calamitas</strong></span> <span class='ocrx_word' id='word_1_743' title='bbox 2025 5085 2129 5124; x_wconf 94' lang='lat' dir='ltr'><strong>non</strong></span> 
     </span>
    </p>
   </div>
   <div class='ocr_carea' id='block_1_98' title="bbox 562 5154 2129 5225">
    <p class='ocr_par' dir='ltr' id='par_1_98' title="bbox 562 5154 2129 5225">
     <span class='ocr_line' id='line_1_98' title="bbox 562 5154 2129 5225; baseline 0.004 -14"><span class='ocrx_word' id='word_1_744' title='bbox 562 5154 817 5211; x_wconf 77' lang='lat' dir='ltr'><strong>excussit.</strong></span> <span class='ocrx_word' id='word_1_745' title='bbox 834 5155 1058 5224; x_wconf 86' lang='lat' dir='ltr'><strong>Semper</strong></span> <span class='ocrx_word' id='word_1_746' title='bbox 1078 5156 1308 5223; x_wconf 87' lang='lat' dir='ltr'><strong>denique</strong></span> <span class='ocrx_word' id='word_1_747' title='bbox 1326 5156 1586 5212; x_wconf 90' lang='lat' dir='ltr'><strong>inertibus</strong></span> <span class='ocrx_word' id='word_1_748' title='bbox 1604 5159 1882 5225; x_wconf 85' lang='lat' dir='ltr'><strong>membris,</strong></span> <span class='ocrx_word' id='word_1_749' title='bbox 1913 5177 2129 5217; x_wconf 88' lang='lat' dir='ltr'><strong>suarum</strong></span> 
     </span>
    </p>
   </div>
   <div class='ocr_carea' id='block_1_99' title="bbox 562 5246 2133 5324">
    <p class='ocr_par' dir='ltr' id='par_1_99' title="bbox 562 5246 2133 5324">
     <span class='ocr_line' id='line_1_99' title="bbox 562 5246 2133 5324; baseline 0.003 -20"><span class='ocrx_word' id='word_1_750' title='bbox 562 5248 756 5305; x_wconf 88' lang='lat' dir='ltr'><strong>virium</strong></span> <span class='ocrx_word' id='word_1_751' title='bbox 782 5247 929 5317; x_wconf 87' lang='lat' dir='ltr'><strong>jacet</strong></span> <span class='ocrx_word' id='word_1_752' title='bbox 957 5247 1115 5301; x_wconf 88' lang='lat' dir='ltr'><strong>miles</strong></span> <span class='ocrx_word' id='word_1_753' title='bbox 1136 5246 1352 5317; x_wconf 84' lang='lat' dir='ltr'><strong>ignarus</strong></span> <span class='ocrx_word' id='word_1_754' title='bbox 1380 5260 1435 5305; x_wconf 86' lang='lat' dir='ltr'><strong>et</strong></span> <span class='ocrx_word' id='word_1_755' title='bbox 1462 5251 1671 5322; x_wconf 91' lang='lat' dir='ltr'><strong>ignotus</strong></span> <span class='ocrx_word' id='word_1_756' title='bbox 1702 5254 1827 5317; x_wconf 88' lang='lat' dir='ltr'><strong>sibi,</strong></span> <span class='ocrx_word' id='word_1_757' title='bbox 1859 5256 1946 5324; x_wconf 89' lang='lat' dir='ltr'><strong>qui</strong></span> <span class='ocrx_word' id='word_1_758' title='bbox 1981 5271 2133 5309; x_wconf 89' lang='lat' dir='ltr'><strong>num-</strong></span> 
     </span>
    </p>
   </div>
   <div class='ocr_carea' id='block_1_100' title="bbox 561 5343 2131 5415">
    <p class='ocr_par' dir='ltr' id='par_1_100' title="bbox 561 5343 2131 5415">
     <span class='ocr_line' id='line_1_100' title="bbox 561 5343 2131 5415; baseline 0.001 -15"><span class='ocrx_word' id='word_1_759' title='bbox 561 5359 719 5415; x_wconf 86' lang='lat' dir='ltr'><strong>quam</strong></span> <span class='ocrx_word' id='word_1_760' title='bbox 772 5343 1034 5400; x_wconf 84' lang='lat' dir='ltr'><strong>bellorum</strong></span> <span class='ocrx_word' id='word_1_761' title='bbox 1065 5343 1351 5396; x_wconf 87' lang='lat' dir='ltr'><strong>calentium</strong></span> <span class='ocrx_word' id='word_1_762' title='bbox 1384 5344 1632 5413; x_wconf 86' lang='lat' dir='ltr'><strong>gloriosis</strong></span> <span class='ocrx_word' id='word_1_763' title='bbox 1661 5347 1882 5401; x_wconf 70' lang='lat' dir='ltr'><strong>testibus</strong></span> <span class='ocrx_word' id='word_1_764' title='bbox 1911 5347 2131 5403; x_wconf 86' lang='lat' dir='ltr'><strong>anhela-</strong></span> 
     </span>
    </p>
   </div>
   <div class='ocr_carea' id='block_1_101' title="bbox 562 5434 2137 5507">
    <p class='ocr_par' dir='ltr' id='par_1_101' title="bbox 562 5434 2137 5507">
     <span class='ocr_line' id='line_1_101' title="bbox 562 5434 2137 5507; baseline 0.004 -16"><span class='ocrx_word' id='word_1_765' title='bbox 562 5440 659 5502; x_wconf 85' lang='lat' dir='ltr'><strong>vit,</strong></span> <span class='ocrx_word' id='word_1_766' title='bbox 693 5450 980 5505; x_wconf 83' lang='lat' dir='ltr'><strong>miniquam</strong></span> <span class='ocrx_word' id='word_1_767' title='bbox 1006 5434 1298 5491; x_wconf 71' lang='lat' dir='ltr'><strong>sudoribus</strong></span> <span class='ocrx_word' id='word_1_768' title='bbox 1323 5435 1620 5507; x_wconf 88' lang='lat' dir='ltr'><strong>triumphos</strong></span> <span class='ocrx_word' id='word_1_769' title='bbox 1643 5439 1866 5493; x_wconf 88' lang='lat' dir='ltr'><strong>invenit.</strong></span> <span class='ocrx_word' id='word_1_770' title='bbox 1893 5439 2001 5494; x_wconf 84' lang='lat' dir='ltr'><strong>Nec</strong></span> <span class='ocrx_word' id='word_1_771' title='bbox 2019 5456 2137 5498; x_wconf 90' lang='lat' dir='ltr'><strong>eum</strong></span> 
     </span>
    </p>
   </div>
   <div class='ocr_carea' id='block_1_102' title="bbox 564 5530 2140 5605">
    <p class='ocr_par' dir='ltr' id='par_1_102' title="bbox 564 5530 2140 5605">
     <span class='ocr_line' id='line_1_102' title="bbox 564 5530 2140 5605; baseline 0.006 -23"><span class='ocrx_word' id='word_1_772' title='bbox 564 5530 805 5597; x_wconf 81' lang='lat' dir='ltr'><strong>sequitur</strong></span> <span class='ocrx_word' id='word_1_773' title='bbox 836 5530 1062 5585; x_wconf 82' lang='lat' dir='ltr'><strong>felicitas</strong></span> <span class='ocrx_word' id='word_1_774' title='bbox 1091 5532 1465 5601; x_wconf 54' lang='lat' dir='ltr'><strong>praemiorum,</strong></span> <span class='ocrx_word' id='word_1_775' title='bbox 1509 5536 1597 5603; x_wconf 92' lang='lat' dir='ltr'><strong>qui</strong></span> <span class='ocrx_word' id='word_1_776' title='bbox 1630 5537 1899 5589; x_wconf 82' lang='lat' dir='ltr'><strong>sarcinam</strong></span> <span class='ocrx_word' id='word_1_777' title='bbox 1932 5544 2140 5605; x_wconf 83' lang='lat' dir='ltr'><strong>gestare</strong></span> 
     </span>
    </p>
   </div>
   <div class='ocr_carea' id='block_1_103' title="bbox 571 5624 2140 5699">
    <p class='ocr_par' dir='ltr' id='par_1_103' title="bbox 571 5624 2140 5699">
     <span class='ocr_line' id='line_1_103' title="bbox 571 5624 2140 5699; baseline 0.004 -21"><span class='ocrx_word' id='word_1_778' title='bbox 571 5637 678 5678; x_wconf 84' lang='lat' dir='ltr'><strong>non</strong></span> <span class='ocrx_word' id='word_1_779' title='bbox 707 5624 818 5679; x_wconf 85' lang='lat' dir='ltr'><strong>vult</strong></span> <span class='ocrx_word' id='word_1_780' title='bbox 848 5639 1145 5682; x_wconf 87' lang='lat' dir='ltr'><strong>armorum.</strong></span> <span class='ocrx_word' id='word_1_781' title='bbox 1190 5626 1256 5682; x_wconf 83' lang='lat' dir='ltr'><strong>Et</strong></span> <span class='ocrx_word' id='word_1_782' title='bbox 1285 5627 1405 5683; x_wconf 88' lang='lat' dir='ltr'><strong>ideo</strong></span> <span class='ocrx_word' id='word_1_783' title='bbox 1442 5630 1494 5684; x_wconf 92' lang='lat' dir='ltr'><strong>in</strong></span> <span class='ocrx_word' id='word_1_784' title='bbox 1536 5644 1634 5683; x_wconf 87' lang='lat' dir='ltr'><strong>usu</strong></span> <span class='ocrx_word' id='word_1_785' title='bbox 1663 5630 1822 5684; x_wconf 86' lang='lat' dir='ltr'><strong>debet</strong></span> <span class='ocrx_word' id='word_1_786' title='bbox 1850 5644 1970 5685; x_wconf 86' lang='lat' dir='ltr'><strong>esse</strong></span> <span class='ocrx_word' id='word_1_787' title='bbox 1998 5628 2140 5699; x_wconf 88' lang='lat' dir='ltr'><strong>quod</strong></span> 
     </span>
    </p>
   </div>
   <div class='ocr_carea' id='block_1_104' title="bbox 560 5712 2139 5797">
    <p class='ocr_par' dir='ltr' id='par_1_104' title="bbox 560 5712 2139 5797">
     <span class='ocr_line' id='line_1_104' title="bbox 560 5712 2139 5797; baseline 0.004 -24"><span class='ocrx_word' id='word_1_788' title='bbox 560 5712 845 5797; x_wconf 70' lang='lat' dir='ltr'><strong>praetium</strong></span> <span class='ocrx_word' id='word_1_789' title='bbox 892 5725 1137 5791; x_wconf 70' lang='lat' dir='ltr'><strong>generat,</strong></span> <span class='ocrx_word' id='word_1_790' title='bbox 1187 5725 1243 5779; x_wconf 80' lang='lat' dir='ltr'><strong>et</strong></span> <span class='ocrx_word' id='word_1_791' title='bbox 1270 5719 1511 5795; x_wconf 76' lang='lat' dir='ltr'><strong>optabile</strong></span> <span class='ocrx_word' id='word_1_792' title='bbox 1531 5720 1673 5797; x_wconf 85' lang='lat' dir='ltr'><strong>quod</strong></span> <span class='ocrx_word' id='word_1_793' title='bbox 1701 5720 1926 5793; x_wconf 76' lang='lat' dir='ltr'><strong>gloriam</strong></span> <span class='ocrx_word' id='word_1_794' title='bbox 1978 5717 2139 5797; x_wconf 82' lang='lat' dir='ltr'><strong>parit.</strong></span> 
     </span>
    </p>
   </div>
   <div class='ocr_carea' id='block_1_105' title="bbox 2243 4598 3824 4673">
    <p class='ocr_par' dir='ltr' id='par_1_105' title="bbox 2243 4598 3824 4673">
     <span class='ocr_line' id='line_1_105' title="bbox 2243 4598 3824 4673; baseline -0.004 -16"><span class='ocrx_word' id='word_1_795' title='bbox 2243 4600 2717 4673; x_wconf 84' lang='lat' dir='ltr'><strong>9):propterquod</strong></span> <span class='ocrx_word' id='word_1_796' title='bbox 2741 4601 2871 4655; x_wconf 87' lang='lat' dir='ltr'><strong>libet</strong></span> <span class='ocrx_word' id='word_1_797' title='bbox 2899 4599 3024 4655; x_wconf 84' lang='lat' dir='ltr'><strong>mihi</strong></span> <span class='ocrx_word' id='word_1_798' title='bbox 3054 4599 3291 4669; x_wconf 83' lang='lat' dir='ltr'><strong>gloriari,</strong></span> <span class='ocrx_word' id='word_1_799' title='bbox 3323 4601 3372 4653; x_wconf 90' lang='lat' dir='ltr'><strong>in</strong></span> <span class='ocrx_word' id='word_1_800' title='bbox 3406 4598 3824 4665; x_wconf 87' lang='lat' dir='ltr'><strong>infirmitatibus,</strong></span> 
     </span>
    </p>
   </div>
   <div class='ocr_carea' id='block_1_106' title="bbox 2244 4692 3824 4762">
    <p class='ocr_par' dir='ltr' id='par_1_106' title="bbox 2244 4692 3824 4762">
     <span class='ocr_line' id='line_1_106' title="bbox 2244 4692 3824 4762; baseline -0.001 -13"><span class='ocrx_word' id='word_1_801' title='bbox 2244 4696 2297 4749; x_wconf 88' lang='lat' dir='ltr'><strong>itr</strong></span> <span class='ocrx_word' id='word_1_802' title='bbox 2325 4697 2685 4753; x_wconf 88' lang='lat' dir='ltr'><strong>contumeliis.</strong></span> <span class='ocrx_word' id='word_1_803' title='bbox 2710 4695 2761 4747; x_wconf 86' lang='lat' dir='ltr'><strong>in</strong></span> <span class='ocrx_word' id='word_1_804' title='bbox 2797 4695 3229 4757; x_wconf 82' lang='lat' dir='ltr'><strong>necessitatibus,</strong></span> <span class='ocrx_word' id='word_1_805' title='bbox 3259 4696 3309 4746; x_wconf 91' lang='lat' dir='ltr'><strong>in</strong></span> <span class='ocrx_word' id='word_1_806' title='bbox 3338 4692 3824 4762; x_wconf 82' lang='lat' dir='ltr'><strong>persecutionibus,</strong></span> 
     </span>
    </p>
   </div>
   <div class='ocr_carea' id='block_1_107' title="bbox 2241 4785 3820 4858">
    <p class='ocr_par' dir='ltr' id='par_1_107' title="bbox 2241 4785 3820 4858">
     <span class='ocr_line' id='line_1_107' title="bbox 2241 4785 3820 4858; baseline -0.001 -17"><span class='ocrx_word' id='word_1_807' title='bbox 2241 4786 2296 4841; x_wconf 90' lang='lat' dir='ltr'><strong>in</strong></span> <span class='ocrx_word' id='word_1_808' title='bbox 2349 4787 2608 4858; x_wconf 82' lang='lat' dir='ltr'><strong>angustiis</strong></span> <span class='ocrx_word' id='word_1_809' title='bbox 2644 4796 2859 4857; x_wconf 86' lang='lat' dir='ltr'><strong>propter</strong></span> <span class='ocrx_word' id='word_1_810' title='bbox 2900 4785 3196 4839; x_wconf 81' lang='lat' dir='ltr'><strong>Christum.</strong></span> <span class='ocrx_word' id='word_1_811' title='bbox 3242 4785 3375 4840; x_wconf 83' lang='lat' dir='ltr'><strong>Cum</strong></span> <span class='ocrx_word' id='word_1_812' title='bbox 3399 4785 3820 4851; x_wconf 85' lang='lat' dir='ltr'><strong>enimiufirmor,</strong></span> 
     </span>
    </p>
   </div>
   <div class='ocr_carea' id='block_1_108' title="bbox 2240 4879 3823 4953">
    <p class='ocr_par' dir='ltr' id='par_1_108' title="bbox 2240 4879 3823 4953">
     <span class='ocr_line' id='line_1_108' title="bbox 2240 4879 3823 4953; baseline -0.004 -15"><span class='ocrx_word' id='word_1_813' title='bbox 2240 4894 2368 4938; x_wconf 89' lang='lat' dir='ltr'><strong>tunc</strong></span> <span class='ocrx_word' id='word_1_814' title='bbox 2391 4894 2576 4953; x_wconf 84' lang='lat' dir='ltr'><strong>potens</strong></span> <span class='ocrx_word' id='word_1_815' title='bbox 2598 4898 2739 4935; x_wconf 87' lang='lat' dir='ltr'><strong>sum.</strong></span> <span class='ocrx_word' id='word_1_816' title='bbox 2759 4885 2821 4935; x_wconf 68' lang='lat' dir='ltr'><strong>iit</strong></span> <span class='ocrx_word' id='word_1_817' title='bbox 2844 4879 3037 4935; x_wconf 90' lang='lat' dir='ltr'><strong>iterum</strong></span> <span class='ocrx_word' id='word_1_818' title='bbox 3066 4898 3077 4931; x_wconf 87' lang='lat'>:</span> <span class='ocrx_word' id='word_1_819' title='bbox 3100 4881 3341 4946; x_wconf 85' lang='lat' dir='ltr'><strong>Quoties,</strong></span> <span class='ocrx_word' id='word_1_820' title='bbox 3359 4880 3544 4949; x_wconf 83' lang='lat' dir='ltr'><strong>inquit,</strong></span> <span class='ocrx_word' id='word_1_821' title='bbox 3562 4880 3823 4943; x_wconf 79' lang='lat' dir='ltr'><strong>infirmor,</strong></span> 
     </span>
    </p>
   </div>
   <div class='ocr_carea' id='block_1_109' title="bbox 2248 4971 3826 5048">
    <p class='ocr_par' dir='ltr' id='par_1_109' title="bbox 2248 4971 3826 5048">
     <span class='ocr_line' id='line_1_109' title="bbox 2248 4971 3826 5048; baseline -0.005 -16"><span class='ocrx_word' id='word_1_822' title='bbox 2248 4977 2565 5033; x_wconf 86' lang='lat' dir='ltr'><strong>tuncverius</strong></span> <span class='ocrx_word' id='word_1_823' title='bbox 2591 4978 2807 5048; x_wconf 89' lang='lat' dir='ltr'><strong>probor,</strong></span> <span class='ocrx_word' id='word_1_824' title='bbox 2851 4985 2904 5030; x_wconf 89' lang='lat' dir='ltr'><strong>et</strong></span> <span class='ocrx_word' id='word_1_825' title='bbox 2937 4975 3123 5044; x_wconf 81' lang='lat' dir='ltr'><strong>placeo</strong></span> <span class='ocrx_word' id='word_1_826' title='bbox 3168 4972 3296 5027; x_wconf 85' lang='lat' dir='ltr'><strong>mihi</strong></span> <span class='ocrx_word' id='word_1_827' title='bbox 3339 4975 3387 5027; x_wconf 90' lang='lat' dir='ltr'><strong>in</strong></span> <span class='ocrx_word' id='word_1_828' title='bbox 3427 4971 3826 5026; x_wconf 81' lang='lat' dir='ltr'><strong>infirmitatibus</strong></span> 
     </span>
    </p>
   </div>
   <div class='ocr_carea' id='block_1_110' title="bbox 2241 5065 3827 5135">
    <p class='ocr_par' dir='ltr' id='par_1_110' title="bbox 2241 5065 3827 5135">
     <span class='ocr_line' id='line_1_110' title="bbox 2241 5065 3827 5135; baseline -0.006 -8"><span class='ocrx_word' id='word_1_829' title='bbox 2241 5071 2395 5127; x_wconf 88' lang='lat' dir='ltr'><strong>meis.</strong></span> <span class='ocrx_word' id='word_1_830' title='bbox 2426 5071 2490 5124; x_wconf 82' lang='lat' dir='ltr'><strong>Et</strong></span> <span class='ocrx_word' id='word_1_831' title='bbox 2524 5072 2719 5124; x_wconf 78' lang='lat' dir='ltr'><strong>iterum</strong></span> <span class='ocrx_word' id='word_1_832' title='bbox 2745 5084 2867 5123; x_wconf 91' lang='lat' dir='ltr'><strong>cum</strong></span> <span class='ocrx_word' id='word_1_833' title='bbox 2896 5082 2926 5121; x_wconf 87' lang='lat' dir='ltr'><strong>a</strong></span> <span class='ocrx_word' id='word_1_834' title='bbox 2971 5083 3028 5121; x_wconf 90' lang='lat' dir='ltr'><strong>se</strong></span> <span class='ocrx_word' id='word_1_835' title='bbox 3065 5066 3339 5120; x_wconf 90' lang='lat' dir='ltr'><strong>stimulum</strong></span> <span class='ocrx_word' id='word_1_836' title='bbox 3389 5065 3567 5120; x_wconf 85' lang='lat' dir='ltr'><strong>carnis</strong></span> <span class='ocrx_word' id='word_1_837' title='bbox 3613 5073 3827 5135; x_wconf 83' lang='lat' dir='ltr'><strong>rogaret</strong></span> 
     </span>
    </p>
   </div>
   <div class='ocr_carea' id='block_1_111' title="bbox 2239 5157 3822 5231">
    <p class='ocr_par' dir='ltr' id='par_1_111' title="bbox 2239 5157 3822 5231">
     <span class='ocr_line' id='line_1_111' title="bbox 2239 5157 3822 5231; baseline -0.004 -16"><span class='ocrx_word' id='word_1_838' title='bbox 2239 5164 2470 5231; x_wconf 87' lang='lat' dir='ltr'><strong>auferri,</strong></span> <span class='ocrx_word' id='word_1_839' title='bbox 2496 5163 2684 5217; x_wconf 86' lang='lat' dir='ltr'><strong>didicit</strong></span> <span class='ocrx_word' id='word_1_840' title='bbox 2710 5163 2760 5215; x_wconf 91' lang='lat' dir='ltr'><strong>iu</strong></span> <span class='ocrx_word' id='word_1_841' title='bbox 2792 5158 3099 5214; x_wconf 84' lang='lat' dir='ltr'><strong>infirmitate</strong></span> <span class='ocrx_word' id='word_1_842' title='bbox 3119 5159 3372 5212; x_wconf 90' lang='lat' dir='ltr'><strong>virtutem</strong></span> <span class='ocrx_word' id='word_1_843' title='bbox 3407 5171 3563 5226; x_wconf 81' lang='lat' dir='ltr'><strong>posse</strong></span> <span class='ocrx_word' id='word_1_844' title='bbox 3606 5157 3822 5211; x_wconf 90' lang='lat' dir='ltr'><strong>nutriri.</strong></span> 
     </span>
    </p>
   </div>
   <div class='ocr_carea' id='block_1_112' title="bbox 2239 5253 3825 5327">
    <p class='ocr_par' dir='ltr' id='par_1_112' title="bbox 2239 5253 3825 5327">
     <span class='ocr_line' id='line_1_112' title="bbox 2239 5253 3825 5327; baseline -0.004 -16"><span class='ocrx_word' id='word_1_845' title='bbox 2239 5256 2408 5311; x_wconf 76' lang='lat' dir='ltr'><strong>Datus</strong></span> <span class='ocrx_word' id='word_1_846' title='bbox 2458 5270 2554 5323; x_wconf 79' lang='lat' dir='ltr'><strong>est,</strong></span> <span class='ocrx_word' id='word_1_847' title='bbox 2595 5256 2791 5327; x_wconf 89' lang='lat' dir='ltr'><strong>inquit,</strong></span> <span class='ocrx_word' id='word_1_848' title='bbox 2838 5254 2963 5307; x_wconf 84' lang='lat' dir='ltr'><strong>mihi</strong></span> <span class='ocrx_word' id='word_1_849' title='bbox 3014 5255 3250 5307; x_wconf 77' lang='lat' dir='ltr'><strong>stimulus</strong></span> <span class='ocrx_word' id='word_1_850' title='bbox 3294 5253 3459 5305; x_wconf 79' lang='lat' dir='ltr'><strong>carnis</strong></span> <span class='ocrx_word' id='word_1_851' title='bbox 3506 5267 3633 5305; x_wconf 64' lang='lat' dir='ltr'><strong>mea:</strong></span> <span class='ocrx_word' id='word_1_852' title='bbox 3665 5292 3682 5316; x_wconf 95' lang='lat'><strong>,</strong></span> <span class='ocrx_word' id='word_1_853' title='bbox 3740 5268 3825 5305; x_wconf 83' lang='lat' dir='ltr'><strong>an-</strong></span> 
     </span>
    </p>
   </div>
   <div class='ocr_carea' id='block_1_113' title="bbox 2247 5344 3824 5423">
    <p class='ocr_par' dir='ltr' id='par_1_113' title="bbox 2247 5344 3824 5423">
     <span class='ocr_line' id='line_1_113' title="bbox 2247 5344 3824 5423; baseline -0.005 -18"><span class='ocrx_word' id='word_1_854' title='bbox 2247 5353 2391 5423; x_wconf 79' lang='lat' dir='ltr'><strong>gelus</strong></span> <span class='ocrx_word' id='word_1_855' title='bbox 2463 5350 2673 5405; x_wconf 70' lang='lat' dir='ltr'><strong>Solam:</strong></span> <span class='ocrx_word' id='word_1_856' title='bbox 2732 5349 2820 5419; x_wconf 86' lang='lat' dir='ltr'><strong>qui</strong></span> <span class='ocrx_word' id='word_1_857' title='bbox 2876 5364 2955 5401; x_wconf 83' lang='lat' dir='ltr'><strong>me</strong></span> <span class='ocrx_word' id='word_1_858' title='bbox 3017 5347 3329 5418; x_wconf 75' lang='lat' dir='ltr'><strong>colaphizet,</strong></span> <span class='ocrx_word' id='word_1_859' title='bbox 3389 5354 3443 5398; x_wconf 84' lang='lat' dir='ltr'><strong>ut</strong></span> <span class='ocrx_word' id='word_1_860' title='bbox 3490 5362 3591 5397; x_wconf 82' lang='lat' dir='ltr'><strong>non</strong></span> <span class='ocrx_word' id='word_1_861' title='bbox 3660 5344 3824 5399; x_wconf 75' lang='lat' dir='ltr'><strong>cxtol-</strong></span> 
     </span>
    </p>
   </div>
   <div class='ocr_carea' id='block_1_114' title="bbox 2244 5438 3825 5514">
    <p class='ocr_par' dir='ltr' id='par_1_114' title="bbox 2244 5438 3825 5514">
     <span class='ocr_line' id='line_1_114' title="bbox 2244 5438 3825 5514; baseline -0.005 -15"><span class='ocrx_word' id='word_1_862' title='bbox 2244 5446 2323 5499; x_wconf 83' lang='lat' dir='ltr'><strong>lar</strong></span> <span class='ocrx_word' id='word_1_863' title='bbox 2356 5451 2601 5514; x_wconf 87' lang='lat' dir='ltr'><strong>:propter</strong></span> <span class='ocrx_word' id='word_1_864' title='bbox 2650 5442 2786 5509; x_wconf 84' lang='lat' dir='ltr'><strong>quod</strong></span> <span class='ocrx_word' id='word_1_865' title='bbox 2840 5450 2915 5492; x_wconf 82' lang='lat' dir='ltr'><strong>ter</strong></span> <span class='ocrx_word' id='word_1_866' title='bbox 2971 5438 3249 5492; x_wconf 79' lang='lat' dir='ltr'><strong>Dominum</strong></span> <span class='ocrx_word' id='word_1_867' title='bbox 3292 5438 3495 5507; x_wconf 78' lang='lat' dir='ltr'><strong>rogari,</strong></span> <span class='ocrx_word' id='word_1_868' title='bbox 3552 5446 3609 5488; x_wconf 83' lang='lat' dir='ltr'><strong>ut</strong></span> <span class='ocrx_word' id='word_1_869' title='bbox 3664 5438 3825 5491; x_wconf 72' lang='lat' dir='ltr'><strong>disce-</strong></span> 
     </span>
    </p>
   </div>
   <div class='ocr_carea' id='block_1_115' title="bbox 2244 5531 3819 5601">
    <p class='ocr_par' dir='ltr' id='par_1_115' title="bbox 2244 5531 3819 5601">
     <span class='ocr_line' id='line_1_115' title="bbox 2244 5531 3819 5601; baseline -0.006 -7"><span class='ocrx_word' id='word_1_870' title='bbox 2244 5541 2385 5595; x_wconf 82' lang='lat' dir='ltr'><strong>deret</strong></span> <span class='ocrx_word' id='word_1_871' title='bbox 2413 5554 2443 5589; x_wconf 89' lang='lat' dir='ltr'><strong>a</strong></span> <span class='ocrx_word' id='word_1_872' title='bbox 2474 5550 2571 5589; x_wconf 83' lang='lat' dir='ltr'><strong>me.</strong></span> <span class='ocrx_word' id='word_1_873' title='bbox 2625 5533 2687 5587; x_wconf 80' lang='lat' dir='ltr'><strong>Et</strong></span> <span class='ocrx_word' id='word_1_874' title='bbox 2721 5533 2849 5587; x_wconf 68' lang='lat' dir='ltr'><strong>dixit</strong></span> <span class='ocrx_word' id='word_1_875' title='bbox 2895 5534 3023 5585; x_wconf 80' lang='lat' dir='ltr'><strong>mihi</strong></span> <span class='ocrx_word' id='word_1_876' title='bbox 3053 5548 3073 5586; x_wconf 88' lang='lat'><strong><em>:</em></strong></span> <span class='ocrx_word' id='word_1_877' title='bbox 3096 5531 3291 5601; x_wconf 62' lang='lat' dir='ltr'><strong>Stmcit</strong></span> <span class='ocrx_word' id='word_1_878' title='bbox 3323 5531 3410 5582; x_wconf 82' lang='lat' dir='ltr'><strong>tibi</strong></span> <span class='ocrx_word' id='word_1_879' title='bbox 3448 5531 3615 5599; x_wconf 87' lang='lat' dir='ltr'><strong>gratia</strong></span> <span class='ocrx_word' id='word_1_880' title='bbox 3666 5546 3819 5584; x_wconf 85' lang='lat' dir='ltr'><strong>mea:</strong></span> 
     </span>
    </p>
   </div>
   <div class='ocr_carea' id='block_1_116' title="bbox 2246 5620 3822 5696">
    <p class='ocr_par' dir='ltr' id='par_1_116' title="bbox 2246 5620 3822 5696">
     <span class='ocr_line' id='line_1_116' title="bbox 2246 5620 3822 5696; baseline -0.006 -9"><span class='ocrx_word' id='word_1_881' title='bbox 2246 5648 2364 5687; x_wconf 84' lang='lat' dir='ltr'><strong>naut</strong></span> <span class='ocrx_word' id='word_1_882' title='bbox 2424 5630 2581 5684; x_wconf 80' lang='lat' dir='ltr'><strong>virttis</strong></span> <span class='ocrx_word' id='word_1_883' title='bbox 2634 5628 2688 5681; x_wconf 86' lang='lat' dir='ltr'><strong>in</strong></span> <span class='ocrx_word' id='word_1_884' title='bbox 2730 5627 3027 5696; x_wconf 74' lang='lat' dir='ltr'><strong>inﬁrmitate</strong></span> <span class='ocrx_word' id='word_1_885' title='bbox 3083 5624 3347 5696; x_wconf 71' lang='lat' dir='ltr'><strong>perﬁcitur</strong></span> <span class='ocrx_word' id='word_1_886' title='bbox 3401 5622 3559 5691; x_wconf 78' lang='lat' dir='ltr'><strong>(Ibid.</strong></span> <span class='ocrx_word' id='word_1_887' title='bbox 3604 5624 3637 5677; x_wconf 85' lang='lat'><strong>7</strong></span> <span class='ocrx_word' id='word_1_888' title='bbox 3688 5620 3822 5694; x_wconf 77' lang='lat' dir='ltr'><strong>seq.)</strong></span> 
     </span>
    </p>
   </div>
   <div class='ocr_carea' id='block_1_117' title="bbox 2245 5714 3825 5799">
    <p class='ocr_par' dir='ltr' id='par_1_117' title="bbox 2245 5714 3825 5799">
     <span class='ocr_line' id='line_1_117' title="bbox 2245 5714 3825 5799; baseline -0.003 -19"><span class='ocrx_word' id='word_1_889' title='bbox 2245 5724 2548 5799; x_wconf 74' lang='lat' dir='ltr'><strong>Numquam</strong></span> <span class='ocrx_word' id='word_1_890' title='bbox 2582 5720 2742 5798; x_wconf 75' lang='lat' dir='ltr'><strong>igitur</strong></span> <span class='ocrx_word' id='word_1_891' title='bbox 2767 5719 2941 5778; x_wconf 84' lang='lat' dir='ltr'><strong>virtus</strong></span> <span class='ocrx_word' id='word_1_892' title='bbox 2971 5716 3310 5779; x_wconf 77' lang='lat' dir='ltr'><strong>documentis</strong></span> <span class='ocrx_word' id='word_1_893' title='bbox 3330 5714 3579 5776; x_wconf 83' lang='lat' dir='ltr'><strong>eruditur</strong></span> <span class='ocrx_word' id='word_1_894' title='bbox 3606 5715 3825 5776; x_wconf 85' lang='lat' dir='ltr'><strong>mollio-</strong></span> 
     </span>
    </p>
   </div>
  </div>
