4000 6310
592 212 656 272 Ἠ
1625 216 1683 275 S.
1728 214 2100 273 HlERONYMi
2138 215 2419 273 OPERUM
2458 212 2850 285 MANTISSAJ
3795 218 3869 275 ’ΖΞ

593 332 852 403 peritura.
888 332 1105 405 Arrepti
1134 332 1278 389 enim
1301 332 1631 389 anfractibus
1662 334 1917 389 vitiorum
1949 335 2168 389 traben-
2192 337 2241 396 Α
2273 335 2497 389 materia
2537 336 2716 391 carnis
2757 335 2962 406 indiget
3004 334 3199 390 virium
3248 334 3495 391 sanitatis
3538 351 3552 389 :
3582 348 3647 390 ac
3692 352 3760 391 ne
3812 348 3869 392 te

592 429 748 495 tium,
796 430 945 483 vario
978 427 1129 498 lapsu
1172 435 1420 484 rotantur
1455 429 1506 483 in
1545 428 1821 483 interitum
1854 427 2057 495 miseri,
2091 428 2171 482 in-

591 521 947 579 certissimam
977 521 1117 575 viam
1143 536 1251 576 non
1279 520 1505 578 redituri
1534 520 1619 576 :in
1648 517 1920 575 exteriora
1947 518 2173 574 tendunt

590 617 826 671 animum
858 629 1006 671 more
1036 615 1353 681 rivulorum,
1382 630 1611 687 quorum
1645 629 1937 683 numquam
1964 627 2172 682 regresc

595 726 687 766 sus
725 719 808 766 est
851 708 902 765 in
930 710 1208 780 proprium
1240 710 1468 765 fontem.
1520 706 1797 779 Siquidem
1838 706 1977 762 lianc
2006 705 2168 760 vitam

582 806 667 859 cui
712 805 832 857 linis
875 811 958 858 est
1009 818 1215 872 comes,
1262 810 1322 857 ut
1359 800 1461 871 ipsi
1507 800 1837 870 Opinantur,
1892 796 2166 868 prosperis

585 896 830 950 cursibus
859 894 1060 949 ducunt
1082 912 1096 947 :
1122 894 1214 950 sed
1236 893 1434 964 gradus
1461 892 1512 946 in
1538 891 1748 947 ultimis
1777 890 1920 946 male
1948 890 2169 945 omnino

585 989 798 1053 sinitur,
833 988 956 1042 dum
985 988 1119 1043 dure
1149 988 1200 1042 in
1234 987 1534 1042 novissimo
1562 994 1756 1041 statur.
1789 984 1859 1040 Et
1886 984 2013 1055 quid
2047 1000 2171 1053 pro-

584 1080 704 1134 dest
745 1094 841 1149 per
887 1079 1202 1134 discrimina
1255 1093 1515 1149 prospere
1564 1076 1905 1141 cucurrisse,
1960 1076 2005 1129 si
2054 1085 2175 1145 post

583 1188 801 1227 cursum
834 1173 1123 1241 contigerit
1165 1169 1425 1226 interire?
1472 1168 1699 1224 Frustra
1743 1168 1976 1238 denique
2019 1166 2173 1221 navis

586 1281 683 1334 per
712 1265 1006 1334 superbum
1043 1266 1265 1333 pelagus
1297 1272 1351 1317 et
1383 1263 1650 1326 insanum,
1699 1261 1888 1315 amicis
1916 1259 2171 1314 ﬂuctibus

584 1356 866 1411 commoda
898 1356 1262 1426 prosperitate
1320 1353 1563 1408 cucurrit
1608 1352 1661 1407 in
1707 1360 1944 1421 portum,
1976 1353 2019 1404 si
2044 1366 2170 1405 cum

587 1448 872 1518 naufragio
901 1449 1171 1518 pervenit,
1210 1456 1265 1501 et
1308 1448 1600 1516 perituram
1649 1457 1839 1515 portus
1869 1444 2172 1513 acceperit?

586 1542 938 1598 Commodius
964 1541 1124 1612 igitur
1148 1550 1232 1596 est
1258 1540 1546 1610 cujuslibet
1574 1539 1775 1595 ducatu
1804 1553 2071 1608 pressura:
2104 1536 2171 1592 ad

594 1646 808 1706 portum
849 1635 1034 1705 gloria:
1080 1633 1383 1703 pervenire,
1431 1647 1590 1702 quam
1641 1631 1875 1688 delicato
1930 1629 2170 1699 navigio,

2271 428 2411 483 forte
2442 438 2683 495 vexaret,
2715 428 2826 482 utili
2860 427 3018 484 modo
3050 436 3279 483 vexatur
3309 438 3364 483 et
3387 427 3602 483 morbo.
3627 429 3755 484 llazc
3778 440 3870 485 est

2270 537 2427 591 quam
2451 523 2505 576 in
2526 522 2780 578 omnibus
2806 522 3040 593 percutit
3064 522 3308 578 canicula
3332 524 3652 592 senectutis,
3678 532 3736 580 et
3752 526 3866 579 sie—

2268 620 2331 666 ut
2377 614 2556 668 fenum
2596 614 2818 681 arescit,
2866 614 3052 670 ﬂorem
3084 614 3359 685 proprium
3383 614 3695 685 perditura,
3721 615 3868 671 sicut

2269 705 2527 775 scriptum
2576 716 2697 763 est:
2733 707 2911 761 Omnis
2951 724 3070 762 caro
3116 709 3313 778 fenum,
3344 718 3392 762 et
3437 710 3603 764 omnis
3650 710 3868 763 claritas

2270 802 2382 871 ejus
2411 811 2464 854 ut
2493 801 2590 869 [Ias
2620 802 2746 870 ferai.
2778 802 2927 855 Aruit
2952 806 3126 873 fenum
3167 810 3217 856 et
3246 803 3429 857 cecidit
3468 805 3567 873 ﬂos
3601 821 3614 855 :
3655 804 3867 858 verbum

2269 902 2439 945 autem
2463 889 2673 945 Domini
2702 902 2872 947 manet
2900 895 2955 946 in
2982 903 3226 947 internum
3258 894 3278 965 (
3301 892 3415 948 Isa.
3443 910 3532 962 XL,
3560 893 3614 961 6,
3649 896 3727 964 7).
3759 894 3865 950 Αἰ-

2270 985 2596 1054 quanimiter
2624 984 2784 1055 igitur
2825 986 3181 1055 perferamus,
3217 987 3262 1041 si
3288 1001 3510 1054 corpus,
3539 988 3681 1057 quod
3719 988 3869 1043 sicut

2271 1077 2452 1131 fenum
2489 1078 2739 1147 legimus,
2786 1079 2996 1134 casuris
3025 1078 3249 1134 ﬂoribus
3292 1080 3620 1149 periturum,
3649 1079 3867 1135 lzeden-

2273 1172 2419 1227 tibus
2445 1171 2599 1226 malis
2624 1172 2860 1241 iactetur
2897 1171 3223 1228 exhaustum
3252 1172 3440 1242 :cujus
3474 1173 3697 1239 sanitas,
3742 1174 3867 1227 ani-

2274 1278 2375 1317 ma:
2408 1262 2653 1319 morbum
2681 1266 2967 1321 consuevit
2994 1265 3195 1323 inferre
3228 1284 3244 1321 :
3271 1277 3328 1321 et
3356 1274 3542 1322 contra
3572 1267 3866 1322 commoda

2273 1357 2570 1426 spiritualia
2596 1402 2611 1427 ,
2663 1359 2859 1414 ferales
2889 1374 2951 1413 ac
2980 1358 3241 1415 barbaras
3276 1358 3477 1430 eligere
3524 1360 3866 1427 voluptates.

2275 1451 2432 1521 Str-pe
2454 1451 2691 1521 denique
2712 1466 2838 1507 caro
2860 1451 3063 1508 milites
3086 1451 3351 1508 eaStitatis
3372 1451 3633 1507 eﬂ'renata
3656 1450 3873 1505 discin-

2274 1545 2376 1598 xit.
2415 1544 2518 1598 Pro
2544 1544 2700 1598 nobis
2727 1554 2811 1599 est
2838 1544 3021 1615 igitur,
3053 1546 3097 1599 si
3144 1542 3321 1614 longis
3362 1542 3588 1614 ﬂagellis
3630 1551 3687 1599 et
3717 1560 3870 1598 mor-

2274 1634 2497 1690 dacibus
2526 1637 2850 1706 castigentur
2878 1636 3067 1706 :cnjus
3100 1636 3551 1701 tamencastitate
3582 1634 3869 1705 impugna-

592 1727 864 1781 morbida:
914 1727 1149 1782 laxitatis
1182 1734 1399 1796 peracto
1439 1739 1625 1797 cursu,
1670 1723 1722 1778 in
1767 1736 1954 1792 pinnas
1999 1722 2169 1776 exire.
2202 1718 2249 1778 Β
2277 1743 2416 1783 mur.
2448 1731 2709 1782 Amemus
2734 1744 2951 1784 carnem
2983 1728 3168 1797 stolidi
3200 1727 3379 1783 :baud
3401 1728 3647 1783 dolemus
3669 1728 3867 1782 anitum

587 1819 746 1890 Saepe
776 1820 954 1889 itaque
985 1819 1163 1889 potior
1192 1827 1275 1874 est
1301 1827 1588 1888 paupertas
1614 1817 1827 1887 opibus,
1853 1816 2171 1869 deformitas

591 1916 785 1979 forma,
819 1912 1143 1968 contumelia
1176 1912 1443 1977 laudibus,
1475 1910 1709 1964 servitus
1739 1917 2027 1979 potestate.
2065 1909 2169 1961 im-

591 2009 856 2064 becillitas
888 2007 1114 2075 viribus,
1148 2006 1398 2061 libertate
1431 2003 1728 2072 captivitas,
1774 2001 2049 2056 humilitas
2088 2000 2174 2055 tli-

588 2101 815 2170 gnitate.
851 2097 1012 2152 David
1046 2096 1268 2151 illustris
1306 2094 1565 2165 praplteta
1604 2091 1915 2163 bujusmodi
1952 2108 2171 2147 carmen

586 2188 853 2258 expressit
878 2206 891 2243 :
912 2186 1115 2241 Bonum
1145 2195 1239 2251 est,
1259 2186 1453 2256 inquit,
1486 2184 1631 2250 mihi,
1668 2181 1908 2248 Domine,
1938 2184 2058 2253 quia
2078 2183 2173 2234 lut-

587 2280 799 2334 milinsti
831 2298 927 2345 me,
971 2290 1022 2332 ut
1060 2294 1363 2350 cognoscam
1394 2277 1794 2347 justi/icationes
1833 2287 1947 2329 tuas
1985 2274 2166 2345 (I’sal.

586 2390 731 2444 cstx,
766 2375 826 2428 7t
849 2378 889 2442 ).
918 2373 1060 2442 Ergo
1092 2372 1283 2427 melius
1311 2381 1395 2425 est
1423 2385 1670 2439 superna:
1697 2368 2000 2439 disciplina:
2028 2368 2173 2435 judi-

586 2469 671 2521 cio
714 2463 1009 2531 humiliari,
1042 2479 1198 2534 quam
1247 2477 1369 2515 cum
1396 2460 1597 2514 mundo
1642 2459 1908 2524 damnari,
1957 2459 2174 2513 dicente

593 2561 861 2632 Apostolo
888 2577 899 2609 :
926 2558 1054 2612 Cum
1079 2555 1403 2628 judicamnr,
1437 2572 1469 2607 a
1500 2552 1719 2606 Domino
1752 2551 2079 2623 corripimur,
2115 2567 2174 2605 ne

587 2670 703 2706 cum
735 2655 831 2704 hoc
872 2650 1066 2703 mundo
1112 2647 1411 2701 damnentur
1452 2646 1525 2716 (ll
1567 2645 1687 2699 Cor.
1732 2662 1809 2707 ιι.
1856 2645 1988 2716 5‘2).
2035 2647 2173 2715 lit-go

588 2745 731 2815 quod
764 2759 826 2797 ex
862 2756 1048 2796 amore
1083 2739 1293 2793 Domini
1324 2739 1525 2793 nostris
1549 2738 1872 2792 utilitatibus
1901 2754 2171 2809 puci'oga-

594 2852 702 2902 tur,
736 2840 854 2893 sine
877 2852 1152 2892 murmure
1180 2834 1522 2890 snﬂ'cramns.
1555 2833 1889 2903 lmpenditur
1913 2833 2079 2899 enim,
2118 2840 2175 2886 ut

589 2950 618 2990 a
650 2932 863 2988 medico
894 2929 1214 2993 remedium,
1240 2944 1269 2981 a
1301 2927 1534 2982 Domino
1572 2926 1877 2996 disciplina.
1918 2926 2065 2982 Artis
2090 2936 2174 2980 cst

590 3026 873 3082 medicina:
918 3023 1206 3093 aliquoties
1249 3021 1460 3092 ignibus
1498 3031 1551 3074 et
1601 3021 1744 3075 l'erro
1781 3035 1992 3075 curare.
2033 3019 2167 3087 Quid

589 3122 804 3182 mirum,
843 3116 890 3171 si
922 3116 1177 3171 Dominus
1206 3122 1517 3168 nostrarum
1559 3112 1802 3167 medicus
1840 3110 2162 3176 animarmn,
2197 3100 2240 3164 C

589 3211 891 3268 turbinibus
922 3206 1180 3273 excutiat,
1215 3206 1420 3261 morbis
1451 3204 1745 3269 examinet,
1770 3202 2169 3257 calamitatibus

585 3304 810 3377 purget?
852 3300 1209 3358 Fortitudinis
1248 3309 1329 3356 est
1370 3309 1571 3354 nostr-.e
1599 3298 1749 3368 quasi
1779 3311 1876 3366 per
1922 3296 2072 3367 ignes
2115 3305 2173 3350 ct

589 3401 834 3455 ﬂammas
860 3412 1110 3452 vasorum
1144 3410 1298 3450 more
1330 3392 1569 3465 purgari,
1603 3391 1745 3461 quod
1787 3390 2061 3460 Scriptura
2093 3392 2170 3443 tli-

586 3495 713 3556 vina
748 3498 973 3548 testatur
1002 3502 1053 3546 et
1086 3489 1280 3562 probat
1313 3505 1327 3541 :
1364 3485 1522 3549 Vasa,
1572 3485 1766 3554 inquit,
1808 3482 1956 3555 ﬁguli
1987 3488 2168 3555 probat

586 3596 775 3661 [urnam
804 3598 848 3641 et
882 3587 1109 3640 homines
1144 3586 1318 3655 justas
1342 3582 1552 3635 tentatio
1592 3580 1938 3633 tribulationis
1982 3575 2165 3649 (ECt'l.

587 3694 758 3744 xxm,
785 3680 819 3734 6
846 3679 886 3749 ).
912 3678 981 3732 Et
1007 3677 1131 3731 alibi
1164 3676 1373 3745 inquit:
1404 3678 1597 3727 Aurum
1628 3681 1671 3726 et
1693 3678 1957 3742 argentum
1987 3681 2034 3725 et
2068 3671 2170 3738 [er-

584 3788 701 3828 rum
730 3782 779 3826 et
812 3770 1099 3841 plumbum,
1130 3778 1176 3822 et
1201 3782 1351 3821 omne
1374 3765 1509 3835 quod
1550 3781 1640 3837 per
1676 3766 1846 3836 ignem
1873 3764 2133 3816 transierit
2153 3804 2166 3826 ,

585 3863 944 3920 emundabitur
974 3859 1178 3931 (Nam.
1220 3872 1374 3925 xxxi,
1415 3856 1541 3927 ‘22).
1597 3854 1865 3926 Numquid
1912 3870 2041 3908 va~a
2089 3854 2171 3908 di—

585 3969 713 4013 cunt
745 3956 930 4026 ﬁgulo,
960 3969 1077 4025 eur_
1102 3965 1199 4006 nos
1230 3948 1454 4005 arbitrio
1486 3950 1823 4003 ﬂammarum
1857 3947 2164 4013 exatninas,

584 4064 640 4109 et
687 4049 951 4107 incendiis
990 4046 1343 4119 coquentibus
1386 4045 1499 4099 uris
1540 4052 1595 4099 et
1626 4043 1865 4114 probas?
1906 4058 2024 4112 qua:
2068 4041 2167 4095 nisi

585 4145 789 4209 arbiter
819 4142 957 4213 ignis
985 4140 1192 4211 judicio
1216 4154 1314 4193 suo
1332 4138 1609 4210 aptissima
1637 4136 2086 4206 pronuntiaverit,
2114 4136 2166 4191 in

584 4255 681 4297 usu
706 4253 827 4294 esse
855 4250 961 4291 non
993 4242 1239 4306 possunt.
1282 4232 1392 4288 Nos
1421 4247 1634 4304 quoque
1666 4230 1766 4285 nisi
1806 4230 2165 4284 tentationum

586 4333 899 4407 purgaverit
928 4329 1187 4399 judicium
1220 4328 1301 4382 vel
1345 4342 1598 4389 examen,
1650 4336 1959 4379 nostrorum
2006 4310 2168 4393 ligula

588 4427 956 4485 membrorum
985 4424 1204 4479 inutiles
1233 4420 1559 4485 invenimur,
1588 4418 1679 4489 qui
1711 4432 1809 4471 nos
1845 4416 1952 4471 urit
1994 4427 2045 4469 nt
2070 4433 2163 4471 cu.

2272 1835 2545 1876 carcerem
2579 1831 2635 1876 et
2677 1820 3030 1891 sepulturam.
3077 1820 3412 1881 Tbesaurum
3454 1822 3638 1891 itaque
3686 1820 3860 1890 ipsius

2273 1916 2452 1968 carnis
2495 1913 2789 1983 fragilitate
2817 1923 3150 1985 contempta,
3197 1913 3342 1985 quod
3368 1912 3647 1981 acciderit,
3697 1913 3863 1966 devo-

2271 2007 2434 2061 tionis
2476 2008 2824 2077 amplexibus
2868 2008 3159 2079 rapiamus.
3193 2009 3569 2065 Meticulosum
3608 2019 3692 2064 est
3717 2008 3861 2063 enim

2272 2099 2637 2157 Christianum
2672 2102 2894 2160 militem
2919 2103 3063 2160 velle
3092 2103 3391 2160 laetantium
3422 2103 3583 2159 modo
3614 2105 3667 2159 in
3711 2114 3861 2163 tran-

2271 2195 2438 2264 quillo
2480 2196 2804 2251 consistere.
2838 2197 3069 2266 DejeCta:
3101 2198 3296 2253 mentis
3319 2206 3406 2253 est
3444 2197 3715 2253 turbinem
3751 2199 3859 2252 fu.-

2274 2286 2501 2352 midare,
2531 2287 2861 2343 contrarium
2903 2305 3032 2345 vero
3062 2290 3203 2346 inter
3238 2291 3511 2346 contraria
3541 2306 3648 2345 non
3698 2296 3863 2360 trepi-

2272 2377 2425 2433 dare.
2457 2377 2794 2435 lnfelicitatis
2816 2390 2900 2435 est
2926 2380 3155 2437 adversa
3186 2382 3400 2438 nescire
3441 2399 3453 2437 :
3479 2382 3755 2437 felicitatis
3788 2397 3863 2438 cst

2273 2489 2393 2529 cum
2421 2475 2668 2530 adversis
2703 2491 2864 2531 nosse
2892 2476 3151 2547 congredi
3182 2485 3239 2533 et
3266 2477 3407 2533 scire
3435 2492 3697 2548 pugnare.
3727 2479 3861 2532 Nam

2273 2582 2395 2621 cum
2424 2583 2613 2621 omnes
2645 2568 2805 2633 ictus,
2832 2578 2889 2622 ιιι
2914 2569 3027 2639 jam
3050 2569 3309 2637 diximus,
3333 2571 3531 2641 quibus
3558 2572 3858 2639 quatimur,

2274 2657 2459 2713 divino
2487 2660 2779 2729 gignantur
2806 2676 2870 2714 ex
2905 2676 3128 2717 ntunere
3157 2678 3171 2718 :
3203 2672 3451 2719 exterum
3479 2677 3540 2718 se
3561 2666 3777 2718 noverit
3800 2668 3862 2716 ab

2274 2767 2457 2808 amore
2501 2753 2619 2818 Dei,
2656 2756 2743 2824 qui
2786 2755 2958 2809 nescit
2990 2757 3380 2811 tentationibus
3421 2757 3700 2826 vectitari,
3734 2775 3859 2812 cum

2276 2843 2461 2913 legalis
2492 2844 2617 2898 tuba
2647 2845 2935 2913 multiplici
2962 2846 3202 2902 carmine
3229 2847 3435 2902 auditui
3464 2859 3654 2904 nostro
3691 2852 3862 2903 incul-

2274 2944 2359 2991 cet
2386 2944 2443 2990 et
2465 2935 2640 2991 dicat:
2665 2935 2866 3003 Tentat,
2902 2938 3095 3007 inquit,
3124 2938 3374 2995 Dominus
3402 2939 3540 2995 Deus
3564 2952 3723 2995 restrr
3754 2961 3857 3005 ws,

2274 3040 2329 3083 ut
2352 3030 2477 3083 sciat
2501 3030 2544 3083 si
2572 3029 2801 3101 diligatis
2828 3047 2941 3085 eum
2971 3049 3036 3087 ea:
3056 3041 3163 3088 toto
3194 3034 3349 3089 corde
3373 3044 3558 3099 oestro,
3596 3046 3645 3088 et
3665 3052 3729 3089 ea:
3756 3048 3859 3090 lctn

2271 3122 2443 3176 anima
2472 3132 2633 3175 vestra
2666 3123 2684 3192 (
2713 3121 2863 3187 Deut.
2894 3138 2975 3189 ιιι,
3001 3122 3087 3194 5).
3125 3124 3193 3178 Et
3214 3124 3340 3178 alibi
3367 3144 3381 3179 :
3408 3122 3543 3191 Fili,
3570 3125 3773 3196 inquit,
3801 3145 3857 3181 ne

2271 3212 2553 3282 neglexeris
2581 3214 2910 3282 disciplinam
2938 3214 3055 3283 Dei,
3079 3227 3126 3269 et
3154 3232 3216 3272 ne
3236 3217 3480 3283 deieceris
3518 3217 3580 3271 ab
3605 3235 3664 3272 eo
3689 3236 3857 3273 corte-

2270 3315 2407 3377 ρεαδ.
2443 3307 2601 3371 Quem
2626 3307 2760 3360 enim
2787 3307 2956 3379 diligit
2988 3308 3148 3375 Deus,
3186 3312 3398 3381 corripit
3422 3310 3615 3382 (Prov.
3649 3327 3733 3377 ut,
3772 3315 3850 3370 ll.

2272 3399 2339 3452 12
2361 3397 2401 3468 ).
2450 3398 2513 3453 Et
2547 3399 2741 3454 iterum
2770 3418 2783 3453 :
2816 3398 3229 3469 Correptionent,
3267 3403 3464 3474 inquit,
3507 3404 3724 3460 Domini
3752 3409 3856 3461 noli

2270 3502 2605 3545 contemnere.
2637 3491 2661 3544 Ι
2671 3509 2759 3561 pse
2781 3494 2916 3547 enim
2944 3493 3029 3547 dat
3065 3494 3316 3562 dolorem,
3344 3507 3392 3550 et
3418 3498 3529 3568 ipse
3557 3499 3852 3569 refrigeria.

2272 3578 2526 3647 Percntit,
2550 3594 2595 3638 et
2617 3601 2799 3637 manus
2819 3586 2931 3657 ejus
2956 3587 3221 3640 sanitatem
3254 3598 3527 3659 prtestant.

2342 3675 2434 3731 lX.
2479 3678 2582 3733 Sed
2632 3679 2871 3747 forsitan;
2903 3679 3079 3734 dicis:
3115 3679 3330 3736 Utinam
3380 3689 3439 3735 ut
3460 3681 3709 3751 caeteris,
3760 3686 3854 3736 sub

2270 3784 2367 3839 spe
2421 3772 2669 3825 sanitatis
2724 3772 2947 3826 daretur
3001 3789 3096 3842 per
3127 3773 3410 3830 intervalla
3466 3778 3685 3832 tentari.
3743 3777 3855 3834 υιιο

2273 3880 2396 3919 nam
2428 3866 2740 3935 sospitatem
2769 3866 3175 3937 intercapedine
3198 3867 3614 3941 qualiscumque
3635 3886 3853 3926 succes-

2270 3970 2363 4011 sus
2396 3957 2586 4012 liceret
2625 3957 2902 4027 paululum
2949 3958 3258 4030 degustare.
3304 3958 3445 4027 Quid
3492 3962 3596 4017 boc
3636 3972 3750 4031 est,
3801 3974 3854 4018 ut

2271 4051 2493 4109 morbus
2519 4053 2570 4106 in
2605 4051 2861 4108 membris
2890 4054 2958 4108 ita
2996 4063 3267 4116 versetur,
3298 4063 3352 4109 et
3386 4053 3547 4125 degat
3586 4057 3850 4122 inclusus,

2272 4159 2328 4203 ut
2353 4148 2646 4204 excluserit
2670 4149 2956 4203 sanitatem
2990 4163 3095 4204 non
3126 4148 3464 4204 redituram?
3495 4159 3555 4203 ut
3583 4152 3853 4221 perniciu-

2270 4257 2362 4297 sus
2382 4257 2564 4297 eomes
2589 4258 2757 4313 usque
2786 4244 2851 4297 ad
2884 4243 3175 4299 terminum
3206 4245 3336 4300 vitae
3375 4260 3640 4300 concussa
3683 4262 3854 4303 mem—

2271 4336 2364 4390 bra
2410 4334 2690 4391 deducat:
2728 4334 3024 4393 deducatur
3070 4352 3283 4408 quoque
3330 4337 3446 4407 ipse
3495 4349 3672 4394 morte
3728 4355 3848 4395 cum

2271 4428 2530 4487 membris
2583 4429 2994 4485 excludendus?
3036 4429 3174 4497 Quid
3220 4439 3303 4485 est
3344 4430 3446 4486 boc
3495 4440 3553 4486 ut
3597 4432 3853 4487 sanitatis

581 4530 668 4578 ret
694 4528 883 4586 tentat,
912 4528 968 4572 ιιι
997 4517 1213 4582 liberet,
1240 4522 1396 4570 vexat
1422 4523 1479 4566 ut
1504 4513 1695 4565 salvel.
1730 4509 1869 4564 Nihil
1894 4510 2032 4563 Cttilll
2059 4518 2165 4563 tam
2192 4490 2245 4553 υ
2271 4536 2436 4577 sensu
2474 4538 2569 4591 per
2597 4537 2757 4577 omne
2795 4522 3026 4590 spatium
3068 4523 3194 4578 γίιω
3221 4521 3469 4579 frustrati
3513 4523 3621 4579 sim
3660 4529 3851 4581 ιιι-ιιιδῖ

576 4616 936 4687 inquinatum,
968 4622 1073 4667 tam
1122 4609 1425 4673 sordidum,
1459 4606 1596 4676 quod
1629 4620 1733 4660 non
1766 4621 1796 4659 a
1842 4604 1985 4659 vitiis
2030 4622 2159 4674 pur-

580 4711 883 4782 gationibus
912 4710 1181 4778 expietur.
1212 4705 1372 4771 διενε
1402 4702 1637 4771 denique
1667 4700 1899 4753 vidimus
1920 4699 2165 4753 Sordida-

581 4819 663 4863 tos
706 4805 1060 4878 itnproperio,
1108 4797 1326 4854 venisse
1376 4796 1427 4849 in
1471 4796 1799 4860 candorem,
1852 4794 2166 4861 ferrumque

579 4900 683 4954 situ
712 4897 1002 4953 obductum
1029 4892 1081 4946 in
1110 4890 1383 4959 antiquam
1413 4887 1601 4942 facient
1631 4884 2030 4953 Splendcsccre.
2070 4884 2156 4938 Vi.

577 4994 755 5049 dimus
793 5005 981 5045 aurum
1020 4994 1407 5055 argentumque
1437 4982 1668 5036 ﬂamma:
1706 4981 1985 5051 disciplina
2036 4997 2160 5049 pur~

575 5087 713 5156 gari,
733 5094 786 5138 et
802 5084 1024 5138 arbores
1042 5086 1315 5136 truncatas
1328 5078 1473 5132 cultu
1500 5076 1779 5131 laetissimo
1807 5075 2158 5137 reviviscere,

576 5178 916 5246 aintenisque
939 5174 1181 5244 virgultis
1194 5171 1395 5227 ornari.
1412 5170 1659 5224 Vidimus
1684 5172 1732 5224 in
1759 5170 2159 5226 fmzttntlitatetn

579 5272 785 5328 sterilia
824 5268 1087 5326 revocari.
1131 5276 1185 5321 et
1210 5265 1473 5319 exhausto
1502 5265 1685 5333 stipite
1720 5279 1870 5317 extre
1902 5262 2159 5324 radicem,

580 5379 635 5423 t-t
670 5366 874 5434 frugem
909 5364 1194 5417 maximam
1225 5359 1490 5414 comitari.
1534 5357 1607 5410 ita
1650 5370 1865 5427 quoque
1898 5357 1948 5406 in
1982 5356 2158 5429 nobis,

578 5461 719 5533 quod
743 5459 879 5514 forte
908 5456 1140 5525 peccatis
1169 5451 1536 5522 prementibus
1571 5450 1858 5511 msttlabat,
1903 5446 2158 5515 quidquid

580 5552 788 5610 macula
838 5549 1134 5619 squalentis
1180 5545 1457 5600 vetustatis
1487 5543 1755 5605 obstabat,
1798 5540 1899 5593 hoc
1937 5539 2157 5605 aegritu-

579 5642 726 5701 dinis
756 5644 872 5699 luce
902 5639 1178 5697 exclusum
1222 5647 1325 5692 est.
1374 5635 1441 5693 Et
1466 5633 1585 5690 ideo
1618 5645 1669 5688 ιε
1717 5648 1926 5695 sanum,
1971 5630 2157 5699 frater,

576 5735 786 5805 medica
832 5730 1069 5796 reddidit
1106 5728 1376 5807 aegritudo
1421 5726 1811 5807 membrorum.
1857 5726 1981 5799 Sola
2031 5726 2080 5789 in
2107 5735 2161 5796 te

2269 4613 2493 4670 lnducto
2522 4615 2716 4685 frigore
2745 4631 2999 4670 venarmn
3027 4616 3232 4672 calidus
3260 4618 3412 4686 vigor
3433 4617 3655 4673 evanuit
3694 4619 3750 4674 in
3777 4622 3851 4675 al-

2268 4722 2452 4777 gorem
2489 4707 2770 4765 :iucessus
2799 4725 2936 4777 quos
2981 4720 3169 4767 natura
3204 4712 3429 4767 dederat
3459 4721 3646 4783 torpor
3677 4715 3847 4771 inclu-

2269 4817 2361 4856 sus
2390 4800 2639 4855 exclusit.
2674 4800 2787 4853 Non
2817 4800 3049 4871 denique
3091 4804 3156 4857 ad
3190 4806 3503 4861 exercitium
3536 4806 3699 4861 tabidi
3732 4825 3852 4863 coro

2269 4893 2412 4961 poris
2446 4894 2568 4958 iter,
2607 4894 2686 4947 vel
2719 4894 2995 4962 paululum
3026 4895 3361 4966 degustatur.
3393 4897 3507 4953 Non
3546 4916 3721 4970 genua
3764 4919 3845 4956 su:

2267 4984 2395 5038 litas
2431 4985 2719 5040 ﬂectuntur
2750 4987 2802 5040 in
2849 5002 3038 5055 preces
3088 5006 3099 5041 :
3148 4989 3436 5059 digitorum
3490 4991 3666 5063 impar
3714 4996 3849 5049 ordo

2266 5075 2478 5131 interno
2500 5086 2728 5149 stupore
2749 5081 3016 5147 turbatus,
3048 5093 3263 5136 arcetur
3291 5084 3446 5139 solita
3471 5094 3843 5143 contrectare.

2264 5169 2402 5235 Quid
2443 5171 2713 5238 pluribus?
2744 5173 2915 5226 Omne
2943 5172 3182 5228 oflieiutn
3225 5178 3470 5246 corporis
3518 5180 3847 5236 stationibus

2266 5262 2532 5332 quondam
2561 5265 2777 5316 solitum
2831 5281 3117 5320 nervorum
3145 5266 3357 5333 adesse,
3391 5269 3467 5324 sic
3497 5270 3640 5340 alget
3673 5273 3844 5327 inclu-

2264 5369 2401 5407 squ.
2450 5355 2587 5409 I‘rult
2620 5357 2761 5410 dolui
2791 5359 2803 5409 ῑ
2851 5360 2998 5413 solus
3043 5362 3119 5415 sic
3150 5362 3308 5416 debui
3358 5365 3613 5433 castigari
3647 5384 3660 5419 ε
3694 5370 3844 5422 δυΙιις

2264 5457 2370 5500 tam
2402 5449 2721 5514 perniciosis
2772 5452 2963 5507 ictibus
3000 5455 3302 5524 subjacere,
3326 5448 3387 5512 et.
3423 5459 3696 5516 diuturnis
3737 5481 3845 5519 ma-

2266 5539 2331 5593 lis
2368 5540 2905 5608 llt\'0|\'i!—~Qtt;t'50
2955 5556 3029 5615 te,
3070 5548 3258 5613 frater,
3304 5561 3359 5603 ιιι
3407 5549 3521 5606 btec
3569 5569 3843 5611 murmura

2264 5632 2534 5702 patientia:
2566 5633 2737 5691 frenis
2779 5652 2991 5706 arceas,
3024 5651 3077 5696 et
3122 5641 3341 5697 silentio
3383 5644 3637 5713 querulas
3688 5666 3847 5704 voet-s

2264 5725 2549 5811 includas,
2580 5742 2705 5799 euut
2737 5738 2788 5792 te
2818 5732 3056 5801 solatur-tt
3088 5734 3457 5814 proriteticunt
3489 5737 3567 5802 sic
3597 5740 3845 5817 alloquat
