  <div class='ocr_page' id='page_1' title='image "/cluster/home/n/w/nwhite01/storage/ocr_20150623/30/uva.x000826572/044.png"; bbox 0 0 3998 6198; ppageno 0'>
   <div class='ocr_carea' id='block_1_1' title="bbox 157 245 3444 310">
    <p class='ocr_par' dir='ltr' id='par_1_1' title="bbox 157 245 3444 310">
     <span class='ocr_line' id='line_1_1' title="bbox 157 245 3444 310; baseline -0 -3"><span class='ocrx_word' id='word_1_1' title='bbox 157 247 229 307; x_wconf 72' lang='grc'><strong><em>75</em></strong></span> <span class='ocrx_word' id='word_1_2' title='bbox 1144 245 1503 308; x_wconf 75' lang='grc' dir='ltr'><strong><em>ἘΡΙΞΤΟιΑ</em></strong></span> <span class='ocrx_word' id='word_1_3' title='bbox 1540 249 1605 307; x_wconf 78' lang='grc' dir='ltr'><strong>ν.</strong></span> <span class='ocrx_word' id='word_1_4' title='bbox 1648 246 1739 307; x_wconf 82' lang='lat' dir='ltr'><strong><em>AD</em></strong></span> <span class='ocrx_word' id='word_1_5' title='bbox 1775 247 2045 307; x_wconf 74' lang='lat' dir='ltr'><strong><em>AMICUM</em></strong></span> <span class='ocrx_word' id='word_1_6' title='bbox 2084 247 2461 310; x_wconf 65' lang='lat' dir='ltr'><strong><em>lEGROTUM.</em></strong></span> <span class='ocrx_word' id='word_1_7' title='bbox 3375 248 3444 306; x_wconf 80' lang='grc'><strong><em>74</em></strong></span> 
     </span>
    </p>
   </div>
   <div class='ocr_carea' id='block_1_2' title="bbox 159 363 3441 440">
    <p class='ocr_par' dir='ltr' id='par_1_2' title="bbox 159 363 3441 440">
     <span class='ocr_line' id='line_1_2' title="bbox 159 363 3441 440; baseline 0 -21"><span class='ocrx_word' id='word_1_8' title='bbox 159 372 246 420; x_wconf 91' lang='lat' dir='ltr'><strong><em>tur</em></strong></span> <span class='ocrx_word' id='word_1_9' title='bbox 288 371 345 419; x_wconf 90' lang='lat' dir='ltr'><strong><em>et</em></strong></span> <span class='ocrx_word' id='word_1_10' title='bbox 374 364 522 422; x_wconf 80' lang='lat' dir='ltr'><strong>dicat</strong></span> <span class='ocrx_word' id='word_1_11' title='bbox 545 380 560 421; x_wconf 89' lang='lat'><strong>:</strong></span> <span class='ocrx_word' id='word_1_12' title='bbox 580 363 926 438; x_wconf 84' lang='lat' dir='ltr'><strong><em>Conjungere,</em></strong></span> <span class='ocrx_word' id='word_1_13' title='bbox 959 363 1152 437; x_wconf 79' lang='lat' dir='ltr'><strong><em>inquit,</em></strong></span> <span class='ocrx_word' id='word_1_14' title='bbox 1186 367 1318 436; x_wconf 90' lang='lat' dir='ltr'><strong><em>Deo,</em></strong></span> <span class='ocrx_word' id='word_1_15' title='bbox 1349 376 1398 423; x_wconf 81' lang='lat' dir='ltr'><strong><em>et</em></strong></span> <span class='ocrx_word' id='word_1_16' title='bbox 1429 366 1651 431; x_wconf 82' lang='lat' dir='ltr'><strong><em>sustine,</em></strong></span> <span class='ocrx_word' id='word_1_17' title='bbox 1686 374 1740 419; x_wconf 88' lang='lat' dir='ltr'><strong><em>ut</em></strong></span> <span class='ocrx_word' id='word_1_18' title='bbox 1766 369 1820 431; x_wconf 79' lang='grc' dir='ltr'><strong>Α</strong></span> <span class='ocrx_word' id='word_1_19' title='bbox 1844 365 2022 421; x_wconf 79' lang='lat' dir='ltr'><strong><em>Minus</em></strong></span> <span class='ocrx_word' id='word_1_20' title='bbox 2046 377 2228 425; x_wconf 90' lang='lat' dir='ltr'><strong><em>autem</em></strong></span> <span class='ocrx_word' id='word_1_21' title='bbox 2254 369 2378 425; x_wconf 89' lang='lat' dir='ltr'><strong><em>viro</em></strong></span> <span class='ocrx_word' id='word_1_22' title='bbox 2403 369 2554 440; x_wconf 91' lang='lat' dir='ltr'><strong><em>justo</em></strong></span> <span class='ocrx_word' id='word_1_23' title='bbox 2579 365 2845 440; x_wconf 83' lang='lat' dir='ltr'><strong><em>quateris,</em></strong></span> <span class='ocrx_word' id='word_1_24' title='bbox 2882 364 2975 422; x_wconf 89' lang='lat' dir='ltr'><strong><em>sed</em></strong></span> <span class='ocrx_word' id='word_1_25' title='bbox 2999 364 3225 437; x_wconf 77' lang='lat' dir='ltr'><strong><em>gravius</em></strong></span> <span class='ocrx_word' id='word_1_26' title='bbox 3268 379 3295 419; x_wconf 90' lang='lat' dir='ltr'><strong><em>a</em></strong></span> <span class='ocrx_word' id='word_1_27' title='bbox 3331 379 3441 420; x_wconf 65' lang='lat' dir='ltr'><strong><em>cae-</em></strong></span> 
     </span>
    </p>
   </div>
   <div class='ocr_carea' id='block_1_3' title="bbox 156 456 3437 531">
    <p class='ocr_par' dir='ltr' id='par_1_3' title="bbox 156 456 3437 531">
     <span class='ocr_line' id='line_1_3' title="bbox 156 456 3437 531; baseline 0.001 -20"><span class='ocrx_word' id='word_1_28' title='bbox 156 466 352 511; x_wconf 88' lang='lat' dir='ltr'><strong><em>crescat</em></strong></span> <span class='ocrx_word' id='word_1_29' title='bbox 383 458 439 525; x_wconf 71' lang='lat' dir='ltr'><strong><em>in</em></strong></span> <span class='ocrx_word' id='word_1_30' title='bbox 461 459 736 512; x_wconf 81' lang='lat' dir='ltr'><strong><em>novissimo</em></strong></span> <span class='ocrx_word' id='word_1_31' title='bbox 766 460 868 513; x_wconf 78' lang='lat' dir='ltr'><strong><em>vita</em></strong></span> <span class='ocrx_word' id='word_1_32' title='bbox 895 469 1001 512; x_wconf 90' lang='lat' dir='ltr'><strong><em>tua.</em></strong></span> <span class='ocrx_word' id='word_1_33' title='bbox 1039 458 1203 514; x_wconf 84' lang='lat' dir='ltr'><strong><em>Omne</em></strong></span> <span class='ocrx_word' id='word_1_34' title='bbox 1229 461 1366 530; x_wconf 87' lang='lat' dir='ltr'><strong><em>quod</em></strong></span> <span class='ocrx_word' id='word_1_35' title='bbox 1395 458 1487 513; x_wconf 89' lang='lat' dir='ltr'><strong><em>tibi</em></strong></span> <span class='ocrx_word' id='word_1_36' title='bbox 1521 456 1740 530; x_wconf 76' lang='grc' dir='ltr'><strong><em>αρριίςὶ-</em></strong></span> <span class='ocrx_word' id='word_1_37' title='bbox 1842 458 1974 512; x_wconf 90' lang='lat' dir='ltr'><strong><em>teris</em></strong></span> <span class='ocrx_word' id='word_1_38' title='bbox 2001 458 2343 515; x_wconf 89' lang='lat' dir='ltr'><strong><em>vulneraris:</em></strong></span> <span class='ocrx_word' id='word_1_39' title='bbox 2376 462 2520 517; x_wconf 90' lang='lat' dir='ltr'><strong><em>illius</em></strong></span> <span class='ocrx_word' id='word_1_40' title='bbox 2553 471 2680 517; x_wconf 91' lang='lat' dir='ltr'><strong><em>sunt</em></strong></span> <span class='ocrx_word' id='word_1_41' title='bbox 2702 474 2919 531; x_wconf 90' lang='lat' dir='ltr'><strong><em>magna,</em></strong></span> <span class='ocrx_word' id='word_1_42' title='bbox 2959 459 3051 515; x_wconf 89' lang='lat' dir='ltr'><strong><em>sed</em></strong></span> <span class='ocrx_word' id='word_1_43' title='bbox 3084 474 3187 514; x_wconf 90' lang='lat' dir='ltr'><strong><em>nec</em></strong></span> <span class='ocrx_word' id='word_1_44' title='bbox 3222 457 3437 513; x_wconf 85' lang='lat' dir='ltr'><strong><em>minora</em></strong></span> 
     </span>
    </p>
   </div>
   <div class='ocr_carea' id='block_1_4' title="bbox 159 551 3436 627">
    <p class='ocr_par' dir='ltr' id='par_1_4' title="bbox 159 551 3436 627">
     <span class='ocr_line' id='line_1_4' title="bbox 159 551 3436 627; baseline 0.001 -24"><span class='ocrx_word' id='word_1_45' title='bbox 159 559 269 604; x_wconf 86' lang='lat' dir='ltr'><strong><em>tum</em></strong></span> <span class='ocrx_word' id='word_1_46' title='bbox 295 551 455 620; x_wconf 78' lang='lat' dir='ltr'><strong><em>fuerit</em></strong></span> <span class='ocrx_word' id='word_1_47' title='bbox 475 552 667 623; x_wconf 80' lang='lat' dir='ltr'><strong><em>accipe,</em></strong></span> <span class='ocrx_word' id='word_1_48' title='bbox 696 552 812 606; x_wconf 89' lang='lat' dir='ltr'><strong><em>etin</em></strong></span> <span class='ocrx_word' id='word_1_49' title='bbox 850 553 1031 607; x_wconf 88' lang='lat' dir='ltr'><strong><em>dolore</em></strong></span> <span class='ocrx_word' id='word_1_50' title='bbox 1052 554 1269 619; x_wconf 84' lang='lat' dir='ltr'><strong><em>sustine,</em></strong></span> <span class='ocrx_word' id='word_1_51' title='bbox 1297 562 1345 607; x_wconf 92' lang='lat' dir='ltr'><strong><em>et</em></strong></span> <span class='ocrx_word' id='word_1_52' title='bbox 1374 554 1428 606; x_wconf 91' lang='lat' dir='ltr'><strong><em>in</em></strong></span> <span class='ocrx_word' id='word_1_53' title='bbox 1457 551 1745 605; x_wconf 84' lang='lat' dir='ltr'><strong><em>humilitate</em></strong></span> <span class='ocrx_word' id='word_1_54' title='bbox 1843 560 1969 605; x_wconf 88' lang='lat' dir='ltr'><strong><em>sunt</em></strong></span> <span class='ocrx_word' id='word_1_55' title='bbox 2009 560 2119 607; x_wconf 86' lang='lat' dir='ltr'><strong><em>tua.</em></strong></span> <span class='ocrx_word' id='word_1_56' title='bbox 2155 553 2397 624; x_wconf 83' lang='lat' dir='ltr'><strong><em>Namque</em></strong></span> <span class='ocrx_word' id='word_1_57' title='bbox 2429 555 2551 626; x_wconf 89' lang='lat' dir='ltr'><strong><em>ipse</em></strong></span> <span class='ocrx_word' id='word_1_58' title='bbox 2584 569 2814 627; x_wconf 89' lang='lat' dir='ltr'><strong><em>magnus</em></strong></span> <span class='ocrx_word' id='word_1_59' title='bbox 2836 570 2897 611; x_wconf 85' lang='lat' dir='ltr'><strong><em>es</em></strong></span> <span class='ocrx_word' id='word_1_60' title='bbox 2926 555 3015 626; x_wconf 90' lang='lat' dir='ltr'><strong><em>qui</em></strong></span> <span class='ocrx_word' id='word_1_61' title='bbox 3042 554 3290 625; x_wconf 73' lang='lat' dir='ltr'><strong><em>sequeris</em></strong></span> <span class='ocrx_word' id='word_1_62' title='bbox 3320 568 3436 609; x_wconf 89' lang='lat' dir='ltr'><strong><em>ma-</em></strong></span> 
     </span>
    </p>
   </div>
   <div class='ocr_carea' id='block_1_5' title="bbox 160 645 3434 719">
    <p class='ocr_par' dir='ltr' id='par_1_5' title="bbox 160 645 3434 719">
     <span class='ocr_line' id='line_1_5' title="bbox 160 645 3434 719; baseline 0.002 -23"><span class='ocrx_word' id='word_1_63' title='bbox 160 651 250 697; x_wconf 89' lang='lat' dir='ltr'><strong><em>tua</em></strong></span> <span class='ocrx_word' id='word_1_64' title='bbox 269 645 573 715; x_wconf 79' lang='lat' dir='ltr'><strong><em>patientiam</em></strong></span> <span class='ocrx_word' id='word_1_65' title='bbox 609 645 759 711; x_wconf 85' lang='lat' dir='ltr'><strong><em>habe,</em></strong></span> <span class='ocrx_word' id='word_1_66' title='bbox 785 647 1030 713; x_wconf 89' lang='lat' dir='ltr'><strong><em>quoniam</em></strong></span> <span class='ocrx_word' id='word_1_67' title='bbox 1056 648 1175 718; x_wconf 86' lang='lat' dir='ltr'><strong><em>igne</em></strong></span> <span class='ocrx_word' id='word_1_68' title='bbox 1202 646 1453 718; x_wconf 80' lang='lat' dir='ltr'><strong><em>probatur</em></strong></span> <span class='ocrx_word' id='word_1_69' title='bbox 1493 660 1682 700; x_wconf 88' lang='lat' dir='ltr'><strong><em>aurum</em></strong></span> <span class='ocrx_word' id='word_1_70' title='bbox 1703 653 1748 700; x_wconf 88' lang='lat' dir='ltr'><strong><em>et</em></strong></span> <span class='ocrx_word' id='word_1_71' title='bbox 1846 660 2033 717; x_wconf 92' lang='lat' dir='ltr'><strong><em>gnum.</em></strong></span> <span class='ocrx_word' id='word_1_72' title='bbox 2067 645 2220 702; x_wconf 88' lang='lat' dir='ltr'><strong><em>Unus</em></strong></span> <span class='ocrx_word' id='word_1_73' title='bbox 2250 646 2339 701; x_wconf 93' lang='lat' dir='ltr'><strong><em>hic</em></strong></span> <span class='ocrx_word' id='word_1_74' title='bbox 2364 648 2466 704; x_wconf 89' lang='lat' dir='ltr'><strong><em>fuit</em></strong></span> <span class='ocrx_word' id='word_1_75' title='bbox 2509 649 2610 705; x_wconf 86' lang='lat' dir='ltr'><strong><em>Job</em></strong></span> <span class='ocrx_word' id='word_1_76' title='bbox 2642 649 2939 719; x_wconf 89' lang='lat' dir='ltr'><strong><em>patriarca,</em></strong></span> <span class='ocrx_word' id='word_1_77' title='bbox 2980 647 3289 717; x_wconf 90' lang='lat' dir='ltr'><strong><em>majestatis</em></strong></span> <span class='ocrx_word' id='word_1_78' title='bbox 3319 648 3434 701; x_wconf 91' lang='lat' dir='ltr'><strong><em>cul-</em></strong></span> 
     </span>
    </p>
   </div>
   <div class='ocr_carea' id='block_1_6' title="bbox 157 737 1748 812">
    <p class='ocr_par' dir='ltr' id='par_1_6' title="bbox 157 737 1748 812">
     <span class='ocr_line' id='line_1_6' title="bbox 157 737 1748 812; baseline 0.001 -23"><span class='ocrx_word' id='word_1_79' title='bbox 157 748 472 808; x_wconf 81' lang='lat' dir='ltr'><strong><em>argentum;</em></strong></span> <span class='ocrx_word' id='word_1_80' title='bbox 501 738 737 795; x_wconf 91' lang='lat' dir='ltr'><strong><em>homines</em></strong></span> <span class='ocrx_word' id='word_1_81' title='bbox 764 756 882 795; x_wconf 80' lang='lat' dir='ltr'><strong><em>vero</em></strong></span> <span class='ocrx_word' id='word_1_82' title='bbox 913 740 1236 812; x_wconf 87' lang='lat' dir='ltr'><strong><em>receptibiles</em></strong></span> <span class='ocrx_word' id='word_1_83' title='bbox 1258 741 1313 794; x_wconf 92' lang='lat' dir='ltr'><strong><em>in</em></strong></span> <span class='ocrx_word' id='word_1_84' title='bbox 1339 739 1544 793; x_wconf 88' lang='lat' dir='ltr'><strong><em>camino</em></strong></span> <span class='ocrx_word' id='word_1_85' title='bbox 1575 737 1748 792; x_wconf 84' lang='lat' dir='ltr'><strong><em>humi-</em></strong></span> 
     </span>
    </p>
   </div>
   <div class='ocr_carea' id='block_1_7' title="bbox 158 829 1754 903">
    <p class='ocr_par' dir='ltr' id='par_1_7' title="bbox 158 829 1754 903">
     <span class='ocr_line' id='line_1_7' title="bbox 158 829 1754 903; baseline 0.002 -21"><span class='ocrx_word' id='word_1_86' title='bbox 158 830 387 884; x_wconf 88' lang='lat' dir='ltr'><strong><em>liationis</em></strong></span> <span class='ocrx_word' id='word_1_87' title='bbox 419 829 606 903; x_wconf 85' lang='lat' dir='ltr'><strong><em>(Eccl.</em></strong></span> <span class='ocrx_word' id='word_1_88' title='bbox 635 847 695 896; x_wconf 83' lang='lat' dir='ltr'><strong><em>tt,</em></strong></span> <span class='ocrx_word' id='word_1_89' title='bbox 718 832 777 898; x_wconf 80' lang='lat'><strong><em>5,</em></strong></span> <span class='ocrx_word' id='word_1_90' title='bbox 804 831 863 903; x_wconf 71' lang='grc' dir='ltr'><strong><em>Δ»,</em></strong></span> <span class='ocrx_word' id='word_1_91' title='bbox 894 832 983 903; x_wconf 75' lang='grc'><strong><em>5).</em></strong></span> <span class='ocrx_word' id='word_1_92' title='bbox 1030 830 1165 886; x_wconf 87' lang='lat' dir='ltr'><strong><em>Cum</em></strong></span> <span class='ocrx_word' id='word_1_93' title='bbox 1219 832 1415 902; x_wconf 88' lang='lat' dir='ltr'><strong><em>legalia</em></strong></span> <span class='ocrx_word' id='word_1_94' title='bbox 1440 830 1563 901; x_wconf 84' lang='lat' dir='ltr'><strong>jura</strong></span> <span class='ocrx_word' id='word_1_95' title='bbox 1593 840 1754 901; x_wconf 89' lang='lat' dir='ltr'><strong><em>atque</em></strong></span> 
     </span>
    </p>
   </div>
   <div class='ocr_carea' id='block_1_8' title="bbox 158 923 1755 995">
    <p class='ocr_par' dir='ltr' id='par_1_8' title="bbox 158 923 1755 995">
     <span class='ocr_line' id='line_1_8' title="bbox 158 923 1755 995; baseline 0.002 -19"><span class='ocrx_word' id='word_1_96' title='bbox 158 923 401 978; x_wconf 84' lang='lat' dir='ltr'><strong><em>carmina</em></strong></span> <span class='ocrx_word' id='word_1_97' title='bbox 426 939 691 980; x_wconf 81' lang='lat' dir='ltr'><strong><em>recenseo</em></strong></span> <span class='ocrx_word' id='word_1_98' title='bbox 712 926 1127 995; x_wconf 87' lang='lat' dir='ltr'><strong><em>prophetarum,</em></strong></span> <span class='ocrx_word' id='word_1_99' title='bbox 1161 924 1511 980; x_wconf 82' lang='lat' dir='ltr'><strong><em>auctoritatis</em></strong></span> <span class='ocrx_word' id='word_1_100' title='bbox 1538 939 1755 994; x_wconf 89' lang='lat' dir='ltr'><strong><em>quoque</em></strong></span> 
     </span>
    </p>
   </div>
   <div class='ocr_carea' id='block_1_9' title="bbox 155 1016 1755 1087">
    <p class='ocr_par' dir='ltr' id='par_1_9' title="bbox 155 1016 1755 1087">
     <span class='ocr_line' id='line_1_9' title="bbox 155 1016 1755 1087; baseline 0 -17"><span class='ocrx_word' id='word_1_101' title='bbox 155 1016 453 1072; x_wconf 75' lang='lat' dir='ltr'><strong><em>mundana:</em></strong></span> <span class='ocrx_word' id='word_1_102' title='bbox 504 1018 751 1087; x_wconf 88' lang='lat' dir='ltr'><strong><em>egregias</em></strong></span> <span class='ocrx_word' id='word_1_103' title='bbox 796 1019 1099 1074; x_wconf 85' lang='lat' dir='ltr'><strong><em>sententias</em></strong></span> <span class='ocrx_word' id='word_1_104' title='bbox 1150 1018 1392 1086; x_wconf 88' lang='lat' dir='ltr'><strong><em>concipit</em></strong></span> <span class='ocrx_word' id='word_1_105' title='bbox 1434 1017 1673 1082; x_wconf 88' lang='lat' dir='ltr'><strong><em>auditus,</em></strong></span> <span class='ocrx_word' id='word_1_106' title='bbox 1701 1016 1755 1070; x_wconf 93' lang='lat' dir='ltr'><strong><em>ni</em></strong></span> 
     </span>
    </p>
   </div>
   <div class='ocr_carea' id='block_1_10' title="bbox 157 1108 1755 1182">
    <p class='ocr_par' dir='ltr' id='par_1_10' title="bbox 157 1108 1755 1182">
     <span class='ocr_line' id='line_1_10' title="bbox 157 1108 1755 1182; baseline 0.001 -19"><span class='ocrx_word' id='word_1_107' title='bbox 157 1108 347 1177; x_wconf 88' lang='lat' dir='ltr'><strong><em>fallor,</em></strong></span> <span class='ocrx_word' id='word_1_108' title='bbox 378 1110 574 1166; x_wconf 72' lang='lat' dir='ltr'><strong><em>divina:</em></strong></span> <span class='ocrx_word' id='word_1_109' title='bbox 604 1112 742 1182; x_wconf 90' lang='lat' dir='ltr'><strong><em>legis</em></strong></span> <span class='ocrx_word' id='word_1_110' title='bbox 767 1111 1016 1178; x_wconf 90' lang='lat' dir='ltr'><strong><em>furtivas,</em></strong></span> <span class='ocrx_word' id='word_1_111' title='bbox 1045 1126 1165 1182; x_wconf 63' lang='lat' dir='ltr'><strong><em>quae</em></strong></span> <span class='ocrx_word' id='word_1_112' title='bbox 1192 1125 1416 1166; x_wconf 91' lang='lat' dir='ltr'><strong><em>necesse</em></strong></span> <span class='ocrx_word' id='word_1_113' title='bbox 1441 1118 1524 1165; x_wconf 91' lang='lat' dir='ltr'><strong><em>est</em></strong></span> <span class='ocrx_word' id='word_1_114' title='bbox 1551 1123 1755 1178; x_wconf 65' lang='lat' dir='ltr'><strong><em>praece-</em></strong></span> 
     </span>
    </p>
   </div>
   <div class='ocr_carea' id='block_1_11' title="bbox 156 1201 1751 1275">
    <p class='ocr_par' dir='ltr' id='par_1_11' title="bbox 156 1201 1751 1275">
     <span class='ocr_line' id='line_1_11' title="bbox 156 1201 1751 1275; baseline -0.003 -16"><span class='ocrx_word' id='word_1_115' title='bbox 156 1204 272 1275; x_wconf 86' lang='lat' dir='ltr'><strong><em>ptis</em></strong></span> <span class='ocrx_word' id='word_1_116' title='bbox 303 1204 568 1275; x_wconf 79' lang='lat' dir='ltr'><strong><em>legalibus</em></strong></span> <span class='ocrx_word' id='word_1_117' title='bbox 588 1206 918 1260; x_wconf 89' lang='lat' dir='ltr'><strong><em>inserantur.</em></strong></span> <span class='ocrx_word' id='word_1_118' title='bbox 950 1205 1065 1259; x_wconf 89' lang='lat' dir='ltr'><strong><em>Non</em></strong></span> <span class='ocrx_word' id='word_1_119' title='bbox 1095 1206 1238 1259; x_wconf 91' lang='lat' dir='ltr'><strong><em>enim</em></strong></span> <span class='ocrx_word' id='word_1_120' title='bbox 1270 1211 1428 1257; x_wconf 89' lang='lat' dir='ltr'><strong><em>nocet</em></strong></span> <span class='ocrx_word' id='word_1_121' title='bbox 1456 1202 1648 1257; x_wconf 86' lang='lat' dir='ltr'><strong><em>alienis</em></strong></span> <span class='ocrx_word' id='word_1_122' title='bbox 1675 1201 1751 1255; x_wconf 90' lang='lat' dir='ltr'><strong><em>uti</em></strong></span> 
     </span>
    </p>
   </div>
   <div class='ocr_carea' id='block_1_12' title="bbox 157 1294 1747 1366">
    <p class='ocr_par' dir='ltr' id='par_1_12' title="bbox 157 1294 1747 1366">
     <span class='ocr_line' id='line_1_12' title="bbox 157 1294 1747 1366; baseline -0.003 -15"><span class='ocrx_word' id='word_1_123' title='bbox 157 1310 226 1351; x_wconf 88' lang='lat' dir='ltr'><strong><em>ea</em></strong></span> <span class='ocrx_word' id='word_1_124' title='bbox 254 1304 409 1366; x_wconf 89' lang='lat' dir='ltr'><strong><em>parte</em></strong></span> <span class='ocrx_word' id='word_1_125' title='bbox 440 1311 544 1366; x_wconf 86' lang='lat' dir='ltr'><strong><em>qua</em></strong></span> <span class='ocrx_word' id='word_1_126' title='bbox 572 1304 755 1350; x_wconf 90' lang='lat' dir='ltr'><strong><em>nostra</em></strong></span> <span class='ocrx_word' id='word_1_127' title='bbox 784 1305 931 1350; x_wconf 90' lang='lat' dir='ltr'><strong><em>sunt.</em></strong></span> <span class='ocrx_word' id='word_1_128' title='bbox 966 1296 1091 1350; x_wconf 65' lang='lat' dir='ltr'><strong><em>Haec</em></strong></span> <span class='ocrx_word' id='word_1_129' title='bbox 1120 1296 1291 1363; x_wconf 88' lang='lat' dir='ltr'><strong><em>prima</em></strong></span> <span class='ocrx_word' id='word_1_130' title='bbox 1328 1294 1595 1351; x_wconf 87' lang='lat' dir='ltr'><strong><em>sententia</em></strong></span> <span class='ocrx_word' id='word_1_131' title='bbox 1626 1302 1747 1349; x_wconf 88' lang='lat' dir='ltr'><strong><em>est:</em></strong></span> 
     </span>
    </p>
   </div>
   <div class='ocr_carea' id='block_1_13' title="bbox 156 1389 1746 1459">
    <p class='ocr_par' dir='ltr' id='par_1_13' title="bbox 156 1389 1746 1459">
     <span class='ocr_line' id='line_1_13' title="bbox 156 1389 1746 1459; baseline 0 -16"><span class='ocrx_word' id='word_1_132' title='bbox 156 1390 388 1454; x_wconf 81' lang='lat' dir='ltr'><strong><em>Aurum,</em></strong></span> <span class='ocrx_word' id='word_1_133' title='bbox 425 1390 617 1459; x_wconf 82' lang='lat' dir='ltr'><strong><em>inquit,</em></strong></span> <span class='ocrx_word' id='word_1_134' title='bbox 647 1389 841 1459; x_wconf 89' lang='lat' dir='ltr'><strong><em>probat</em></strong></span> <span class='ocrx_word' id='word_1_135' title='bbox 868 1390 1026 1459; x_wconf 81' lang='lat' dir='ltr'><strong><em>ignis,</em></strong></span> <span class='ocrx_word' id='word_1_136' title='bbox 1054 1398 1109 1444; x_wconf 92' lang='lat' dir='ltr'><strong><em>et</em></strong></span> <span class='ocrx_word' id='word_1_137' title='bbox 1130 1390 1349 1445; x_wconf 87' lang='lat' dir='ltr'><strong><em>miseria</em></strong></span> <span class='ocrx_word' id='word_1_138' title='bbox 1373 1390 1543 1445; x_wconf 93' lang='lat' dir='ltr'><strong><em>bonos</em></strong></span> <span class='ocrx_word' id='word_1_139' title='bbox 1572 1390 1746 1444; x_wconf 91' lang='lat' dir='ltr'><strong><em>viros.</em></strong></span> 
     </span>
    </p>
   </div>
   <div class='ocr_carea' id='block_1_14' title="bbox 160 1480 1749 1552">
    <p class='ocr_par' dir='ltr' id='par_1_14' title="bbox 160 1480 1749 1552">
     <span class='ocr_line' id='line_1_14' title="bbox 160 1480 1749 1552; baseline 0.001 -16"><span class='ocrx_word' id='word_1_140' title='bbox 160 1481 372 1537; x_wconf 82' lang='lat' dir='ltr'><strong><em>Etalibi</em></strong></span> <span class='ocrx_word' id='word_1_141' title='bbox 398 1499 412 1535; x_wconf 92' lang='lat'><strong>:</strong></span> <span class='ocrx_word' id='word_1_142' title='bbox 435 1480 602 1551; x_wconf 87' lang='lat' dir='ltr'><strong><em>Nihil,</em></strong></span> <span class='ocrx_word' id='word_1_143' title='bbox 626 1483 819 1552; x_wconf 87' lang='lat' dir='ltr'><strong><em>inquit,</em></strong></span> <span class='ocrx_word' id='word_1_144' title='bbox 847 1498 913 1539; x_wconf 91' lang='lat' dir='ltr'><strong><em>eo</em></strong></span> <span class='ocrx_word' id='word_1_145' title='bbox 934 1483 1147 1538; x_wconf 89' lang='lat' dir='ltr'><strong><em>videtur</em></strong></span> <span class='ocrx_word' id='word_1_146' title='bbox 1173 1484 1440 1540; x_wconf 77' lang='lat' dir='ltr'><strong><em>infelicius</em></strong></span> <span class='ocrx_word' id='word_1_147' title='bbox 1462 1502 1474 1535; x_wconf 85' lang='lat'><strong>:</strong></span> <span class='ocrx_word' id='word_1_148' title='bbox 1494 1484 1583 1539; x_wconf 93' lang='lat' dir='ltr'><strong><em>cui</em></strong></span> <span class='ocrx_word' id='word_1_149' title='bbox 1614 1483 1749 1538; x_wconf 88' lang='lat' dir='ltr'><strong><em>nihil</em></strong></span> 
     </span>
    </p>
   </div>
   <div class='ocr_carea' id='block_1_15' title="bbox 158 1574 1747 1646">
    <p class='ocr_par' dir='ltr' id='par_1_15' title="bbox 158 1574 1747 1646">
     <span class='ocr_line' id='line_1_15' title="bbox 158 1574 1747 1646; baseline 0.002 -18"><span class='ocrx_word' id='word_1_150' title='bbox 158 1589 419 1645; x_wconf 87' lang='lat' dir='ltr'><strong><em>umquam</em></strong></span> <span class='ocrx_word' id='word_1_151' title='bbox 452 1575 637 1631; x_wconf 84' lang='lat' dir='ltr'><strong><em>evenit</em></strong></span> <span class='ocrx_word' id='word_1_152' title='bbox 665 1575 906 1631; x_wconf 84' lang='lat' dir='ltr'><strong><em>adversi.</em></strong></span> <span class='ocrx_word' id='word_1_153' title='bbox 940 1574 1055 1631; x_wconf 87' lang='lat' dir='ltr'><strong><em>Non</em></strong></span> <span class='ocrx_word' id='word_1_154' title='bbox 1086 1576 1239 1631; x_wconf 90' lang='lat' dir='ltr'><strong><em>licuit</em></strong></span> <span class='ocrx_word' id='word_1_155' title='bbox 1285 1577 1365 1631; x_wconf 90' lang='lat' dir='ltr'><strong><em>illi</em></strong></span> <span class='ocrx_word' id='word_1_156' title='bbox 1395 1592 1457 1632; x_wconf 91' lang='lat' dir='ltr'><strong><em>se</em></strong></span> <span class='ocrx_word' id='word_1_157' title='bbox 1486 1576 1747 1646; x_wconf 83' lang='lat' dir='ltr'><strong><em>experiri,</em></strong></span> 
     </span>
    </p>
   </div>
   <div class='ocr_carea' id='block_1_16' title="bbox 160 1669 1747 1735">
    <p class='ocr_par' dir='ltr' id='par_1_16' title="bbox 160 1669 1747 1735">
     <span class='ocr_line' id='line_1_16' title="bbox 160 1669 1747 1735; baseline -0.001 -10"><span class='ocrx_word' id='word_1_158' title='bbox 160 1669 257 1725; x_wconf 90' lang='lat' dir='ltr'><strong><em>ubi</em></strong></span> <span class='ocrx_word' id='word_1_159' title='bbox 278 1669 462 1724; x_wconf 87' lang='lat' dir='ltr'><strong><em>omnia</em></strong></span> <span class='ocrx_word' id='word_1_160' title='bbox 492 1670 565 1723; x_wconf 89' lang='lat' dir='ltr'><strong><em>illi</em></strong></span> <span class='ocrx_word' id='word_1_161' title='bbox 599 1684 676 1726; x_wconf 70' lang='lat' dir='ltr'><strong><em>ex</em></strong></span> <span class='ocrx_word' id='word_1_162' title='bbox 693 1680 823 1725; x_wconf 88' lang='lat' dir='ltr'><strong><em>voto</em></strong></span> <span class='ocrx_word' id='word_1_163' title='bbox 853 1670 1146 1726; x_wconf 81' lang='lat' dir='ltr'><strong><em>ﬂuxerunt.</em></strong></span> <span class='ocrx_word' id='word_1_164' title='bbox 1180 1672 1247 1726; x_wconf 86' lang='lat' dir='ltr'><strong><em>Et</em></strong></span> <span class='ocrx_word' id='word_1_165' title='bbox 1276 1671 1399 1726; x_wconf 86' lang='lat' dir='ltr'><strong><em>alibi</em></strong></span> <span class='ocrx_word' id='word_1_166' title='bbox 1434 1672 1747 1735; x_wconf 83' lang='lat' dir='ltr'><strong><em>:Miserum,</em></strong></span> 
     </span>
    </p>
   </div>
   <div class='ocr_carea' id='block_1_17' title="bbox 1850 740 3437 813">
    <p class='ocr_par' dir='ltr' id='par_1_17' title="bbox 1850 740 3437 813">
     <span class='ocr_line' id='line_1_17' title="bbox 1850 740 3437 813; baseline 0.001 -19"><span class='ocrx_word' id='word_1_167' title='bbox 1850 748 1937 795; x_wconf 92' lang='lat' dir='ltr'><strong><em>tor</em></strong></span> <span class='ocrx_word' id='word_1_168' title='bbox 1959 740 2219 808; x_wconf 89' lang='lat' dir='ltr'><strong><em>invictus,</em></strong></span> <span class='ocrx_word' id='word_1_169' title='bbox 2252 742 2581 813; x_wconf 69' lang='lat' dir='ltr'><strong><em>aequalitatis</em></strong></span> <span class='ocrx_word' id='word_1_170' title='bbox 2602 742 2856 797; x_wconf 90' lang='lat' dir='ltr'><strong><em>censibus</em></strong></span> <span class='ocrx_word' id='word_1_171' title='bbox 2878 742 3164 809; x_wconf 86' lang='lat' dir='ltr'><strong><em>opulentus</em></strong></span> <span class='ocrx_word' id='word_1_172' title='bbox 3186 749 3240 795; x_wconf 82' lang='lat' dir='ltr'><strong><em>et</em></strong></span> <span class='ocrx_word' id='word_1_173' title='bbox 3262 740 3437 805; x_wconf 83' lang='lat' dir='ltr'><strong><em>dives,</em></strong></span> 
     </span>
    </p>
   </div>
   <div class='ocr_carea' id='block_1_18' title="bbox 1852 834 3441 905">
    <p class='ocr_par' dir='ltr' id='par_1_18' title="bbox 1852 834 3441 905">
     <span class='ocr_line' id='line_1_18' title="bbox 1852 834 3441 905; baseline -0.003 -15"><span class='ocrx_word' id='word_1_174' title='bbox 1852 834 2010 904; x_wconf 90' lang='lat' dir='ltr'><strong><em>cujus</em></strong></span> <span class='ocrx_word' id='word_1_175' title='bbox 2038 834 2330 890; x_wconf 86' lang='lat' dir='ltr'><strong><em>illustrium</em></strong></span> <span class='ocrx_word' id='word_1_176' title='bbox 2365 836 2684 891; x_wconf 90' lang='lat' dir='ltr'><strong><em>meritorum</em></strong></span> <span class='ocrx_word' id='word_1_177' title='bbox 2721 851 2899 905; x_wconf 69' lang='lat' dir='ltr'><strong><em>prmco</em></strong></span> <span class='ocrx_word' id='word_1_178' title='bbox 2928 835 3137 891; x_wconf 88' lang='lat' dir='ltr'><strong><em>exstitit</em></strong></span> <span class='ocrx_word' id='word_1_179' title='bbox 3158 834 3441 898; x_wconf 85' lang='lat' dir='ltr'><strong><em>Dominus,</em></strong></span> 
     </span>
    </p>
   </div>
   <div class='ocr_carea' id='block_1_19' title="bbox 1855 926 3436 994">
    <p class='ocr_par' dir='ltr' id='par_1_19' title="bbox 1855 926 3436 994">
     <span class='ocr_line' id='line_1_19' title="bbox 1855 926 3436 994; baseline -0.003 -10"><span class='ocrx_word' id='word_1_180' title='bbox 1855 946 1980 985; x_wconf 88' lang='lat' dir='ltr'><strong><em>cum</em></strong></span> <span class='ocrx_word' id='word_1_181' title='bbox 2019 930 2257 985; x_wconf 70' lang='lat' dir='ltr'><strong><em>inimica:</em></strong></span> <span class='ocrx_word' id='word_1_182' title='bbox 2296 928 2551 985; x_wconf 83' lang='lat' dir='ltr'><strong><em>factionis</em></strong></span> <span class='ocrx_word' id='word_1_183' title='bbox 2590 930 2952 985; x_wconf 75' lang='lat' dir='ltr'><strong><em>inStrumenta</em></strong></span> <span class='ocrx_word' id='word_1_184' title='bbox 2998 928 3213 994; x_wconf 90' lang='lat' dir='ltr'><strong><em>feralia,</em></strong></span> <span class='ocrx_word' id='word_1_185' title='bbox 3261 926 3436 981; x_wconf 87' lang='lat' dir='ltr'><strong><em>laudis</em></strong></span> 
     </span>
    </p>
   </div>
   <div class='ocr_carea' id='block_1_20' title="bbox 1856 1010 3446 1091">
    <p class='ocr_par' dir='ltr' id='par_1_20' title="bbox 1856 1010 3446 1091">
     <span class='ocr_line' id='line_1_20' title="bbox 1856 1010 3446 1091; baseline -0.003 -16"><span class='ocrx_word' id='word_1_186' title='bbox 1856 1021 2135 1089; x_wconf 63' lang='lat' dir='ltr'><strong><em>praeconio</em></strong></span> <span class='ocrx_word' id='word_1_187' title='bbox 2164 1022 2487 1089; x_wconf 73' lang='lat' dir='ltr'><strong><em>prteveniret</em></strong></span> <span class='ocrx_word' id='word_1_188' title='bbox 2520 1041 2532 1076; x_wconf 93' lang='lat'><strong><em>:</em></strong></span> <span class='ocrx_word' id='word_1_189' title='bbox 2564 1010 2985 1076; x_wconf 81' lang='lat' dir='ltr'><strong><em>Animadvertisti</em></strong></span> <span class='ocrx_word' id='word_1_190' title='bbox 3014 1037 3230 1091; x_wconf 87' lang='lat' dir='ltr'><strong><em>puerum</em></strong></span> <span class='ocrx_word' id='word_1_191' title='bbox 3280 1035 3446 1071; x_wconf 87' lang='lat' dir='ltr'><strong><em>meum</em></strong></span> 
     </span>
    </p>
   </div>
   <div class='ocr_carea' id='block_1_21' title="bbox 1852 1114 3450 1187">
    <p class='ocr_par' dir='ltr' id='par_1_21' title="bbox 1852 1114 3450 1187">
     <span class='ocr_line' id='line_1_21' title="bbox 1852 1114 3450 1187; baseline -0.003 -18"><span class='ocrx_word' id='word_1_192' title='bbox 1852 1114 1975 1181; x_wconf 84' lang='lat' dir='ltr'><strong><em>Job,</em></strong></span> <span class='ocrx_word' id='word_1_193' title='bbox 2001 1116 2123 1185; x_wconf 86' lang='lat' dir='ltr'><strong><em>quia</em></strong></span> <span class='ocrx_word' id='word_1_194' title='bbox 2152 1131 2255 1168; x_wconf 89' lang='lat' dir='ltr'><strong><em>non</em></strong></span> <span class='ocrx_word' id='word_1_195' title='bbox 2295 1126 2370 1169; x_wconf 89' lang='lat' dir='ltr'><strong><em>est</em></strong></span> <span class='ocrx_word' id='word_1_196' title='bbox 2408 1118 2457 1169; x_wconf 89' lang='lat' dir='ltr'><strong><em>ei</em></strong></span> <span class='ocrx_word' id='word_1_197' title='bbox 2483 1116 2670 1185; x_wconf 82' lang='lat' dir='ltr'><strong><em>similis</em></strong></span> <span class='ocrx_word' id='word_1_198' title='bbox 2691 1117 2964 1187; x_wconf 82' lang='lat' dir='ltr'><strong><em>quisquam</em></strong></span> <span class='ocrx_word' id='word_1_199' title='bbox 3006 1118 3058 1169; x_wconf 90' lang='lat' dir='ltr'><strong><em>in</em></strong></span> <span class='ocrx_word' id='word_1_200' title='bbox 3089 1116 3266 1179; x_wconf 84' lang='lat' dir='ltr'><strong><em>terris,</em></strong></span> <span class='ocrx_word' id='word_1_201' title='bbox 3299 1114 3450 1165; x_wconf 91' lang='lat' dir='ltr'><strong><em>homo</em></strong></span> 
     </span>
    </p>
   </div>
   <div class='ocr_carea' id='block_1_22' title="bbox 1851 1204 3452 1277">
    <p class='ocr_par' dir='ltr' id='par_1_22' title="bbox 1851 1204 3452 1277">
     <span class='ocr_line' id='line_1_22' title="bbox 1851 1204 3452 1277; baseline -0.004 -16"><span class='ocrx_word' id='word_1_202' title='bbox 1851 1208 1962 1261; x_wconf 84' lang='lat' dir='ltr'><strong><em>sine</em></strong></span> <span class='ocrx_word' id='word_1_203' title='bbox 1982 1206 2212 1277; x_wconf 85' lang='lat' dir='ltr'><strong><em>querela,</em></strong></span> <span class='ocrx_word' id='word_1_204' title='bbox 2242 1223 2392 1261; x_wconf 82' lang='lat' dir='ltr'><strong><em>verus</em></strong></span> <span class='ocrx_word' id='word_1_205' title='bbox 2424 1206 2524 1261; x_wconf 87' lang='lat' dir='ltr'><strong><em>Dei</em></strong></span> <span class='ocrx_word' id='word_1_206' title='bbox 2566 1209 2752 1273; x_wconf 82' lang='lat' dir='ltr'><strong><em>cultor,</em></strong></span> <span class='ocrx_word' id='word_1_207' title='bbox 2799 1208 3061 1262; x_wconf 83' lang='lat' dir='ltr'><strong><em>abstinens</em></strong></span> <span class='ocrx_word' id='word_1_208' title='bbox 3106 1225 3160 1262; x_wconf 87' lang='lat' dir='ltr'><strong><em>se</em></strong></span> <span class='ocrx_word' id='word_1_209' title='bbox 3207 1206 3269 1260; x_wconf 85' lang='lat' dir='ltr'><strong><em>ab</em></strong></span> <span class='ocrx_word' id='word_1_210' title='bbox 3312 1204 3452 1259; x_wconf 89' lang='lat' dir='ltr'><strong><em>omni</em></strong></span> 
     </span>
    </p>
   </div>
   <div class='ocr_carea' id='block_1_23' title="bbox 1852 1298 3451 1366">
    <p class='ocr_par' dir='ltr' id='par_1_23' title="bbox 1852 1298 3451 1366">
     <span class='ocr_line' id='line_1_23' title="bbox 1852 1298 3451 1366; baseline -0.003 -14"><span class='ocrx_word' id='word_1_211' title='bbox 1852 1314 2003 1365; x_wconf 87' lang='lat' dir='ltr'><strong><em>opere</em></strong></span> <span class='ocrx_word' id='word_1_212' title='bbox 2028 1298 2189 1365; x_wconf 86' lang='lat' dir='ltr'><strong><em>malo,</em></strong></span> <span class='ocrx_word' id='word_1_213' title='bbox 2217 1308 2263 1352; x_wconf 90' lang='lat' dir='ltr'><strong><em>et</em></strong></span> <span class='ocrx_word' id='word_1_214' title='bbox 2286 1315 2594 1366; x_wconf 71' lang='lat' dir='ltr'><strong><em>permanens</em></strong></span> <span class='ocrx_word' id='word_1_215' title='bbox 2616 1301 2669 1352; x_wconf 90' lang='lat' dir='ltr'><strong><em>in</em></strong></span> <span class='ocrx_word' id='word_1_216' title='bbox 2698 1300 2989 1353; x_wconf 84' lang='lat' dir='ltr'><strong><em>innocentia</em></strong></span> <span class='ocrx_word' id='word_1_217' title='bbox 3012 1316 3137 1363; x_wconf 84' lang='lat' dir='ltr'><strong><em>sua,</em></strong></span> <span class='ocrx_word' id='word_1_218' title='bbox 3164 1308 3209 1351; x_wconf 73' lang='lat' dir='ltr'><strong><em>et</em></strong></span> <span class='ocrx_word' id='word_1_219' title='bbox 3240 1300 3295 1351; x_wconf 90' lang='lat' dir='ltr'><strong><em>in</em></strong></span> <span class='ocrx_word' id='word_1_220' title='bbox 3326 1299 3451 1350; x_wconf 89' lang='lat' dir='ltr'><strong><em>sim-</em></strong></span> 
     </span>
    </p>
   </div>
   <div class='ocr_carea' id='block_1_24' title="bbox 1849 1390 3451 1463">
    <p class='ocr_par' dir='ltr' id='par_1_24' title="bbox 1849 1390 3451 1463">
     <span class='ocr_line' id='line_1_24' title="bbox 1849 1390 3451 1463; baseline 0.001 -20"><span class='ocrx_word' id='word_1_221' title='bbox 1849 1390 2082 1463; x_wconf 88' lang='lat' dir='ltr'><strong><em>plicitate</em></strong></span> <span class='ocrx_word' id='word_1_222' title='bbox 2124 1391 2296 1445; x_wconf 86' lang='lat' dir='ltr'><strong><em>cordis</em></strong></span> <span class='ocrx_word' id='word_1_223' title='bbox 2353 1390 2495 1463; x_wconf 83' lang='lat' dir='ltr'><strong><em>(Job.</em></strong></span> <span class='ocrx_word' id='word_1_224' title='bbox 2550 1407 2622 1457; x_wconf 84' lang='lat' dir='ltr'><strong><em>tt,</em></strong></span> <span class='ocrx_word' id='word_1_225' title='bbox 2657 1392 2735 1462; x_wconf 82' lang='lat'><strong><em>5).</em></strong></span> <span class='ocrx_word' id='word_1_226' title='bbox 2769 1391 2937 1461; x_wconf 86' lang='lat' dir='ltr'><strong><em>Igitur</em></strong></span> <span class='ocrx_word' id='word_1_227' title='bbox 2977 1407 3099 1447; x_wconf 91' lang='lat' dir='ltr'><strong><em>cum</em></strong></span> <span class='ocrx_word' id='word_1_228' title='bbox 3146 1408 3216 1447; x_wconf 76' lang='lat' dir='ltr'><strong><em>ex</em></strong></span> <span class='ocrx_word' id='word_1_229' title='bbox 3259 1391 3451 1445; x_wconf 84' lang='lat' dir='ltr'><strong><em>divino</em></strong></span> 
     </span>
    </p>
   </div>
   <div class='ocr_carea' id='block_1_25' title="bbox 1853 1482 3454 1555">
    <p class='ocr_par' dir='ltr' id='par_1_25' title="bbox 1853 1482 3454 1555">
     <span class='ocr_line' id='line_1_25' title="bbox 1853 1482 3454 1555; baseline -0.001 -18"><span class='ocrx_word' id='word_1_230' title='bbox 1853 1482 2125 1552; x_wconf 88' lang='lat' dir='ltr'><strong><em>permissu</em></strong></span> <span class='ocrx_word' id='word_1_231' title='bbox 2165 1482 2457 1538; x_wconf 87' lang='lat' dir='ltr'><strong><em>hostilibus</em></strong></span> <span class='ocrx_word' id='word_1_232' title='bbox 2480 1484 2680 1553; x_wconf 90' lang='lat' dir='ltr'><strong><em>jaculis</em></strong></span> <span class='ocrx_word' id='word_1_233' title='bbox 2703 1492 3043 1555; x_wconf 89' lang='lat' dir='ltr'><strong><em>quateretur,</em></strong></span> <span class='ocrx_word' id='word_1_234' title='bbox 3075 1498 3313 1555; x_wconf 89' lang='lat' dir='ltr'><strong><em>eumque</em></strong></span> <span class='ocrx_word' id='word_1_235' title='bbox 3344 1482 3454 1537; x_wconf 85' lang='lat' dir='ltr'><strong><em>frc-</em></strong></span> 
     </span>
    </p>
   </div>
   <div class='ocr_carea' id='block_1_26' title="bbox 1854 1575 3451 1649">
    <p class='ocr_par' dir='ltr' id='par_1_26' title="bbox 1854 1575 3451 1649">
     <span class='ocr_line' id='line_1_26' title="bbox 1854 1575 3451 1649; baseline 0.001 -20"><span class='ocrx_word' id='word_1_236' title='bbox 1854 1589 2027 1646; x_wconf 90' lang='lat' dir='ltr'><strong><em>qnens</em></strong></span> <span class='ocrx_word' id='word_1_237' title='bbox 2053 1575 2288 1631; x_wconf 92' lang='lat' dir='ltr'><strong><em>latronis</em></strong></span> <span class='ocrx_word' id='word_1_238' title='bbox 2319 1577 2619 1632; x_wconf 90' lang='lat' dir='ltr'><strong><em>insinuatio</em></strong></span> <span class='ocrx_word' id='word_1_239' title='bbox 2648 1578 2951 1634; x_wconf 91' lang='lat' dir='ltr'><strong><em>truculenta</em></strong></span> <span class='ocrx_word' id='word_1_240' title='bbox 2977 1578 3243 1649; x_wconf 83' lang='lat' dir='ltr'><strong><em>pulsaret,</em></strong></span> <span class='ocrx_word' id='word_1_241' title='bbox 3274 1592 3451 1632; x_wconf 90' lang='lat' dir='ltr'><strong><em>emer-</em></strong></span> 
     </span>
    </p>
   </div>
   <div class='ocr_carea' id='block_1_27' title="bbox 1855 1670 3449 1744">
    <p class='ocr_par' dir='ltr' id='par_1_27' title="bbox 1855 1670 3449 1744">
     <span class='ocr_line' id='line_1_27' title="bbox 1855 1670 3449 1744; baseline -0.001 -18"><span class='ocrx_word' id='word_1_242' title='bbox 1855 1680 2044 1741; x_wconf 88' lang='lat' dir='ltr'><strong><em>gentes</em></strong></span> <span class='ocrx_word' id='word_1_243' title='bbox 2074 1670 2235 1735; x_wconf 85' lang='lat' dir='ltr'><strong><em>ictus.</em></strong></span> <span class='ocrx_word' id='word_1_244' title='bbox 2264 1672 2542 1742; x_wconf 83' lang='lat' dir='ltr'><strong><em>patientiae</em></strong></span> <span class='ocrx_word' id='word_1_245' title='bbox 2570 1672 2766 1744; x_wconf 85' lang='lat' dir='ltr'><strong><em>clypeo</em></strong></span> <span class='ocrx_word' id='word_1_246' title='bbox 2794 1673 3117 1738; x_wconf 83' lang='lat' dir='ltr'><strong><em>debellavit,</em></strong></span> <span class='ocrx_word' id='word_1_247' title='bbox 3149 1673 3449 1727; x_wconf 79' lang='lat' dir='ltr'><strong><em>malorum-</em></strong></span> 
     </span>
    </p>
   </div>
   <div class='ocr_carea' id='block_1_28' title="bbox 164 1758 3453 1837">
    <p class='ocr_par' dir='ltr' id='par_1_28' title="bbox 164 1758 3453 1837">
     <span class='ocr_line' id='line_1_28' title="bbox 164 1758 3453 1837; baseline -0 -18"><span class='ocrx_word' id='word_1_248' title='bbox 164 1763 363 1833; x_wconf 87' lang='lat' dir='ltr'><strong><em>inquit,</em></strong></span> <span class='ocrx_word' id='word_1_249' title='bbox 412 1771 466 1819; x_wconf 90' lang='lat' dir='ltr'><strong><em>te</em></strong></span> <span class='ocrx_word' id='word_1_250' title='bbox 491 1762 698 1834; x_wconf 85' lang='lat' dir='ltr'><strong><em>judico,</em></strong></span> <span class='ocrx_word' id='word_1_251' title='bbox 732 1764 875 1836; x_wconf 90' lang='lat' dir='ltr'><strong><em>quod</em></strong></span> <span class='ocrx_word' id='word_1_252' title='bbox 907 1781 1021 1819; x_wconf 91' lang='lat' dir='ltr'><strong><em>non</em></strong></span> <span class='ocrx_word' id='word_1_253' title='bbox 1067 1763 1215 1819; x_wconf 85' lang='lat' dir='ltr'><strong><em>fuisti</em></strong></span> <span class='ocrx_word' id='word_1_254' title='bbox 1266 1766 1453 1833; x_wconf 89' lang='lat' dir='ltr'><strong><em>miser,</em></strong></span> <span class='ocrx_word' id='word_1_255' title='bbox 1509 1763 1752 1818; x_wconf 88' lang='lat' dir='ltr'><strong><em>transisti</em></strong></span> <span class='ocrx_word' id='word_1_256' title='bbox 1782 1758 1831 1819; x_wconf 90' lang='lat' dir='ltr'><strong>B</strong></span> <span class='ocrx_word' id='word_1_257' title='bbox 1856 1780 1960 1835; x_wconf 90' lang='lat' dir='ltr'><strong><em>que</em></strong></span> <span class='ocrx_word' id='word_1_258' title='bbox 1992 1766 2357 1836; x_wconf 84' lang='lat' dir='ltr'><strong><em>ingruentium</em></strong></span> <span class='ocrx_word' id='word_1_259' title='bbox 2389 1765 2582 1821; x_wconf 85' lang='lat' dir='ltr'><strong><em>silvam</em></strong></span> <span class='ocrx_word' id='word_1_260' title='bbox 2613 1766 2863 1835; x_wconf 89' lang='lat' dir='ltr'><strong><em>feralem,</em></strong></span> <span class='ocrx_word' id='word_1_261' title='bbox 2889 1767 3103 1837; x_wconf 84' lang='lat' dir='ltr'><strong><em>sagittis</em></strong></span> <span class='ocrx_word' id='word_1_262' title='bbox 3135 1773 3297 1835; x_wconf 91' lang='lat' dir='ltr'><strong><em>atque</em></strong></span> <span class='ocrx_word' id='word_1_263' title='bbox 3328 1781 3453 1819; x_wconf 78' lang='lat' dir='ltr'><strong><em>cru-</em></strong></span> 
     </span>
    </p>
   </div>
   <div class='ocr_carea' id='block_1_29' title="bbox 159 1855 1753 1926">
    <p class='ocr_par' dir='ltr' id='par_1_29' title="bbox 159 1855 1753 1926">
     <span class='ocr_line' id='line_1_29' title="bbox 159 1855 1753 1926; baseline -0.001 -15"><span class='ocrx_word' id='word_1_264' title='bbox 159 1856 283 1911; x_wconf 78' lang='lat' dir='ltr'><strong><em>sine</em></strong></span> <span class='ocrx_word' id='word_1_265' title='bbox 326 1855 645 1911; x_wconf 90' lang='lat' dir='ltr'><strong><em>adversario</em></strong></span> <span class='ocrx_word' id='word_1_266' title='bbox 691 1856 857 1911; x_wconf 80' lang='lat' dir='ltr'><strong><em>vitam</em></strong></span> <span class='ocrx_word' id='word_1_267' title='bbox 892 1875 905 1910; x_wconf 91' lang='lat'>:</span> <span class='ocrx_word' id='word_1_268' title='bbox 943 1872 1108 1912; x_wconf 91' lang='lat' dir='ltr'><strong><em>nemo</em></strong></span> <span class='ocrx_word' id='word_1_269' title='bbox 1154 1856 1293 1911; x_wconf 88' lang='lat' dir='ltr'><strong><em>sciet</em></strong></span> <span class='ocrx_word' id='word_1_270' title='bbox 1321 1856 1448 1926; x_wconf 91' lang='lat' dir='ltr'><strong><em>quid</em></strong></span> <span class='ocrx_word' id='word_1_271' title='bbox 1489 1857 1753 1925; x_wconf 90' lang='lat' dir='ltr'><strong><em>potueris,</em></strong></span> 
     </span>
    </p>
   </div>
   <div class='ocr_carea' id='block_1_30' title="bbox 160 1949 1763 2021">
    <p class='ocr_par' dir='ltr' id='par_1_30' title="bbox 160 1949 1763 2021">
     <span class='ocr_line' id='line_1_30' title="bbox 160 1949 1763 2021; baseline -0.002 -15"><span class='ocrx_word' id='word_1_272' title='bbox 160 1965 272 2007; x_wconf 89' lang='lat' dir='ltr'><strong><em>nec</em></strong></span> <span class='ocrx_word' id='word_1_273' title='bbox 301 1959 355 2005; x_wconf 93' lang='lat' dir='ltr'><strong><em>tu</em></strong></span> <span class='ocrx_word' id='word_1_274' title='bbox 384 1950 625 2021; x_wconf 88' lang='lat' dir='ltr'><strong><em>quidem.</em></strong></span> <span class='ocrx_word' id='word_1_275' title='bbox 658 1950 805 2021; x_wconf 90' lang='lat' dir='ltr'><strong><em>Opus</em></strong></span> <span class='ocrx_word' id='word_1_276' title='bbox 834 1959 921 2007; x_wconf 90' lang='lat' dir='ltr'><strong><em>est</em></strong></span> <span class='ocrx_word' id='word_1_277' title='bbox 945 1950 1091 2006; x_wconf 92' lang='lat' dir='ltr'><strong><em>enim</em></strong></span> <span class='ocrx_word' id='word_1_278' title='bbox 1120 1950 1187 2005; x_wconf 91' lang='lat' dir='ltr'><strong><em>ad</em></strong></span> <span class='ocrx_word' id='word_1_279' title='bbox 1212 1950 1460 2006; x_wconf 91' lang='lat' dir='ltr'><strong><em>notitiam</em></strong></span> <span class='ocrx_word' id='word_1_280' title='bbox 1488 1949 1571 2004; x_wconf 90' lang='lat' dir='ltr'><strong><em>sui</em></strong></span> <span class='ocrx_word' id='word_1_281' title='bbox 1599 1963 1763 2017; x_wconf 88' lang='lat' dir='ltr'><strong><em>expe-</em></strong></span> 
     </span>
    </p>
   </div>
   <div class='ocr_carea' id='block_1_31' title="bbox 159 2043 1764 2118">
    <p class='ocr_par' dir='ltr' id='par_1_31' title="bbox 159 2043 1764 2118">
     <span class='ocr_line' id='line_1_31' title="bbox 159 2043 1764 2118; baseline -0.003 -16"><span class='ocrx_word' id='word_1_282' title='bbox 159 2047 420 2102; x_wconf 84' lang='lat' dir='ltr'><strong><em>rimento.</em></strong></span> <span class='ocrx_word' id='word_1_283' title='bbox 453 2046 592 2113; x_wconf 86' lang='lat' dir='ltr'><strong><em>Quid</em></strong></span> <span class='ocrx_word' id='word_1_284' title='bbox 618 2048 850 2117; x_wconf 90' lang='lat' dir='ltr'><strong><em>quisque</em></strong></span> <span class='ocrx_word' id='word_1_285' title='bbox 882 2048 1076 2118; x_wconf 89' lang='lat' dir='ltr'><strong><em>possit,</em></strong></span> <span class='ocrx_word' id='word_1_286' title='bbox 1110 2045 1218 2101; x_wconf 91' lang='lat' dir='ltr'><strong><em>nisi</em></strong></span> <span class='ocrx_word' id='word_1_287' title='bbox 1250 2053 1514 2111; x_wconf 80' lang='lat' dir='ltr'><strong><em>tentatus,</em></strong></span> <span class='ocrx_word' id='word_1_288' title='bbox 1543 2060 1649 2100; x_wconf 89' lang='lat' dir='ltr'><strong><em>non</em></strong></span> <span class='ocrx_word' id='word_1_289' title='bbox 1680 2043 1764 2098; x_wconf 86' lang='lat' dir='ltr'><strong><em>di-</em></strong></span> 
     </span>
    </p>
   </div>
   <div class='ocr_carea' id='block_1_32' title="bbox 158 2136 1761 2206">
    <p class='ocr_par' dir='ltr' id='par_1_32' title="bbox 158 2136 1761 2206">
     <span class='ocr_line' id='line_1_32' title="bbox 158 2136 1761 2206; baseline -0.001 -11"><span class='ocrx_word' id='word_1_290' title='bbox 158 2140 319 2195; x_wconf 92' lang='lat' dir='ltr'><strong><em>dicit.</em></strong></span> <span class='ocrx_word' id='word_1_291' title='bbox 347 2140 409 2195; x_wconf 86' lang='lat' dir='ltr'><strong><em>Et</em></strong></span> <span class='ocrx_word' id='word_1_292' title='bbox 428 2139 561 2196; x_wconf 90' lang='lat' dir='ltr'><strong><em>alias</em></strong></span> <span class='ocrx_word' id='word_1_293' title='bbox 588 2158 601 2193; x_wconf 94' lang='lat'>:</span> <span class='ocrx_word' id='word_1_294' title='bbox 630 2140 733 2195; x_wconf 92' lang='lat' dir='ltr'><strong><em>Diu</em></strong></span> <span class='ocrx_word' id='word_1_295' title='bbox 759 2141 903 2196; x_wconf 89' lang='lat' dir='ltr'><strong><em>enim</em></strong></span> <span class='ocrx_word' id='word_1_296' title='bbox 938 2154 1061 2195; x_wconf 90' lang='lat' dir='ltr'><strong><em>esse</em></strong></span> <span class='ocrx_word' id='word_1_297' title='bbox 1092 2137 1331 2206; x_wconf 88' lang='lat' dir='ltr'><strong><em>felicem,</em></strong></span> <span class='ocrx_word' id='word_1_298' title='bbox 1356 2148 1410 2194; x_wconf 88' lang='lat' dir='ltr'><strong><em>et</em></strong></span> <span class='ocrx_word' id='word_1_299' title='bbox 1433 2139 1550 2195; x_wconf 89' lang='lat' dir='ltr'><strong><em>sine</em></strong></span> <span class='ocrx_word' id='word_1_300' title='bbox 1570 2136 1761 2193; x_wconf 86' lang='lat' dir='ltr'><strong><em>morbo</em></strong></span> 
     </span>
    </p>
   </div>
   <div class='ocr_carea' id='block_1_33' title="bbox 159 2231 1762 2302">
    <p class='ocr_par' dir='ltr' id='par_1_33' title="bbox 159 2231 1762 2302">
     <span class='ocr_line' id='line_1_33' title="bbox 159 2231 1762 2302; baseline -0.002 -15"><span class='ocrx_word' id='word_1_301' title='bbox 159 2231 336 2287; x_wconf 85' lang='lat' dir='ltr'><strong><em>animi</em></strong></span> <span class='ocrx_word' id='word_1_302' title='bbox 377 2232 610 2287; x_wconf 89' lang='lat' dir='ltr'><strong><em>transire</em></strong></span> <span class='ocrx_word' id='word_1_303' title='bbox 649 2232 837 2299; x_wconf 87' lang='lat' dir='ltr'><strong><em>vitam,</em></strong></span> <span class='ocrx_word' id='word_1_304' title='bbox 885 2232 1143 2302; x_wconf 88' lang='lat' dir='ltr'><strong><em>ignorare</em></strong></span> <span class='ocrx_word' id='word_1_305' title='bbox 1190 2240 1276 2287; x_wconf 91' lang='lat' dir='ltr'><strong><em>est</em></strong></span> <span class='ocrx_word' id='word_1_306' title='bbox 1324 2246 1504 2286; x_wconf 88' lang='lat' dir='ltr'><strong><em>rerum</em></strong></span> <span class='ocrx_word' id='word_1_307' title='bbox 1550 2240 1762 2285; x_wconf 63' lang='lat' dir='ltr'><strong><em>natura;</em></strong></span> 
     </span>
    </p>
   </div>
   <div class='ocr_carea' id='block_1_34' title="bbox 160 2325 1762 2396">
    <p class='ocr_par' dir='ltr' id='par_1_34' title="bbox 160 2325 1762 2396">
     <span class='ocr_line' id='line_1_34' title="bbox 160 2325 1762 2396; baseline 0 -16"><span class='ocrx_word' id='word_1_308' title='bbox 160 2326 391 2382; x_wconf 86' lang='lat' dir='ltr'><strong><em>alteram</em></strong></span> <span class='ocrx_word' id='word_1_309' title='bbox 423 2334 657 2393; x_wconf 90' lang='lat' dir='ltr'><strong><em>partem.</em></strong></span> <span class='ocrx_word' id='word_1_310' title='bbox 688 2326 833 2396; x_wconf 89' lang='lat' dir='ltr'><strong><em>Ergo</em></strong></span> <span class='ocrx_word' id='word_1_311' title='bbox 860 2326 1110 2381; x_wconf 88' lang='lat' dir='ltr'><strong><em>miserias</em></strong></span> <span class='ocrx_word' id='word_1_312' title='bbox 1140 2334 1509 2395; x_wconf 89' lang='lat' dir='ltr'><strong><em>emergentes,</em></strong></span> <span class='ocrx_word' id='word_1_313' title='bbox 1563 2325 1762 2394; x_wconf 89' lang='lat' dir='ltr'><strong><em>quibus</em></strong></span> 
     </span>
    </p>
   </div>
   <div class='ocr_carea' id='block_1_35' title="bbox 161 2416 1763 2489">
    <p class='ocr_par' dir='ltr' id='par_1_35' title="bbox 161 2416 1763 2489">
     <span class='ocr_line' id='line_1_35' title="bbox 161 2416 1763 2489; baseline -0.001 -16"><span class='ocrx_word' id='word_1_314' title='bbox 161 2416 347 2489; x_wconf 91' lang='lat' dir='ltr'><strong><em>ignota</em></strong></span> <span class='ocrx_word' id='word_1_315' title='bbox 375 2417 678 2484; x_wconf 89' lang='lat' dir='ltr'><strong><em>discuntur,</em></strong></span> <span class='ocrx_word' id='word_1_316' title='bbox 711 2427 766 2473; x_wconf 91' lang='lat' dir='ltr'><strong><em>et</em></strong></span> <span class='ocrx_word' id='word_1_317' title='bbox 792 2416 1024 2472; x_wconf 89' lang='lat' dir='ltr'><strong><em>felicitas</em></strong></span> <span class='ocrx_word' id='word_1_318' title='bbox 1054 2417 1323 2485; x_wconf 92' lang='lat' dir='ltr'><strong><em>nascitur,</em></strong></span> <span class='ocrx_word' id='word_1_319' title='bbox 1352 2417 1522 2471; x_wconf 90' lang='lat' dir='ltr'><strong><em>virtus</em></strong></span> <span class='ocrx_word' id='word_1_320' title='bbox 1549 2430 1763 2487; x_wconf 89' lang='lat' dir='ltr'><strong><em>quoque</em></strong></span> 
     </span>
    </p>
   </div>
   <div class='ocr_carea' id='block_1_36' title="bbox 162 2508 1762 2580">
    <p class='ocr_par' dir='ltr' id='par_1_36' title="bbox 162 2508 1762 2580">
     <span class='ocr_line' id='line_1_36' title="bbox 162 2508 1762 2580; baseline -0.002 -15"><span class='ocrx_word' id='word_1_321' title='bbox 162 2524 395 2565; x_wconf 83' lang='lat' dir='ltr'><strong><em>excussa</em></strong></span> <span class='ocrx_word' id='word_1_322' title='bbox 445 2519 732 2580; x_wconf 87' lang='lat' dir='ltr'><strong><em>purgatur,</em></strong></span> <span class='ocrx_word' id='word_1_323' title='bbox 776 2509 920 2565; x_wconf 91' lang='lat' dir='ltr'><strong><em>felici</em></strong></span> <span class='ocrx_word' id='word_1_324' title='bbox 970 2509 1154 2563; x_wconf 91' lang='lat' dir='ltr'><strong><em>animo</em></strong></span> <span class='ocrx_word' id='word_1_325' title='bbox 1207 2508 1548 2578; x_wconf 86' lang='lat' dir='ltr'><strong><em>perferamus</em></strong></span> <span class='ocrx_word' id='word_1_326' title='bbox 1588 2524 1603 2561; x_wconf 92' lang='lat'><strong>:</strong></span> <span class='ocrx_word' id='word_1_327' title='bbox 1648 2508 1762 2562; x_wconf 89' lang='lat' dir='ltr'><strong><em>sive</em></strong></span> 
     </span>
    </p>
   </div>
   <div class='ocr_carea' id='block_1_37' title="bbox 161 2599 1762 2673">
    <p class='ocr_par' dir='ltr' id='par_1_37' title="bbox 161 2599 1762 2673">
     <span class='ocr_line' id='line_1_37' title="bbox 161 2599 1762 2673; baseline -0.002 -16"><span class='ocrx_word' id='word_1_328' title='bbox 161 2602 288 2673; x_wconf 89' lang='lat' dir='ltr'><strong><em>quia</em></strong></span> <span class='ocrx_word' id='word_1_329' title='bbox 314 2602 425 2671; x_wconf 89' lang='lat' dir='ltr'><strong><em>pati</em></strong></span> <span class='ocrx_word' id='word_1_330' title='bbox 456 2616 556 2657; x_wconf 91' lang='lat' dir='ltr'><strong><em>nos</em></strong></span> <span class='ocrx_word' id='word_1_331' title='bbox 585 2601 888 2671; x_wconf 88' lang='lat' dir='ltr'><strong><em>oportebat,</em></strong></span> <span class='ocrx_word' id='word_1_332' title='bbox 924 2602 1041 2656; x_wconf 91' lang='lat' dir='ltr'><strong><em>sive</em></strong></span> <span class='ocrx_word' id='word_1_333' title='bbox 1094 2601 1217 2671; x_wconf 91' lang='lat' dir='ltr'><strong><em>quia</em></strong></span> <span class='ocrx_word' id='word_1_334' title='bbox 1262 2602 1456 2669; x_wconf 87' lang='lat' dir='ltr'><strong><em>captivi</em></strong></span> <span class='ocrx_word' id='word_1_335' title='bbox 1482 2600 1594 2669; x_wconf 87' lang='lat' dir='ltr'><strong><em>jam</em></strong></span> <span class='ocrx_word' id='word_1_336' title='bbox 1623 2599 1762 2655; x_wconf 91' lang='lat' dir='ltr'><strong><em>deti-</em></strong></span> 
     </span>
    </p>
   </div>
   <div class='ocr_carea' id='block_1_38' title="bbox 162 2692 1761 2763">
    <p class='ocr_par' dir='ltr' id='par_1_38' title="bbox 162 2692 1761 2763">
     <span class='ocr_line' id='line_1_38' title="bbox 162 2692 1761 2763; baseline -0.003 -14"><span class='ocrx_word' id='word_1_337' title='bbox 162 2708 381 2749; x_wconf 88' lang='lat' dir='ltr'><strong><em>nemur.</em></strong></span> <span class='ocrx_word' id='word_1_338' title='bbox 415 2693 568 2748; x_wconf 86' lang='lat' dir='ltr'><strong><em>Auro</em></strong></span> <span class='ocrx_word' id='word_1_339' title='bbox 598 2694 698 2748; x_wconf 91' lang='lat' dir='ltr'><strong><em>nisi</em></strong></span> <span class='ocrx_word' id='word_1_340' title='bbox 726 2692 998 2748; x_wconf 89' lang='lat' dir='ltr'><strong><em>addiderit</em></strong></span> <span class='ocrx_word' id='word_1_341' title='bbox 1021 2692 1241 2747; x_wconf 87' lang='lat' dir='ltr'><strong><em>ﬂamma</em></strong></span> <span class='ocrx_word' id='word_1_342' title='bbox 1266 2692 1557 2763; x_wconf 87' lang='lat' dir='ltr'><strong><em>fulgorem,</em></strong></span> <span class='ocrx_word' id='word_1_343' title='bbox 1583 2692 1761 2745; x_wconf 87' lang='lat' dir='ltr'><strong><em>vilita-</em></strong></span> 
     </span>
    </p>
   </div>
   <div class='ocr_carea' id='block_1_39' title="bbox 164 2784 1763 2858">
    <p class='ocr_par' dir='ltr' id='par_1_39' title="bbox 164 2784 1763 2858">
     <span class='ocr_line' id='line_1_39' title="bbox 164 2784 1763 2858; baseline -0.001 -15"><span class='ocrx_word' id='word_1_344' title='bbox 164 2796 275 2843; x_wconf 86' lang='lat' dir='ltr'><strong><em>tem</em></strong></span> <span class='ocrx_word' id='word_1_345' title='bbox 310 2788 515 2858; x_wconf 89' lang='lat' dir='ltr'><strong><em>patitur</em></strong></span> <span class='ocrx_word' id='word_1_346' title='bbox 539 2786 907 2858; x_wconf 88' lang='lat' dir='ltr'><strong><em>purgamentis</em></strong></span> <span class='ocrx_word' id='word_1_347' title='bbox 932 2786 1224 2842; x_wconf 84' lang='lat' dir='ltr'><strong><em>obscurum</em></strong></span> <span class='ocrx_word' id='word_1_348' title='bbox 1257 2805 1269 2839; x_wconf 90' lang='lat'>:</span> <span class='ocrx_word' id='word_1_349' title='bbox 1299 2788 1371 2841; x_wconf 90' lang='lat' dir='ltr'><strong><em>ita</em></strong></span> <span class='ocrx_word' id='word_1_350' title='bbox 1396 2788 1484 2856; x_wconf 91' lang='lat' dir='ltr'><strong><em>qui</em></strong></span> <span class='ocrx_word' id='word_1_351' title='bbox 1516 2801 1621 2840; x_wconf 92' lang='lat' dir='ltr'><strong><em>non</em></strong></span> <span class='ocrx_word' id='word_1_352' title='bbox 1646 2784 1763 2841; x_wconf 90' lang='lat' dir='ltr'><strong><em>fue-</em></strong></span> 
     </span>
    </p>
   </div>
   <div class='ocr_carea' id='block_1_40' title="bbox 163 2877 1759 2948">
    <p class='ocr_par' dir='ltr' id='par_1_40' title="bbox 163 2877 1759 2948">
     <span class='ocr_line' id='line_1_40' title="bbox 163 2877 1759 2948; baseline -0.001 -15"><span class='ocrx_word' id='word_1_353' title='bbox 163 2879 234 2933; x_wconf 88' lang='lat' dir='ltr'><strong><em>rit</em></strong></span> <span class='ocrx_word' id='word_1_354' title='bbox 267 2877 614 2934; x_wconf 83' lang='lat' dir='ltr'><strong><em>miseriarum</em></strong></span> <span class='ocrx_word' id='word_1_355' title='bbox 664 2880 1011 2935; x_wconf 87' lang='lat' dir='ltr'><strong><em>tentamentis</em></strong></span> <span class='ocrx_word' id='word_1_356' title='bbox 1038 2892 1323 2943; x_wconf 81' lang='lat' dir='ltr'><strong><em>excussus,</em></strong></span> <span class='ocrx_word' id='word_1_357' title='bbox 1352 2877 1499 2947; x_wconf 88' lang='lat' dir='ltr'><strong><em>jacet</em></strong></span> <span class='ocrx_word' id='word_1_358' title='bbox 1528 2879 1759 2948; x_wconf 89' lang='lat' dir='ltr'><strong><em>partium</em></strong></span> 
     </span>
    </p>
   </div>
   <div class='ocr_carea' id='block_1_41' title="bbox 161 2970 1762 3042">
    <p class='ocr_par' dir='ltr' id='par_1_41' title="bbox 161 2970 1762 3042">
     <span class='ocr_line' id='line_1_41' title="bbox 161 2970 1762 3042; baseline -0.002 -13"><span class='ocrx_word' id='word_1_359' title='bbox 161 2974 444 3029; x_wconf 89' lang='lat' dir='ltr'><strong><em>felicitatis</em></strong></span> <span class='ocrx_word' id='word_1_360' title='bbox 473 2987 537 3027; x_wconf 91' lang='lat' dir='ltr'><strong><em>ac</em></strong></span> <span class='ocrx_word' id='word_1_361' title='bbox 564 2987 677 3027; x_wconf 71' lang='lat' dir='ltr'><strong><em>sua:</em></strong></span> <span class='ocrx_word' id='word_1_362' title='bbox 718 2972 937 3027; x_wconf 89' lang='lat' dir='ltr'><strong><em>virtutis</em></strong></span> <span class='ocrx_word' id='word_1_363' title='bbox 991 2973 1230 3042; x_wconf 91' lang='lat' dir='ltr'><strong><em>ignarus.</em></strong></span> <span class='ocrx_word' id='word_1_364' title='bbox 1275 2970 1469 3027; x_wconf 83' lang='lat' dir='ltr'><strong><em>Merito</em></strong></span> <span class='ocrx_word' id='word_1_365' title='bbox 1501 2971 1762 3027; x_wconf 87' lang='lat' dir='ltr'><strong><em>Salomon</em></strong></span> 
     </span>
    </p>
   </div>
   <div class='ocr_carea' id='block_1_42' title="bbox 164 3067 1763 3137">
    <p class='ocr_par' dir='ltr' id='par_1_42' title="bbox 164 3067 1763 3137">
     <span class='ocr_line' id='line_1_42' title="bbox 164 3067 1763 3137; baseline -0.001 -14"><span class='ocrx_word' id='word_1_366' title='bbox 164 3067 268 3124; x_wconf 87' lang='lat' dir='ltr'><strong><em>hac</em></strong></span> <span class='ocrx_word' id='word_1_367' title='bbox 296 3084 438 3123; x_wconf 79' lang='lat' dir='ltr'><strong><em>voce</em></strong></span> <span class='ocrx_word' id='word_1_368' title='bbox 468 3075 698 3123; x_wconf 88' lang='lat' dir='ltr'><strong><em>testatur</em></strong></span> <span class='ocrx_word' id='word_1_369' title='bbox 726 3085 738 3121; x_wconf 93' lang='lat'><strong>:</strong></span> <span class='ocrx_word' id='word_1_370' title='bbox 773 3068 872 3135; x_wconf 85' lang='lat' dir='ltr'><strong><em>Qui</em></strong></span> <span class='ocrx_word' id='word_1_371' title='bbox 897 3076 1120 3122; x_wconf 91' lang='lat' dir='ltr'><strong><em>tentatus</em></strong></span> <span class='ocrx_word' id='word_1_372' title='bbox 1141 3070 1194 3122; x_wconf 88' lang='lat' dir='ltr'><strong><em>in</em></strong></span> <span class='ocrx_word' id='word_1_373' title='bbox 1220 3067 1394 3137; x_wconf 85' lang='lat' dir='ltr'><strong><em>aliquo</em></strong></span> <span class='ocrx_word' id='word_1_374' title='bbox 1421 3083 1525 3121; x_wconf 89' lang='lat' dir='ltr'><strong><em>non</em></strong></span> <span class='ocrx_word' id='word_1_375' title='bbox 1552 3076 1649 3133; x_wconf 86' lang='lat' dir='ltr'><strong><em>est,</em></strong></span> <span class='ocrx_word' id='word_1_376' title='bbox 1673 3084 1763 3121; x_wconf 85' lang='lat' dir='ltr'><strong><em>ne-</em></strong></span> 
     </span>
    </p>
   </div>
   <div class='ocr_carea' id='block_1_43' title="bbox 1859 1859 3453 1929">
    <p class='ocr_par' dir='ltr' id='par_1_43' title="bbox 1859 1859 3453 1929">
     <span class='ocr_line' id='line_1_43' title="bbox 1859 1859 3453 1929; baseline 0 -16"><span class='ocrx_word' id='word_1_377' title='bbox 1859 1859 2015 1913; x_wconf 89' lang='lat' dir='ltr'><strong><em>cibus</em></strong></span> <span class='ocrx_word' id='word_1_378' title='bbox 2045 1860 2291 1929; x_wconf 89' lang='lat' dir='ltr'><strong><em>plenam,</em></strong></span> <span class='ocrx_word' id='word_1_379' title='bbox 2340 1859 2590 1915; x_wconf 86' lang='lat' dir='ltr'><strong><em>obicibus</em></strong></span> <span class='ocrx_word' id='word_1_380' title='bbox 2616 1860 2839 1929; x_wconf 72' lang='lat' dir='ltr'><strong><em>justitia:</em></strong></span> <span class='ocrx_word' id='word_1_381' title='bbox 2887 1862 3144 1917; x_wconf 88' lang='lat' dir='ltr'><strong><em>robustus</em></strong></span> <span class='ocrx_word' id='word_1_382' title='bbox 3188 1861 3453 1916; x_wconf 90' lang='lat' dir='ltr'><strong><em>occurrit.</em></strong></span> 
     </span>
    </p>
   </div>
   <div class='ocr_carea' id='block_1_44' title="bbox 1860 1950 3455 2023">
    <p class='ocr_par' dir='ltr' id='par_1_44' title="bbox 1860 1950 3455 2023">
     <span class='ocr_line' id='line_1_44' title="bbox 1860 1950 3455 2023; baseline 0 -18"><span class='ocrx_word' id='word_1_383' title='bbox 1860 1950 1957 2005; x_wconf 88' lang='lat' dir='ltr'><strong><em>Ille</em></strong></span> <span class='ocrx_word' id='word_1_384' title='bbox 1979 1951 2200 2006; x_wconf 89' lang='lat' dir='ltr'><strong><em>inimico</em></strong></span> <span class='ocrx_word' id='word_1_385' title='bbox 2222 1951 2466 2018; x_wconf 87' lang='lat' dir='ltr'><strong><em>turbine,</em></strong></span> <span class='ocrx_word' id='word_1_386' title='bbox 2493 1952 2759 2022; x_wconf 88' lang='lat' dir='ltr'><strong><em>ademptis</em></strong></span> <span class='ocrx_word' id='word_1_387' title='bbox 2790 1954 3005 2023; x_wconf 80' lang='lat' dir='ltr'><strong><em>opibus;</em></strong></span> <span class='ocrx_word' id='word_1_388' title='bbox 3030 1970 3137 2007; x_wconf 84' lang='lat' dir='ltr'><strong><em>non</em></strong></span> <span class='ocrx_word' id='word_1_389' title='bbox 3170 1952 3334 2008; x_wconf 87' lang='lat' dir='ltr'><strong><em>sentit</em></strong></span> <span class='ocrx_word' id='word_1_390' title='bbox 3356 1954 3455 2007; x_wconf 89' lang='lat' dir='ltr'><strong><em>ali-</em></strong></span> 
     </span>
    </p>
   </div>
   <div class='ocr_carea' id='block_1_45' title="bbox 1863 2043 3455 2113">
    <p class='ocr_par' dir='ltr' id='par_1_45' title="bbox 1863 2043 3455 2113">
     <span class='ocr_line' id='line_1_45' title="bbox 1863 2043 3455 2113; baseline 0.001 -17"><span class='ocrx_word' id='word_1_391' title='bbox 1863 2043 2007 2113; x_wconf 91' lang='lat' dir='ltr'><strong><em>quod</em></strong></span> <span class='ocrx_word' id='word_1_392' title='bbox 2041 2043 2323 2109; x_wconf 91' lang='lat' dir='ltr'><strong><em>damnum,</em></strong></span> <span class='ocrx_word' id='word_1_393' title='bbox 2356 2044 2444 2113; x_wconf 89' lang='lat' dir='ltr'><strong><em>qui</em></strong></span> <span class='ocrx_word' id='word_1_394' title='bbox 2476 2044 2687 2098; x_wconf 88' lang='lat' dir='ltr'><strong><em>lucrum</em></strong></span> <span class='ocrx_word' id='word_1_395' title='bbox 2737 2045 2790 2098; x_wconf 93' lang='lat' dir='ltr'><strong><em>in</em></strong></span> <span class='ocrx_word' id='word_1_396' title='bbox 2829 2044 3043 2098; x_wconf 89' lang='lat' dir='ltr'><strong><em>damnis</em></strong></span> <span class='ocrx_word' id='word_1_397' title='bbox 3080 2045 3322 2113; x_wconf 90' lang='lat' dir='ltr'><strong><em>invenit,</em></strong></span> <span class='ocrx_word' id='word_1_398' title='bbox 3362 2048 3455 2113; x_wconf 90' lang='lat' dir='ltr'><strong><em>qui</em></strong></span> 
     </span>
    </p>
   </div>
   <div class='ocr_carea' id='block_1_46' title="bbox 1866 2134 3454 2205">
    <p class='ocr_par' dir='ltr' id='par_1_46' title="bbox 1866 2134 3454 2205">
     <span class='ocr_line' id='line_1_46' title="bbox 1866 2134 3454 2205; baseline 0.001 -16"><span class='ocrx_word' id='word_1_399' title='bbox 1866 2134 2158 2190; x_wconf 89' lang='lat' dir='ltr'><strong><em>Dominum</em></strong></span> <span class='ocrx_word' id='word_1_400' title='bbox 2199 2135 2439 2204; x_wconf 86' lang='lat' dir='ltr'><strong><em>pectoris</em></strong></span> <span class='ocrx_word' id='word_1_401' title='bbox 2491 2136 2701 2189; x_wconf 90' lang='lat' dir='ltr'><strong><em>sinibus</em></strong></span> <span class='ocrx_word' id='word_1_402' title='bbox 2736 2135 2987 2205; x_wconf 87' lang='lat' dir='ltr'><strong><em>portabat</em></strong></span> <span class='ocrx_word' id='word_1_403' title='bbox 3030 2134 3322 2189; x_wconf 88' lang='lat' dir='ltr'><strong><em>inclusum.</em></strong></span> <span class='ocrx_word' id='word_1_404' title='bbox 3358 2135 3454 2191; x_wconf 92' lang='lat' dir='ltr'><strong><em>lllc</em></strong></span> 
     </span>
    </p>
   </div>
   <div class='ocr_carea' id='block_1_47' title="bbox 1864 2228 3462 2299">
    <p class='ocr_par' dir='ltr' id='par_1_47' title="bbox 1864 2228 3462 2299">
     <span class='ocr_line' id='line_1_47' title="bbox 1864 2228 3462 2299; baseline 0.001 -16"><span class='ocrx_word' id='word_1_405' title='bbox 1864 2242 1985 2284; x_wconf 92' lang='lat' dir='ltr'><strong><em>cum</em></strong></span> <span class='ocrx_word' id='word_1_406' title='bbox 2009 2228 2305 2285; x_wconf 69' lang='lat' dir='ltr'><strong><em>aedificium</em></strong></span> <span class='ocrx_word' id='word_1_407' title='bbox 2340 2230 2621 2284; x_wconf 89' lang='lat' dir='ltr'><strong><em>concussis</em></strong></span> <span class='ocrx_word' id='word_1_408' title='bbox 2652 2230 2867 2299; x_wconf 89' lang='lat' dir='ltr'><strong><em>angulis</em></strong></span> <span class='ocrx_word' id='word_1_409' title='bbox 2906 2230 2990 2285; x_wconf 87' lang='lat' dir='ltr'><strong><em>vis</em></strong></span> <span class='ocrx_word' id='word_1_410' title='bbox 3021 2230 3304 2299; x_wconf 90' lang='lat' dir='ltr'><strong><em>repentina</em></strong></span> <span class='ocrx_word' id='word_1_411' title='bbox 3351 2240 3462 2284; x_wconf 82' lang='lat' dir='ltr'><strong><em>tor-</em></strong></span> 
     </span>
    </p>
   </div>
   <div class='ocr_carea' id='block_1_48' title="bbox 1863 2319 3464 2391">
    <p class='ocr_par' dir='ltr' id='par_1_48' title="bbox 1863 2319 3464 2391">
     <span class='ocr_line' id='line_1_48' title="bbox 1863 2319 3464 2391; baseline 0.001 -17"><span class='ocrx_word' id='word_1_412' title='bbox 1863 2330 2053 2391; x_wconf 91' lang='lat' dir='ltr'><strong><em>queret</em></strong></span> <span class='ocrx_word' id='word_1_413' title='bbox 2084 2321 2137 2375; x_wconf 90' lang='lat' dir='ltr'><strong><em>in</em></strong></span> <span class='ocrx_word' id='word_1_414' title='bbox 2172 2321 2422 2391; x_wconf 89' lang='lat' dir='ltr'><strong><em>lapsum,</em></strong></span> <span class='ocrx_word' id='word_1_415' title='bbox 2457 2320 2645 2376; x_wconf 90' lang='lat' dir='ltr'><strong><em>liberis</em></strong></span> <span class='ocrx_word' id='word_1_416' title='bbox 2667 2319 2949 2376; x_wconf 90' lang='lat' dir='ltr'><strong><em>subductis</em></strong></span> <span class='ocrx_word' id='word_1_417' title='bbox 2978 2319 3228 2384; x_wconf 90' lang='lat' dir='ltr'><strong><em>orbatnr,</em></strong></span> <span class='ocrx_word' id='word_1_418' title='bbox 3276 2328 3331 2374; x_wconf 86' lang='lat' dir='ltr'><strong><em>et</em></strong></span> <span class='ocrx_word' id='word_1_419' title='bbox 3360 2320 3464 2375; x_wconf 87' lang='lat' dir='ltr'><strong><em>fide</em></strong></span> 
     </span>
    </p>
   </div>
   <div class='ocr_carea' id='block_1_49' title="bbox 1864 2412 3462 2483">
    <p class='ocr_par' dir='ltr' id='par_1_49' title="bbox 1864 2412 3462 2483">
     <span class='ocr_line' id='line_1_49' title="bbox 1864 2412 3462 2483; baseline -0.001 -15"><span class='ocrx_word' id='word_1_420' title='bbox 1864 2412 2079 2468; x_wconf 89' lang='lat' dir='ltr'><strong><em>stabilis</em></strong></span> <span class='ocrx_word' id='word_1_421' title='bbox 2102 2422 2155 2468; x_wconf 92' lang='lat' dir='ltr'><strong><em>et</em></strong></span> <span class='ocrx_word' id='word_1_422' title='bbox 2176 2414 2469 2468; x_wconf 91' lang='lat' dir='ltr'><strong><em>immobilis</em></strong></span> <span class='ocrx_word' id='word_1_423' title='bbox 2490 2412 2839 2483; x_wconf 90' lang='lat' dir='ltr'><strong><em>perdurabat.</em></strong></span> <span class='ocrx_word' id='word_1_424' title='bbox 2860 2412 3027 2483; x_wconf 88' lang='lat' dir='ltr'><strong><em>Cujus</em></strong></span> <span class='ocrx_word' id='word_1_425' title='bbox 3054 2412 3272 2468; x_wconf 84' lang='lat' dir='ltr'><strong><em>innoxia</em></strong></span> <span class='ocrx_word' id='word_1_426' title='bbox 3295 2427 3462 2467; x_wconf 88' lang='lat' dir='ltr'><strong><em>mem-</em></strong></span> 
     </span>
    </p>
   </div>
   <div class='ocr_carea' id='block_1_50' title="bbox 1863 2504 3462 2576">
    <p class='ocr_par' dir='ltr' id='par_1_50' title="bbox 1863 2504 3462 2576">
     <span class='ocr_line' id='line_1_50' title="bbox 1863 2504 3462 2576; baseline -0.001 -14"><span class='ocrx_word' id='word_1_427' title='bbox 1863 2504 1963 2562; x_wconf 87' lang='lat' dir='ltr'><strong><em>bra</em></strong></span> <span class='ocrx_word' id='word_1_428' title='bbox 1996 2516 2157 2575; x_wconf 88' lang='lat' dir='ltr'><strong><em>atque</em></strong></span> <span class='ocrx_word' id='word_1_429' title='bbox 2190 2505 2423 2561; x_wconf 91' lang='lat' dir='ltr'><strong><em>Domino</em></strong></span> <span class='ocrx_word' id='word_1_430' title='bbox 2454 2505 2638 2576; x_wconf 88' lang='lat' dir='ltr'><strong><em>plena.</em></strong></span> <span class='ocrx_word' id='word_1_431' title='bbox 2672 2521 2794 2561; x_wconf 91' lang='lat' dir='ltr'><strong><em>cum</em></strong></span> <span class='ocrx_word' id='word_1_432' title='bbox 2824 2504 3119 2561; x_wconf 89' lang='lat' dir='ltr'><strong><em>bestiarum</em></strong></span> <span class='ocrx_word' id='word_1_433' title='bbox 3159 2504 3462 2575; x_wconf 91' lang='lat' dir='ltr'><strong><em>legionibus</em></strong></span> 
     </span>
    </p>
   </div>
   <div class='ocr_carea' id='block_1_51' title="bbox 1862 2600 3457 2672">
    <p class='ocr_par' dir='ltr' id='par_1_51' title="bbox 1862 2600 3457 2672">
     <span class='ocr_line' id='line_1_51' title="bbox 1862 2600 3457 2672; baseline 0.001 -18"><span class='ocrx_word' id='word_1_434' title='bbox 1862 2600 2267 2669; x_wconf 90' lang='lat' dir='ltr'><strong><em>verminarent,</em></strong></span> <span class='ocrx_word' id='word_1_435' title='bbox 2310 2610 2366 2656; x_wconf 90' lang='lat' dir='ltr'><strong><em>et</em></strong></span> <span class='ocrx_word' id='word_1_436' title='bbox 2406 2601 2679 2672; x_wconf 81' lang='lat' dir='ltr'><strong><em>plagatum</em></strong></span> <span class='ocrx_word' id='word_1_437' title='bbox 2723 2601 2938 2657; x_wconf 89' lang='lat' dir='ltr'><strong><em>infestis</em></strong></span> <span class='ocrx_word' id='word_1_438' title='bbox 2982 2601 3179 2656; x_wconf 88' lang='lat' dir='ltr'><strong><em>ictibus</em></strong></span> <span class='ocrx_word' id='word_1_439' title='bbox 3217 2616 3417 2670; x_wconf 90' lang='lat' dir='ltr'><strong><em>corpus</em></strong></span> <span class='ocrx_word' id='word_1_440' title='bbox 3443 2644 3457 2667; x_wconf 93' lang='lat'><strong><em>,</em></strong></span> 
     </span>
    </p>
   </div>
   <div class='ocr_carea' id='block_1_52' title="bbox 1862 2695 3464 2766">
    <p class='ocr_par' dir='ltr' id='par_1_52' title="bbox 1862 2695 3464 2766">
     <span class='ocr_line' id='line_1_52' title="bbox 1862 2695 3464 2766; baseline 0 -17"><span class='ocrx_word' id='word_1_441' title='bbox 1862 2696 2131 2750; x_wconf 91' lang='lat' dir='ltr'><strong><em>vermium</em></strong></span> <span class='ocrx_word' id='word_1_442' title='bbox 2154 2696 2348 2765; x_wconf 85' lang='lat' dir='ltr'><strong><em>globus</em></strong></span> <span class='ocrx_word' id='word_1_443' title='bbox 2386 2711 2483 2766; x_wconf 89' lang='lat' dir='ltr'><strong><em>per</em></strong></span> <span class='ocrx_word' id='word_1_444' title='bbox 2507 2695 2793 2751; x_wconf 90' lang='lat' dir='ltr'><strong><em>cuniculos</em></strong></span> <span class='ocrx_word' id='word_1_445' title='bbox 2832 2696 3103 2752; x_wconf 67' lang='lat' dir='ltr'><strong><em>confossa:</em></strong></span> <span class='ocrx_word' id='word_1_446' title='bbox 3132 2696 3313 2752; x_wconf 91' lang='lat' dir='ltr'><strong><em>carnis</em></strong></span> <span class='ocrx_word' id='word_1_447' title='bbox 3342 2712 3464 2766; x_wconf 85' lang='lat' dir='ltr'><strong><em>per-</em></strong></span> 
     </span>
    </p>
   </div>
   <div class='ocr_carea' id='block_1_53' title="bbox 1864 2787 3464 2858">
    <p class='ocr_par' dir='ltr' id='par_1_53' title="bbox 1864 2787 3464 2858">
     <span class='ocr_line' id='line_1_53' title="bbox 1864 2787 3464 2858; baseline 0.001 -17"><span class='ocrx_word' id='word_1_448' title='bbox 1864 2787 2105 2842; x_wconf 91' lang='lat' dir='ltr'><strong><em>niciosus</em></strong></span> <span class='ocrx_word' id='word_1_449' title='bbox 2131 2797 2380 2853; x_wconf 89' lang='lat' dir='ltr'><strong><em>erraret,</em></strong></span> <span class='ocrx_word' id='word_1_450' title='bbox 2416 2788 2555 2842; x_wconf 85' lang='lat' dir='ltr'><strong><em>intra</em></strong></span> <span class='ocrx_word' id='word_1_451' title='bbox 2586 2788 2810 2843; x_wconf 85' lang='lat' dir='ltr'><strong><em>vulnera</em></strong></span> <span class='ocrx_word' id='word_1_452' title='bbox 2833 2788 3013 2858; x_wconf 89' lang='lat' dir='ltr'><strong><em>justus</em></strong></span> <span class='ocrx_word' id='word_1_453' title='bbox 3050 2789 3340 2843; x_wconf 91' lang='lat' dir='ltr'><strong><em>incolumis</em></strong></span> <span class='ocrx_word' id='word_1_454' title='bbox 3365 2790 3464 2843; x_wconf 81' lang='lat' dir='ltr'><strong><em>mi-</em></strong></span> 
     </span>
    </p>
   </div>
   <div class='ocr_carea' id='block_1_54' title="bbox 1865 2880 3462 2953">
    <p class='ocr_par' dir='ltr' id='par_1_54' title="bbox 1865 2880 3462 2953">
     <span class='ocr_line' id='line_1_54' title="bbox 1865 2880 3462 2953; baseline 0.003 -19"><span class='ocrx_word' id='word_1_455' title='bbox 1865 2880 2077 2935; x_wconf 87' lang='lat' dir='ltr'><strong><em>litabat.</em></strong></span> <span class='ocrx_word' id='word_1_456' title='bbox 2106 2880 2175 2935; x_wconf 88' lang='lat' dir='ltr'><strong><em>Et</em></strong></span> <span class='ocrx_word' id='word_1_457' title='bbox 2199 2896 2357 2952; x_wconf 90' lang='lat' dir='ltr'><strong><em>quem</em></strong></span> <span class='ocrx_word' id='word_1_458' title='bbox 2392 2882 2771 2951; x_wconf 88' lang='lat' dir='ltr'><strong><em>pestilentibus</em></strong></span> <span class='ocrx_word' id='word_1_459' title='bbox 2821 2883 2993 2953; x_wconf 83' lang='lat' dir='ltr'><strong><em>plagis</em></strong></span> <span class='ocrx_word' id='word_1_460' title='bbox 3040 2882 3220 2939; x_wconf 87' lang='lat' dir='ltr'><strong><em>rabies</em></strong></span> <span class='ocrx_word' id='word_1_461' title='bbox 3261 2882 3462 2938; x_wconf 86' lang='lat' dir='ltr'><strong><em>infesta</em></strong></span> 
     </span>
    </p>
   </div>
   <div class='ocr_carea' id='block_1_55' title="bbox 1864 2972 3467 3046">
    <p class='ocr_par' dir='ltr' id='par_1_55' title="bbox 1864 2972 3467 3046">
     <span class='ocr_line' id='line_1_55' title="bbox 1864 2972 3467 3046; baseline 0.002 -17"><span class='ocrx_word' id='word_1_462' title='bbox 1864 2974 2158 3044; x_wconf 86' lang='lat' dir='ltr'><strong><em>carpebat,</em></strong></span> <span class='ocrx_word' id='word_1_463' title='bbox 2188 2972 2418 3030; x_wconf 91' lang='lat' dir='ltr'><strong><em>hostiles</em></strong></span> <span class='ocrx_word' id='word_1_464' title='bbox 2449 2974 2694 3030; x_wconf 88' lang='lat' dir='ltr'><strong><em>turbines</em></strong></span> <span class='ocrx_word' id='word_1_465' title='bbox 2728 2975 3125 3046; x_wconf 87' lang='lat' dir='ltr'><strong><em>tranquillitate</em></strong></span> <span class='ocrx_word' id='word_1_466' title='bbox 3155 2978 3377 3043; x_wconf 92' lang='lat' dir='ltr'><strong><em>mentis,</em></strong></span> <span class='ocrx_word' id='word_1_467' title='bbox 3404 2988 3467 3033; x_wconf 90' lang='lat' dir='ltr'><strong><em>ut</em></strong></span> 
     </span>
    </p>
   </div>
   <div class='ocr_carea' id='block_1_56' title="bbox 1864 3064 3471 3137">
    <p class='ocr_par' dir='ltr' id='par_1_56' title="bbox 1864 3064 3471 3137">
     <span class='ocr_line' id='line_1_56' title="bbox 1864 3064 3471 3137; baseline 0 -16"><span class='ocrx_word' id='word_1_468' title='bbox 1864 3064 2127 3121; x_wconf 87' lang='lat' dir='ltr'><strong><em>cederent</em></strong></span> <span class='ocrx_word' id='word_1_469' title='bbox 2158 3066 2491 3136; x_wconf 88' lang='lat' dir='ltr'><strong><em>perferebat.</em></strong></span> <span class='ocrx_word' id='word_1_470' title='bbox 2526 3067 2714 3123; x_wconf 88' lang='lat' dir='ltr'><strong><em>Justus</em></strong></span> <span class='ocrx_word' id='word_1_471' title='bbox 2743 3067 3055 3136; x_wconf 85' lang='lat' dir='ltr'><strong><em>vapulando</em></strong></span> <span class='ocrx_word' id='word_1_472' title='bbox 3086 3066 3246 3137; x_wconf 86' lang='lat' dir='ltr'><strong><em>vicit,</em></strong></span> <span class='ocrx_word' id='word_1_473' title='bbox 3284 3069 3471 3121; x_wconf 86' lang='lat' dir='ltr'><strong><em>inimi-</em></strong></span> 
     </span>
    </p>
   </div>
   <div class='ocr_carea' id='block_1_57' title="bbox 164 3153 3469 3234">
    <p class='ocr_par' dir='ltr' id='par_1_57' title="bbox 164 3153 3469 3234">
     <span class='ocr_line' id='line_1_57' title="bbox 164 3153 3469 3234; baseline -0 -19"><span class='ocrx_word' id='word_1_474' title='bbox 164 3163 261 3217; x_wconf 86' lang='lat' dir='ltr'><strong><em>seit</em></strong></span> <span class='ocrx_word' id='word_1_475' title='bbox 324 3160 496 3233; x_wconf 87' lang='lat' dir='ltr'><strong><em>qualis</em></strong></span> <span class='ocrx_word' id='word_1_476' title='bbox 540 3162 605 3215; x_wconf 90' lang='lat' dir='ltr'><strong><em>sit</em></strong></span> <span class='ocrx_word' id='word_1_477' title='bbox 652 3160 863 3234; x_wconf 89' lang='lat' dir='ltr'><strong><em>(lbid.,</em></strong></span> <span class='ocrx_word' id='word_1_478' title='bbox 915 3178 1106 3227; x_wconf 79' lang='lat' dir='ltr'><strong><em>xxxiv,</em></strong></span> <span class='ocrx_word' id='word_1_479' title='bbox 1161 3162 1288 3233; x_wconf 74' lang='lat' dir='ltr'><strong><em>ll).</em></strong></span> <span class='ocrx_word' id='word_1_480' title='bbox 1346 3162 1583 3219; x_wconf 87' lang='lat' dir='ltr'><strong><em>Benedic</em></strong></span> <span class='ocrx_word' id='word_1_481' title='bbox 1633 3179 1763 3234; x_wconf 93' lang='lat' dir='ltr'><strong><em>ergo</em></strong></span> <span class='ocrx_word' id='word_1_482' title='bbox 1791 3153 1837 3217; x_wconf 89' lang='lat' dir='ltr'>C</span> <span class='ocrx_word' id='word_1_483' title='bbox 1866 3172 1963 3213; x_wconf 88' lang='lat' dir='ltr'><strong><em>cus</em></strong></span> <span class='ocrx_word' id='word_1_484' title='bbox 2000 3158 2263 3214; x_wconf 68' lang='lat' dir='ltr'><strong><em>caedendo</em></strong></span> <span class='ocrx_word' id='word_1_485' title='bbox 2299 3158 2519 3215; x_wconf 91' lang='lat' dir='ltr'><strong><em>defecit.</em></strong></span> <span class='ocrx_word' id='word_1_486' title='bbox 2563 3160 2702 3214; x_wconf 81' lang='lat' dir='ltr'><strong><em>Huic</em></strong></span> <span class='ocrx_word' id='word_1_487' title='bbox 2752 3174 2976 3213; x_wconf 91' lang='lat' dir='ltr'><strong><em>suorum</em></strong></span> <span class='ocrx_word' id='word_1_488' title='bbox 3026 3167 3252 3230; x_wconf 90' lang='lat' dir='ltr'><strong><em>negatur</em></strong></span> <span class='ocrx_word' id='word_1_489' title='bbox 3296 3161 3469 3215; x_wconf 89' lang='lat' dir='ltr'><strong><em>servi-</em></strong></span> 
     </span>
    </p>
   </div>
   <div class='ocr_carea' id='block_1_58' title="bbox 163 3256 1766 3327">
    <p class='ocr_par' dir='ltr' id='par_1_58' title="bbox 163 3256 1766 3327">
     <span class='ocr_line' id='line_1_58' title="bbox 163 3256 1766 3327; baseline 0 -15"><span class='ocrx_word' id='word_1_490' title='bbox 163 3256 461 3312; x_wconf 91' lang='lat' dir='ltr'><strong><em>Dominum</em></strong></span> <span class='ocrx_word' id='word_1_491' title='bbox 487 3267 729 3327; x_wconf 89' lang='lat' dir='ltr'><strong><em>tempore</em></strong></span> <span class='ocrx_word' id='word_1_492' title='bbox 760 3256 1151 3323; x_wconf 88' lang='lat' dir='ltr'><strong><em>tribulationis,</em></strong></span> <span class='ocrx_word' id='word_1_493' title='bbox 1189 3271 1350 3327; x_wconf 91' lang='lat' dir='ltr'><strong><em>quem</em></strong></span> <span class='ocrx_word' id='word_1_494' title='bbox 1375 3256 1604 3311; x_wconf 88' lang='lat' dir='ltr'><strong><em>laudasti</em></strong></span> <span class='ocrx_word' id='word_1_495' title='bbox 1630 3268 1766 3312; x_wconf 81' lang='lat' dir='ltr'><strong><em>tem-</em></strong></span> 
     </span>
    </p>
   </div>
   <div class='ocr_carea' id='block_1_59' title="bbox 164 3348 1761 3421">
    <p class='ocr_par' dir='ltr' id='par_1_59' title="bbox 164 3348 1761 3421">
     <span class='ocr_line' id='line_1_59' title="bbox 164 3348 1761 3421; baseline 0.001 -19"><span class='ocrx_word' id='word_1_496' title='bbox 164 3364 309 3421; x_wconf 85' lang='lat' dir='ltr'><strong><em>pore</em></strong></span> <span class='ocrx_word' id='word_1_497' title='bbox 336 3348 600 3404; x_wconf 85' lang='lat' dir='ltr'><strong><em>sanitatis.</em></strong></span> <span class='ocrx_word' id='word_1_498' title='bbox 631 3348 797 3405; x_wconf 88' lang='lat' dir='ltr'><strong><em>Utere</em></strong></span> <span class='ocrx_word' id='word_1_499' title='bbox 843 3350 1173 3405; x_wconf 89' lang='lat' dir='ltr'><strong><em>carminibus</em></strong></span> <span class='ocrx_word' id='word_1_500' title='bbox 1211 3349 1365 3404; x_wconf 91' lang='lat' dir='ltr'><strong><em>vocis</em></strong></span> <span class='ocrx_word' id='word_1_501' title='bbox 1389 3348 1719 3419; x_wconf 72' lang='lat' dir='ltr'><strong><em>prophetica:</em></strong></span> <span class='ocrx_word' id='word_1_502' title='bbox 1750 3367 1761 3403; x_wconf 91' lang='lat'><strong>:</strong></span> 
     </span>
    </p>
   </div>
   <div class='ocr_carea' id='block_1_60' title="bbox 162 3439 1768 3514">
    <p class='ocr_par' dir='ltr' id='par_1_60' title="bbox 162 3439 1768 3514">
     <span class='ocr_line' id='line_1_60' title="bbox 162 3439 1768 3514; baseline 0.001 -20"><span class='ocrx_word' id='word_1_503' title='bbox 162 3439 513 3505; x_wconf 82' lang='lat' dir='ltr'><strong><em>Benedicam,</em></strong></span> <span class='ocrx_word' id='word_1_504' title='bbox 537 3441 732 3512; x_wconf 87' lang='lat' dir='ltr'><strong><em>inquit,</em></strong></span> <span class='ocrx_word' id='word_1_505' title='bbox 759 3440 1040 3495; x_wconf 78' lang='lat' dir='ltr'><strong><em>Dominum</em></strong></span> <span class='ocrx_word' id='word_1_506' title='bbox 1069 3442 1124 3495; x_wconf 89' lang='lat' dir='ltr'><strong><em>in</em></strong></span> <span class='ocrx_word' id='word_1_507' title='bbox 1154 3442 1297 3495; x_wconf 87' lang='lat' dir='ltr'><strong><em>omni</em></strong></span> <span class='ocrx_word' id='word_1_508' title='bbox 1342 3450 1591 3514; x_wconf 87' lang='lat' dir='ltr'><strong><em>tempore,</em></strong></span> <span class='ocrx_word' id='word_1_509' title='bbox 1633 3459 1768 3497; x_wconf 88' lang='lat' dir='ltr'><strong><em>sem—</em></strong></span> 
     </span>
    </p>
   </div>
   <div class='ocr_carea' id='block_1_61' title="bbox 163 3533 1766 3607">
    <p class='ocr_par' dir='ltr' id='par_1_61' title="bbox 163 3533 1766 3607">
     <span class='ocr_line' id='line_1_61' title="bbox 163 3533 1766 3607; baseline 0.004 -21"><span class='ocrx_word' id='word_1_510' title='bbox 163 3534 400 3605; x_wconf 83' lang='lat' dir='ltr'><strong><em>perlaus</em></strong></span> <span class='ocrx_word' id='word_1_511' title='bbox 425 3536 536 3606; x_wconf 80' lang='lat' dir='ltr'><strong><em>ejus</em></strong></span> <span class='ocrx_word' id='word_1_512' title='bbox 576 3536 631 3588; x_wconf 89' lang='lat' dir='ltr'><strong><em>in</em></strong></span> <span class='ocrx_word' id='word_1_513' title='bbox 676 3551 764 3588; x_wconf 88' lang='lat' dir='ltr'><strong><em>ore</em></strong></span> <span class='ocrx_word' id='word_1_514' title='bbox 792 3550 905 3589; x_wconf 90' lang='lat' dir='ltr'><strong><em>meo</em></strong></span> <span class='ocrx_word' id='word_1_515' title='bbox 934 3533 1118 3607; x_wconf 84' lang='lat' dir='ltr'><strong><em>(Psal.</em></strong></span> <span class='ocrx_word' id='word_1_516' title='bbox 1161 3551 1345 3601; x_wconf 76' lang='lat' dir='ltr'><strong><em>xxxiv,</em></strong></span> <span class='ocrx_word' id='word_1_517' title='bbox 1380 3537 1468 3605; x_wconf 81' lang='grc'><strong><em>1).</em></strong></span> <span class='ocrx_word' id='word_1_518' title='bbox 1506 3535 1623 3591; x_wconf 78' lang='lat' dir='ltr'><strong><em>Vox</em></strong></span> <span class='ocrx_word' id='word_1_519' title='bbox 1674 3537 1766 3593; x_wconf 88' lang='lat' dir='ltr'><strong><em>illa</em></strong></span> 
     </span>
    </p>
   </div>
   <div class='ocr_carea' id='block_1_62' title="bbox 166 3628 1767 3703">
    <p class='ocr_par' dir='ltr' id='par_1_62' title="bbox 166 3628 1767 3703">
     <span class='ocr_line' id='line_1_62' title="bbox 166 3628 1767 3703; baseline 0.002 -20"><span class='ocrx_word' id='word_1_520' title='bbox 166 3644 329 3699; x_wconf 87' lang='lat' dir='ltr'><strong><em>quam</em></strong></span> <span class='ocrx_word' id='word_1_521' title='bbox 365 3628 600 3684; x_wconf 78' lang='lat' dir='ltr'><strong><em>maxime</em></strong></span> <span class='ocrx_word' id='word_1_522' title='bbox 640 3629 788 3685; x_wconf 91' lang='lat' dir='ltr'><strong><em>beati</em></strong></span> <span class='ocrx_word' id='word_1_523' title='bbox 812 3628 938 3696; x_wconf 84' lang='lat' dir='ltr'><strong><em>Job,</em></strong></span> <span class='ocrx_word' id='word_1_524' title='bbox 988 3645 1056 3686; x_wconf 83' lang='lat' dir='ltr'><strong><em>ex</em></strong></span> <span class='ocrx_word' id='word_1_525' title='bbox 1086 3641 1140 3686; x_wconf 90' lang='lat' dir='ltr'><strong><em>te</em></strong></span> <span class='ocrx_word' id='word_1_526' title='bbox 1180 3633 1449 3687; x_wconf 89' lang='lat' dir='ltr'><strong><em>constanti</em></strong></span> <span class='ocrx_word' id='word_1_527' title='bbox 1492 3634 1767 3703; x_wconf 68' lang='lat' dir='ltr'><strong><em>praeconio</em></strong></span> 
     </span>
    </p>
   </div>
   <div class='ocr_carea' id='block_1_63' title="bbox 168 3720 1767 3794">
    <p class='ocr_par' dir='ltr' id='par_1_63' title="bbox 168 3720 1767 3794">
     <span class='ocr_line' id='line_1_63' title="bbox 168 3720 1767 3794; baseline 0.003 -17"><span class='ocrx_word' id='word_1_528' title='bbox 168 3720 550 3793; x_wconf 88' lang='lat' dir='ltr'><strong><em>depromatur,</em></strong></span> <span class='ocrx_word' id='word_1_529' title='bbox 582 3737 687 3793; x_wconf 92' lang='lat' dir='ltr'><strong><em>qua</em></strong></span> <span class='ocrx_word' id='word_1_530' title='bbox 720 3720 950 3778; x_wconf 67' lang='lat' dir='ltr'><strong><em>defecta:</em></strong></span> <span class='ocrx_word' id='word_1_531' title='bbox 991 3722 1138 3778; x_wconf 88' lang='lat' dir='ltr'><strong><em>vires</em></strong></span> <span class='ocrx_word' id='word_1_532' title='bbox 1186 3723 1391 3794; x_wconf 90' lang='lat' dir='ltr'><strong><em>ingenti</em></strong></span> <span class='ocrx_word' id='word_1_533' title='bbox 1434 3726 1767 3781; x_wconf 88' lang='lat' dir='ltr'><strong><em>nutrimento</em></strong></span> 
     </span>
    </p>
   </div>
   <div class='ocr_carea' id='block_1_64' title="bbox 168 3814 1763 3889">
    <p class='ocr_par' dir='ltr' id='par_1_64' title="bbox 168 3814 1763 3889">
     <span class='ocr_line' id='line_1_64' title="bbox 168 3814 1763 3889; baseline 0.002 -19"><span class='ocrx_word' id='word_1_534' title='bbox 168 3814 462 3883; x_wconf 82' lang='lat' dir='ltr'><strong><em>Iactantur,</em></strong></span> <span class='ocrx_word' id='word_1_535' title='bbox 503 3824 560 3871; x_wconf 92' lang='lat' dir='ltr'><strong><em>et</em></strong></span> <span class='ocrx_word' id='word_1_536' title='bbox 599 3817 655 3871; x_wconf 92' lang='lat' dir='ltr'><strong><em>in</em></strong></span> <span class='ocrx_word' id='word_1_537' title='bbox 694 3816 907 3872; x_wconf 92' lang='lat' dir='ltr'><strong><em>novella</em></strong></span> <span class='ocrx_word' id='word_1_538' title='bbox 935 3816 1065 3871; x_wconf 87' lang='lat' dir='ltr'><strong><em>talia</em></strong></span> <span class='ocrx_word' id='word_1_539' title='bbox 1096 3826 1364 3887; x_wconf 81' lang='lat' dir='ltr'><strong><em>reparatae</em></strong></span> <span class='ocrx_word' id='word_1_540' title='bbox 1408 3828 1763 3889; x_wconf 85' lang='lat' dir='ltr'><strong><em>consurgunt.</em></strong></span> 
     </span>
    </p>
   </div>
   <div class='ocr_carea' id='block_1_65' title="bbox 171 3908 1765 3981">
    <p class='ocr_par' dir='ltr' id='par_1_65' title="bbox 171 3908 1765 3981">
     <span class='ocr_line' id='line_1_65' title="bbox 171 3908 1765 3981; baseline 0.003 -18"><span class='ocrx_word' id='word_1_541' title='bbox 171 3908 233 3963; x_wconf 88' lang='lat' dir='ltr'><strong><em>Si</em></strong></span> <span class='ocrx_word' id='word_1_542' title='bbox 264 3909 399 3964; x_wconf 85' lang='lat' dir='ltr'><strong><em>bona</em></strong></span> <span class='ocrx_word' id='word_1_543' title='bbox 427 3910 745 3981; x_wconf 81' lang='lat' dir='ltr'><strong><em>suscepimus</em></strong></span> <span class='ocrx_word' id='word_1_544' title='bbox 772 3911 837 3963; x_wconf 87' lang='lat' dir='ltr'><strong><em>de</em></strong></span> <span class='ocrx_word' id='word_1_545' title='bbox 856 3926 1013 3963; x_wconf 76' lang='lat' dir='ltr'><strong><em>manu</em></strong></span> <span class='ocrx_word' id='word_1_546' title='bbox 1038 3909 1247 3965; x_wconf 84' lang='lat' dir='ltr'><strong><em>Domini</em></strong></span> <span class='ocrx_word' id='word_1_547' title='bbox 1277 3927 1297 3965; x_wconf 90' lang='lat'><strong><em>:</em></strong></span> <span class='ocrx_word' id='word_1_548' title='bbox 1317 3927 1476 3979; x_wconf 89' lang='lat' dir='ltr'><strong><em>quare</em></strong></span> <span class='ocrx_word' id='word_1_549' title='bbox 1498 3911 1637 3967; x_wconf 85' lang='lat' dir='ltr'><strong><em>mala</em></strong></span> <span class='ocrx_word' id='word_1_550' title='bbox 1662 3929 1765 3968; x_wconf 81' lang='lat' dir='ltr'><strong><em>non</em></strong></span> 
     </span>
    </p>
   </div>
   <div class='ocr_carea' id='block_1_66' title="bbox 169 4002 1767 4076">
    <p class='ocr_par' dir='ltr' id='par_1_66' title="bbox 169 4002 1767 4076">
     <span class='ocr_line' id='line_1_66' title="bbox 169 4002 1767 4076; baseline 0.003 -21"><span class='ocrx_word' id='word_1_551' title='bbox 169 4005 558 4058; x_wconf 84' lang='lat' dir='ltr'><strong><em>sustmeamus.’</em></strong></span> <span class='ocrx_word' id='word_1_552' title='bbox 601 4002 851 4058; x_wconf 73' lang='lat' dir='ltr'><strong><em>Dominus</em></strong></span> <span class='ocrx_word' id='word_1_553' title='bbox 914 4004 1082 4067; x_wconf 87' lang='lat' dir='ltr'><strong><em>dedit,</em></strong></span> <span class='ocrx_word' id='word_1_554' title='bbox 1140 4003 1391 4059; x_wconf 86' lang='lat' dir='ltr'><strong><em>Dominus</em></strong></span> <span class='ocrx_word' id='word_1_555' title='bbox 1434 4008 1624 4076; x_wconf 85' lang='lat' dir='ltr'><strong><em>recepit</em></strong></span> <span class='ocrx_word' id='word_1_556' title='bbox 1666 4016 1767 4060; x_wconf 81' lang='lat' dir='ltr'><strong><em>:ut</em></strong></span> 
     </span>
    </p>
   </div>
   <div class='ocr_carea' id='block_1_67' title="bbox 170 4090 1767 4165">
    <p class='ocr_par' dir='ltr' id='par_1_67' title="bbox 170 4090 1767 4165">
     <span class='ocr_line' id='line_1_67' title="bbox 170 4090 1767 4165; baseline 0.004 -18"><span class='ocrx_word' id='word_1_557' title='bbox 170 4090 401 4148; x_wconf 85' lang='lat' dir='ltr'><strong><em>Domino</em></strong></span> <span class='ocrx_word' id='word_1_558' title='bbox 425 4096 591 4149; x_wconf 80' lang='lat' dir='ltr'><strong><em>visunt</em></strong></span> <span class='ocrx_word' id='word_1_559' title='bbox 618 4104 713 4163; x_wconf 83' lang='lat' dir='ltr'><strong><em>est,</em></strong></span> <span class='ocrx_word' id='word_1_560' title='bbox 745 4096 819 4149; x_wconf 89' lang='lat' dir='ltr'><strong><em>ita</em></strong></span> <span class='ocrx_word' id='word_1_561' title='bbox 852 4099 1048 4165; x_wconf 81' lang='lat' dir='ltr'><strong><em>factum</em></strong></span> <span class='ocrx_word' id='word_1_562' title='bbox 1078 4106 1195 4151; x_wconf 90' lang='lat' dir='ltr'><strong><em>est:</em></strong></span> <span class='ocrx_word' id='word_1_563' title='bbox 1223 4099 1290 4151; x_wconf 88' lang='lat' dir='ltr'><strong><em>sit</em></strong></span> <span class='ocrx_word' id='word_1_564' title='bbox 1332 4114 1515 4153; x_wconf 87' lang='lat' dir='ltr'><strong><em>nomen</em></strong></span> <span class='ocrx_word' id='word_1_565' title='bbox 1555 4096 1767 4153; x_wconf 89' lang='lat' dir='ltr'><strong><em>Domini</em></strong></span> 
     </span>
    </p>
   </div>
   <div class='ocr_carea' id='block_1_68' title="bbox 171 4187 1767 4262">
    <p class='ocr_par' dir='ltr' id='par_1_68' title="bbox 171 4187 1767 4262">
     <span class='ocr_line' id='line_1_68' title="bbox 171 4187 1767 4262; baseline 0.004 -22"><span class='ocrx_word' id='word_1_566' title='bbox 171 4188 500 4242; x_wconf 82' lang='lat' dir='ltr'><strong><em>benedictum</em></strong></span> <span class='ocrx_word' id='word_1_567' title='bbox 528 4187 683 4260; x_wconf 81' lang='lat' dir='ltr'><strong><em>(Job.</em></strong></span> <span class='ocrx_word' id='word_1_568' title='bbox 739 4204 777 4255; x_wconf 80' lang='grc' dir='ltr'>ι,</span> <span class='ocrx_word' id='word_1_569' title='bbox 803 4188 869 4243; x_wconf 72' lang='grc'>21</span> <span class='ocrx_word' id='word_1_570' title='bbox 898 4188 938 4261; x_wconf 94' lang='grc'><strong><em>).</em></strong></span> <span class='ocrx_word' id='word_1_571' title='bbox 986 4189 1291 4246; x_wconf 81' lang='lat' dir='ltr'><strong><em>Adversum</em></strong></span> <span class='ocrx_word' id='word_1_572' title='bbox 1322 4192 1486 4262; x_wconf 88' lang='lat' dir='ltr'><strong><em>igitur</em></strong></span> <span class='ocrx_word' id='word_1_573' title='bbox 1529 4191 1767 4262; x_wconf 77' lang='lat' dir='ltr'><strong><em>satiSque</em></strong></span> 
     </span>
    </p>
   </div>
   <div class='ocr_carea' id='block_1_69' title="bbox 170 4282 1764 4353">
    <p class='ocr_par' dir='ltr' id='par_1_69' title="bbox 170 4282 1764 4353">
     <span class='ocr_line' id='line_1_69' title="bbox 170 4282 1764 4353; baseline 0.003 -18"><span class='ocrx_word' id='word_1_574' title='bbox 170 4282 507 4336; x_wconf 89' lang='lat' dir='ltr'><strong><em>contrarium</em></strong></span> <span class='ocrx_word' id='word_1_575' title='bbox 537 4292 646 4349; x_wconf 90' lang='lat' dir='ltr'><strong><em>est,</em></strong></span> <span class='ocrx_word' id='word_1_576' title='bbox 697 4282 1035 4351; x_wconf 90' lang='lat' dir='ltr'><strong><em>probationis</em></strong></span> <span class='ocrx_word' id='word_1_577' title='bbox 1084 4291 1330 4353; x_wconf 90' lang='lat' dir='ltr'><strong><em>tempore</em></strong></span> <span class='ocrx_word' id='word_1_578' title='bbox 1374 4286 1426 4339; x_wconf 92' lang='lat' dir='ltr'><strong><em>in</em></strong></span> <span class='ocrx_word' id='word_1_579' title='bbox 1478 4283 1764 4339; x_wconf 85' lang='lat' dir='ltr'><strong><em>Dominum</em></strong></span> 
     </span>
    </p>
   </div>
   <div class='ocr_carea' id='block_1_70' title="bbox 171 4374 1762 4447">
    <p class='ocr_par' dir='ltr' id='par_1_70' title="bbox 171 4374 1762 4447">
     <span class='ocr_line' id='line_1_70' title="bbox 171 4374 1762 4447; baseline 0.001 -17"><span class='ocrx_word' id='word_1_580' title='bbox 171 4391 519 4431; x_wconf 88' lang='lat' dir='ltr'><strong><em>murmurare</em></strong></span> <span class='ocrx_word' id='word_1_581' title='bbox 545 4394 558 4431; x_wconf 94' lang='lat'><strong>:</strong></span> <span class='ocrx_word' id='word_1_582' title='bbox 588 4375 679 4447; x_wconf 91' lang='lat' dir='ltr'><strong><em>qui</em></strong></span> <span class='ocrx_word' id='word_1_583' title='bbox 707 4384 802 4431; x_wconf 86' lang='lat' dir='ltr'><strong><em>aut</em></strong></span> <span class='ocrx_word' id='word_1_584' title='bbox 826 4374 952 4430; x_wconf 76' lang='lat' dir='ltr'><strong><em>vita:</em></strong></span> <span class='ocrx_word' id='word_1_585' title='bbox 982 4384 1183 4431; x_wconf 70' lang='lat' dir='ltr'><strong><em>nostra:</em></strong></span> <span class='ocrx_word' id='word_1_586' title='bbox 1212 4376 1525 4446; x_wconf 85' lang='lat' dir='ltr'><strong><em>pestiferam</em></strong></span> <span class='ocrx_word' id='word_1_587' title='bbox 1558 4376 1762 4445; x_wconf 89' lang='lat' dir='ltr'><strong><em>labem,</em></strong></span> 
     </span>
    </p>
   </div>
   <div class='ocr_carea' id='block_1_71' title="bbox 174 4468 1766 4539">
    <p class='ocr_par' dir='ltr' id='par_1_71' title="bbox 174 4468 1766 4539">
     <span class='ocr_line' id='line_1_71' title="bbox 174 4468 1766 4539; baseline 0 -16"><span class='ocrx_word' id='word_1_588' title='bbox 174 4484 547 4524; x_wconf 67' lang='lat' dir='ltr'><strong><em>aerumnarum</em></strong></span> <span class='ocrx_word' id='word_1_589' title='bbox 569 4468 872 4539; x_wconf 89' lang='lat' dir='ltr'><strong><em>jactatione</em></strong></span> <span class='ocrx_word' id='word_1_590' title='bbox 898 4478 1055 4523; x_wconf 82' lang='lat' dir='ltr'><strong><em>vexat</em></strong></span> <span class='ocrx_word' id='word_1_591' title='bbox 1084 4478 1145 4522; x_wconf 91' lang='lat' dir='ltr'><strong><em>ut</em></strong></span> <span class='ocrx_word' id='word_1_592' title='bbox 1178 4469 1392 4534; x_wconf 88' lang='lat' dir='ltr'><strong><em>liberet,</em></strong></span> <span class='ocrx_word' id='word_1_593' title='bbox 1423 4478 1516 4524; x_wconf 89' lang='lat' dir='ltr'><strong><em>aut</em></strong></span> <span class='ocrx_word' id='word_1_594' title='bbox 1553 4469 1766 4539; x_wconf 91' lang='lat' dir='ltr'><strong><em>justitia</em></strong></span> 
     </span>
    </p>
   </div>
   <div class='ocr_carea' id='block_1_72' title="bbox 1869 3252 3471 3325">
    <p class='ocr_par' dir='ltr' id='par_1_72' title="bbox 1869 3252 3471 3325">
     <span class='ocr_line' id='line_1_72' title="bbox 1869 3252 3471 3325; baseline 0.002 -19"><span class='ocrx_word' id='word_1_595' title='bbox 1869 3252 2001 3307; x_wconf 92' lang='lat' dir='ltr'><strong><em>tium</em></strong></span> <span class='ocrx_word' id='word_1_596' title='bbox 2033 3252 2359 3309; x_wconf 90' lang='lat' dir='ltr'><strong><em>famulorum</em></strong></span> <span class='ocrx_word' id='word_1_597' title='bbox 2390 3254 2565 3309; x_wconf 90' lang='lat' dir='ltr'><strong><em>:circa</em></strong></span> <span class='ocrx_word' id='word_1_598' title='bbox 2596 3264 2647 3310; x_wconf 92' lang='lat' dir='ltr'><strong><em>te</em></strong></span> <span class='ocrx_word' id='word_1_599' title='bbox 2683 3253 2758 3309; x_wconf 93' lang='lat' dir='ltr'><strong><em>tui</em></strong></span> <span class='ocrx_word' id='word_1_600' title='bbox 2784 3253 3077 3325; x_wconf 91' lang='lat' dir='ltr'><strong><em>funguntur</em></strong></span> <span class='ocrx_word' id='word_1_601' title='bbox 3108 3253 3345 3309; x_wconf 86' lang='lat' dir='ltr'><strong><em>servitiis</em></strong></span> <span class='ocrx_word' id='word_1_602' title='bbox 3369 3254 3471 3309; x_wconf 92' lang='lat' dir='ltr'><strong><em>mi-</em></strong></span> 
     </span>
    </p>
   </div>
   <div class='ocr_carea' id='block_1_73' title="bbox 1868 3345 3466 3417">
    <p class='ocr_par' dir='ltr' id='par_1_73' title="bbox 1868 3345 3466 3417">
     <span class='ocr_line' id='line_1_73' title="bbox 1868 3345 3466 3417; baseline 0.001 -18"><span class='ocrx_word' id='word_1_603' title='bbox 1868 3345 2185 3401; x_wconf 90' lang='lat' dir='ltr'><strong><em>nistrorum.</em></strong></span> <span class='ocrx_word' id='word_1_604' title='bbox 2218 3345 2294 3401; x_wconf 87' lang='lat' dir='ltr'><strong><em>Te</em></strong></span> <span class='ocrx_word' id='word_1_605' title='bbox 2324 3346 2482 3401; x_wconf 88' lang='lat' dir='ltr'><strong><em>amici</em></strong></span> <span class='ocrx_word' id='word_1_606' title='bbox 2530 3346 2797 3417; x_wconf 89' lang='lat' dir='ltr'><strong><em>frequenti</em></strong></span> <span class='ocrx_word' id='word_1_607' title='bbox 2838 3360 3062 3401; x_wconf 89' lang='lat' dir='ltr'><strong><em>accessu</em></strong></span> <span class='ocrx_word' id='word_1_608' title='bbox 3090 3346 3466 3416; x_wconf 90' lang='lat' dir='ltr'><strong><em>consolantur,</em></strong></span> 
     </span>
    </p>
   </div>
   <div class='ocr_carea' id='block_1_74' title="bbox 1868 3438 3471 3508">
    <p class='ocr_par' dir='ltr' id='par_1_74' title="bbox 1868 3438 3471 3508">
     <span class='ocr_line' id='line_1_74' title="bbox 1868 3438 3471 3508; baseline -0.001 -13"><span class='ocrx_word' id='word_1_609' title='bbox 1868 3448 1923 3495; x_wconf 93' lang='lat' dir='ltr'><strong><em>et</em></strong></span> <span class='ocrx_word' id='word_1_610' title='bbox 1948 3438 2168 3505; x_wconf 89' lang='lat' dir='ltr'><strong><em>dolent,</em></strong></span> <span class='ocrx_word' id='word_1_611' title='bbox 2202 3446 2259 3493; x_wconf 92' lang='lat' dir='ltr'><strong><em>ut</em></strong></span> <span class='ocrx_word' id='word_1_612' title='bbox 2280 3439 2327 3494; x_wconf 91' lang='lat' dir='ltr'><strong><em>si</em></strong></span> <span class='ocrx_word' id='word_1_613' title='bbox 2356 3448 2547 3493; x_wconf 90' lang='lat' dir='ltr'><strong><em>natura</em></strong></span> <span class='ocrx_word' id='word_1_614' title='bbox 2575 3440 2951 3508; x_wconf 89' lang='lat' dir='ltr'><strong><em>permitteret,</em></strong></span> <span class='ocrx_word' id='word_1_615' title='bbox 2982 3438 3085 3492; x_wconf 92' lang='lat' dir='ltr'><strong><em>hoc</em></strong></span> <span class='ocrx_word' id='word_1_616' title='bbox 3111 3452 3248 3492; x_wconf 83' lang='lat' dir='ltr'><strong><em>onus</em></strong></span> <span class='ocrx_word' id='word_1_617' title='bbox 3287 3445 3471 3494; x_wconf 91' lang='lat' dir='ltr'><strong><em>tecum</em></strong></span> 
     </span>
    </p>
   </div>
   <div class='ocr_carea' id='block_1_75' title="bbox 1869 3529 3471 3601">
    <p class='ocr_par' dir='ltr' id='par_1_75' title="bbox 1869 3529 3471 3601">
     <span class='ocr_line' id='line_1_75' title="bbox 1869 3529 3471 3601; baseline -0.001 -15"><span class='ocrx_word' id='word_1_618' title='bbox 1869 3530 2009 3587; x_wconf 90' lang='lat' dir='ltr'><strong><em>forte</em></strong></span> <span class='ocrx_word' id='word_1_619' title='bbox 2038 3538 2338 3601; x_wconf 86' lang='lat' dir='ltr'><strong><em>portarent.</em></strong></span> <span class='ocrx_word' id='word_1_620' title='bbox 2373 3530 2485 3585; x_wconf 87' lang='lat' dir='ltr'><strong><em>Una</em></strong></span> <span class='ocrx_word' id='word_1_621' title='bbox 2519 3538 2635 3595; x_wconf 88' lang='lat' dir='ltr'><strong><em>est,</em></strong></span> <span class='ocrx_word' id='word_1_622' title='bbox 2669 3529 2857 3596; x_wconf 89' lang='lat' dir='ltr'><strong><em>frater,</em></strong></span> <span class='ocrx_word' id='word_1_623' title='bbox 2890 3545 2993 3583; x_wconf 91' lang='lat' dir='ltr'><strong><em>una</em></strong></span> <span class='ocrx_word' id='word_1_624' title='bbox 3020 3538 3102 3585; x_wconf 90' lang='lat' dir='ltr'><strong><em>est</em></strong></span> <span class='ocrx_word' id='word_1_625' title='bbox 3143 3529 3307 3584; x_wconf 90' lang='lat' dir='ltr'><strong><em>animi</em></strong></span> <span class='ocrx_word' id='word_1_626' title='bbox 3358 3529 3471 3585; x_wconf 89' lang='lat' dir='ltr'><strong><em>vir-</em></strong></span> 
     </span>
    </p>
   </div>
   <div class='ocr_carea' id='block_1_76' title="bbox 1870 3623 3468 3696">
    <p class='ocr_par' dir='ltr' id='par_1_76' title="bbox 1870 3623 3468 3696">
     <span class='ocr_line' id='line_1_76' title="bbox 1870 3623 3468 3696; baseline 0.001 -17"><span class='ocrx_word' id='word_1_627' title='bbox 1870 3633 1979 3690; x_wconf 90' lang='lat' dir='ltr'><strong><em>tus,</em></strong></span> <span class='ocrx_word' id='word_1_628' title='bbox 2012 3640 2135 3695; x_wconf 83' lang='lat' dir='ltr'><strong><em>quae</em></strong></span> <span class='ocrx_word' id='word_1_629' title='bbox 2166 3639 2266 3679; x_wconf 91' lang='lat' dir='ltr'><strong><em>nos</em></strong></span> <span class='ocrx_word' id='word_1_630' title='bbox 2294 3640 2362 3679; x_wconf 85' lang='lat' dir='ltr'><strong><em>ex</em></strong></span> <span class='ocrx_word' id='word_1_631' title='bbox 2388 3623 2549 3693; x_wconf 86' lang='lat' dir='ltr'><strong><em>hujus</em></strong></span> <span class='ocrx_word' id='word_1_632' title='bbox 2579 3624 2707 3680; x_wconf 78' lang='lat' dir='ltr'><strong><em>vita:</em></strong></span> <span class='ocrx_word' id='word_1_633' title='bbox 2737 3623 3070 3693; x_wconf 89' lang='lat' dir='ltr'><strong><em>turbinibus,</em></strong></span> <span class='ocrx_word' id='word_1_634' title='bbox 3094 3624 3247 3695; x_wconf 89' lang='lat' dir='ltr'><strong><em>quasi</em></strong></span> <span class='ocrx_word' id='word_1_635' title='bbox 3274 3623 3341 3680; x_wconf 88' lang='lat' dir='ltr'><strong><em>de</em></strong></span> <span class='ocrx_word' id='word_1_636' title='bbox 3372 3640 3468 3696; x_wconf 91' lang='lat' dir='ltr'><strong><em>pe-</em></strong></span> 
     </span>
    </p>
   </div>
   <div class='ocr_carea' id='block_1_77' title="bbox 1870 3717 3470 3789">
    <p class='ocr_par' dir='ltr' id='par_1_77' title="bbox 1870 3717 3470 3789">
     <span class='ocr_line' id='line_1_77' title="bbox 1870 3717 3470 3789; baseline 0.003 -17"><span class='ocrx_word' id='word_1_637' title='bbox 1870 3718 1994 3789; x_wconf 89' lang='lat' dir='ltr'><strong><em>lago</em></strong></span> <span class='ocrx_word' id='word_1_638' title='bbox 2023 3732 2245 3784; x_wconf 90' lang='lat' dir='ltr'><strong><em>eruens,</em></strong></span> <span class='ocrx_word' id='word_1_639' title='bbox 2289 3717 2341 3773; x_wconf 90' lang='lat' dir='ltr'><strong><em>ln</em></strong></span> <span class='ocrx_word' id='word_1_640' title='bbox 2373 3728 2585 3788; x_wconf 91' lang='lat' dir='ltr'><strong><em>portum</em></strong></span> <span class='ocrx_word' id='word_1_641' title='bbox 2639 3717 3046 3788; x_wconf 90' lang='lat' dir='ltr'><strong><em>tranquillitatis</em></strong></span> <span class='ocrx_word' id='word_1_642' title='bbox 3090 3718 3328 3775; x_wconf 90' lang='lat' dir='ltr'><strong><em>inducat.</em></strong></span> <span class='ocrx_word' id='word_1_643' title='bbox 3384 3719 3470 3777; x_wconf 87' lang='lat' dir='ltr'><strong><em>En</em></strong></span> 
     </span>
    </p>
   </div>
   <div class='ocr_carea' id='block_1_78' title="bbox 1869 3808 3468 3881">
    <p class='ocr_par' dir='ltr' id='par_1_78' title="bbox 1869 3808 3468 3881">
     <span class='ocr_line' id='line_1_78' title="bbox 1869 3808 3468 3881; baseline 0.003 -16"><span class='ocrx_word' id='word_1_644' title='bbox 1869 3809 1988 3866; x_wconf 91' lang='lat' dir='ltr'><strong><em>dies</em></strong></span> <span class='ocrx_word' id='word_1_645' title='bbox 2039 3809 2223 3881; x_wconf 89' lang='lat' dir='ltr'><strong><em>pronis</em></strong></span> <span class='ocrx_word' id='word_1_646' title='bbox 2278 3808 2522 3880; x_wconf 87' lang='lat' dir='ltr'><strong><em>lapsibus</em></strong></span> <span class='ocrx_word' id='word_1_647' title='bbox 2574 3811 2842 3867; x_wconf 83' lang='lat' dir='ltr'><strong><em>accelerat</em></strong></span> <span class='ocrx_word' id='word_1_648' title='bbox 2887 3811 2941 3866; x_wconf 95' lang='lat' dir='ltr'><strong><em>in</em></strong></span> <span class='ocrx_word' id='word_1_649' title='bbox 2997 3827 3273 3868; x_wconf 84' lang='lat' dir='ltr'><strong><em>occasum.</em></strong></span> <span class='ocrx_word' id='word_1_650' title='bbox 3322 3811 3468 3870; x_wconf 88' lang='lat' dir='ltr'><strong><em>Ecce</em></strong></span> 
     </span>
    </p>
   </div>
   <div class='ocr_carea' id='block_1_79' title="bbox 1870 3902 3464 3963">
    <p class='ocr_par' dir='ltr' id='par_1_79' title="bbox 1870 3902 3464 3963">
     <span class='ocr_line' id='line_1_79' title="bbox 1870 3902 3464 3963; baseline 0.003 -5"><span class='ocrx_word' id='word_1_651' title='bbox 1870 3903 2108 3959; x_wconf 90' lang='lat' dir='ltr'><strong><em>mundus</em></strong></span> <span class='ocrx_word' id='word_1_652' title='bbox 2162 3902 2473 3959; x_wconf 91' lang='lat' dir='ltr'><strong><em>immundus</em></strong></span> <span class='ocrx_word' id='word_1_653' title='bbox 2528 3902 2779 3959; x_wconf 91' lang='lat' dir='ltr'><strong><em>sordibus</em></strong></span> <span class='ocrx_word' id='word_1_654' title='bbox 2822 3907 3118 3961; x_wconf 86' lang='lat' dir='ltr'><strong><em>senectutis</em></strong></span> <span class='ocrx_word' id='word_1_655' title='bbox 3170 3915 3377 3961; x_wconf 88' lang='lat' dir='ltr'><strong><em>rotatur</em></strong></span> <span class='ocrx_word' id='word_1_656' title='bbox 3407 3908 3464 3963; x_wconf 90' lang='lat' dir='ltr'><strong><em>in</em></strong></span> 
     </span>
    </p>
   </div>
   <div class='ocr_carea' id='block_1_80' title="bbox 1868 3999 3467 4072">
    <p class='ocr_par' dir='ltr' id='par_1_80' title="bbox 1868 3999 3467 4072">
     <span class='ocr_line' id='line_1_80' title="bbox 1868 3999 3467 4072; baseline 0.002 -16"><span class='ocrx_word' id='word_1_657' title='bbox 1868 3999 2103 4071; x_wconf 89' lang='lat' dir='ltr'><strong><em>lapsum.</em></strong></span> <span class='ocrx_word' id='word_1_658' title='bbox 2133 4001 2271 4055; x_wconf 84' lang='lat' dir='ltr'><strong><em>Ecce</em></strong></span> <span class='ocrx_word' id='word_1_659' title='bbox 2297 4016 2395 4055; x_wconf 90' lang='lat' dir='ltr'><strong><em>nos</em></strong></span> <span class='ocrx_word' id='word_1_660' title='bbox 2426 4000 2532 4072; x_wconf 79' lang='lat' dir='ltr'><strong><em>[AL</em></strong></span> <span class='ocrx_word' id='word_1_661' title='bbox 2569 3999 2688 4071; x_wconf 90' lang='lat' dir='ltr'><strong><em>vos]</em></strong></span> <span class='ocrx_word' id='word_1_662' title='bbox 2719 3999 2974 4070; x_wconf 79' lang='lat' dir='ltr'><strong><em>suffragio</em></strong></span> <span class='ocrx_word' id='word_1_663' title='bbox 3007 4004 3199 4057; x_wconf 88' lang='lat' dir='ltr'><strong><em>mortis</em></strong></span> <span class='ocrx_word' id='word_1_664' title='bbox 3227 4004 3467 4059; x_wconf 85' lang='lat' dir='ltr'><strong><em>victores</em></strong></span> 
     </span>
    </p>
   </div>
   <div class='ocr_carea' id='block_1_81' title="bbox 1870 4092 3575 4167">
    <p class='ocr_par' dir='ltr' id='par_1_81' title="bbox 1870 4092 3575 4167">
     <span class='ocr_line' id='line_1_81' title="bbox 1870 4092 3575 4167; baseline 0.004 -18"><span class='ocrx_word' id='word_1_665' title='bbox 1870 4094 2104 4164; x_wconf 89' lang='lat' dir='ltr'><strong><em>suscipit</em></strong></span> <span class='ocrx_word' id='word_1_666' title='bbox 2130 4093 2351 4149; x_wconf 72' lang='lat' dir='ltr'><strong><em>cretum.</em></strong></span> <span class='ocrx_word' id='word_1_667' title='bbox 2374 4092 2603 4161; x_wconf 87' lang='lat' dir='ltr'><strong><em>Cuncta,</em></strong></span> <span class='ocrx_word' id='word_1_668' title='bbox 2632 4093 2787 4149; x_wconf 89' lang='lat' dir='ltr'><strong><em>nobis</em></strong></span> <span class='ocrx_word' id='word_1_669' title='bbox 2810 4095 3188 4164; x_wconf 87' lang='lat' dir='ltr'><strong><em>evadentibus,</em></strong></span> <span class='ocrx_word' id='word_1_670' title='bbox 3212 4108 3465 4167; x_wconf 87' lang='lat' dir='ltr'><strong><em>pereunt,</em></strong></span> <span class='ocrx_word' id='word_1_671' title='bbox 3565 4146 3575 4155; x_wconf 93' lang='lat'><strong><em>.</em></strong></span> 
     </span>
    </p>
   </div>
   <div class='ocr_carea' id='block_1_82' title="bbox 1871 4188 3465 4259">
    <p class='ocr_par' dir='ltr' id='par_1_82' title="bbox 1871 4188 3465 4259">
     <span class='ocr_line' id='line_1_82' title="bbox 1871 4188 3465 4259; baseline -0.001 -12"><span class='ocrx_word' id='word_1_672' title='bbox 1871 4200 1926 4247; x_wconf 88' lang='lat' dir='ltr'><strong><em>et</em></strong></span> <span class='ocrx_word' id='word_1_673' title='bbox 1963 4204 2159 4245; x_wconf 87' lang='lat' dir='ltr'><strong><em>occasu</em></strong></span> <span class='ocrx_word' id='word_1_674' title='bbox 2182 4190 2291 4258; x_wconf 86' lang='lat' dir='ltr'><strong><em>jam</em></strong></span> <span class='ocrx_word' id='word_1_675' title='bbox 2320 4188 2550 4243; x_wconf 89' lang='lat' dir='ltr'><strong><em>finitimo</em></strong></span> <span class='ocrx_word' id='word_1_676' title='bbox 2577 4204 2682 4243; x_wconf 90' lang='lat' dir='ltr'><strong><em>non</em></strong></span> <span class='ocrx_word' id='word_1_677' title='bbox 2709 4188 2943 4244; x_wconf 90' lang='lat' dir='ltr'><strong><em>reditura</em></strong></span> <span class='ocrx_word' id='word_1_678' title='bbox 2970 4190 3278 4245; x_wconf 88' lang='lat' dir='ltr'><strong><em>sorbentur.</em></strong></span> <span class='ocrx_word' id='word_1_679' title='bbox 3306 4191 3465 4259; x_wconf 84' lang='lat' dir='ltr'><strong><em>Apud</em></strong></span> 
     </span>
    </p>
   </div>
   <div class='ocr_carea' id='block_1_83' title="bbox 1870 4280 3461 4352">
    <p class='ocr_par' dir='ltr' id='par_1_83' title="bbox 1870 4280 3461 4352">
     <span class='ocr_line' id='line_1_83' title="bbox 1870 4280 3461 4352; baseline -0.001 -14"><span class='ocrx_word' id='word_1_680' title='bbox 1870 4297 1971 4339; x_wconf 91' lang='lat' dir='ltr'><strong><em>nos</em></strong></span> <span class='ocrx_word' id='word_1_681' title='bbox 1997 4291 2116 4352; x_wconf 89' lang='lat' dir='ltr'><strong><em>post</em></strong></span> <span class='ocrx_word' id='word_1_682' title='bbox 2141 4281 2406 4351; x_wconf 88' lang='lat' dir='ltr'><strong><em>perditum</em></strong></span> <span class='ocrx_word' id='word_1_683' title='bbox 2436 4280 2696 4336; x_wconf 91' lang='lat' dir='ltr'><strong><em>mundum</em></strong></span> <span class='ocrx_word' id='word_1_684' title='bbox 2721 4325 2735 4342; x_wconf 87' lang='lat'><strong><em>.</em></strong></span> <span class='ocrx_word' id='word_1_685' title='bbox 2784 4290 2908 4352; x_wconf 89' lang='lat' dir='ltr'><strong><em>post</em></strong></span> <span class='ocrx_word' id='word_1_686' title='bbox 2954 4282 3201 4352; x_wconf 90' lang='lat' dir='ltr'><strong><em>corporis</em></strong></span> <span class='ocrx_word' id='word_1_687' title='bbox 3232 4290 3461 4336; x_wconf 90' lang='lat' dir='ltr'><strong><em>mortem</em></strong></span> 
     </span>
    </p>
   </div>
   <div class='ocr_carea' id='block_1_84' title="bbox 1872 4376 3464 4433">
    <p class='ocr_par' dir='ltr' id='par_1_84' title="bbox 1872 4376 3464 4433">
     <span class='ocr_line' id='line_1_84' title="bbox 1872 4376 3464 4433; baseline -0.001 0"><span class='ocrx_word' id='word_1_688' title='bbox 1872 4386 2063 4433; x_wconf 88' lang='lat' dir='ltr'><strong><em>sanata</em></strong></span> <span class='ocrx_word' id='word_1_689' title='bbox 2098 4387 2225 4431; x_wconf 90' lang='lat' dir='ltr'><strong><em>sunt</em></strong></span> <span class='ocrx_word' id='word_1_690' title='bbox 2252 4376 2429 4431; x_wconf 91' lang='lat' dir='ltr'><strong><em>omnia</em></strong></span> <span class='ocrx_word' id='word_1_691' title='bbox 2463 4392 2477 4428; x_wconf 90' lang='lat'><strong>:</strong></span> <span class='ocrx_word' id='word_1_692' title='bbox 2519 4376 2825 4431; x_wconf 67' lang='lat' dir='ltr'><strong><em>lmtabimur</em></strong></span> <span class='ocrx_word' id='word_1_693' title='bbox 2871 4376 3239 4433; x_wconf 89' lang='lat' dir='ltr'><strong><em>incolumitate</em></strong></span> <span class='ocrx_word' id='word_1_694' title='bbox 3287 4392 3464 4432; x_wconf 86' lang='lat' dir='ltr'><strong><em>mem-</em></strong></span> 
     </span>
    </p>
   </div>
   <div class='ocr_carea' id='block_1_85' title="bbox 1872 4468 3466 4539">
    <p class='ocr_par' dir='ltr' id='par_1_85' title="bbox 1872 4468 3466 4539">
     <span class='ocr_line' id='line_1_85' title="bbox 1872 4468 3466 4539; baseline -0.003 -12"><span class='ocrx_word' id='word_1_695' title='bbox 1872 4470 2116 4539; x_wconf 87' lang='lat' dir='ltr'><strong><em>brorum,</em></strong></span> <span class='ocrx_word' id='word_1_696' title='bbox 2139 4469 2233 4525; x_wconf 92' lang='lat' dir='ltr'><strong><em>ubi</em></strong></span> <span class='ocrx_word' id='word_1_697' title='bbox 2262 4470 2373 4524; x_wconf 86' lang='lat' dir='ltr'><strong><em>vita</em></strong></span> <span class='ocrx_word' id='word_1_698' title='bbox 2405 4468 2556 4525; x_wconf 90' lang='lat' dir='ltr'><strong><em>nullo</em></strong></span> <span class='ocrx_word' id='word_1_699' title='bbox 2582 4469 2774 4525; x_wconf 93' lang='lat' dir='ltr'><strong><em>morbo</em></strong></span> <span class='ocrx_word' id='word_1_700' title='bbox 2797 4469 3106 4525; x_wconf 82' lang='lat' dir='ltr'><strong><em>vexabitur.</em></strong></span> <span class='ocrx_word' id='word_1_701' title='bbox 3131 4470 3256 4525; x_wconf 85' lang='lat' dir='ltr'><strong><em>Ideo</em></strong></span> <span class='ocrx_word' id='word_1_702' title='bbox 3288 4469 3338 4523; x_wconf 91' lang='lat' dir='ltr'><strong><em>in</em></strong></span> <span class='ocrx_word' id='word_1_703' title='bbox 3370 4477 3423 4523; x_wconf 92' lang='lat' dir='ltr'><strong><em>te</em></strong></span> <span class='ocrx_word' id='word_1_704' title='bbox 3450 4511 3466 4533; x_wconf 93' lang='lat'><strong><em>,</em></strong></span> 
     </span>
    </p>
   </div>
   <div class='ocr_carea' id='block_1_86' title="bbox 174 4547 3469 4634">
    <p class='ocr_par' dir='ltr' id='par_1_86' title="bbox 174 4547 3469 4634">
     <span class='ocr_line' id='line_1_86' title="bbox 174 4547 3469 4634; baseline -0.001 -16"><span class='ocrx_word' id='word_1_705' title='bbox 174 4565 426 4629; x_wconf 81' lang='lat' dir='ltr'><strong><em>ventilat,</em></strong></span> <span class='ocrx_word' id='word_1_706' title='bbox 451 4572 510 4619; x_wconf 90' lang='lat' dir='ltr'><strong><em>ut</em></strong></span> <span class='ocrx_word' id='word_1_707' title='bbox 534 4571 779 4628; x_wconf 90' lang='lat' dir='ltr'><strong><em>coronet,</em></strong></span> <span class='ocrx_word' id='word_1_708' title='bbox 810 4578 873 4619; x_wconf 90' lang='lat' dir='ltr'><strong><em>ac</em></strong></span> <span class='ocrx_word' id='word_1_709' title='bbox 902 4562 1190 4619; x_wconf 79' lang='lat' dir='ltr'><strong><em>vexatione</em></strong></span> <span class='ocrx_word' id='word_1_710' title='bbox 1235 4565 1623 4630; x_wconf 90' lang='lat' dir='ltr'><strong><em>membrorum,</em></strong></span> <span class='ocrx_word' id='word_1_711' title='bbox 1671 4547 1846 4619; x_wconf 81' lang='lat' dir='ltr'><strong><em>autD</em></strong></span> <span class='ocrx_word' id='word_1_712' title='bbox 1875 4561 2066 4629; x_wconf 88' lang='lat' dir='ltr'><strong><em>frater,</em></strong></span> <span class='ocrx_word' id='word_1_713' title='bbox 2112 4560 2286 4617; x_wconf 78' lang='lat' dir='ltr'><strong><em>officia</em></strong></span> <span class='ocrx_word' id='word_1_714' title='bbox 2340 4561 2586 4633; x_wconf 90' lang='lat' dir='ltr'><strong><em>corporis</em></strong></span> <span class='ocrx_word' id='word_1_715' title='bbox 2638 4562 2930 4634; x_wconf 81' lang='lat' dir='ltr'><strong><em>impedita,</em></strong></span> <span class='ocrx_word' id='word_1_716' title='bbox 2985 4560 3469 4633; x_wconf 68' lang='lat' dir='ltr'><strong><em>prarstantissimus</em></strong></span> 
     </span>
    </p>
   </div>
   <div class='ocr_carea' id='block_1_87' title="bbox 178 4657 1767 4729">
    <p class='ocr_par' dir='ltr' id='par_1_87' title="bbox 178 4657 1767 4729">
     <span class='ocr_line' id='line_1_87' title="bbox 178 4657 1767 4729; baseline 0.002 -18"><span class='ocrx_word' id='word_1_717' title='bbox 178 4657 435 4715; x_wconf 90' lang='lat' dir='ltr'><strong><em>delictum</em></strong></span> <span class='ocrx_word' id='word_1_718' title='bbox 480 4658 718 4729; x_wconf 88' lang='lat' dir='ltr'><strong><em>vapulat,</em></strong></span> <span class='ocrx_word' id='word_1_719' title='bbox 760 4668 852 4713; x_wconf 91' lang='lat' dir='ltr'><strong><em>aut</em></strong></span> <span class='ocrx_word' id='word_1_720' title='bbox 894 4657 1104 4726; x_wconf 90' lang='lat' dir='ltr'><strong><em>justitia</em></strong></span> <span class='ocrx_word' id='word_1_721' title='bbox 1157 4658 1416 4728; x_wconf 88' lang='lat' dir='ltr'><strong><em>probatur</em></strong></span> <span class='ocrx_word' id='word_1_722' title='bbox 1466 4670 1529 4714; x_wconf 91' lang='lat' dir='ltr'><strong><em>ut</em></strong></span> <span class='ocrx_word' id='word_1_723' title='bbox 1566 4660 1767 4714; x_wconf 85' lang='lat' dir='ltr'><strong><em>vincat.</em></strong></span> 
     </span>
    </p>
   </div>
   <div class='ocr_carea' id='block_1_88' title="bbox 178 4748 1771 4823">
    <p class='ocr_par' dir='ltr' id='par_1_88' title="bbox 178 4748 1771 4823">
     <span class='ocr_line' id='line_1_88' title="bbox 178 4748 1771 4823; baseline 0.001 -20"><span class='ocrx_word' id='word_1_724' title='bbox 178 4748 424 4823; x_wconf 85' lang='lat' dir='ltr'><strong><em>Namque</em></strong></span> <span class='ocrx_word' id='word_1_725' title='bbox 449 4758 511 4805; x_wconf 94' lang='lat' dir='ltr'><strong><em>ut</em></strong></span> <span class='ocrx_word' id='word_1_726' title='bbox 532 4749 601 4804; x_wconf 90' lang='lat' dir='ltr'><strong><em>ad</em></strong></span> <span class='ocrx_word' id='word_1_727' title='bbox 636 4750 877 4806; x_wconf 89' lang='lat' dir='ltr'><strong><em>solamen</em></strong></span> <span class='ocrx_word' id='word_1_728' title='bbox 909 4748 1220 4819; x_wconf 90' lang='lat' dir='ltr'><strong><em>passionum</em></strong></span> <span class='ocrx_word' id='word_1_729' title='bbox 1252 4758 1465 4805; x_wconf 90' lang='lat' dir='ltr'><strong><em>tnarutn</em></strong></span> <span class='ocrx_word' id='word_1_730' title='bbox 1491 4750 1771 4821; x_wconf 87' lang='lat' dir='ltr'><strong><em>probatio-</em></strong></span> 
     </span>
    </p>
   </div>
   <div class='ocr_carea' id='block_1_89' title="bbox 182 4843 1771 4917">
    <p class='ocr_par' dir='ltr' id='par_1_89' title="bbox 182 4843 1771 4917">
     <span class='ocr_line' id='line_1_89' title="bbox 182 4843 1771 4917; baseline 0.003 -21"><span class='ocrx_word' id='word_1_731' title='bbox 182 4843 258 4899; x_wconf 88' lang='lat' dir='ltr'><strong><em>nis</em></strong></span> <span class='ocrx_word' id='word_1_732' title='bbox 281 4846 527 4914; x_wconf 71' lang='lat' dir='ltr'><strong><em>antiquze</em></strong></span> <span class='ocrx_word' id='word_1_733' title='bbox 556 4844 752 4916; x_wconf 68' lang='lat' dir='ltr'><strong><em>palmas</em></strong></span> <span class='ocrx_word' id='word_1_734' title='bbox 785 4852 933 4899; x_wconf 91' lang='lat' dir='ltr'><strong><em>tuum</em></strong></span> <span class='ocrx_word' id='word_1_735' title='bbox 965 4850 1216 4903; x_wconf 89' lang='lat' dir='ltr'><strong><em>meritum</em></strong></span> <span class='ocrx_word' id='word_1_736' title='bbox 1269 4847 1633 4914; x_wconf 90' lang='lat' dir='ltr'><strong><em>revolvamus,</em></strong></span> <span class='ocrx_word' id='word_1_737' title='bbox 1680 4845 1771 4917; x_wconf 86' lang='lat' dir='ltr'><strong><em>ju-</em></strong></span> 
     </span>
    </p>
   </div>
   <div class='ocr_carea' id='block_1_90' title="bbox 182 4938 999 5008">
    <p class='ocr_par' dir='ltr' id='par_1_90' title="bbox 182 4938 999 5008">
     <span class='ocr_line' id='line_1_90' title="bbox 182 4938 999 5008; baseline 0 -16"><span class='ocrx_word' id='word_1_738' title='bbox 182 4940 442 4995; x_wconf 86' lang='lat' dir='ltr'><strong><em>stissimis</em></strong></span> <span class='ocrx_word' id='word_1_739' title='bbox 475 4947 691 4993; x_wconf 88' lang='lat' dir='ltr'><strong><em>utamur</em></strong></span> <span class='ocrx_word' id='word_1_740' title='bbox 713 4938 999 5008; x_wconf 87' lang='lat' dir='ltr'><strong><em>exemplis.</em></strong></span> 
     </span>
    </p>
   </div>
   <div class='ocr_carea' id='block_1_91' title="bbox 249 5031 1774 5104">
    <p class='ocr_par' dir='ltr' id='par_1_91' title="bbox 249 5031 1774 5104">
     <span class='ocr_line' id='line_1_91' title="bbox 249 5031 1774 5104; baseline 0.001 -18"><span class='ocrx_word' id='word_1_741' title='bbox 249 5031 318 5086; x_wconf 74' lang='grc' dir='ltr'><strong><em>Χ.</em></strong></span> <span class='ocrx_word' id='word_1_742' title='bbox 360 5031 706 5102; x_wconf 88' lang='lat' dir='ltr'><strong><em>Quamquam</em></strong></span> <span class='ocrx_word' id='word_1_743' title='bbox 764 5042 952 5086; x_wconf 91' lang='lat' dir='ltr'><strong><em>notum</em></strong></span> <span class='ocrx_word' id='word_1_744' title='bbox 998 5032 1107 5100; x_wconf 89' lang='lat' dir='ltr'><strong><em>sit,</em></strong></span> <span class='ocrx_word' id='word_1_745' title='bbox 1138 5031 1527 5104; x_wconf 89' lang='lat' dir='ltr'><strong><em>&#39;personarum</em></strong></span> <span class='ocrx_word' id='word_1_746' title='bbox 1578 5031 1774 5088; x_wconf 87' lang='lat' dir='ltr'><strong><em>merita</em></strong></span> 
     </span>
    </p>
   </div>
   <div class='ocr_carea' id='block_1_92' title="bbox 187 5124 1770 5199">
    <p class='ocr_par' dir='ltr' id='par_1_92' title="bbox 187 5124 1770 5199">
     <span class='ocr_line' id='line_1_92' title="bbox 187 5124 1770 5199; baseline 0.001 -20"><span class='ocrx_word' id='word_1_747' title='bbox 187 5124 359 5197; x_wconf 88' lang='lat' dir='ltr'><strong><em>longis</em></strong></span> <span class='ocrx_word' id='word_1_748' title='bbox 386 5125 653 5199; x_wconf 86' lang='lat' dir='ltr'><strong><em>gradibus</em></strong></span> <span class='ocrx_word' id='word_1_749' title='bbox 680 5126 1013 5198; x_wconf 89' lang='lat' dir='ltr'><strong><em>discrepare,</em></strong></span> <span class='ocrx_word' id='word_1_750' title='bbox 1045 5142 1153 5183; x_wconf 93' lang='lat' dir='ltr'><strong><em>non</em></strong></span> <span class='ocrx_word' id='word_1_751' title='bbox 1183 5137 1267 5184; x_wconf 91' lang='lat' dir='ltr'><strong><em>est</em></strong></span> <span class='ocrx_word' id='word_1_752' title='bbox 1300 5128 1564 5197; x_wconf 92' lang='lat' dir='ltr'><strong><em>iniquum,</em></strong></span> <span class='ocrx_word' id='word_1_753' title='bbox 1594 5127 1643 5182; x_wconf 88' lang='lat' dir='ltr'><strong><em>si</em></strong></span> <span class='ocrx_word' id='word_1_754' title='bbox 1670 5126 1770 5182; x_wconf 82' lang='lat' dir='ltr'><strong><em>ho-</em></strong></span> 
     </span>
    </p>
   </div>
   <div class='ocr_carea' id='block_1_93' title="bbox 192 5218 1777 5292">
    <p class='ocr_par' dir='ltr' id='par_1_93' title="bbox 192 5218 1777 5292">
     <span class='ocr_line' id='line_1_93' title="bbox 192 5218 1777 5292; baseline 0.003 -19"><span class='ocrx_word' id='word_1_755' title='bbox 192 5221 344 5277; x_wconf 84' lang='lat' dir='ltr'><strong><em>minis</em></strong></span> <span class='ocrx_word' id='word_1_756' title='bbox 402 5218 703 5276; x_wconf 83' lang='lat' dir='ltr'><strong><em>Christiani</em></strong></span> <span class='ocrx_word' id='word_1_757' title='bbox 755 5230 1028 5277; x_wconf 89' lang='lat' dir='ltr'><strong><em>certamen</em></strong></span> <span class='ocrx_word' id='word_1_758' title='bbox 1052 5266 1067 5290; x_wconf 93' lang='lat'><strong><em>,</em></strong></span> <span class='ocrx_word' id='word_1_759' title='bbox 1108 5221 1350 5277; x_wconf 88' lang='lat' dir='ltr'><strong><em>victricis</em></strong></span> <span class='ocrx_word' id='word_1_760' title='bbox 1378 5220 1605 5292; x_wconf 67' lang='lat' dir='ltr'><strong><em>justitia:</em></strong></span> <span class='ocrx_word' id='word_1_761' title='bbox 1645 5236 1777 5277; x_wconf 88' lang='lat' dir='ltr'><strong><em>con-</em></strong></span> 
     </span>
    </p>
   </div>
   <div class='ocr_carea' id='block_1_94' title="bbox 191 5313 1778 5386">
    <p class='ocr_par' dir='ltr' id='par_1_94' title="bbox 191 5313 1778 5386">
     <span class='ocr_line' id='line_1_94' title="bbox 191 5313 1778 5386; baseline -0.001 -15"><span class='ocrx_word' id='word_1_762' title='bbox 191 5313 559 5384; x_wconf 73' lang='lat' dir='ltr'><strong><em>gressionibus</em></strong></span> <span class='ocrx_word' id='word_1_763' title='bbox 587 5328 991 5384; x_wconf 86' lang='lat' dir='ltr'><strong><em>comparemus.</em></strong></span> <span class='ocrx_word' id='word_1_764' title='bbox 1024 5315 1314 5372; x_wconf 87' lang='lat' dir='ltr'><strong><em>Mediocria</em></strong></span> <span class='ocrx_word' id='word_1_765' title='bbox 1334 5324 1461 5370; x_wconf 90' lang='lat' dir='ltr'><strong><em>sunt</em></strong></span> <span class='ocrx_word' id='word_1_766' title='bbox 1482 5329 1601 5386; x_wconf 66' lang='lat' dir='ltr'><strong><em>quae</em></strong></span> <span class='ocrx_word' id='word_1_767' title='bbox 1628 5313 1778 5369; x_wconf 85' lang='lat' dir='ltr'><strong><em>vide-</em></strong></span> 
     </span>
    </p>
   </div>
   <div class='ocr_carea' id='block_1_95' title="bbox 192 5405 1780 5478">
    <p class='ocr_par' dir='ltr' id='par_1_95' title="bbox 192 5405 1780 5478">
     <span class='ocr_line' id='line_1_95' title="bbox 192 5405 1780 5478; baseline 0.002 -20"><span class='ocrx_word' id='word_1_768' title='bbox 192 5405 264 5460; x_wconf 87' lang='lat' dir='ltr'><strong><em>ris</em></strong></span> <span class='ocrx_word' id='word_1_769' title='bbox 288 5406 341 5462; x_wconf 93' lang='lat' dir='ltr'><strong><em>in</em></strong></span> <span class='ocrx_word' id='word_1_770' title='bbox 371 5405 485 5462; x_wconf 89' lang='lat' dir='ltr'><strong><em>hoc</em></strong></span> <span class='ocrx_word' id='word_1_771' title='bbox 513 5406 722 5463; x_wconf 90' lang='lat' dir='ltr'><strong><em>mundo</em></strong></span> <span class='ocrx_word' id='word_1_772' title='bbox 743 5405 1013 5478; x_wconf 88' lang='lat' dir='ltr'><strong><em>perferre,</em></strong></span> <span class='ocrx_word' id='word_1_773' title='bbox 1049 5407 1096 5462; x_wconf 90' lang='lat' dir='ltr'><strong><em>si</em></strong></span> <span class='ocrx_word' id='word_1_774' title='bbox 1142 5407 1489 5463; x_wconf 89' lang='lat' dir='ltr'><strong><em>recensueris</em></strong></span> <span class='ocrx_word' id='word_1_775' title='bbox 1518 5406 1646 5478; x_wconf 91' lang='lat' dir='ltr'><strong><em>quid</em></strong></span> <span class='ocrx_word' id='word_1_776' title='bbox 1676 5405 1780 5462; x_wconf 82' lang='lat' dir='ltr'><strong><em>Job</em></strong></span> 
     </span>
    </p>
   </div>
   <div class='ocr_carea' id='block_1_96' title="bbox 192 5496 1777 5573">
    <p class='ocr_par' dir='ltr' id='par_1_96' title="bbox 192 5496 1777 5573">
     <span class='ocr_line' id='line_1_96' title="bbox 192 5496 1777 5573; baseline 0.003 -21"><span class='ocrx_word' id='word_1_777' title='bbox 192 5496 476 5556; x_wconf 86' lang='lat' dir='ltr'><strong><em>familiaris</em></strong></span> <span class='ocrx_word' id='word_1_778' title='bbox 536 5500 756 5556; x_wconf 89' lang='lat' dir='ltr'><strong><em>Domini</em></strong></span> <span class='ocrx_word' id='word_1_779' title='bbox 808 5500 1064 5571; x_wconf 92' lang='lat' dir='ltr'><strong><em>quiverit,</em></strong></span> <span class='ocrx_word' id='word_1_780' title='bbox 1115 5502 1463 5573; x_wconf 89' lang='lat' dir='ltr'><strong><em>permittente</em></strong></span> <span class='ocrx_word' id='word_1_781' title='bbox 1504 5501 1777 5569; x_wconf 90' lang='lat' dir='ltr'><strong><em>Domino,</em></strong></span> 
     </span>
    </p>
   </div>
   <div class='ocr_carea' id='block_1_97' title="bbox 197 5592 1783 5667">
    <p class='ocr_par' dir='ltr' id='par_1_97' title="bbox 197 5592 1783 5667">
     <span class='ocr_line' id='line_1_97' title="bbox 197 5592 1783 5667; baseline 0.003 -22"><span class='ocrx_word' id='word_1_782' title='bbox 197 5592 491 5647; x_wconf 87' lang='lat' dir='ltr'><strong><em>sustinere.</em></strong></span> <span class='ocrx_word' id='word_1_783' title='bbox 521 5592 873 5663; x_wconf 83' lang='lat' dir='ltr'><strong><em>Temperavit</em></strong></span> <span class='ocrx_word' id='word_1_784' title='bbox 912 5595 1094 5660; x_wconf 90' lang='lat' dir='ltr'><strong><em>Deus,</em></strong></span> <span class='ocrx_word' id='word_1_785' title='bbox 1134 5605 1194 5650; x_wconf 94' lang='lat' dir='ltr'><strong><em>ut</em></strong></span> <span class='ocrx_word' id='word_1_786' title='bbox 1228 5603 1584 5667; x_wconf 86' lang='lat' dir='ltr'><strong><em>congrueret,</em></strong></span> <span class='ocrx_word' id='word_1_787' title='bbox 1620 5602 1783 5663; x_wconf 89' lang='lat' dir='ltr'><strong><em>atque</em></strong></span> 
     </span>
    </p>
   </div>
   <div class='ocr_carea' id='block_1_98' title="bbox 196 5687 1789 5759">
    <p class='ocr_par' dir='ltr' id='par_1_98' title="bbox 196 5687 1789 5759">
     <span class='ocr_line' id='line_1_98' title="bbox 196 5687 1789 5759; baseline 0.001 -20"><span class='ocrx_word' id='word_1_788' title='bbox 196 5695 537 5757; x_wconf 86' lang='lat' dir='ltr'><strong><em>competeret</em></strong></span> <span class='ocrx_word' id='word_1_789' title='bbox 557 5688 767 5743; x_wconf 88' lang='lat' dir='ltr'><strong><em>viribus</em></strong></span> <span class='ocrx_word' id='word_1_790' title='bbox 798 5690 926 5744; x_wconf 91' lang='lat' dir='ltr'><strong><em>tuis.</em></strong></span> <span class='ocrx_word' id='word_1_791' title='bbox 962 5687 1147 5744; x_wconf 89' lang='lat' dir='ltr'><strong><em>Primo</em></strong></span> <span class='ocrx_word' id='word_1_792' title='bbox 1183 5703 1253 5745; x_wconf 90' lang='lat' dir='ltr'><strong><em>ne</em></strong></span> <span class='ocrx_word' id='word_1_793' title='bbox 1284 5704 1504 5759; x_wconf 87' lang='lat' dir='ltr'><strong><em>posses,</em></strong></span> <span class='ocrx_word' id='word_1_794' title='bbox 1549 5688 1639 5758; x_wconf 90' lang='lat' dir='ltr'><strong><em>qui</em></strong></span> <span class='ocrx_word' id='word_1_795' title='bbox 1682 5687 1789 5741; x_wconf 91' lang='lat' dir='ltr'><strong><em>im-</em></strong></span> 
     </span>
    </p>
   </div>
   <div class='ocr_carea' id='block_1_99' title="bbox 196 5779 1790 5857">
    <p class='ocr_par' dir='ltr' id='par_1_99' title="bbox 196 5779 1790 5857">
     <span class='ocr_line' id='line_1_99' title="bbox 196 5779 1790 5857; baseline 0 -22"><span class='ocrx_word' id='word_1_796' title='bbox 196 5794 292 5852; x_wconf 88' lang='lat' dir='ltr'><strong><em>par</em></strong></span> <span class='ocrx_word' id='word_1_797' title='bbox 318 5798 421 5857; x_wconf 88' lang='lat' dir='ltr'><strong><em>es,</em></strong></span> <span class='ocrx_word' id='word_1_798' title='bbox 458 5783 683 5855; x_wconf 78' lang='lat' dir='ltr'><strong><em>iustitiae</em></strong></span> <span class='ocrx_word' id='word_1_799' title='bbox 725 5784 893 5839; x_wconf 88' lang='lat' dir='ltr'><strong><em>titulis</em></strong></span> <span class='ocrx_word' id='word_1_800' title='bbox 927 5798 1051 5840; x_wconf 84' lang='lat' dir='ltr'><strong><em>esse</em></strong></span> <span class='ocrx_word' id='word_1_801' title='bbox 1086 5782 1506 5843; x_wconf 87' lang='lat' dir='ltr'><strong><em>succedentibus</em></strong></span> <span class='ocrx_word' id='word_1_802' title='bbox 1526 5779 1790 5853; x_wconf 72' lang='lat' dir='ltr'><strong><em>aequalis?</em></strong></span> 
     </span>
    </p>
   </div>
   <div class='ocr_carea' id='block_1_100' title="bbox 492 5879 1097 5963">
    <p class='ocr_par' dir='ltr' id='par_1_100' title="bbox 492 5879 1097 5963">
     <span class='ocr_line' id='line_1_100' title="bbox 492 5879 1097 5963; baseline -0.003 -20"><span class='ocrx_word' id='word_1_803' title='bbox 492 5880 766 5945; x_wconf 73' lang='lat' dir='ltr'><strong><em>PATROL.</em></strong></span> <span class='ocrx_word' id='word_1_804' title='bbox 809 5879 1026 5943; x_wconf 78' lang='lat' dir='ltr'><strong><em>XXX.</em></strong></span> <span class='ocrx_word' id='word_1_805' title='bbox 1083 5897 1097 5963; x_wconf 63' lang='grc' dir='ltr'><strong><em>ς</em></strong></span> 
     </span>
    </p>
   </div>
   <div class='ocr_carea' id='block_1_101' title="bbox 1878 4652 3473 4727">
    <p class='ocr_par' dir='ltr' id='par_1_101' title="bbox 1878 4652 3473 4727">
     <span class='ocr_line' id='line_1_101' title="bbox 1878 4652 3473 4727; baseline -0.002 -16"><span class='ocrx_word' id='word_1_806' title='bbox 1878 4655 2092 4711; x_wconf 89' lang='lat' dir='ltr'><strong><em>animus</em></strong></span> <span class='ocrx_word' id='word_1_807' title='bbox 2116 4655 2320 4711; x_wconf 90' lang='lat' dir='ltr'><strong><em>illustri</em></strong></span> <span class='ocrx_word' id='word_1_808' title='bbox 2347 4655 2552 4711; x_wconf 91' lang='lat' dir='ltr'><strong><em>ducatu</em></strong></span> <span class='ocrx_word' id='word_1_809' title='bbox 2579 4656 2649 4710; x_wconf 90' lang='lat' dir='ltr'><strong><em>ita</em></strong></span> <span class='ocrx_word' id='word_1_810' title='bbox 2677 4657 2941 4727; x_wconf 90' lang='lat' dir='ltr'><strong><em>gubernet</em></strong></span> <span class='ocrx_word' id='word_1_811' title='bbox 2973 4664 3027 4709; x_wconf 92' lang='lat' dir='ltr'><strong><em>et</em></strong></span> <span class='ocrx_word' id='word_1_812' title='bbox 3054 4664 3226 4723; x_wconf 83' lang='lat' dir='ltr'><strong><em>regat,</em></strong></span> <span class='ocrx_word' id='word_1_813' title='bbox 3252 4662 3310 4706; x_wconf 90' lang='lat' dir='ltr'><strong><em>ut</em></strong></span> <span class='ocrx_word' id='word_1_814' title='bbox 3356 4652 3473 4708; x_wconf 69' lang='lat' dir='ltr'><strong><em>hcce</em></strong></span> 
     </span>
    </p>
   </div>
   <div class='ocr_carea' id='block_1_102' title="bbox 1880 4745 3468 4821">
    <p class='ocr_par' dir='ltr' id='par_1_102' title="bbox 1880 4745 3468 4821">
     <span class='ocr_line' id='line_1_102' title="bbox 1880 4745 3468 4821; baseline -0.002 -15"><span class='ocrx_word' id='word_1_815' title='bbox 1880 4748 2160 4806; x_wconf 87' lang='lat' dir='ltr'><strong><em>calamitas</em></strong></span> <span class='ocrx_word' id='word_1_816' title='bbox 2186 4748 2432 4821; x_wconf 89' lang='lat' dir='ltr'><strong><em>corporis</em></strong></span> <span class='ocrx_word' id='word_1_817' title='bbox 2482 4748 2552 4803; x_wconf 87' lang='lat' dir='ltr'><strong><em>sit</em></strong></span> <span class='ocrx_word' id='word_1_818' title='bbox 2591 4748 2805 4804; x_wconf 89' lang='lat' dir='ltr'><strong><em>occasio</em></strong></span> <span class='ocrx_word' id='word_1_819' title='bbox 2849 4746 3029 4802; x_wconf 88' lang='lat' dir='ltr'><strong><em>votiva</em></strong></span> <span class='ocrx_word' id='word_1_820' title='bbox 3078 4745 3318 4800; x_wconf 88' lang='lat' dir='ltr'><strong><em>virtutis.</em></strong></span> <span class='ocrx_word' id='word_1_821' title='bbox 3350 4745 3468 4803; x_wconf 88' lang='lat' dir='ltr'><strong><em>Non</em></strong></span> 
     </span>
    </p>
   </div>
   <div class='ocr_carea' id='block_1_103' title="bbox 1878 4843 3469 4915">
    <p class='ocr_par' dir='ltr' id='par_1_103' title="bbox 1878 4843 3469 4915">
     <span class='ocr_line' id='line_1_103' title="bbox 1878 4843 3469 4915; baseline -0.003 -11"><span class='ocrx_word' id='word_1_822' title='bbox 1878 4848 2021 4904; x_wconf 91' lang='lat' dir='ltr'><strong><em>enim</em></strong></span> <span class='ocrx_word' id='word_1_823' title='bbox 2049 4856 2135 4904; x_wconf 87' lang='lat' dir='ltr'><strong><em>est</em></strong></span> <span class='ocrx_word' id='word_1_824' title='bbox 2164 4849 2326 4903; x_wconf 90' lang='lat' dir='ltr'><strong><em>arbor</em></strong></span> <span class='ocrx_word' id='word_1_825' title='bbox 2346 4847 2519 4904; x_wconf 90' lang='lat' dir='ltr'><strong><em>solida</em></strong></span> <span class='ocrx_word' id='word_1_826' title='bbox 2550 4862 2650 4903; x_wconf 92' lang='lat' dir='ltr'><strong><em>nec</em></strong></span> <span class='ocrx_word' id='word_1_827' title='bbox 2678 4848 2899 4902; x_wconf 89' lang='lat' dir='ltr'><strong><em>robusta</em></strong></span> <span class='ocrx_word' id='word_1_828' title='bbox 2920 4886 2934 4909; x_wconf 92' lang='lat'><strong><em>,</em></strong></span> <span class='ocrx_word' id='word_1_829' title='bbox 2968 4844 3071 4898; x_wconf 87' lang='lat' dir='ltr'><strong><em>nisi</em></strong></span> <span class='ocrx_word' id='word_1_830' title='bbox 3116 4860 3234 4915; x_wconf 72' lang='lat' dir='ltr'><strong><em>qua:</em></strong></span> <span class='ocrx_word' id='word_1_831' title='bbox 3265 4843 3469 4900; x_wconf 90' lang='lat' dir='ltr'><strong><em>assidui</em></strong></span> 
     </span>
    </p>
   </div>
   <div class='ocr_carea' id='block_1_104' title="bbox 1880 4937 3468 5011">
    <p class='ocr_par' dir='ltr' id='par_1_104' title="bbox 1880 4937 3468 5011">
     <span class='ocr_line' id='line_1_104' title="bbox 1880 4937 3468 5011; baseline 0 -15"><span class='ocrx_word' id='word_1_832' title='bbox 1880 4940 2114 4996; x_wconf 89' lang='lat' dir='ltr'><strong><em>turbinis</em></strong></span> <span class='ocrx_word' id='word_1_833' title='bbox 2143 4940 2487 5008; x_wconf 88' lang='lat' dir='ltr'><strong><em>incursione,</em></strong></span> <span class='ocrx_word' id='word_1_834' title='bbox 2526 4940 2802 5010; x_wconf 89' lang='lat' dir='ltr'><strong><em>stipitibus</em></strong></span> <span class='ocrx_word' id='word_1_835' title='bbox 2847 4937 3124 4992; x_wconf 90' lang='lat' dir='ltr'><strong><em>concussis</em></strong></span> <span class='ocrx_word' id='word_1_836' title='bbox 3173 4939 3277 4995; x_wconf 92' lang='lat' dir='ltr'><strong><em>huc</em></strong></span> <span class='ocrx_word' id='word_1_837' title='bbox 3306 4948 3468 5011; x_wconf 88' lang='lat' dir='ltr'><strong><em>atque</em></strong></span> 
     </span>
    </p>
   </div>
   <div class='ocr_carea' id='block_1_105' title="bbox 1880 5031 3468 5101">
    <p class='ocr_par' dir='ltr' id='par_1_105' title="bbox 1880 5031 3468 5101">
     <span class='ocr_line' id='line_1_105' title="bbox 1880 5031 3468 5101; baseline -0.003 -10"><span class='ocrx_word' id='word_1_838' title='bbox 1880 5034 2008 5091; x_wconf 89' lang='lat' dir='ltr'><strong><em>illuc</em></strong></span> <span class='ocrx_word' id='word_1_839' title='bbox 2040 5032 2297 5087; x_wconf 91' lang='lat' dir='ltr'><strong><em>inclinata</em></strong></span> <span class='ocrx_word' id='word_1_840' title='bbox 2319 5039 2579 5097; x_wconf 84' lang='lat' dir='ltr'><strong><em>tentatur,</em></strong></span> <span class='ocrx_word' id='word_1_841' title='bbox 2609 5040 2703 5086; x_wconf 92' lang='lat' dir='ltr'><strong><em>aut</em></strong></span> <span class='ocrx_word' id='word_1_842' title='bbox 2731 5031 2785 5085; x_wconf 91' lang='lat' dir='ltr'><strong><em>in</em></strong></span> <span class='ocrx_word' id='word_1_843' title='bbox 2814 5044 2975 5101; x_wconf 86' lang='lat' dir='ltr'><strong><em>quam</em></strong></span> <span class='ocrx_word' id='word_1_844' title='bbox 3008 5045 3154 5100; x_wconf 66' lang='lat' dir='ltr'><strong><em>saepe</em></strong></span> <span class='ocrx_word' id='word_1_845' title='bbox 3181 5041 3468 5087; x_wconf 88' lang='lat' dir='ltr'><strong><em>ventorum</em></strong></span> 
     </span>
    </p>
   </div>
   <div class='ocr_carea' id='block_1_106' title="bbox 1880 5122 3473 5193">
    <p class='ocr_par' dir='ltr' id='par_1_106' title="bbox 1880 5122 3473 5193">
     <span class='ocr_line' id='line_1_106' title="bbox 1880 5122 3473 5193; baseline -0.004 -10"><span class='ocrx_word' id='word_1_846' title='bbox 1880 5125 2159 5183; x_wconf 90' lang='lat' dir='ltr'><strong><em>turbinum</em></strong></span> <span class='ocrx_word' id='word_1_847' title='bbox 2190 5123 2388 5179; x_wconf 88' lang='lat' dir='ltr'><strong><em>flamen</em></strong></span> <span class='ocrx_word' id='word_1_848' title='bbox 2422 5124 2663 5177; x_wconf 87' lang='lat' dir='ltr'><strong><em>ineurrat</em></strong></span> <span class='ocrx_word' id='word_1_849' title='bbox 2692 5140 2705 5175; x_wconf 89' lang='lat'>:</span> <span class='ocrx_word' id='word_1_850' title='bbox 2735 5122 2867 5193; x_wconf 91' lang='lat' dir='ltr'><strong><em>ipsis</em></strong></span> <span class='ocrx_word' id='word_1_851' title='bbox 2907 5122 3049 5179; x_wconf 90' lang='lat' dir='ltr'><strong><em>enim</em></strong></span> <span class='ocrx_word' id='word_1_852' title='bbox 3091 5124 3473 5179; x_wconf 83' lang='lat' dir='ltr'><strong><em>vcxationibus</em></strong></span> 
     </span>
    </p>
   </div>
   <div class='ocr_carea' id='block_1_107' title="bbox 1880 5212 3472 5289">
    <p class='ocr_par' dir='ltr' id='par_1_107' title="bbox 1880 5212 3472 5289">
     <span class='ocr_line' id='line_1_107' title="bbox 1880 5212 3472 5289; baseline -0.006 -12"><span class='ocrx_word' id='word_1_853' title='bbox 1880 5216 2291 5289; x_wconf 89' lang='lat' dir='ltr'><strong><em>constringitur,</em></strong></span> <span class='ocrx_word' id='word_1_854' title='bbox 2342 5215 2629 5287; x_wconf 91' lang='lat' dir='ltr'><strong><em>premitur,</em></strong></span> <span class='ocrx_word' id='word_1_855' title='bbox 2677 5212 2909 5287; x_wconf 86' lang='lat' dir='ltr'><strong><em>flxisque</em></strong></span> <span class='ocrx_word' id='word_1_856' title='bbox 2945 5216 3220 5273; x_wconf 89' lang='lat' dir='ltr'><strong><em>radicibus</em></strong></span> <span class='ocrx_word' id='word_1_857' title='bbox 3270 5217 3472 5271; x_wconf 90' lang='lat' dir='ltr'><strong><em>certius</em></strong></span> 
     </span>
    </p>
   </div>
   <div class='ocr_carea' id='block_1_108' title="bbox 1882 5304 3474 5379">
    <p class='ocr_par' dir='ltr' id='par_1_108' title="bbox 1882 5304 3474 5379">
     <span class='ocr_line' id='line_1_108' title="bbox 1882 5304 3474 5379; baseline -0.008 -8"><span class='ocrx_word' id='word_1_858' title='bbox 1882 5314 2193 5370; x_wconf 85' lang='lat' dir='ltr'><strong><em>roboratur.</em></strong></span> <span class='ocrx_word' id='word_1_859' title='bbox 2249 5308 2327 5364; x_wconf 87' lang='lat' dir='ltr'><strong><em>Ita</em></strong></span> <span class='ocrx_word' id='word_1_860' title='bbox 2375 5321 2474 5363; x_wconf 91' lang='lat' dir='ltr'><strong><em>nos</em></strong></span> <span class='ocrx_word' id='word_1_861' title='bbox 2522 5304 2868 5363; x_wconf 87' lang='lat' dir='ltr'><strong><em>mordacibus</em></strong></span> <span class='ocrx_word' id='word_1_862' title='bbox 2917 5308 3150 5379; x_wconf 84' lang='lat' dir='ltr'><strong><em>ﬂagellis</em></strong></span> <span class='ocrx_word' id='word_1_863' title='bbox 3200 5306 3474 5361; x_wconf 86' lang='lat' dir='ltr'><strong><em>malorum</em></strong></span> 
     </span>
    </p>
   </div>
   <div class='ocr_carea' id='block_1_109' title="bbox 1880 5395 3482 5478">
    <p class='ocr_par' dir='ltr' id='par_1_109' title="bbox 1880 5395 3482 5478">
     <span class='ocr_line' id='line_1_109' title="bbox 1880 5395 3482 5478; baseline -0.007 -15"><span class='ocrx_word' id='word_1_864' title='bbox 1880 5405 2247 5478; x_wconf 88' lang='lat' dir='ltr'><strong><em>frequentium</em></strong></span> <span class='ocrx_word' id='word_1_865' title='bbox 2298 5399 2574 5456; x_wconf 90' lang='lat' dir='ltr'><strong><em>munimur</em></strong></span> <span class='ocrx_word' id='word_1_866' title='bbox 2619 5400 2871 5468; x_wconf 83' lang='lat' dir='ltr'><strong><em>extensi,</em></strong></span> <span class='ocrx_word' id='word_1_867' title='bbox 2913 5400 3239 5470; x_wconf 91' lang='lat' dir='ltr'><strong><em>corrigimur</em></strong></span> <span class='ocrx_word' id='word_1_868' title='bbox 3287 5395 3482 5451; x_wconf 83' lang='lat' dir='ltr'><strong><em>verbe-</em></strong></span> 
     </span>
    </p>
   </div>
   <div class='ocr_carea' id='block_1_110' title="bbox 1886 5490 3477 5566">
    <p class='ocr_par' dir='ltr' id='par_1_110' title="bbox 1886 5490 3477 5566">
     <span class='ocr_line' id='line_1_110' title="bbox 1886 5490 3477 5566; baseline -0.008 -9"><span class='ocrx_word' id='word_1_869' title='bbox 1886 5502 2023 5563; x_wconf 91' lang='lat' dir='ltr'><strong><em>rati,</em></strong></span> <span class='ocrx_word' id='word_1_870' title='bbox 2058 5495 2484 5566; x_wconf 89' lang='lat' dir='ltr'><strong><em>constringimur</em></strong></span> <span class='ocrx_word' id='word_1_871' title='bbox 2507 5492 2634 5549; x_wconf 77' lang='lat' dir='ltr'><strong><em>caesi</em></strong></span> <span class='ocrx_word' id='word_1_872' title='bbox 2667 5511 2679 5548; x_wconf 93' lang='lat'><strong>:</strong></span> <span class='ocrx_word' id='word_1_873' title='bbox 2710 5508 3071 5565; x_wconf 89' lang='lat' dir='ltr'><strong><em>caremusque</em></strong></span> <span class='ocrx_word' id='word_1_874' title='bbox 3097 5490 3441 5559; x_wconf 85' lang='lat' dir='ltr'><strong><em>squalorihus</em></strong></span> <span class='ocrx_word' id='word_1_875' title='bbox 3462 5538 3477 5561; x_wconf 89' lang='lat'><strong><em>,</em></strong></span> 
     </span>
    </p>
   </div>
   <div class='ocr_carea' id='block_1_111' title="bbox 1890 5582 3486 5659">
    <p class='ocr_par' dir='ltr' id='par_1_111' title="bbox 1890 5582 3486 5659">
     <span class='ocr_line' id='line_1_111' title="bbox 1890 5582 3486 5659; baseline -0.005 -9"><span class='ocrx_word' id='word_1_876' title='bbox 1890 5594 2019 5649; x_wconf 91' lang='lat' dir='ltr'><strong><em>dum</em></strong></span> <span class='ocrx_word' id='word_1_877' title='bbox 2047 5590 2225 5658; x_wconf 91' lang='lat' dir='ltr'><strong><em>longis</em></strong></span> <span class='ocrx_word' id='word_1_878' title='bbox 2269 5588 2487 5643; x_wconf 89' lang='lat' dir='ltr'><strong><em>casibus</em></strong></span> <span class='ocrx_word' id='word_1_879' title='bbox 2514 5586 2865 5641; x_wconf 88' lang='lat' dir='ltr'><strong><em>ventilamur.</em></strong></span> <span class='ocrx_word' id='word_1_880' title='bbox 2915 5586 3059 5659; x_wconf 82' lang='lat' dir='ltr'><strong><em>Ergo</em></strong></span> <span class='ocrx_word' id='word_1_881' title='bbox 3094 5585 3236 5638; x_wconf 88' lang='lat' dir='ltr'><strong><em>inter</em></strong></span> <span class='ocrx_word' id='word_1_882' title='bbox 3266 5582 3486 5642; x_wconf 86' lang='lat' dir='ltr'><strong><em>dolores</em></strong></span> 
     </span>
    </p>
   </div>
   <div class='ocr_carea' id='block_1_112' title="bbox 1898 5676 3494 5749">
    <p class='ocr_par' dir='ltr' id='par_1_112' title="bbox 1898 5676 3494 5749">
     <span class='ocr_line' id='line_1_112' title="bbox 1898 5676 3494 5749; baseline -0.007 -6"><span class='ocrx_word' id='word_1_883' title='bbox 1898 5678 2781 5749; x_wconf 85' lang='lat' dir='ltr'><strong><em>crebrescentes,immanibusque</em></strong></span> <span class='ocrx_word' id='word_1_884' title='bbox 2808 5679 3045 5737; x_wconf 87' lang='lat' dir='ltr'><strong><em>miseriis</em></strong></span> <span class='ocrx_word' id='word_1_885' title='bbox 3064 5676 3293 5734; x_wconf 73' lang='lat' dir='ltr'><strong><em>afTeCtos</em></strong></span> <span class='ocrx_word' id='word_1_886' title='bbox 3320 5688 3494 5747; x_wconf 88' lang='lat' dir='ltr'><strong><em>artus,</em></strong></span> 
     </span>
    </p>
   </div>
   <div class='ocr_carea' id='block_1_113' title="bbox 1900 5765 3509 5852">
    <p class='ocr_par' dir='ltr' id='par_1_113' title="bbox 1900 5765 3509 5852">
     <span class='ocr_line' id='line_1_113' title="bbox 1900 5765 3509 5852; baseline -0.007 -17"><span class='ocrx_word' id='word_1_887' title='bbox 1900 5784 2095 5852; x_wconf 83' lang='lat' dir='ltr'><strong><em>regnet</em></strong></span> <span class='ocrx_word' id='word_1_888' title='bbox 2116 5773 2327 5833; x_wconf 72' lang='lat' dir='ltr'><strong><em>C(elesti</em></strong></span> <span class='ocrx_word' id='word_1_889' title='bbox 2363 5776 2551 5846; x_wconf 85' lang='lat' dir='ltr'><strong><em>vigore</em></strong></span> <span class='ocrx_word' id='word_1_890' title='bbox 2595 5771 2810 5829; x_wconf 86' lang='lat' dir='ltr'><strong><em>robusta</em></strong></span> <span class='ocrx_word' id='word_1_891' title='bbox 2845 5776 3011 5843; x_wconf 82' lang='lat' dir='ltr'><strong><em>atque</em></strong></span> <span class='ocrx_word' id='word_1_892' title='bbox 3056 5765 3352 5831; x_wconf 81' lang='lat' dir='ltr'><strong><em>incolumis</em></strong></span> <span class='ocrx_word' id='word_1_893' title='bbox 3396 5769 3509 5823; x_wconf 81' lang='lat' dir='ltr'><strong><em>vir-</em></strong></span> 
     </span>
    </p>
   </div>
   <div class='ocr_carea' id='block_1_114' title="bbox 2948 5873 2987 5931">
    <p class='ocr_par' dir='ltr' id='par_1_114' title="bbox 2948 5873 2987 5931">
     <span class='ocr_line' id='line_1_114' title="bbox 2948 5873 2987 5931; baseline 0 0"><span class='ocrx_word' id='word_1_894' title='bbox 2948 5873 2987 5931; x_wconf 80' lang='lat'>3</span> 
     </span>
    </p>
   </div>
  </div>
