3998 6198
537 240 608 295 75
1587 237 1647 296 s.
1688 233 2071 292 lliERONYMl
2112 227 2396 290 OPERUM
2438 222 2798 284 MANTISSA.
3239 207 3245 214 ’
3751 219 3822 277 76

537 367 628 412 tus
662 374 673 410 :
709 370 813 427 qua
856 354 1104 412 ferantur
1139 352 1435 422 contraria,
1467 359 1524 408 et
1565 353 1659 408 illa
1687 351 1969 408 commoda
2001 365 2121 420 quae
2148 353 2199 414 Α
2225 350 2451 403 absente
2474 346 2676 416 exigit,
2705 342 2870 416 quod,
2903 349 2954 397 te
2981 345 3273 413 przesente,
3305 357 3414 400 non
3444 343 3819 415 praesumpsit,

541 460 812 503 vocantur
839 447 1084 503 adversa.
1112 445 1262 502 Inter
1291 446 1438 516 ipsas
1472 445 1752 516 angustias
1780 445 1996 508 sapiens
2029 441 2125 495 ad-

543 542 799 596 miniculo
827 539 1108 594 solamiuis
1135 539 1253 611 pari
1287 539 1501 594 laetatur
1529 547 1584 592 et
1622 536 1895 605 pubescit,
1927 546 1983 590 et
2011 550 2125 588 am-

541 635 737 690 bitiosa
770 634 979 692 ratione
1021 635 1311 703 ampliatur
1353 642 1408 688 et
1447 629 1598 686 vivit.
1644 629 1862 700 Ignorat
1891 621 2125 696 denique

538 744 658 797 quae
689 727 910 797 patitur,
942 725 1032 796 qui
1055 739 1266 780 memor
1296 724 1610 782 estinvicta:
1637 722 1872 787 virtutis,
1905 721 1996 790 qui
2028 720 2128 774 du-

541 830 665 873 catu
693 819 944 880 rationis,
971 818 1262 888 plerosque
1300 816 1571 886 comperit
1619 814 1783 869 fuisse
1829 812 1991 868 malis
2029 827 2126 882 op-

541 926 780 980 pressos,
809 919 862 964 et
890 909 1033 964 malo
1059 924 1158 963 suo
1199 909 1457 980 magistra
1491 908 1706 964 ratione
1749 913 1937 961 auctos
1965 915 2126 976 atque

540 1005 795 1059 nutritas.
831 1005 974 1071 Ergo
1011 1002 1106 1057 tibi
1145 1011 1327 1072 patent
1373 1001 1571 1057 solatia
1631 1000 1877 1069 rationis,
1922 1008 1982 1053 ut
2013 998 2126 1069 jam

537 1114 636 1169 pro
676 1097 983 1152 commodis
1030 1095 1293 1152 habeatur
1333 1094 1620 1151 calamitas
1667 1091 1954 1164 corporis,
1988 1107 2130 1163 qua:-

537 1208 644 1262 que
666 1190 813 1262 jacet
839 1193 1003 1245 totius
1045 1189 1297 1259 corporis
1327 1201 1505 1244 massa
1531 1186 1765 1256 captiva.
1795 1184 1904 1241 Sed
1949 1186 2130 1241 veniet

536 1284 895 1350 resurrectio,
923 1291 976 1338 te
1007 1282 1333 1338 incolumem
1363 1279 1662 1346 redditura,
1685 1294 1914 1350 quaeque
1943 1287 2052 1333 tota
2077 1279 2128 1332 in

537 1390 590 1434 te
619 1379 867 1433 membra
892 1383 1021 1430 sunt
1046 1383 1336 1440 occupata.
1363 1374 1470 1430 Sed
1501 1374 1683 1445 lingua
1711 1373 1763 1428 in
1797 1371 1986 1428 laudes
2024 1372 2130 1427 Do-

543 1473 677 1526 mini
708 1469 1028 1541 quotidiano
1055 1468 1328 1522 nutriatur
1352 1475 1643 1538 augmento
1667 1509 1682 1535 ,
1715 1470 1925 1536 c0piam
1957 1465 2131 1520 laudis

543 1568 595 1619 in
629 1566 812 1636 regnis
859 1563 1176 1619 cmlestihus
1218 1571 1523 1616 narratura.
1569 1560 1831 1615 Dominus
1863 1569 1916 1614 te
1961 1560 2130 1614 medi-

546 1659 667 1711 tina
690 1655 898 1713 cmlesti
927 1653 1233 1719 confoveat,
1257 1663 1310 1710 et
1335 1654 1437 1709 sub
1470 1652 1559 1709 tali
1587 1651 1826 1724 pondere
1848 1652 2128 1707 inﬂexibili

541 1751 742 1806 virtute
758 1750 954 1805 durare
975 1747 1268 1818 permittat.

671 1885 983 1943 MONITUM
1026 1883 1090 1939 IN
1131 1880 1514 1938 EPISTOLAM
1555 1878 2000 1947 SEQUENTEM.

616 1991 742 2045 Hatc
771 1990 832 2045 S.
870 1987 1085 2042 Maximi
1123 1983 1454 2040 Taurinensis
1474 1992 1582 2047 est,
1620 1985 1818 2037 nomine
1837 1987 1954 2056 jam
1983 1983 2130 2054 difﬁ-

544 2071 677 2118 tcnte
721 2078 740 2116 :
790 2074 1098 2132 quamquam
1139 2069 1347 2132 sanctus
1398 2056 1724 2132 Agebat-aus,
1767 2056 1898 2132 noni
1948 2056 2127 2109 διεσαίί

540 2136 778 2204 scriptor,
803 2127 902 2209 'lib.
936 2127 1112 2209 contra
1142 2127 1376 2209 t'licem
1414 2145 1527 2198 cap.
1559 2128 1647 2209 2t),
1676 2127 2131 2209 laciniamnquant

541 2197 656 2259 suis
693 2206 832 2273 infra
869 2203 993 2255 locis
1035 2201 1352 2273 notabimus,
1385 2215 1448 2273 ea;
1477 2197 1539 2251 ea
1564 2198 1889 2273 describens,
1939 2197 2131 2273 Hie-ro-

540 2278 681 2348 τιψηὶ
703 2269 810 2328 esse
841 2292 940 2326 non
968 2272 1182 2325 dubitet.
1213 2273 1407 2350 liabet,
1431 2271 1618 2336 inquit,
1654 2271 1826 2350 lector
1847 2273 1915 2325 de
1939 2269 2127 2324 eadem

543 2342 603 2401 re
632 2350 768 2400 beati
805 2345 1115 2413 Hieronymi
1147 2345 1278 2395 satis
1307 2347 1530 2413 potitum
1556 2353 1608 2394 et
1632 2342 1977 2413 enucleatum
2008 2358 2131 2394 sen-

544 2421 793 2478 tentiam,
821 2431 943 2470 cum
976 2411 1044 2469 de
1071 2413 1163 2466 illo
1189 2413 1384 2466 divinae
1415 2411 1717 2477 Scriptura).
1756 2412 1877 2465 loco
1905 2421 2126 2480 ageret,

546 2493 631 2543 ubi
662 2490 864 2542 dictum
912 2497 996 2540 est
1031 2503 1044 2540 :
1079 2485 1318 2546 Ponam,
1369 2493 1464 2536 etc.
1502 2481 1756 2536 Erasmus
1798 2484 2125 2547 econtrario,

544 2560 823 2628 cioquentis
855 2558 1094 2628 quidem,
1123 2555 1286 2628 inquit
1309 2594 1325 2628 _,
1347 2564 1394 2606 et
1424 2553 1624 2628 eruditi
1642 2552 1869 2628 homin-is
1901 2555 2000 2623 fuit
2021 2551 2129 2607 Itazc

545 2621 877 2706 tqiistoitz:_ac
899 2621 1198 2706 diligentes
1219 2621 1498 2706 elaborata,
1536 2625 1633 2706 sed.
1668 2621 2069 2706 ita_tiiscrepatts
2099 2641 2130 2676 a

547 2694 1200 2777 plu-asiHieronymianu,
1229 2703 1283 2748 ut
1322 2711 1413 2748 nec
1439 2694 1522 2777 hic
1553 2694 2002 2777 ibitis-dictionem
2032 2711 2128 2777 po-

548 2764 696 2826 tuerit
727 2764 1030 2834 intitari,'si
1061 2765 1332 2830 uoluisset,
1378 2782 1465 2819 nec
1496 2766 1650 2834 ltujus
1689 2765 1801 2820 ille.
1840 2764 1903 2818 In
1945 2764 2132 2835 pleris-

549 2861 645 2907 que
667 2841 927 2895 codicibus
949 2837 1149 2892 nullum
1178 2837 1478 2908 prtefcrebat
1512 2853 1714 2904 nomen,
1741 2839 1796 2890 in
1822 2838 2130 2906 quibusdam

553 2915 896 2984 Ctesiphontis
917 2921 1027 2984 erat
1050 2911 1303 2984 additum.
1346 2908 1448 2962 Nec
1476 2909 1527 2961 in
1557 2909 1672 2984 ipsa
1695 2909 1909 2984 cpistola
1936 2911 1995 2984 fit
2020 2908 2126 2984 alia

549 2978 738 3039 mentio
762 2987 898 3056 ejus,
928 2983 996 3035 ad
1034 2997 1182 3062 quem
1205 2982 1395 3062 scripta
1417 2992 1515 3034 est.
1545 2978 1932 3062 Μςηιξρηαςιίςηι
1962 2980 2124 3062 βιηδ.

552 3049 835 3123 Ambrosii,
881 3049 1372 3124 atque'inrenttonis
1419 3051 1648 3120 corporis
1680 3051 1789 3106 SS.
1821 3049 2054 3107 Gervasii
2083 3063 2130 3106 et

555 3128 807 3185 Protasii.

1113 3214 1444 3271 EPISTULA
1491 3213 1578 3268 Vl.

1043 3325 1112 3366 AD
1149 3322 1349 3363 Αιιιοωι
1388 3319 1667 3362 EGROTUI.

1107 3402 1186 3456 De
1211 3402 1317 3454 viro
1346 3397 1606 3469 Perfecto.

628 3502 767 3557 Ecce
798 3499 995 3555 iterum
1037 3494 1104 3549 ad
1142 3502 1197 3548 te
1235 3491 1440 3556 scribo,
1484 3501 1538 3545 et
1564 3489 1699 3546 nihil
1733 3487 1956 3562 dignum
1996 3490 2140 3561 quod

558 3593 902 3664 prudentiam
937 3599 1081 3644 tuam
1132 3586 1312 3657 legere
1349 3584 1538 3640 deceat
1581 3583 1802 3638 invenio
1847 3601 1857 3634 :
1908 3595 1963 3638 et
2009 3585 2138 3654 quid

563 3687 754 3742 mirum
786 3684 853 3747 si,
878 3692 930 3737 te
953 3679 1060 3751 (At.
1095 3687 1197 3731 tac.
1227 3675 1300 3747 te]
1330 3676 1579 3741 absente,
1607 3675 1754 3731 velut
1777 3691 1807 3731 a
1837 3675 1954 3732 sole
1975 3675 2143 3732 desti-

565 3790 739 3836 tutum
762 3819 776 3842 ,
807 3775 984 3847 frigidi
1010 3772 1193 3828 cordis
1232 3771 1374 3840 alget
1410 3770 1705 3840 ingenium,
1736 3777 1792 3825 et
1808 3785 1965 3825 mens
1994 3785 2025 3824 a
2062 3771 2142 3826 lu-

566 3875 712 3931 mine
738 3871 1048 3944 peregrina,
1078 3865 1324 3922 stultitim
1351 3865 1534 3919 nubilo
1561 3863 1817 3920 suﬁ‘ocata
1849 3869 2139 3935 torpescit,

565 3987 631 4024 ac
655 3977 804 4023 tanto
836 3963 1015 4017 minus
1051 3959 1234 4026 sapio,
1277 3966 1483 4027 quanto
1522 3971 1552 4011 a
1597 3964 1648 4011 te
1683 3955 1843 4010 latius
1881 3958 2143 4027 separor?

562 4062 718 4133 Quod
747 4061 790 4116 si
823 4052 1310 4128 imprmsentiarum
1353 4049 1481 4119 qttid
1514 4050 1613 4105 tibi
1649 4051 1700 4104 in
1733 4066 1856 4106 meo
1893 4066 2146 4107 sermone

567 4155 861 4230 placuerit,
909 4151 1015 4204 tuis
1045 4145 1178 4201 milii
1209 4142 1548 4199 orationibus
1581 4141 1947 4212 prtestabitur.
1987 4144 2146 4198 Deni-

563 4267 670 4322 que
698 4259 756 4305 ut
781 4259 997 4302 omnem
1029 4240 1318 4296 stultitiam
1353 4253 1526 4292 meam
1559 4235 1874 4306 diligentius
1894 4251 2147 4306 recogno-

563 4358 684 4399 scas
719 4360 730 4396 :
763 4338 925 4396 etiam
958 4331 1294 4390 stomachum
1329 4344 1506 4384 meum
1532 4337 1659 4398 post
1685 4327 1818 4383 illud
1841 4339 2146 4399 susceptum

565 4444 830 4499 ceratum,
864 4439 1033 4492 tuum,
1068 4435 1118 4480 te
1147 4424 1393 4484 absente,
1426 4421 1632 4486 curavi,
1661 4436 1688 4472 a
1722 4435 1828 4491 quo
1853 4420 2007 4492 pejus
2036 4437 2147 4476 me-

2225 451 2292 496 ut-
2313 440 2584 510 intelligas
2604 440 2649 493 si
2678 437 2806 508 quid
2838 436 2977 506 apud
3002 445 3054 492 te
3077 437 3237 508 juxta
3268 439 3432 494 Deum
3463 439 3639 509 sapui,
3667 447 3822 492 tuum

2223 534 2390 589 fuisse
2420 533 2561 603 quod
2589 533 2768 601 sapui.
2796 530 2887 586 Sic
2916 529 3123 585 absente
3151 529 3335 603 Moyse
3353 574 3367 598 ,
3398 533 3622 604 populus
3651 530 3824 587 Israe-

2225 626 2394 681 liticus
2434 625 2722 695 fornicatur
2751 626 2946 696 (Exod.
2977 645 3151 696 xxxtt,
3183 630 3234 700 l)
3272 648 3286 685 :
3315 632 3390 684 sic
3433 632 3485 684 in
3521 633 3661 696 nari,
3707 629 3822 682 Do-

2225 719 2366 771 mino
2397 717 2706 785 dormiente,
2732 725 2957 788 apostoli
2979 733 3275 793 tempestate
3293 723 3570 778 turbantur
3599 721 3820 795 (Matth.

2223 815 2344 881 vm)
2379 813 2500 868 :sic
2541 813 2592 866 in
2634 812 2932 871 Bethsaidte
2971 818 3255 890 porticibus
3293 818 3553 873 hominem
3597 836 3697 872 non
3727 817 3828 871 Ita-

2221 904 2420 959 bentem
2459 922 2592 973 aqua
2635 910 2849 976 piscina:
2893 910 3140 964 salutaris
3170 911 3373 982 ignorat
3407 909 3595 978 (Ioan.
3625 926 3691 976 v,
3734 911 3822 979 4).

2227 999 2560 1070 Quamquam
2592 1013 2646 1058 et
2678 1003 2768 1058 hic
2794 1005 2940 1060 a‘liud
2966 1019 3138 1076 genus
3166 1005 3338 1076 culpae
3368 1005 3667 1062 advertam.
3689 1005 3827 1062 Cor-

2225 1092 2510 1162 pusculum
2537 1096 2748 1161 curavi,
2773 1113 2893 1150 cum
2923 1098 3105 1152 anima
3135 1098 3414 1167 langueret
3445 1116 3459 1155 :
3489 1101 3826 1154 exteriorem

2231 1185 2506 1240 hominem
2556 1188 2694 1254 fovi,
2732 1203 2854 1243 cum
2898 1191 3124 1245 interior
3170 1197 3459 1262 egrotaret
3507 1211 3521 1246 :
3569 1191 3828 1247 humanis

2229 1275 2458 1330 Subveni
2479 1323 2491 1344 ,
2541 1293 2660 1333 cum
2690 1279 2869 1334 divina
2902 1281 3243 1345 laborarent,
3271 1282 3402 1337 vitio
3435 1283 3658 1352 publica:
3687 1300 3827 1339 con-

2231 1372 2533 1427 suetudinis
2565 1374 2880 1443 inclinatus,
2914 1387 3229 1447 (11100")!!th
3259 1391 3441 1433 sumus
3485 1378 3534 1432 in
3575 1379 3828 1433 minimis

2229 1464 2402 1530 cauti,
2431 1472 2489 1517 et
2522 1465 2573 1518 in
2606 1468 2852 1521 maximis
2891 1469 3244 1540 negligentes.
3296 1469 3515 1540 linoque
3557 1470 3678 1524 ideo
3725 1470 3825 1537 Iit,

2231 1555 2352 1624 quia
2383 1556 2470 1610 ubi
2499 1572 2623 1610 vera
2650 1559 2760 1610 vita
2789 1559 2860 1613 sit
2890 1559 3224 1628 ignoramus.
3255 1559 3414 1614 Fallit
3440 1577 3538 1615 nos
3565 1561 3830 1617 videlicet

2231 1649 2313 1702 sol
2339 1649 2472 1714 iste,
2499 1649 2697 1720 decipit
2722 1651 2837 1707 dies
2861 1653 2980 1718 ista,
3026 1661 3229 1707 tractus
3265 1660 3360 1708 nos
3393 1653 3492 1708 iste
3522 1656 3829 1709 circumve-

2159 1737 2206 1797 B
2233 1742 2332 1794 nit.
2361 1741 2588 1796 Mundus
2621 1743 2854 1811 inducit,
2883 1745 3009 1800 dum
3056 1756 3112 1802 et
3141 1746 3256 1802 sole
3301 1747 3533 1816 amplius
3578 1761 3700 1802 esse
3749 1749 3826 1802 nil

2231 1843 2502 1904 putamus,
2535 1844 2589 1890 et
2636 1836 2809 1890 lucem
2849 1839 3172 1894 arbitramur
3201 1854 3321 1894 esse
3353 1853 3510 1909 quam
3545 1842 3716 1896 oculis
3745 1843 3832 1896 vi-

2229 1926 2422 1982 demus
2456 1945 2471 1983 :
2519 1939 2572 1982 et
2613 1928 2886 1985 hominem
2928 1931 3231 1999 iudicamus
3258 1947 3408 2000 esse,
3454 1948 3612 2003 quem
3654 1934 3835 1988 cerni-

2235 2035 2355 2072 mus
2381 2036 2398 2072 :
2421 2032 2473 2073 et
2505 2022 2761 2076 mund-um
2795 2023 3065 2078 credimus
3101 2023 3285 2080 facere
3329 2041 3449 2080 cum
3481 2025 3622 2094 vita,
3673 2028 3832 2097 igno-

2232 2121 2415 2166 rantes
2446 2111 2535 2165 ubi
2563 2117 2637 2168 sit
2665 2113 2855 2181 homo,
2883 2125 2938 2170 et
2967 2115 3093 2186 quid
3125 2119 3194 2170 sit
3241 2117 3430 2183 homo,
3461 2127 3516 2173 et
3542 2133 3663 2188 qua:
3710 2122 3834 2189 ejus

2233 2203 2469 2258 hominis
2497 2205 2602 2257 vita
2636 2206 2705 2258 sit
2739 2208 2918 2275 :quod
2953 2210 2994 2260 si
3037 2209 3484 2278 intelligeremus,
3526 2225 3631 2264 non
3684 2210 3836 2266 aliud

2230 2296 2472 2365 generati
2505 2296 2651 2350 aliud
2681 2297 3004 2353 viveremus.
3041 2299 3114 2354 lta
3155 2299 3283 2355 vitm
3325 2301 3531 2372 origine
3573 2303 3792 2357 deserta
3819 2345 3834 2371 ,

2232 2391 2447 2444 vivendi
2487 2406 2700 2461 quoque
2746 2393 3083 2462 perdidimus
3131 2395 3420 2450 rationem.
3473 2397 3550 2451 Ac
3598 2399 3837 2467 primum

2231 2483 2324 2536 ubi
2359 2483 2518 2536 homo
2547 2483 2617 2536 sit
2649 2484 2773 2550 iste,
2808 2483 2876 2538 de
2901 2501 3009 2552 quo
3032 2486 3320 2554 loquimur,
3348 2485 3656 2541 audiamus.

2340 2575 2379 2628 l.
2465 2575 2734 2642 Quoniam
2812 2577 3226 2647 disputationem
3304 2580 3591 2650 quamdam
3671 2580 3834 2635 nobis

2232 2662 2345 2735 ipsa
2388 2664 2587 2720 divisio
2623 2668 2900 2736 generavit
2926 2685 3084 2738 quem
3125 2669 3298 2742 (Fort.
3337 2669 3637 2742 hominem]
3687 2673 3836 2727 intra

2233 2758 2337 2814 hoc
2375 2775 2606 2831 corpus:
2644 2761 2787 2831 quod
2831 2762 2923 2818 Dei
2967 2765 3194 2820 artiﬁcis
3227 2780 3385 2820 manu
3426 2781 3456 2820 e
3504 2767 3636 2820 limo
3675 2775 3842 2822 terra:

2233 2851 2518 2906 (armatum
2593 2863 2732 2918 est,
2811 2855 2956 2910 velut
3018 2858 3250 2924 quodam
3313 2858 3534 2912 vasculo
3592 2859 3839 2930 intellige

2231 2947 2523 3012 eotttineri,
2581 2947 2794 3002 dicente
2835 2949 3098 3016 Apostolo
3155 2968 3168 3005 :
3217 2938 3484 3006 Habemus
3523 2951 3834 3006 thesaurum

2231 3039 2389 3091 istaut
2428 3040 2480 3092 in
2520 3041 2656 3093 rasis
2693 3041 2936 3108 ﬁctilibus
2987 3041 3049 3111 (Il
3083 3043 3203 3097 Cor.
3264 3062 3313 3098 tv
3339 3085 3354 3111 ,
3405 3047 3504 3115 7):
3559 3046 3650 3116 qui
3713 3047 3839 3101 ubi-

2163 3121 2208 3184 C
2239 3145 2342 3201 que
2376 3146 2470 3200 per
2499 3130 2600 3186 hoc
2623 3148 2821 3204 corpus
2849 3134 3076 3200 infusus,
3109 3137 3325 3192 vitalem
3354 3153 3572 3193 sensum
3606 3141 3697 3206 qui
3731 3141 3838 3194 sibi

2240 3237 2350 3276 non
2380 3222 2582 3288 deﬁcit,
2609 3237 2729 3278 cum
2753 3241 2918 3280 carne
2949 3237 3223 3282 mutuatus
3243 3238 3343 3284 est.
3376 3227 3532 3299 Rt-git
3561 3231 3697 3298 ipse,
3731 3247 3843 3286 non

2242 3315 2468 3383 regitur,
2491 3325 2546 3368 et
2573 3313 2736 3369 habet
2761 3316 2941 3385 potius
2972 3334 3136 3388 quam
3165 3319 3424 3375 habettIr:
3461 3327 3519 3374 ut
3540 3323 3704 3376 vitam
3735 3339 3841 3377 non

2242 3405 2488 3474 accipiat,
2521 3406 2617 3461 sed
2647 3407 2935 3463 ministret.
2963 3410 3094 3465 Nam
3121 3426 3243 3466 cum
3273 3422 3544 3468 terrenam
3571 3412 3730 3468 istam
3757 3415 3844 3485 pi-

2240 3512 2501 3567 grumque
2531 3499 2808 3554 materiam
2843 3501 2896 3555 in
2929 3515 3080 3557 usum
3104 3504 3391 3560 ministerii
3420 3518 3692 3574 sumptam
3724 3509 3843 3579 spi-

2243 3591 2377 3646 ritus
2423 3591 2653 3662 liquidus
2691 3596 2978 3660 animaret,
3022 3597 3080 3652 tit
3115 3599 3368 3655 dominus
3404 3604 3684 3671 corporis,
3734 3619 3842 3659 non

2242 3683 2404 3738 homo
2433 3688 2533 3739 sub
2561 3701 2806 3756 corpore.
2845 3689 3081 3759 Denique
3112 3691 3216 3747 hoc
3245 3693 3389 3762 quod
3419 3693 3529 3748 dixi
3560 3698 3844 3753 vasculum

2244 3777 2360 3848 ipso
2406 3777 2510 3847 (At.
2543 3795 2641 3847 pro
2682 3780 2817 3851 ipso]
2858 3782 2990 3835 vivit
3023 3795 3313 3851 pra-settle,
3356 3796 3412 3840 et
3460 3785 3578 3856 ipso
3610 3789 3847 3844 moritur

2243 3870 2496 3925 abeunte.
2529 3870 2628 3924 llic
2649 3886 2778 3942 ergo
2809 3881 2863 3926 et
2893 3873 3122 3928 visibilis
3149 3884 3202 3929 et
3233 3876 3493 3942 caducus,
3524 3878 3669 3933 illius
3702 3881 3846 3936 inte—

2247 3961 2407 4016 rioris
2433 3963 2519 4017 vel
2547 3962 2826 4032 habitatio,
2863 3965 2947 4020 vel
2969 3967 3236 4035 minister,
3265 3969 3356 4024 vel
3381 3970 3571 4039 vagina
3597 3973 3847 4044 est.Ipse

2251 4070 2404 4121 vero,
2427 4057 2517 4126 qui
2545 4069 2776 4115 vereest
2802 4059 2986 4130 homo,
3012 4064 3266 4131 quoniam
3297 4066 3846 4143 (ALIacetquoniamj

2246 4149 2324 4204 sic
2351 4149 2620 4204 secundus
2649 4150 2803 4207 factae
2830 4153 3112 4210 divisionis
3141 4167 3222 4212 est
3257 4158 3426 4223 locus,
3460 4170 3518 4215 ut
3551 4163 3663 4230 ipse
3700 4163 3850 4218 invi-

2245 4242 2441 4308 sibilis,
2492 4242 2561 4296 ita
2599 4246 2778 4299 omnia
2817 4249 2933 4314 ejus
2979 4248 3265 4304 invisibilia
3299 4253 3429 4318 sint,
3463 4263 3687 4310 necesse
3731 4267 3843 4313 est.

2246 4333 2364 4390 Non
2391 4334 2457 4389 ad
2483 4335 2633 4391 illum
2678 4339 2721 4392 si
2751 4348 2995 4408 aegrotat,
3025 4357 3220 4399 manus
3241 4344 3381 4400 valet
3415 4348 3701 4415 pervenire
3729 4365 3850 4406 me-

2249 4429 2494 4482 dicorum
2518 4447 2528 4479 :
2555 4445 2660 4483 non
2697 4431 2984 4486 herbarum
3019 4435 3197 4490 succis
3234 4437 3279 4491 si
3319 4437 3503 4493 deficit
3530 4453 3844 4510 reparatur.

567 4547 689 4590 reor
714 4528 822 4601 pati
859 4543 870 4579 :
921 4523 1004 4577 cui
1047 4525 1171 4590 post
1216 4526 1462 4570 sanctum
1506 4513 1861 4568 ministerium
1907 4523 2056 4569 tuum
2099 4525 2151 4570 et
2178 4508 2227 4568 D
2253 4520 2394 4574 Nihil
2421 4521 2486 4576 ad
2511 4537 2633 4577 eum
2662 4539 2985 4593 corporeum
3021 4528 3220 4584 intrare
3265 4541 3484 4601 potest:
3517 4508 3851 4594 substantice

565 4625 864 4699 angelicam
893 4615 1207 4673 servitutem
1230 4625 1419 4664 manus
1444 4606 1596 4662 intuli
1621 4607 1974 4676 medicorum,
1998 4610 2151 4680 quasi

572 4720 833 4792 propheta
867 4725 972 4768 non
991 4715 1136 4764 esset
1160 4705 1212 4760 in
1240 4701 1398 4758 Israel
1417 4743 1430 4766 ,
1454 4711 1515 4756 ut
1542 4699 1674 4755 mihi
1702 4700 1746 4756 si
1769 4700 1893 4772 quid
1921 4711 2150 4771 paterer,

570 4813 776 4867 tut-ilius
801 4821 921 4863 esse
952 4799 1199 4857 debuerit
1224 4795 1290 4852 ad
1318 4804 1369 4850 te
1407 4793 1644 4861 reverti,
1679 4809 1836 4862 quam
1879 4795 2157 4864 gentiliter

566 4907 809 4974 rogitare
854 4918 866 4951 :
899 4909 954 4953 et
985 4891 1175 4948 melius
1205 4888 1288 4944 vel
1330 4883 1634 4942 dillicillimi
1673 4885 1880 4942 itineris
1909 4885 2148 4943 laborem

572 4996 987 5069 perpeti,quam
1027 4991 1346 5055 conspectus
1393 4980 1467 5034 tui
1513 4988 1619 5034 tam
1664 4981 1898 5050 pretiosa
1941 4980 2154 5037 visione

573 5086 841 5151 fraudari,
866 5094 922 5137 ut
946 5078 1149 5150 quasvis
1187 5074 1364 5146 potius
1401 5074 1772 5142 compensatio
1808 5082 2148 5144 sequeretur,

570 5197 730 5256 quam
783 5177 848 5233 ad
899 5186 1137 5230 muscam
1195 5166 1475 5238 religionis
1517 5167 1760 5221 Accaron
1807 5165 2150 5222 devenirem.

569 5281 695 5334 il;r.c
723 5270 879 5336 mihi,
904 5275 956 5321 te
984 5264 1228 5325 absente,
1259 5258 1488 5312 mundus
1511 5257 1614 5313 iste
1644 5257 2066 5329 suggessit,qui,
2102 5270 2154 5317 te

570 5376 858 5446 praesente,
884 5363 936 5416 in
965 5374 1050 5413 me
1071 5370 1176 5410 non
1204 5353 1436 5408 habebat
1455 5352 1758 5409 consilium.
1793 5353 1870 5408 Tu
1895 5369 1980 5408 me
2008 5356 2151 5410 enim

571 5470 774 5525 curiam
804 5465 1010 5518 feceras
1039 5449 1444 5525 prophetarum,
1490 5463 1595 5503 non
1619 5449 2053 5505 conventiculum
2083 5451 2156 5504 si-

572 5573 849 5619 renarum.
885 5556 953 5607 At
996 5562 1134 5603 nunc
1173 5544 1227 5599 in
1275 5557 1362 5598 mc
1405 5541 1471 5595 ad
1515 5541 1940 5596 destructionem
1986 5542 2157 5596 sancti

574 5662 759 5711 contra
789 5663 876 5703 me
903 5641 1084 5712 cperis
1113 5637 1185 5692 tui
1214 5635 1395 5690 omnis
1419 5632 1664 5688 stultitia:
1709 5646 1929 5690 senatus
1977 5633 2156 5703 ingre-

569 5747 745 5809 diens,
773 5731 1108 5810 quadruplici
1141 5729 1312 5784 forma
1349 5740 1559 5781 mecum
1584 5725 1714 5795 agit.
1747 5724 1880 5784 Nam
1907 5726 2060 5782 fenus
2088 5725 2156 5782 de

2257 4625 2462 4670 tantum
2493 4633 2604 4672 sua:
2636 4618 2711 4673 illi
2735 4620 3036 4679 similitudo
3057 4624 3359 4694 descendit,
3393 4628 3560 4683 verbo
3591 4639 3848 4699 curatur,

2255 4709 2562 4766 obedientia
2589 4714 2940 4770 convalescit.
2975 4717 3214 4789 Denique
3241 4735 3364 4775 cum
3394 4722 3498 4778 sibi
3525 4724 3576 4778 in
3599 4724 3849 4782 EcClesia

2252 4801 2573 4859 Laodicensi
2602 4812 2659 4860 et
2681 4805 2893 4872 beatus,
2940 4818 2992 4864 et
3030 4809 3202 4875 dives,
3233 4820 3288 4867 et
3316 4814 3453 4869 bene
3481 4816 3760 4885 oculatus,
3793 4829 3852 4875 et

2255 4898 2393 4953 bene
2430 4896 2656 4952 vestitus
2695 4899 2991 4955 secundum
3023 4905 3345 4960 exteriorem
3375 4907 3651 4964 hominem
3684 4912 3851 4968 vide-

2255 5002 2426 5054 retur,
2476 4991 2782 5059 increpatur
2824 5007 2852 5045 a
2886 4993 3134 5063 Domino,
3169 4998 3477 5069 diciturque
3509 5003 3624 5056 illi:
3655 5003 3852 5062 Nescis

2255 5082 2376 5150 quia
2407 5093 2459 5135 tu
2485 5101 2534 5137 es
2567 5087 2720 5141 miser
2747 5097 2792 5141 et
2831 5088 3161 5152 miserabilis,
3206 5100 3252 5145 et
3280 5108 3479 5163 pauper
3498 5104 3544 5147 et
3576 5113 3762 5163 crocus,
3802 5109 3850 5154 et

2258 5178 2429 5231 nudus
2470 5179 2652 5246 (Apoc.
2685 5197 2764 5244 tu,
2800 5181 2925 5251 17)?
2953 5184 3053 5250 Qui
3087 5186 3290 5254 utique,
3327 5195 3382 5240 ut
3419 5185 3552 5251 dixi,
3600 5206 3699 5246 nec
3723 5193 3850 5249 sine

2258 5276 2428 5332 veste,
2462 5287 2563 5326 nec
2599 5273 2716 5327 sine
2745 5274 2940 5338 oculis,
2982 5291 3081 5332 nec
3125 5277 3243 5332 sine
3271 5277 3474 5332 divitiis
3520 5280 3850 5344 habebatur.

2258 5361 2362 5416 Sed
2395 5363 2483 5418 ille
2515 5366 2801 5421 invisibilis
2827 5368 2965 5424 Deus
2995 5380 3182 5427 noster
3204 5373 3348 5426 illum
3384 5372 3716 5433 invisibilem
3743 5380 3846 5435 lto-

2261 5453 2461 5507 minem
2495 5455 2546 5509 in
2577 5468 2913 5526 paupertate,
2962 5463 3012 5518 in
3055 5466 3317 5530 caecitate,
3352 5464 3404 5518 in
3434 5466 3680 5525 nuditate
3725 5487 3854 5530 esse

2259 5547 2562 5602 cernebat:
2605 5551 2688 5603 cui
2731 5554 2894 5609 etiatu
2930 5558 3158 5613 suadere
3196 5559 3463 5628 dignatur,
3499 5572 3561 5616 ut
3609 5567 3679 5619 ah
3726 5567 3856 5637 ipso

2259 5654 2446 5692 aurum
2479 5648 2746 5696 mercetur
2787 5645 3034 5715 ignitum,
3063 5659 3119 5705 et
3148 5662 3350 5706 vestem
3382 5652 3558 5708 albam
3591 5672 3699 5726 qua
3735 5661 3857 5730 glo-

2261 5729 2562 5788 riosissime
2587 5733 2870 5807 vestiatur,
2890 5742 3244 5815 etcollyrium
3268 5759 3374 5814 quo
3393 5747 3630 5818 recipiat
3647 5729 3856 5812 visum.
