3998 6198
285 221 354 278 77
1248 225 1584 285 EPISTOLA
1626 227 1712 283 VI.
1754 227 1845 283 AD
1883 224 2150 283 AMICUM
2188 224 2578 287 EGROTUM.
3491 233 3558 289 78

282 340 461 398 liabet
488 357 620 416 ergo
642 353 696 401 et
718 356 844 400 suos
870 344 1052 401 oculos
1079 348 1426 416 praeteristos
1442 346 1708 411 carnales,
1732 356 1864 414 quos
1892 347 1942 405 Α
1969 344 2110 397 niam
2142 345 2421 413 paululum
2452 346 2671 416 dejecto
2694 346 2844 402 velut
2860 347 3063 417 pariete
3091 347 3159 403 ad
3183 347 3340 405 illum
3375 348 3558 403 invisi-

282 446 468 508 potest
484 440 567 494 vel
595 440 838 497 amittere
868 442 954 495 vel
982 457 1200 496 curare:
1223 453 1273 496 et
1306 442 1559 511 estjuxta
1584 456 1642 495 se
1670 440 1862 505 nudus,

281 531 424 586 adeo
453 543 511 586 ut
538 544 693 603 egeat
719 535 1080 590 vestimento:
1114 535 1211 591 sed
1243 535 1380 590 miro
1410 533 1574 589 modo
1602 532 1665 587 ad
1698 533 1867 588 medi-

283 638 427 685 cum,
462 634 517 678 ut
548 628 663 695 ipse
686 628 760 681 ait
790 627 1068 695 Dominus,
1094 628 1358 698 loquitur,
1390 636 1445 682 et
1478 627 1630 697 jubet
1659 625 1811 681 illum
1837 640 1868 680 a

280 732 343 772 se
376 718 593 774 divitias
624 732 966 793 comparare.
1000 721 1209 791 Quibus
1237 721 1510 777 mercibus
1536 723 1579 775 si
1612 729 1667 776 et
1697 720 1871 775 nudus

278 820 333 865 et
361 826 567 883 pauper
606 823 723 879 est,
770 815 855 868 vel
903 815 1052 869 illam
1079 825 1286 870 vestem
1333 815 1748 880 nobilissimam,
1782 811 1873 867 vel

276 901 414 958 illud
456 921 649 960 aurum
697 916 988 977 purgatum
1017 906 1126 977 jam
1166 908 1289 977 igne
1318 907 1681 963 mercabitur?
1719 906 1873 963 Unde

276 998 600 1053 commercii
642 998 770 1053 talis
812 1001 1011 1069 poterit
1050 1016 1170 1055 esse
1216 1000 1497 1070 impensa?
1531 990 1781 1055 videlicet
1826 1001 1872 1054 si

278 1098 376 1145 aut
403 1090 692 1145 exterioris
724 1091 965 1146 hominis
994 1094 1357 1147 emolumenta
1386 1092 1733 1156 transfoveat,
1776 1099 1871 1144 aut

276 1182 412 1252 ipsis
451 1183 648 1251 quibus
688 1184 803 1251 ipse
843 1184 999 1238 dives
1040 1182 1345 1238 forinsecus
1396 1183 1713 1247 videbatur,
1757 1198 1863 1237 non

275 1272 481 1329 utendo
520 1274 787 1329 ditescat:
830 1276 1126 1345 oculosque
1164 1275 1436 1344 corporis,
1479 1273 1673 1343 quibus
1709 1288 1865 1328 mun-

266 1366 493 1422 dialium
543 1367 853 1438 rapiebatur
880 1369 1094 1433 ardore,
1135 1369 1399 1440 despectu
1444 1380 1714 1439 corruptae
1746 1369 1864 1423 uni-

266 1462 553 1517 versitatis
575 1462 833 1517 obcaecet.
857 1460 1045 1516 Itaille
1074 1463 1360 1517 invisibilis
1382 1462 1569 1525 homo,
1594 1461 1686 1532 qui
1709 1476 1854 1527 vere,

268 1565 331 1610 ut
360 1554 626 1622 diximus,
660 1553 821 1609 homo
853 1564 959 1619 est,
994 1561 1049 1608 et
1077 1556 1127 1608 in
1173 1564 1491 1625 contemptu
1521 1555 1683 1624 hujus
1709 1563 1860 1611 exte—

266 1646 435 1702 rioris
460 1646 747 1711 attollitur,
777 1655 829 1700 et
852 1646 1093 1701 nuditate
1108 1647 1358 1711 vcstitur,
1383 1657 1432 1701 et
1467 1648 1713 1702 caecitate
1737 1648 1859 1701 illu-

1970 434 2130 489 bilem
2152 436 2427 491 hominem
2455 438 2823 506 disputatione
2839 438 3078 509 perveni)
3102 454 3305 507 corpus
3330 440 3559 495 omnino

1968 528 2277 595 destruere,
2310 531 2453 599 quod
2499 532 2634 587 adeo
2683 535 2860 604 magni
2899 542 2983 589 est
3031 534 3375 602 sacramenti,
3413 544 3468 590 ut
3498 533 3551 590 in

1972 621 2074 677 hoc
2102 621 2244 692 ipso,
2272 622 2324 677 id
2352 633 2458 687 est,
2490 623 2543 679 in
2565 636 2756 681 nostro
2772 625 2942 695 fragili
2972 635 3026 681 et
3053 626 3267 684 inﬁrmo
3292 627 3552 683 Dominus

1973 717 2206 780 venerit,
2233 730 2339 770 non
2373 717 2476 772 hnc
2514 721 2621 789 egi,
2654 730 2745 773 aut
2772 720 2875 775 hoc
2904 735 3006 790 ago
3037 738 3051 773 :
3085 721 3181 775 sed
3214 722 3345 776 illud
3374 731 3556 777 osten-

1978 807 2107 863 dere
2139 810 2367 876 tentavi,
2392 808 2555 879 hujus
2580 811 2867 866 exterioris
2889 814 3082 877 vitam,
3107 813 3254 867 illius
3282 814 3555 869 interioris

1976 902 2083 956 vita
2129 903 2469 957 consistere:
2504 903 2720 973 iterum,
2762 904 3038 959 interioris
3065 916 3297 961 mortem
3326 905 3553 963 descen-

1975 994 2106 1049 dere
2134 995 2292 1063 hnjus
2322 996 2391 1051 de
2423 1007 2636 1052 morte:
2671 998 2758 1052 ubi
2792 998 3137 1068 propinatum
3168 1012 3430 1055 venenum
3458 1012 3557 1071 per

1973 1088 2099 1141 vitia
2134 1089 2312 1155 fuerit,
2346 1091 2481 1145 nihil
2521 1091 2724 1147 habere
2750 1092 2913 1146 istum
2943 1094 3013 1149 de
3036 1095 3145 1150 vita
3176 1112 3190 1147 :
3219 1096 3323 1149 nisi
3366 1096 3436 1149 ab
3463 1097 3556 1151 illo

1970 1180 2229 1249 irrigatus
2254 1182 2439 1249 fuerit,
2458 1182 2595 1238 nihil
2624 1194 2844 1241 tenere:
2873 1187 3214 1259 alterumque
3234 1192 3288 1244 lu
3309 1190 3554 1245 naturam

1967 1274 2211 1342 alterius,
2268 1283 2325 1330 ut
2350 1275 2485 1341 dixi,
2517 1287 2616 1331 aut
2654 1276 2917 1334 infectum
2951 1281 3120 1349 vitiis,
3161 1292 3253 1336 aut
3280 1282 3555 1339 detersum

1965 1367 2164 1423 virtute
2190 1369 2440 1425 transire.
2465 1368 2635 1440 Igitur
2664 1371 2920 1439 quoniam
2947 1372 3059 1442 jam
3088 1382 3143 1429 et
3168 1374 3259 1429 ubi
3282 1375 3353 1429 sit
3373 1376 3556 1445 homo,

1964 1467 2020 1512 et
2059 1460 2186 1530 quid
2232 1464 2301 1515 sit
2333 1461 2517 1528 homo,
2550 1464 2787 1518 breviter
2835 1464 2962 1518 licet
2990 1466 3233 1535 ostendi,
3264 1482 3387 1536 qm
3414 1483 3561 1523 nunc

1963 1550 2082 1621 ejus
2109 1551 2343 1608 hominis
2370 1554 2478 1608 vita
2512 1555 2605 1619 sit,
2642 1556 2947 1613 videamus.

2034 1644 2098 1698 II.
2138 1642 2195 1701 Si
2243 1648 2389 1701 enim
2436 1647 2541 1702 ista
2582 1659 2734 1703 certe
2763 1652 3053 1707 mundialis
3083 1654 3218 1722 vita,
3250 1670 3371 1726 qua:
3414 1658 3555 1712 mala

264 1740 526 1795 minatur.
553 1739 645 1794 Sic
671 1739 859 1807 Jacob,
895 1741 1153 1810 Ephraim
1185 1753 1238 1796 et
1268 1742 1575 1807 Manassen,
1596 1747 1855 1813 nepotum
1885 1736 1935 1797 B
1962 1752 2059 1808 pro
2078 1739 2232 1793 bonis
2254 1740 2435 1803 habet,
2467 1752 2524 1797 et
2544 1742 2685 1797 bona
2716 1758 2813 1813 pro
2837 1747 3015 1809 malis,
3046 1763 3208 1817 quam
3235 1758 3381 1805 totus
3402 1752 3554 1806 orbis

264 1848 511 1900 suorum,
547 1850 653 1889 non
684 1835 859 1889 solum
908 1836 1049 1903 loca,
1086 1850 1275 1890 verum
1309 1838 1469 1891 etiam
1503 1837 1713 1901 merita,
1741 1851 1862 1891 cur-

264 1941 429 1998 porea
456 1927 702 1983 ctecitate
730 1927 991 1983 cernebat
1025 1927 1181 1999 (Gen.
1212 1944 1396 1992 vant,
1430 1929 1542 2000 li).
1572 1927 1707 1983 Nam
1738 1944 1860 1982 cum

266 2021 419 2073 illum
453 2018 657 2090 Ioseph
691 2018 837 2075 ﬁlius
892 2036 1043 2087 suus,
1089 2021 1179 2091 qui
1225 2020 1567 2091 supradictas
1605 2020 1864 2090 parvulos

262 2112 551 2179 olTerehat,
607 2128 707 2169 nec
756 2125 882 2167 ante
934 2114 1099 2182 pedes
1144 2129 1275 2168 suos
1324 2127 1550 2169 cernere
1572 2112 1861 2183 iudicaret,

261 2206 437 2260 sensit
468 2208 519 2259 in
563 2206 812 2275 parentis
844 2205 1204 2274 responsione
1248 2206 1402 2261 illum
1433 2206 1595 2261 etiam
1628 2220 1748 2276 quae
1780 2218 1867 2259 es—

260 2304 386 2353 Sent
427 2297 629 2363 futura,
681 2299 1018 2368 prospicere.
1064 2296 1172 2352 Sed
1205 2308 1264 2353 ut
1303 2299 1397 2353 ille
1434 2300 1663 2353 interior
1701 2298 1864 2352 homo

264 2394 600 2446 esteriorem
628 2391 789 2445 istum
818 2392 944 2445 facit
967 2406 1061 2445 sua
1089 2392 1197 2446 vita
1224 2392 1522 2457 viventem,
1547 2399 1603 2446 et
1627 2390 1695 2445 de
1715 2389 1865 2444 fonte

262 2496 474 2541 natura:
509 2499 623 2539 sua:
654 2483 863 2538 animat
894 2483 1207 2555 irrigando;
1258 2484 1337 2538 sic
1380 2497 1593 2538 rursum
1621 2481 1864 2537 exterior

260 2598 364 2655 per
393 2582 766 2652 corruptelam
810 2582 1107 2637 mortiferae
1153 2581 1399 2636 materiei
1444 2594 1581 2645 suae,
1624 2578 1778 2633 illum
1817 2577 1863 2631 si

262 2675 664 2747 cupiditatibus
694 2674 897 2730 illicitis
922 2675 1178 2744 alligarit,
1210 2674 1430 2729 occidit.
1465 2674 1533 2728 Et
1571 2687 1693 2727 cum
1725 2672 1863 2725 alter

262 2772 480 2828 naturae
528 2772 782 2827 videatur
821 2772 1062 2835 alterius,
1110 2770 1305 2825 transit
1350 2769 1401 2824 in
1441 2768 1661 2823 victoris
1699 2780 1864 2822 unus-

263 2868 503 2936 quisque
532 2864 919 2929 substantiam,
953 2871 1009 2917 ut
1038 2874 1133 2916 aut
1161 2862 1434 2917 carnalem
1466 2875 1678 2931 quoque
1706 2859 1867 2928 spiri-

260 2958 426 3013 tualis
458 2958 801 3026 spiritualem
833 2953 946 3010 suis
970 2954 1264 3009 virtutibus
1288 2963 1529 3024 praestet,
1559 2959 1650 3005 aut
1673 2965 1864 3005 carna-

258 3052 370 3107 lem
400 3052 639 3105 animam
668 3064 795 3103 caro
821 3049 1019 3103 victrix
1049 3047 1169 3117 ejus
1200 3045 1425 3101 efficiat.
1461 3045 1708 3114 Denique
1739 3058 1860 3098 cum

1965 1833 2213 1902 sequitur
2253 1844 2308 1888 et
2337 1835 2492 1903 colit,
2525 1850 2630 1891 non
2673 1835 2791 1891 haec
2835 1838 2891 1893 in
2920 1839 3194 1897 afﬂuentia
3239 1843 3549 1899 divitiarum

1966 1930 2071 1988 est,
2116 1939 2221 1978 non
2256 1926 2306 1977 in
2357 1927 2569 1995 fastigio
2598 1930 2879 1995 potentia,
2913 1948 3021 1986 non
3065 1933 3117 1987 in
3157 1934 3555 2004 iurisdictionis

1967 2022 2110 2079 astu,
2143 2016 2335 2069 nonin
2374 2018 2736 2087 pompositate
2781 2020 3066 2089 facundizc,
3109 2040 3219 2080 non
3264 2030 3315 2082 in
3349 2029 3554 2086 viribus

1969 2116 2070 2175 per
2100 2107 2284 2178 praelia
2307 2108 2581 2178 gloriosis,
2610 2125 2717 2165 non
2750 2111 2804 2164 in
2828 2114 3127 2181 mercibus,
3158 2121 3553 2185 provinciarum

1967 2201 2270 2255 mutatione
2287 2210 2343 2257 et
2365 2205 2446 2257 sui
2479 2206 2921 2276 peregrinatione
2950 2213 3345 2275 crescentibus,
3373 2230 3477 2269 non
3501 2218 3555 2271 in

1968 2290 2247 2347 lenocinio
2277 2293 2595 2361 formarum,
2632 2314 2737 2352 non
2768 2300 2825 2353 in
2858 2301 3063 2355 ambitu
3107 2319 3418 2373 munerum,
3451 2325 3557 2365 non

1966 2384 2023 2438 in
2069 2383 2152 2438 his
2184 2396 2264 2440 est
2294 2386 2529 2458 denique
2560 2390 2819 2445 omnibus
2843 2407 2965 2462 qua:
2997 2393 3275 2463 videmus;
3305 2402 3559 2467 quoniam

1965 2490 2157 2534 cuneta
2190 2478 2306 2535 haec
2334 2483 2610 2549 occidunt,
2644 2493 2699 2538 et
2723 2485 2841 2541 sine
2874 2487 2990 2541 istis
3016 2488 3173 2544 beate
3204 2492 3367 2547 etiam
3408 2494 3561 2563 juxta

1967 2571 2249 2637 saeculum,
2280 2574 2389 2626 vivi
2421 2574 2582 2629 solet.
2628 2575 2735 2631 Sed
2770 2577 2858 2631 illa
2886 2589 2969 2634 est
2998 2582 3107 2635 vita
3148 2596 3301 2654 vera,
3332 2588 3439 2641 vita
3473 2603 3565 2644 ve-

1966 2662 2228 2730 neranda,
2260 2663 2431 2719 Deum
2462 2681 2643 2734 nosse,
2675 2668 2868 2725 timere
2884 2673 3004 2742 ejus
3027 2678 3345 2745 potentiam,
3374 2696 3560 2738 amaro

1968 2756 2247 2824 pietatem,
2267 2758 2534 2813 mundum
2564 2761 2613 2814 in
2644 2762 2837 2831 Opiﬂce
2860 2765 3071 2835 mirari,
3096 2767 3554 2842 interpellatorem

1965 2858 2342 2917 contemnere,
2373 2868 2497 2910 esse
2524 2856 2668 2911 victu
2697 2859 2912 2915 modico
2939 2876 3040 2931 pro
3080 2874 3291 2921 natura:
3318 2872 3559 2927 necessi-

1969 2953 2078 2997 tate
2108 2955 2446 3017 c0ntentutn,
2482 2960 2635 3005 veste
2662 2952 2753 3006 vili
2799 2955 2881 3009 vel
2926 2970 3024 3025 pro
3068 2960 3290 3029 pudoris
3323 2965 3553 3034 ratione,

1966 3035 2054 3091 vel
2081 3051 2179 3106 pro
2208 3041 2463 3109 temporis
2501 3042 2695 3112 injuria
2724 3050 3139 3106 communitum.
3175 3054 3265 3107 Sic
3292 3057 3556 3125 reliquam

262 3144 528 3200 nummus
569 3142 774 3196 diluvio
809 3142 996 3196 delere
1045 3140 1342 3195 humanum
1389 3152 1561 3209 genus
1598 3135 1863 3205 cogitaret
1886 3115 1933 3176 C
1964 3140 2295 3199 creaturam,
2330 3152 2436 3190 non
2467 3151 2533 3191 ex
2574 3139 2654 3192 sui
2684 3139 2858 3210 copia,
2894 3143 2981 3197 vel
3011 3159 3108 3213 pro
3147 3147 3295 3201 vitali
3327 3115 3561 3219 ratione,

263 3238 439 3294 iratus
464 3252 478 3289 :
513 3233 631 3289 Non
662 3234 1000 3306 permanebit,
1034 3233 1231 3302 inquit,
1257 3230 1487 3301 Spiritus
1511 3245 1652 3283 meus
1680 3230 1735 3282 in
1765 3225 1861 3280 ho—

264 3330 516 3395 minibus,
542 3327 783 3398 quoniam
813 3343 934 3381 caro
960 3335 1079 3379 sunt
1114 3322 1270 3397 (Gen.
1303 3338 1380 3391 v1,
1409 3322 1487 3394 5).
1523 3322 1587 3376 Εῑ
1612 3320 1737 3392 quia
1758 3319 1865 3375 uti-

268 3440 382 3495 que
410 3438 595 3479 omnes
623 3438 792 3477 carne
821 3421 1108 3487 vestimur,
1150 3429 1206 3473 et
1233 3417 1356 3473 sine
1386 3415 1553 3471 dubio
1600 3415 1653 3470 in
1699 3426 1865 3469 carne

262 3534 377 3575 non
419 3532 630 3583 sumus,
659 3516 753 3586 qui
782 3530 887 3569 non
911 3511 1211 3569 secundum
1240 3525 1465 3565 carnem
1496 3507 1860 3574 ambulamus,

261 3612 391 3668 hinc
418 3614 581 3667 etiam
615 3609 874 3681 gignitur,
904 3616 959 3660 ut
991 3620 1099 3660 non
1122 3620 1338 3674 semper
1366 3603 1532 3658 homo
1559 3602 1663 3656 isto
1677 3600 1864 3671 appel-

261 3706 487 3762 Iationis
530 3704 755 3759 nomine
794 3711 1105 3757 censeatur.
1138 3698 1269 3753 Nam
1304 3713 1402 3769 pro
1427 3696 1722 3753 virtutibus
1751 3696 1864 3750 suis

263 3813 358 3856 aut
386 3801 555 3869 vitiis,
588 3808 642 3853 et
673 3794 874 3853 formas
920 3795 1082 3850 sumit
1130 3804 1184 3849 et
1224 3793 1464 3848 nomina.
1504 3790 1745 3861 Denique
1789 3787 1865 3842 ait

261 3892 567 3963 Propheta:
588 3890 766 3945 Nolite
777 3889 892 3959 ﬁeri
913 3890 1046 3942 sicut
1065 3904 1223 3959 equus
1236 3895 1281 3942 et
1300 3886 1472 3940 mulus
1488 3883 1602 3957 (Ps.
1618 3898 1763 3948 χχχι,
1779 3880 1861 3952 9).

258 3987 400 4042 Sunt
425 4003 556 4056 ergo
589 3983 840 4038 homines
871 3980 963 4050 qui
1000 3979 1140 4050 apud
1175 3978 1461 4033 Dominum
1495 3987 1619 4031 sunt
1657 3975 1779 4045 equi
1810 3984 1865 4028 et

256 4082 417 4137 muli.
464 4079 529 4132 Et
571 4075 831 4130 Dominus
877 4073 985 4126 ait:
1028 4070 1210 4125 Nolite
1255 4070 1506 4142 projicere
1552 4067 1863 4141 margaritas

256 4184 457 4228 vestras
480 4182 601 4225 ante
622 4183 810 4241 porcos
830 4164 1048 4239 (Matth.
1068 4180 1161 4227 vtt,
1187 4164 1267 4233 6).
1295 4164 1432 4218 Sunt
1457 4176 1592 4232 ergo
1618 4159 1864 4214 homines

259 4279 325 4323 et
350 4267 519 4338 porci.
558 4264 625 4318 Et
654 4263 852 4317 iterum
908 4260 1023 4328 ipse
1066 4258 1358 4312 Dominus:
1411 4254 1546 4309 Ecce
1591 4270 1683 4324 ego
1718 4253 1863 4306 mitto

255 4376 358 4414 vos
386 4359 517 4413 sicut
545 4372 661 4411 oves
704 4356 760 4407 in
789 4352 958 4406 medio
991 4352 1229 4419 luporum
1260 4349 1448 4421 (Ibid,
1478 4364 1591 4415 xu,
1623 4346 1695 4418 6).
1728 4348 1866 4401 Sunt

255 4467 398 4523 ergo
427 4449 679 4505 homines
704 4454 759 4502 et
779 4444 921 4513 lupi;
965 4452 1022 4498 et
1050 4444 1357 4498 econtrario
1383 4442 1634 4495 homines
1664 4447 1790 4493 sunt
1810 4447 1865 4493 et

1965 3223 2061 3279 sed
2107 3240 2205 3294 pro
2252 3226 2566 3297 adjumento
2614 3229 2776 3299 hujus
2809 3234 2944 3289 lucis
2974 3237 3259 3307 attingere.
3291 3239 3564 3311 Quidquid

1965 3317 2109 3371 enim
2161 3320 2391 3389 amplius
2443 3330 2544 3386 est,
2595 3337 2624 3375 a
2676 3325 2820 3379 malo
2863 3335 2967 3391 est,
3021 3342 3238 3384 omnem
3286 3330 3558 3397 hominen,

1967 3424 2152 3467 amare
2188 3413 2340 3482 quasi
2376 3413 2621 3480 fratrem,
2658 3416 2861 3471 nullum
2896 3419 3113 3488 laedere,
3146 3424 3353 3480 servire
3384 3428 3561 3483 omni-

1968 3504 2089 3571 bus,
2126 3505 2357 3560 formam
2384 3508 2529 3560 servi
2549 3507 2822 3564 sustinere
2845 3524 2966 3566 cum
2998 3514 3249 3581 Domino,
3280 3519 3371 3587 qui
3400 3520 3559 3576 nobis

1968 3608 2172 3667 praeter
2204 3596 2587 3663 ministerium,
2620 3600 2765 3670 quod
2797 3603 3023 3659 interius
3050 3608 3377 3678 continetur,
3424 3626 3565 3683 quo-

1971 3691 2105 3746 tidie
2137 3694 2304 3746 servit
2337 3692 2389 3747 in
2424 3695 2626 3750 mundo
2658 3694 3011 3763 producendo
3040 3701 3234 3769 solem,
3264 3704 3566 3763 emittenda

1970 3785 2170 3851 lucem,
2198 3784 2404 3854 pluvias
2427 3785 2784 3853 infundendo,
2809 3798 3052 3860 tempora
3074 3794 3356 3865 variando,
3381 3798 3565 3870 fruges

1970 3878 2059 3934 vel
2089 3879 2384 3950 gignendo,
2418 3881 2502 3936 vel
2550 3882 2895 3941 maturanda.
2949 3885 3116 3944 Nobis
3143 3892 3287 3946 enim
3316 3894 3368 3947 in
3401 3894 3565 3951 totius

1967 3983 2239 4030 creatura:
2291 3974 2449 4042 facie,
2482 3974 2564 4029 vel
2592 3976 2842 4033 ubertate
2882 3978 3145 4049 deservit,
3176 3987 3433 4054 quoniam
3466 4002 3566 4058 pro

1972 4064 2127 4120 nobis
2154 4076 2344 4121 cuncta
2370 4068 2672 4137 generavit.
2704 4068 2815 4125 Sed
2837 4078 2895 4126 ut
2922 4072 2990 4128 ad
3016 4074 3254 4130 hominis
3279 4076 3455 4132 ofﬁcia
3473 4094 3562 4135 re-

1971 4172 2265 4224 vertamur,
2298 4159 2501 4215 nudum
2546 4170 2747 4232 tegere,
2778 4163 2926 4221 alere
2965 4168 3320 4236 esurientem,
3366 4172 3558 4229 sitien-

1970 4262 2083 4308 tem
2122 4263 2332 4323 potare,
2381 4253 2626 4309 infirmos
2669 4256 2910 4325 visitare,
2962 4258 3205 4315 tristibus
3246 4262 3560 4335 condolere,

1969 4357 2217 4402 mortuos
2247 4346 2504 4416 sepelire,
2548 4347 2681 4401 nihil
2712 4349 2853 4418 apud
2882 4365 2942 4404 se
2972 4350 3174 4409 habere
3197 4357 3349 4425 quasi
3377 4372 3562 4431 suum,

1970 4439 2065 4494 sed
2095 4440 2273 4495 omnia
2302 4455 2397 4494 sua
2428 4455 2550 4495 cum
2583 4441 2836 4497 omnibus
2860 4444 3106 4513 judicare
3138 4436 3464 4519 communia,
3498 4471 3562 4512 ac

255 4511 418 4599 ον’ξεε,
451 4542 520 4597 ει
543 4541 617 4595 ait
637 4541 818 4595 adhuc
846 4541 1104 4597 Dominus
1128 4537 1292 4593 perm
1321 4552 1333 4587 :
1369 4533 1531 4587 Pasce
1570 4547 1685 4586 oves
1723 4547 1863 4586 meas
1884 4511 1939 4573 D
1968 4540 2093 4587 tunc
2116 4532 2286 4601 magis
2312 4532 2412 4588 sibi
2438 4533 2638 4600 vivere,
2659 4548 2779 4589 cum
2795 4535 2984 4592 vivere
3004 4541 3306 4595 aestimatur
3327 4543 3469 4613 aliis,
3486 4548 3561 4603 si.

257 4637 453 4713 (Joan.
487 4652 602 4703 nt,
636 4636 728 4707 17)
762 4653 776 4689 :
810 4646 863 4691 et
894 4637 1010 4706 ipse
1039 4633 1224 4705 prius:
1260 4628 1393 4683 Veni
1422 4633 1541 4700 post
1563 4641 1663 4690 me,
1708 4632 1755 4678 et
1780 4624 1861 4694 fa-

256 4734 402 4786 ciam
432 4740 480 4786 te
515 4732 823 4801 piscatorem
853 4730 1120 4783 hominum
1150 4723 1370 4795 (Matth.
1413 4738 1527 4789 xxv,
1572 4716 1684 4787 i9).
1723 4716 1861 4774 Sunt

256 4843 400 4897 ergo
431 4824 683 4880 homines
714 4832 768 4879 et
816 4823 1011 4894 pisces.
1047 4819 1154 4877 Sed
1186 4818 1273 4873 ha:
1304 4816 1496 4872 forma:
1522 4822 1739 4869 actuum
1780 4810 1862 4866 vi-

255 4920 468 4976 dentur
519 4932 664 4984 esse,
718 4932 822 4970 non
874 4925 1187 4984 corporum.
1221 4910 1353 4965 Nam
1393 4906 1642 4976 corporis
1689 4905 1861 4961 nostri

260 5023 457 5071 certus
486 5023 569 5067 est
602 5019 794 5075 status,
826 5016 885 5063 ut
914 5008 1154 5064 omnium
1184 5003 1534 5059 animantium
1558 5020 1569 5055 :
1594 4998 1689 5055 sed
1718 5014 1855 5070 quo-

260 5107 419 5163 niam
465 5103 606 5176 apud
652 5104 818 5159 Deum
852 5117 956 5157 non
997 5103 1065 5157 de
1092 5110 1231 5157 statu
1260 5097 1506 5168 corporis
1537 5095 1729 5161 nostri,
1763 5093 1857 5149 sed

260 5201 344 5255 de
370 5200 493 5253 vita:
518 5197 729 5253 meritis
747 5195 1081 5265 judicamur,
1106 5200 1329 5266 apparet
1354 5205 1571 5246 omnem
1588 5188 1857 5243 hominem

261 5304 454 5352 mente
482 5307 581 5347 sua
610 5289 716 5346 sibi
743 5290 846 5358 ipsi
876 5296 1078 5343 statum
1107 5282 1688 5355 nomenqueformare.
1708 5279 1863 5345 Quod

263 5389 458 5459 utique
485 5405 549 5443 ex
577 5386 724 5441 illius
745 5399 905 5453 quem
929 5381 1287 5437 describimus
1310 5377 1590 5433 invisibilis
1604 5374 1863 5439 hominis,

261 5491 367 5539 aut
393 5483 545 5554 culpa
580 5491 674 5536 aut
700 5481 903 5535 virtute
933 5484 1240 5548 praestatur.
1282 5471 1455 5544 Ipsius
1486 5470 1754 5541 siquidem
1785 5469 1872 5522 vi-

266 5578 410 5632 tium
452 5586 552 5639 est,
585 5575 632 5630 si
664 5572 944 5643 subjectus
974 5583 1165 5640 passus
1207 5567 1279 5623 sit
1312 5581 1432 5622 esse
1464 5565 1771 5633 subjectus;
1823 5560 1867 5614 si

268 5680 464 5725 contra
494 5669 750 5725 divinam
780 5662 1199 5735 dispositionem
1232 5661 1301 5715 sit
1340 5661 1392 5713 in
1436 5658 1717 5714 dominatu
1761 5668 1875 5708 ser-

272 5761 441 5832 vitus,
463 5772 514 5820 et
542 5761 597 5817 in
625 5757 897 5816 servitute
918 5754 1251 5813 dominatus.
1278 5750 1386 5809 Sed
1415 5766 1483 5807 ne
1500 5749 1687 5806 videar
1714 5747 1876 5820 (quo-

1965 4626 2128 4697 hique
2152 4626 2449 4681 recondere
2468 4642 2590 4681 cum
2614 4628 2734 4682 aliis
2759 4629 3253 4702 crediturcrogare.
3274 4634 3561 4695 Ethtecta.

1966 4732 2089 4773 men
2109 4717 2284 4772 adhuc
2296 4718 2584 4773 exterioris
2609 4717 2843 4773 hominis
2872 4720 3199 4779 lineamenta
3219 4727 3558 4798 contingunt.

2039 4809 2129 4866 III.
2170 4809 2443 4867 Caeterum
2493 4812 2582 4866 illa
2615 4812 2890 4869 interioris
2921 4812 3159 4871 hominis
3183 4818 3291 4873 vita
3336 4821 3391 4875 in
3420 4823 3561 4881 divi-

1968 4920 2159 4961 narum
2194 4920 2374 4960 rerum
2406 4903 2718 4975 cognitione
2762 4905 3048 4961 consistit:
3079 4925 3184 4966 non
3229 4927 3333 4983 qua
3362 4918 3557 4977 ecelum

1972 5008 2133 5052 terrae
2164 5006 2317 5064 parte
2346 4996 2618 5059 volvatur,
2652 5010 2759 5049 non
2786 5011 2853 5050 an
2884 5000 3162 5056 contrario
3191 5019 3356 5063 cursu
3380 5010 3557 5068 sidera

1972 5089 2273 5159 rapiantur,
2305 5102 2412 5141 non
2442 5101 2509 5140 an
2552 5086 2769 5141 Oceano
2793 5100 3015 5157 generet
3045 5091 3327 5161 plenitudo
3354 5100 3563 5161 lunaris

1975 5190 2347 5255 augmentum,
2395 5192 2501 5232 non
2540 5193 2609 5231 an
2644 5178 2831 5234 orbem
2875 5182 3059 5237 mundi
3100 5190 3403 5247 rotunditas
3443 5196 3560 5265 ipsa

1978 5272 2294 5345 suspendat,
2325 5284 2392 5323 an
2417 5267 2783 5337 quadriforma
2812 5272 3022 5342 angulis
3046 5276 3560 5344 prominentioribus

1980 5367 2265 5436 astringat,
2295 5377 2361 5417 an
2393 5374 2531 5414 unus
2574 5361 2693 5430 ipse
2719 5362 2954 5418 mundus
2984 5364 3078 5427 sit,
3120 5381 3188 5418 an
3221 5369 3401 5435 plures
3429 5375 3562 5434 sim.

1976 5461 2113 5517 Nam
2142 5460 2258 5512 haec
2284 5455 2350 5509 ad
2379 5451 2575 5506 animae
2603 5469 2711 5509 non
2744 5454 2973 5510 tendunt
2999 5454 3311 5523 utilitatem.
3338 5472 3394 5519 et
3415 5472 3561 5540 apud

1979 5557 2148 5611 Deum
2188 5550 2348 5604 stulta
2376 5542 2686 5614 judicantur
2712 5564 2725 5600 :
2759 5545 2853 5600 sed
2882 5545 2935 5598 in
2962 5544 3067 5597 illis
3105 5547 3253 5602 sanis
3282 5556 3562 5626 cogitatio.

1982 5648 2167 5712 nibus,
2216 5643 2260 5695 si
2308 5636 2521 5707 quando
2552 5649 2822 5706 versatur,
2855 5644 2985 5692 tunc
3025 5635 3182 5698 vivit,
3214 5652 3269 5695 et
3306 5654 3562 5715 pascitur.

1982 5740 2114 5810 Quae
2156 5742 2287 5795 sunt
2318 5741 2497 5787 autem
2540 5732 2658 5789 ista:
2692 5746 2841 5790 same
2887 5725 3277 5804 cogitationes?
3314 5738 3427 5801 ωε
3452 5748 3569 5806 δίη,
