4000 6334
574 223 645 280 79
1615 223 1671 281 S.
1722 219 2100 279 HIERONYMI
2139 218 2422 278 OPERUM
2461 217 2822 277 MANTISSA.
3790 223 3863 282 80

574 340 758 413 dubio,
805 356 929 399 cum
973 355 1126 399 mens
1173 350 1358 400 nostra
1397 341 1482 397 sui
1516 341 1836 397 recordatur
1881 338 2154 394 auctoris:
2183 340 2240 403 Α

574 451 695 491 cum
738 435 884 491 illum
930 434 1078 491 velut
1109 449 1206 504 per
1248 434 1534 504 quamdam
1568 431 1997 501 resipiscentiam
2049 431 2152 499 sui,

572 527 819 597 opiﬁcem
849 541 1005 581 suum
1046 535 1361 590 veneratur,
1412 542 1473 580 ac
1502 533 1794 580 contuetur
1826 542 1838 576 :
1886 539 2009 578 cum
2040 521 2160 591 ejus

572 635 756 690 Opera,
799 619 971 688 ipsum
1010 619 1063 673 in
1103 618 1224 689 ejus
1260 619 1518 689 operibus
1558 619 1738 672 visura
1783 617 2030 682 miratur,
2077 616 2156 670 di-

571 722 727 768 cente
762 713 918 768 beato
957 711 1124 767 Paulo
1158 732 1171 766 :
1206 711 1501 766 Invisibilt'a
1535 713 1670 764 enim
1700 712 1813 781 ejus
1852 727 1884 762 a
1919 717 2156 764 creatura

565 806 766 872 mundi,
799 821 888 876 per
918 822 976 859 ea
997 822 1113 876 qua:
1140 808 1279 876 facta
1305 813 1423 858 sunt
1454 802 1719 858 intellecta
1741 802 2149 872 conspiciuntur,

566 909 613 954 et
626 898 936 968 semm'terna
950 915 1152 970 quoque
1164 901 1278 970 ejus
1294 898 1451 950 virtus
1468 905 1514 949 et
1530 896 1772 950 divinitas
1787 894 1961 968 (Rom.
1979 911 2018 960 ι,
2034 893 2148 966 20);

533 989 620 1045 .id
651 999 754 1055 est,
801 1004 924 1044 cum
963 1004 1029 1044 ex
1079 988 1363 1044 immensis
1405 987 1707 1042 visibilibus
1748 995 2042 1052 creaturae,
2082 985 2150 1040 ad

561 1084 975 1140 universitatem
1026 1082 1316 1138 invisibilis
1352 1082 1633 1138 Creatoris
1681 1081 2049 1146 extendimur,
2097 1090 2151 1135 et

559 1178 714 1234 illum
757 1193 852 1249 per
882 1179 1000 1234 haec
1042 1178 1170 1232 dum
1203 1176 1639 1232 intestimabilem
1683 1175 1964 1241 discimus,
2004 1173 2150 1229 azsti-

557 1289 791 1339 mamus,
835 1284 971 1328 cum
997 1271 1113 1341 ejus
1152 1271 1494 1326 altitudinem
1541 1285 1636 1340 per
1678 1269 1876 1324 donum
1919 1268 2148 1338 Spiritus

559 1369 730 1424 sancti
761 1368 1076 1423 evolventes
1107 1365 1382 1437 (quoniam
1415 1364 1532 1434 ipse
1558 1364 1707 1418 solus
1733 1377 1829 1419 nos
1862 1364 1914 1417 in
1945 1363 2141 1432 ipsum,

559 1461 655 1532 qui
677 1476 744 1515 ex
771 1460 890 1530 ipso
919 1469 1004 1515 est
1035 1458 1348 1512 intromittit
1378 1455 1560 1511 omnia
1590 1456 1852 1526 principia
1879 1462 2145 1508 creatura:

555 1553 853 1623 surgentis)
896 1552 1049 1622 quasi
1095 1549 1220 1605 facti
1252 1550 1321 1604 ab
1353 1550 1468 1620 ipso
1499 1549 1804 1604 anteriores
1827 1545 2140 1616 aspicimus,

555 1657 611 1705 et
640 1664 761 1704 cum
791 1663 852 1701 ea
884 1663 1004 1717 quae
1035 1646 1182 1702 Deus
1231 1645 1378 1711 fecit,
1412 1645 1563 1715 quasi
1615 1643 1775 1698 faciat
1827 1641 2024 1706 adhuc,
2060 1641 2142 1694 in-

2336 335 2725 392 lV.Videamus
2748 347 2923 392 tamen
2946 341 3204 408 quantum
3237 333 3314 391 illi
3343 341 3602 407 praeterea
3633 337 3863 410 applau-

2262 430 2356 483 dat
2383 429 2684 499 benignitas
2707 428 3002 496 Creatoris,
3024 444 3142 499 quae
3171 444 3276 484 non
3306 429 3454 483 illum
3483 429 3552 485 de
3582 429 3858 489 sideribus

2263 522 2443 578 effecit
2475 564 2488 588 ,
2523 522 2776 593 quoniam
2809 524 2852 578 si
2880 532 3026 578 esset
3062 521 3187 577 inde
3215 531 3431 578 creatus
3456 567 3471 587 .
3514 522 3583 578 de
3610 527 3858 582 materiae

2261 615 2440 686 potius
2467 616 2713 671 claritate
2740 659 2755 683 ,
2790 632 2951 687 quam
2983 617 3049 672 de
3080 616 3304 672 artiﬁcis
3337 617 3649 688 dignatione
3672 619 3853 690 polle-

2259 720 2376 776 ret,
2409 724 2531 764 cum
2563 711 2739 765 minor
2759 710 2874 781 ipse
2904 712 2987 766 sui
3013 711 3260 782 corporis
3291 709 3502 781 origine
3533 711 3814 768 videretur
3836 757 3852 782 ,

2256 805 2301 857 si
2342 802 2411 858 de
2436 802 2752 860 caelestibus
2778 805 2952 859 factus
2979 803 3047 859 ad
3078 813 3348 859 terrarum
3377 803 3581 860 cultum
3606 804 3852 862 deduce-

2256 905 2406 950 retur
2432 894 2496 949 ad
2525 903 2736 950 terras:
2760 897 2848 951 cui
2878 905 3025 952 esset
3044 896 3334 968 gloriosius
3361 911 3486 952 mox
3509 895 3749 954 futurum
3777 899 3853 955 de

2254 985 2419 1042 humo
2445 989 2737 1044 excitatum
2791 988 3061 1045 sideribus
3091 989 3315 1060 imponi.
3346 990 3513 1046 Suum
3536 1034 3550 1059 ,
3583 992 3802 1061 inquam
3830 1035 3849 1062 ,

2254 1079 2397 1136 Deus
2423 1092 2606 1136 noster
2632 1125 2646 1149 ,
2680 1097 2835 1136 suum
2866 1083 3086 1154 pr0prie
3119 1082 3288 1138 voluit
3314 1097 3438 1139 esse
3462 1085 3604 1155 quod
3625 1101 3841 1152 sumus,

2253 1174 2389 1230 nihil
2439 1176 2713 1238 materiae,
2760 1175 2896 1230 nihil
2941 1177 3268 1245 elementis,
3325 1175 3460 1231 nihil
3509 1178 3847 1247 quibuslibet

2251 1267 2551 1338 principiis,
2580 1270 2663 1324 vel
2692 1270 2924 1340 magnis,
2952 1270 3036 1325 vel
3067 1269 3302 1325 minimis
3331 1285 3429 1325 nos
3454 1269 3671 1327 debere.
3697 1272 3837 1340 Quae

2249 1369 2447 1416 cuncta
2494 1362 2540 1418 si
2584 1371 2861 1430 retractet,
2916 1372 2971 1418 et
3015 1363 3070 1418 in
3113 1379 3172 1418 se
3213 1378 3367 1418 mens
3411 1378 3668 1419 conversa
3700 1380 3846 1421 con-

2249 1453 2491 1519 sideret,
2541 1469 2608 1509 ex
2647 1455 2849 1510 nostris
2877 1455 3015 1509 ﬁunt
3044 1455 3408 1511 moderatiore
3437 1464 3490 1512 et
3518 1457 3833 1527 angustiora

2248 1548 2581 1617 primordiis.
2605 1550 2673 1605 At
2697 1551 2788 1606 ubi
2818 1565 2915 1620 per
2941 1559 3246 1606 contactum
3280 1551 3494 1606 formati
3526 1567 3716 1606 manus
3736 1551 3842 1608 Dei

2246 1640 2543 1696 desivimus
2567 1657 2689 1698 esse
2720 1642 2864 1712 quod
2904 1643 3101 1698 fuimus
3126 1684 3142 1710 ,
3189 1651 3246 1700 et
3283 1643 3337 1698 in
3368 1659 3563 1699 novam
3593 1644 3842 1700 materiae

554 1751 808 1798 tuemur:
839 1741 1135 1811 mundique
1171 1749 1337 1793 totam
1369 1738 1634 1807 originem
1676 1740 2135 1803 transcurrentes,
2167 1732 2215 1793 B
2244 1734 2556 1804 qualitatem
2593 1736 2880 1806 subjacens
2901 1777 2915 1802 ,
2949 1735 3128 1807 opiﬁci
3154 1750 3254 1791 suo
3277 1751 3376 1807 per
3406 1735 3663 1792 elementi
3694 1752 3832 1793 con-

552 1850 654 1891 seu
677 1835 1010 1903 antiquiores
1033 1831 1301 1888 efﬁcimur
1322 1846 1482 1901 quam
1513 1844 1699 1884 sumus
1721 1837 1879 1884 aetate
1903 1847 1914 1880 :
1939 1837 2135 1883 etcum

555 1929 806 1984 universa
838 1925 984 1996 prius
1007 1940 1164 1995 quam
1197 1939 1294 1978 nos
1324 1937 1572 1979 essemus
1601 1921 1790 1977 effecta
1820 1919 1948 1987 sint,
1979 1929 2136 1974 natu-

549 2038 666 2078 ram
709 2032 888 2076 tamen
932 2018 1196 2083 omnium,
1243 2017 1392 2087 quasi
1426 2031 1524 2086 per
1565 2029 1664 2069 nos
1709 2013 1971 2084 genitam,
2003 2011 2132 2067 dum

549 2114 758 2170 auctori
783 2113 1091 2177 inserimur,
1127 2121 1446 2180 reputamus
1474 2125 1490 2163 :
1521 2109 1572 2162 in
1598 2123 1758 2178 quam
1790 2123 1896 2163 non
1926 2115 1986 2160 ttt
2016 2121 2135 2162 ser-

545 2208 804 2274 viremus,
845 2205 939 2262 sed
979 2215 1038 2260 ut
1085 2204 1518 2269 dominaremur,
1571 2200 1910 2256 intravimus.
1964 2199 2133 2269 Sepa-

543 2302 647 2358 rati
678 2301 859 2372 itaque
886 2315 915 2354 a
947 2298 1214 2369 sapientia
1261 2295 1542 2364 mundiali,
1577 2309 1696 2364 quae
1726 2295 2007 2359 universa,
2040 2299 2132 2346 aut

543 2393 804 2459 fortuitis,
835 2401 929 2448 aut
955 2394 1152 2448 atomis
1182 2390 1427 2456 ascribit,
1457 2388 1655 2442 divinis
1684 2385 2128 2441 meditationibus

540 2486 910 2555 sublimati,et
937 2484 1004 2539 ab
1031 2485 1163 2550 illis,
1193 2483 1281 2552 qui
1309 2480 1701 2536 autmateriam
1725 2495 1939 2550 semper
1965 2480 2128 2534 fuisse

540 2580 815 2643 dixerunt,
867 2578 1144 2646 Deumque
1173 2584 1378 2629 tantum
1423 2573 1686 2626 artiﬁcem
1732 2587 1914 2627 rerum
1945 2571 2129 2626 volue-

540 2682 688 2739 runt,
729 2670 965 2741 separati
1003 2684 1099 2739 per
1130 2668 1300 2736 ipsius
1343 2665 1671 2735 adjutorium
1708 2682 1717 2715 :
1759 2674 1854 2718 aut
1882 2662 1977 2733 qui
2020 2662 2124 2733 [ΑΙ.

535 2764 684 2837 quia]
717 2765 832 2818 htec
862 2764 976 2833 ipsa
1005 2777 1103 2832 pro
1129 2761 1232 2816 diis
1261 2759 1530 2815 elementa
1561 2759 1848 2814 coluerunt
1873 2773 1886 2810 :
1919 2767 2011 2811 aut
2036 2757 2126 2827 qui

537 2859 770 2914 familias
797 2857 1022 2913 deorum
1054 2871 1154 2926 per
1179 2871 1364 2921 sexus,
1398 2869 1494 2925 per
1539 2863 1748 2919 aetates,
1782 2868 1880 2922 per
1917 2862 2122 2921 partes,

535 2954 685 3008 velut
706 2967 802 3023 per
825 2951 1041 3021 plebem
1067 2951 1304 3020 aliquam
1337 2949 1635 3018 subjectam
1667 2947 1923 3004 sensibus
1950 2947 2123 3001 intro-

537 3043 831 3110 duxerunt,
873 3043 1092 3098 discreti
1136 3058 1230 3112 per
1270 3041 1534 3112 Spiritum
1565 3050 1836 3110 sanetum,
1871 3049 1925 3096 et
1955 3039 2010 3094 in
2041 3041 2123 3094 al—

2241 1829 2549 1884 versionem
2579 1829 2868 1885 clariﬁcata
2899 1839 3091 1886 natura
3114 1839 3219 1900 est,
3253 1845 3563 1902 novumque
3589 1831 3838 1901 corporis

2239 1924 2406 1979 nostri
2437 1924 2582 1979 inter
2612 1926 2904 1992 elementa,
2937 1926 2982 1980 si
3007 1925 3089 1980 fas
3117 1935 3201 1981 est
3229 1925 3356 1991 dici,
3379 1940 3504 1980 esse
3526 1924 3695 1996 ccepit
3720 1925 3838 1982 ele-

2235 2028 2475 2074 mentum
2504 2037 2517 2074 :
2551 2018 2732 2075 statim
2785 2020 3040 2075 omnibus
3073 2019 3258 2074 mundi
3307 2019 3627 2090 corporibus
3667 2015 3836 2075 subli-

2235 2112 2435 2167 miores
2459 2127 2645 2168 sumus
2671 2112 2870 2178 eﬁ'ecti,
2905 2128 3012 2168 non
3045 2120 3250 2166 natura:
3272 2111 3595 2180 substantia,
3618 2111 3716 2167 sed
3741 2127 3833 2182 po-

2237 2206 2405 2260 tentia
2452 2205 2753 2261 conditoris
2788 2224 2799 2258 :
2834 2221 2933 2277 per
2976 2221 3135 2277 quam
3183 2205 3252 2260 de
3280 2204 3583 2274 subjacenti
3610 2206 3829 2261 caeteris

2233 2310 2482 2356 creatura
2507 2309 2684 2355 ortum
2716 2309 2821 2367 est,
2848 2299 2988 2370 quod
3018 2299 3287 2354 creaturis
3316 2298 3568 2354 omnibus
3598 2298 3831 2369 impera-

2231 2401 2336 2447 ret.
2377 2392 2619 2463 Denique
2659 2393 2704 2447 si
2753 2393 3030 2447 metallum
3063 2402 3266 2446 nostra‘.
3293 2390 3473 2446 carnis
3497 2399 3552 2445 ct
3578 2389 3830 2461 corporis

2230 2487 2490 2542 intuearis
2513 2527 2530 2552 ,
2558 2486 2692 2542 nihil
2719 2485 2978 2540 humilius
2999 2526 3014 2554 ,
3042 2486 3176 2541 nihil
3210 2485 3389 2551 vilius,
3418 2483 3552 2538 nihil
3579 2485 3827 2540 invenies

2231 2579 2378 2632 omni
2411 2578 2618 2647 injuriae
2641 2577 2996 2649 passionique
3021 2577 3339 2647 subjectius.
3371 2576 3497 2631 Sola
3529 2586 3673 2632 terra
3705 2576 3826 2632 ele-

2231 2679 2538 2724 mentorum
2589 2679 2911 2726 caeterorum
2960 2669 3181 2725 videtur
3218 2669 3419 2724 ancilla
3450 2686 3464 2722 :
3494 2669 3609 2724 sola
3655 2670 3707 2723 in
3763 2683 3826 2723 se

2227 2771 2546 2818 cunctorum
2578 2764 2847 2834 potentias
2871 2780 2982 2819 non
3013 2764 3130 2818 sine
3152 2762 3478 2819 detrimento
3503 2763 3588 2818 sui
3616 2765 3820 2835 sentit,

2229 2858 2314 2911 vel
2350 2857 2476 2912 dum
2519 2859 2694 2913 ventis
2745 2859 3120 2928 pulverulenta
3161 2857 3525 2928 dispergitur,
3569 2857 3654 2914 vel
3696 2857 3824 2913 dum

2227 2947 2483 3004 ﬂuctibus
2558 2949 2871 3004 humefacta
2937 2950 3302 3014 absorbetur;
3355 2949 3441 3004 vel
3484 2949 3612 3004 dum
3669 2948 3825 3006 side-

2229 3056 2344 3094 rum
2391 3041 2602 3110 ignibus
2645 3051 2798 3097 cocta
2852 3041 3194 3098 devoratur:
3225 3051 3285 3096 ut
3330 3042 3491 3098 homo
3539 3057 3608 3098 ex
3654 3057 3717 3099 ea
3763 3059 3825 3099 se

536 3137 676 3193 tiora
721 3136 974 3192 subducti
1017 3150 1147 3190 vera
1202 3136 1309 3190 vita
1352 3134 1622 3202 viventes,
1676 3133 1780 3188 hoc
1817 3141 1903 3188 est
1937 3148 2121 3189 veram
2151 3125 2196 3191 C
2227 3149 2378 3199 esse,
2407 3148 2517 3188 non
2539 3133 2701 3189 modo
2730 3135 2950 3207 gloriari
2982 3150 3089 3190 non
3118 3146 3303 3206 queat,
3331 3135 3427 3191 sed
3458 3135 3621 3190 etiam
3647 3139 3825 3207 possit

531 3228 848 3299 sapientiam
878 3227 1174 3297 sapientes,
1207 3241 1311 3297 qua
1341 3227 1569 3281 stultitia
1593 3226 1696 3281 ista
1724 3235 1906 3280 caret:
1939 3241 2125 3281 recor-

533 3323 726 3380 demur
767 3321 911 3394 quod
957 3321 1191 3376 mundus
1222 3335 1290 3375 ex
1337 3319 1512 3375 nihilo
1560 3334 1592 3373 a
1643 3320 1754 3374 Deo
1795 3319 1972 3374 factus
2011 3327 2117 3385 est,

534 3426 591 3475 et
631 3416 775 3489 quod
805 3425 1000 3473 cuncta
1043 3415 1298 3469 animalia
1329 3429 1428 3484 per
1462 3414 1655 3479 Deum,
1689 3411 1870 3469 Verbo
1902 3413 2119 3483 opiﬁce,

532 3519 720 3564 vocata
741 3515 1026 3573 venerunt,
1057 3521 1221 3575 quam
1245 3512 1437 3560 natura
1467 3520 1572 3561 non
1592 3505 1809 3560 luerunt
1829 3521 1842 3556 ;
1866 3505 2118 3575 quoniam

536 3603 640 3659 soli
679 3602 779 3672 ipsi
808 3601 892 3654 fas
921 3610 1005 3654 est
1040 3614 1238 3655 vocare
1270 3615 1387 3668 quae
1415 3615 1525 3654 non
1553 3607 1702 3663 sunt,
1751 3608 2021 3668 tamquam
2058 3612 2121 3652 ea

536 3708 659 3765 quae
688 3703 844 3749 sunt:
875 3691 1018 3762 quod
1049 3691 1221 3759 ipsum
1245 3690 1517 3747 hominem
1551 3692 1637 3746 cui
1671 3700 1818 3745 tanta
1848 3692 2120 3760 possessio

537 3782 850 3856 parabatur,
896 3781 964 3836 ad
995 3781 1286 3852 imaginem
1318 3796 1470 3836 suam
1504 3797 1612 3836 non
1645 3781 1846 3852 aliquis
1893 3783 2118 3838 Prome-

537 3878 695 3932 theus
733 3891 799 3930 ex
827 3873 1025 3943 fabula,
1057 3872 1152 3927 sed
1176 3873 1269 3928 ille
1288 3873 1537 3928 conditor
1559 3875 1925 3930 universitatis
1954 3892 2120 3929 manu

538 3984 749 4042 quoque
778 3984 893 4037 sua,
928 3984 998 4024 ne
1035 3983 1140 4038 qua
1171 3982 1299 4037 pars
1327 3967 1445 4037 ejus
1489 3979 1706 4024 vacaret
1748 3971 1800 4024 in
1840 3970 2019 4039 nobis,
2053 3970 2121 4026 de

535 4063 668 4118 limo
697 4070 861 4117 terra:
890 4061 1072 4116 facere
1119 4060 1370 4130 dignatus
1415 4070 1499 4116 est
1534 4079 1545 4113 :
1581 4077 1700 4132 quae
1743 4065 2021 4134 cogitatio,
2062 4075 2122 4120 ut

534 4155 668 4223 dixi,
698 4156 804 4210 vita
850 4165 934 4210 est
962 4153 1153 4208 anima:
1181 4169 1195 4207 :
1229 4153 1481 4223 quoniam
1513 4155 1626 4209 haec
1656 4156 1828 4225 prima
1869 4165 1952 4210 est
1981 4157 2121 4212 ratio

536 4251 782 4316 vivendi,
828 4258 887 4304 ut
914 4249 998 4303 cui
1048 4264 1107 4304 se
1151 4248 1347 4303 debeat
1391 4248 1588 4313 anima,
1622 4264 1726 4303 non
1765 4251 1977 4320 ignoret
2009 4268 2020 4303 :
2052 4268 2121 4307 ne

536 4347 699 4401 alium
732 4354 950 4414 praeter;
967 4344 1106 4398 hunc
1147 4343 1369 4414 decepta
1409 4353 1717 4412 veneretur,
1753 4360 1822 4400 ne
1853 4346 1978 4400 vitae
2005 4362 2118 4401 sua:

538 4441 834 4497 ministeria
862 4439 1008 4494 velut
1035 4439 1156 4491 vita:
1182 4447 1434 4492 auctores
1465 4437 1689 4490 adoret:
1722 4453 1788 4492 ne
1820 4439 1872 4492 in
1907 4448 2114 4496 tantum

2226 3230 2570 3284 erubescere.
2621 3228 2694 3283 At
2724 3244 2855 3283 vero
2893 3229 2939 3284 si
2978 3238 3178 3283 statum
3212 3240 3457 3284 nostrum
3484 3229 3824 3299 contemple-

2226 3338 2368 3390 mur,
2399 3323 2650 3392 quoniam
2682 3323 3027 3392 prmstantior
3059 3331 3146 3378 est
3175 3323 3388 3378 caeteris
3427 3323 3821 3394 animantibus,

2227 3416 2355 3471 dum
2395 3415 2462 3470 ad
2502 3431 2651 3470 suam
2692 3416 2980 3485 imaginem
3015 3418 3156 3471 Deus
3186 3416 3534 3473 informatum
3566 3417 3820 3484 inducit,

2225 3509 2470 3566 invenies
2494 3551 2510 3578 ,
2544 3519 2744 3566 terram
2772 3509 2943 3579 ipsam
2975 3523 3162 3565 semen
3186 3524 3307 3565 esse
3333 3511 3505 3566 nostri
3535 3510 3814 3581 corporis.

2226 3605 2282 3662 Si
2331 3606 2451 3673 quis
2493 3605 2546 3660 in
2592 3622 2654 3661 ea
2682 3620 2876 3661 sensus
2904 3615 3010 3674 est,
3039 3605 3276 3676 gaudere
3316 3607 3624 3676 potuisset,
3667 3608 3819 3676 quod

2225 3708 2445 3769 propter
2486 3715 2585 3755 nos
2633 3701 2688 3755 in
2732 3701 2928 3771 quibus
2971 3701 3259 3771 imaginem
3303 3710 3360 3757 et
3398 3703 3815 3759 similitudinem

2222 3790 2494 3847 Creatoris
2522 3793 2772 3864 accepit,
2799 3793 3010 3848 felicior
3032 3793 3170 3848 facta
3201 3794 3292 3860 sit,
3320 3793 3625 3864 demutata,
3652 3810 3818 3866 quam

2223 3886 2294 3942 sit
2321 3896 2436 3941 orta
2463 3905 2476 3941 :
2508 3903 2698 3942 manus
2721 3888 2864 3942 enim
2889 3888 2985 3943 Dei
3011 3889 3238 3959 contigit
3265 3904 3384 3945 eam
3413 3931 3429 3956 ,
3478 3905 3633 3959 cujus
3675 3904 3818 3945 con-

2224 3987 2424 4035 tactum
2457 3981 2541 4035 sui
2564 3995 2726 4036 causa
2755 3982 2880 4035 dum
2910 3980 3103 4046 ﬁeret,
3130 3983 3243 4052 ipsa
3276 3999 3384 4038 non
3414 3984 3635 4039 meruit.
3668 3983 3817 4052 Quid

2221 4073 2368 4128 enim
2407 4073 2512 4128 hoc
2555 4083 2699 4129 statu
2749 4074 3104 4144 prmclarius?
3142 4076 3267 4146 quid
3308 4078 3610 4146 poterimus
3651 4093 3821 4134 nosse

2222 4167 2541 4222 sublimius?
2562 4168 2696 4236 Quid
2723 4178 2829 4222 tam
2853 4168 3141 4239 diligenter
3165 4170 3217 4224 in
3247 4171 3485 4226 membra
3512 4170 3818 4241 digestum?

2220 4258 2347 4327 quid
2373 4268 2476 4313 tam
2499 4259 2695 4314 decore
2708 4275 2812 4335 per
2833 4260 3089 4314 articulos
3108 4260 3403 4316 inﬂexum?
3426 4262 3562 4330 Quid
3591 4271 3699 4316 tam
3724 4278 3821 4317 su-

2222 4350 2463 4407 blimiter
2498 4353 2550 4406 in
2583 4367 2676 4407 ora
2707 4362 2760 4406 et
2789 4353 2975 4407 oculos
3003 4355 3276 4409 erectum?
3315 4355 3442 4425 quid
3473 4364 3577 4409 tam
3607 4356 3820 4412 vocali-

2223 4453 2308 4500 ter
2331 4446 2385 4500 in
2430 4447 2592 4502 verba
2626 4445 3002 4502 modulatum?
3033 4448 3160 4518 quid
3192 4449 3243 4502 in
3271 4449 3438 4505 corde
3471 4461 3576 4504 tam
3607 4451 3819 4505 vivaci-

534 4536 802 4592 clementa
849 4533 1094 4597 miretur,
1145 4539 1204 4584 ut
1243 4545 1349 4584 non
1382 4529 1538 4598 digna
1571 4529 1777 4597 judicet
1823 4548 1943 4601 quae
1975 4533 2115 4591 facta

2234 4548 2306 4596 ter
2332 4540 2668 4595 animatum?
2691 4540 2818 4608 quid
2843 4542 2894 4596 in
2928 4557 3093 4596 sensu
3123 4541 3320 4597 ditius?
3365 4543 3490 4613 quid
3522 4543 3572 4597 in
3596 4546 3816 4612 cogita-

535 4631 829 4687 credantur
855 4645 869 4681 :
917 4642 1039 4681 cum
1068 4625 1157 4680 illc
1190 4626 1359 4693 magis
1388 4623 1459 4678 sit
1485 4623 1853 4694 admirandus,
1888 4627 1978 4696 qui
2009 4638 2114 4684 tam

533 4726 778 4784 miranda
811 4722 1085 4796 produxit.
1113 4720 1156 4774 0
1178 4734 1335 4787 quam
1365 4727 1588 4787 augusta
1621 4718 1728 4789 [ΑΙ.
1757 4722 2002 4791 angusta]
2035 4732 2118 4778 est

532 4820 650 4876 haec
671 4819 848 4874 divina
869 4813 1150 4884 cogitatio,
1172 4820 1224 4866 et
1245 4825 1401 4878 quam
1425 4810 1548 4864 vitae
1566 4811 1722 4879 plena
1750 4814 1859 4868 est!
1881 4813 1925 4868 Ο
1946 4830 2117 4884 quan-

533 4922 649 4967 tum
695 4912 873 4980 ipsum
925 4905 1193 4960 hominem
1224 4902 1291 4956 ad
1338 4917 1501 4956 omne
1549 4903 1782 4957 studium
1829 4905 2115 4974 probitatis

533 5001 804 5056 accendit!
835 4999 877 5054 Ο
899 5006 1162 5068 quantum
1193 4994 1270 5048 illi
1294 4993 1628 5061 majestatem
1655 4997 1739 5048 sui
1770 4999 2115 5054 commendat

531 5092 789 5154 auctoris,
810 5107 930 5146 cum
951 5089 1095 5144 aliud
1121 5089 1214 5143 ille
1234 5087 1366 5142 nihil
1391 5086 1441 5140 in
1467 5097 1715 5143 creatura
1736 5090 1886 5160 omni
1915 5101 2112 5160 przeter

529 5204 592 5244 se
618 5200 781 5241 manu
809 5184 909 5240 Dei
936 5182 1222 5236 formatum
1255 5194 1375 5235 esse
1405 5182 1712 5237 considerat
1735 5199 1842 5238 non
1875 5193 2106 5248 terram,

529 5298 639 5339 non
671 5281 862 5346 maria,
902 5292 1010 5332 non
1048 5277 1264 5338 coelum,
1315 5289 1421 5329 non
1466 5275 1696 5346 denique
1737 5275 1952 5342 sidera,
2001 5289 2105 5330 tam

526 5373 749 5437 munda,
765 5381 873 5427 tam
888 5385 1043 5440 pura,
1068 5366 1374 5434 tamllucida
1400 5383 1412 5419 :
1438 5367 1715 5423 hominem
1734 5369 1907 5423 solum
1927 5369 2106 5438 cujus-

521 5472 643 5525 dam
672 5469 787 5522 limi
832 5474 888 5521 et
925 5460 1192 5535 gravioris
1223 5469 1277 5514 et
1309 5460 1626 5516 sordidioris
1675 5461 1925 5516 elementi
1952 5502 1969 5527 ,
2014 5464 2102 5518 illa

519 5564 805 5619 formatum
825 5556 1206 5620 essedextera,
1228 5553 1382 5621 cujus
1403 5551 1643 5608 dextera:
1667 5553 1874 5623 palmus
1902 5554 2100 5610 coelum

517 5655 862 5710 mensuratin
881 5663 1127 5705 mensura
1150 5665 1162 5700 :
1185 5647 1340 5715 cujus
1363 5647 1593 5716 pugillus
1618 5657 1775 5703 terra:
1796 5651 1967 5718 spatia
1990 5659 2097 5708 tam

531 5746 736 5806 inﬁnita
757 5745 990 5818 jacentis
1015 5741 1240 5799 includit
1273 5759 1284 5796 :
1315 5744 1446 5797 tanti
1469 5741 1565 5798 fuit
1587 5741 1735 5801 illum
1758 5743 1924 5805 fuisse
1947 5745 2093 5803 olim.

2221 4637 2372 4689 tione
2417 4633 2728 4689 secretius?
2778 4634 2905 4704 quid
2940 4636 2991 4689 in
3031 4650 3283 4690 sermone
3309 4635 3563 4691 effusius?
3593 4637 3723 4706 quid
3756 4639 3814 4692 in

2221 4727 2440 4799 ingenio
2487 4727 2714 4782 fortius?
2756 4728 2880 4796 quid
2927 4729 2980 4782 in
3031 4728 3392 4799 dispositione
3442 4730 3761 4785 instructius
3792 4735 3817 4786 ?

2220 4821 2349 4892 quid
2384 4822 2436 4875 in
2464 4821 2726 4875 memoria
2755 4821 3041 4875 tenacius?
3066 4820 3190 4889 quid
3219 4822 3270 4874 in
3294 4821 3490 4876 aﬁ‘ectu
3515 4821 3766 4877 blandius
3790 4825 3816 4878 ?

2220 4913 2348 4983 quid
2400 4914 2453 4965 in
2501 4911 2738 4982 cogitatu
2787 4911 3074 4967 subtilius?
3104 4911 3173 4968 Ut
3221 4912 3497 4968 evidenter
3550 4927 3816 4983 appareat

2220 5006 2364 5078 quod
2392 5005 2538 5060 illum
2568 5005 2980 5077 protoplastum,
3011 5005 3122 5074 jam
3151 5017 3261 5061 tum
3294 5006 3551 5060 omnibus
3571 5006 3816 5078 dignita-

2222 5100 2364 5155 tibus
2386 5107 2732 5154 venuStatum
2757 5139 2772 5166 ,
2807 5099 2915 5153 imo
2947 5108 3146 5152 statum
3177 5099 3270 5153 ﬁlii
3301 5098 3384 5152 sui
3409 5098 3501 5152 Dei
3532 5101 3709 5154 nostri
3740 5100 3814 5155 ad

2218 5192 2380 5248 ﬁnem
2410 5193 2729 5248 saeculorum
2757 5208 2856 5263 pro
2888 5193 3262 5262 redemptione
3295 5201 3477 5247 nostra
3505 5195 3723 5248 venturi
3757 5194 3812 5248 in

2220 5286 2323 5342 hoc
2364 5301 2565 5355 corpus
2611 5287 2857 5342 ornarit:
2888 5285 2977 5340 cui
3008 5285 3315 5354 paradisum
3345 5283 3506 5339 etiam
3539 5285 3636 5340 illo
3668 5296 3815 5342 tem-

2216 5393 2351 5447 pore
2382 5378 2530 5434 velut
2555 5378 2981 5434 ammnissimum
3030 5377 3310 5446 praedium,
3342 5386 3396 5430 ct
3420 5375 3645 5432 urbanis
3676 5392 3814 5434 con-

2215 5479 2556 5526 venustatum
2581 5515 2595 5539 ,
2625 5481 2681 5526 et
2711 5472 2926 5526 rusticis
2968 5472 3235 5526 consitum
3259 5513 3272 5536 ,
3317 5470 3419 5524 sub
3459 5470 3579 5541 lege
3626 5471 3810 5527 dona-

2215 5573 2351 5629 tum,
2387 5562 2575 5616 mortis
2608 5563 2697 5617 ille
2731 5565 3138 5632 prmseminator
3167 5562 3398 5619 invidit:
3425 5578 3814 5639 venenumque

2211 5670 2368 5708 suum
2401 5654 2726 5725 decipiendo
2753 5657 3052 5726 primorum
3079 5657 3358 5712 hominum
3389 5656 3670 5712 credulam
3709 5675 3813 5715 no-

2210 5749 2431 5808 vitatem
2466 5749 2520 5808 in
2563 5765 2796 5825 corpora
2828 5763 3011 5812 nostra
3045 5755 3272 5812 latenter
3302 5751 3570 5811 immersit
3606 5772 3620 5813 :
3653 5764 3715 5816 et
3742 5774 3810 5816 ex
