3998 6198
214 246 277 303 8|
1210 249 1545 309 EPISTOLA
1588 250 1674 307 Vl.
1716 251 1807 309 AD
1844 252 2111 311 AMlCUM
2152 252 2530 313 IEGROTUM.
3430 255 3501 313 83

211 361 429 420 duabus
456 364 772 421 substantiis
797 410 812 435 ,
856 365 1068 422 unicam
1112 364 1355 421 hominis
1395 364 1804 437 perfectamque
1828 368 1882 428 Α
1906 367 2144 422 voluerit
2200 382 2320 423 esse
2372 367 2632 423 virtutis:
2664 373 3033 439 quantumque
3078 380 3180 424 nos
3236 379 3448 424 amaret
3472 412 3489 439 ,

214 466 466 513 naturam
493 457 724 529 quadam
762 456 1050 514 divisionis
1076 456 1343 513 discordia
1371 457 1667 513 dissecavit
1698 474 1711 511 :
1743 465 1802 511 ut

216 567 343 607 cum
369 552 525 608 nobis
547 567 651 607 una
673 566 826 608 mens
851 562 1017 620 esset,
1044 553 1099 608 id
1120 561 1225 621 est,
1256 551 1369 620 illa,
1402 567 1561 623 quam
1593 566 1805 623 germa-

214 645 357 700 nitas
385 643 580 699 animae
603 686 618 711 ,
650 655 707 701 et
746 646 993 716 corporis
1022 645 1278 718 gignebat
1310 663 1324 698 :
1355 646 1519 701 aliam
1550 645 1807 701 volunta-

214 747 323 796 tem
345 754 441 812 per
460 738 710 794 vitiatam
740 748 993 795 naturam
1015 748 1207 795 contra
1232 738 1465 793 animam
1490 738 1805 810 parturiret.

213 831 458 903 Denique
509 839 568 887 et
613 832 915 902 Apostolus
966 832 1043 886 ait
1080 850 1096 886 :
1150 830 1309 885 Video
1350 830 1509 883 aliam
1544 829 1708 901 legem
1755 830 1812 884 in

210 924 453 979 membris
484 924 610 978 meis
640 933 1016 997 repugnantem
1041 924 1344 995 tegimentis
1372 940 1498 979 mea:
1528 938 1547 977 :
1572 932 1621 976 et
1643 923 1811 993 capti-

208 1019 428 1074 titatem
454 1034 531 1072 me
559 1018 615 1071 in
640 1018 753 1089 lege
774 1017 993 1089 {peccati
1016 1059 1033 1083 ,
1067 1031 1182 1087 qua:
1218 1026 1292 1070 est
1318 1018 1373 1070 in
1416 1015 1654 1070 membris
1684 1016 1812 1069 meis

214 1110 238 1181 (
268 1109 426 1165 Rom.
454 1124 527 1164 vn
552 1149 567 1174 ,
613 1108 684 1164 25
706 1106 751 1179 ).
776 1108 843 1162 Et
864 1108 994 1162 alibi
1022 1124 1037 1161 :
1062 1106 1196 1161 Caro
1216 1106 1531 1177 concupiscit
1559 1107 1808 1161 adversus

207 1201 457 1269 spiritum
478 1237 495 1266 ,
523 1198 734 1267 spiritus
773 1207 946 1251 autem
975 1188 1221 1250 adversus
1250 1210 1474 1249 carnem.
1512 1194 1639 1250 Ηωο
1676 1196 1807 1249 invi-

204 1308 319 1348 cem
332 1292 668 1345 adversantur
686 1290 805 1358 sibi,
822 1299 876 1343 ut
900 1306 1002 1344 non
1014 1305 1341 1361 quacumque
1358 1290 1511 1347 vultis
1528 1291 1619 1345 illa
1639 1290 1805 1360 [acia-

207 1381 441 1452 tis(Gal.
467 1397 529 1447 ν,
560 1381 672 1453 η).

283 1479 349 1534 V.
386 1478 522 1534 Hine
561 1480 726 1535 etiam
766 1480 871 1534 iste
913 1489 1101 1537 noster
1126 1479 1380 1536 conditor
1404 1522 1421 1549 ,
1471 1482 1563 1551 qui
1590 1482 1675 1537 vel
1700 1496 1803 1537 nos

205 1572 369 1629 nobis
393 1613 408 1635 .
435 1573 520 1629 vel
550 1573 814 1629 mundum
846 1588 943 1645 pro
972 1574 1130 1629 nobis
1157 1574 1387 1641 fecerat,
1415 1591 1444 1628 a
1470 1575 1661 1646 primis
1694 1576 1804 1631 illis

203 1666 520 1722 hominibus
542 1666 780 1721 offensus
804 1708 818 1732 ,
852 1666 1142 1722 maledicta
1174 1682 1339 1738 super
1362 1668 1610 1739 singulos
1642 1676 1806 1738 prout

1906 458 2035 515 dum
2088 460 2141 514 in
2192 459 2365 531 ipsum
2422 460 2801 531 peccavimus,
2850 459 3206 525 ostenderet,
3253 476 3488 531 quorum

1908 551 2153 607 oblivisci
2204 552 2364 607 etiam
2414 563 2539 622 post
2563 560 2741 608 errata
2772 567 2876 607 non
2924 560 3153 623 posset,
3201 553 3314 609 imo
3355 570 3491 625 quos

1910 644 2201 716 pretiosius
2225 644 2537 711 redimeret,
2566 662 2722 717 quam
2749 646 2857 718 [AL
2886 643 3029 715 quae]
3061 645 3299 703 fecisset.
3326 649 3488 715 Qure—

1912 751 1996 797 rat
2021 756 2163 795 nunc
2191 740 2425 795 humana
2451 740 2737 795 crudelitas
2776 739 3089 795 criminosis
3113 781 3129 808 ,
3160 741 3249 796 vel
3279 742 3489 811 privata

1915 832 2180 903 ergastula
2208 874 2223 897 ,
2250 831 2336 887 vel
2364 831 2606 901 publicos
2633 844 2881 886 carceres
2911 872 2925 896 ,
2956 845 3079 886 cum
3127 831 3355 887 manicis
3386 832 3490 888 fer-

1916 927 2027 982 reis
2066 934 2122 982 et
2163 925 2313 981 duris
2341 925 2514 995 rigida
2540 925 2690 981 trabe
2709 924 3056 996 compedibus
3081 926 3215 981 irata
3238 927 3491 997 suspiret,

1913 1027 1967 1074 et
1994 1019 2046 1073 in
2081 1034 2269 1087 poenas
2296 1018 2651 1074 multimodas
2684 1018 3129 1075 adinventionum
3168 1019 3317 1075 laxet
3348 1021 3496 1091 inge-

1912 1109 1998 1165 nia
2034 1108 2362 1179 :omnisque
2405 1110 2573 1177 judex
2617 1111 2851 1166 surrecti
2909 1111 3143 1181 capitis,
3192 1112 3493 1168 castitatem

1911 1200 2144 1271 propriae
2172 1200 2371 1256 mentis
2399 1200 2713 1256 discrimine
2735 1201 2926 1271 probet
2968 1202 3149 1259 alieno
3183 1219 3199 1256 :
3244 1203 3347 1260 hoc
3389 1221 3500 1261 ma-

1908 1295 1989 1365 gis
2016 1295 2222 1349 amicus
2250 1293 2542 1359 atrocitati,
2574 1308 2683 1365 quo
2712 1295 2883 1364 magis
2904 1295 3116 1351 alienus
3143 1306 3229 1353 est
3257 1298 3494 1353 crimini.

1908 1386 2013 1457 Ipsi
2060 1386 2203 1443 enim
2251 1386 2430 1442 solent
2480 1386 2899 1441 truculentiores
2936 1402 3057 1442 esse
3100 1386 3155 1442 in
3197 1402 3322 1443 reos
3349 1433 3363 1457 ,
3405 1391 3495 1457 qui

1908 1489 2036 1535 sunt
2072 1495 2102 1533 a
2150 1491 2302 1534 reatu
2348 1478 2621 1550 puriores.
2654 1477 2718 1533 Hi
2747 1478 3046 1534 studiosius
3088 1480 3376 1546 maleﬁcia,
3411 1483 3497 1538 vel

1908 1572 2325 1628 criminosorum
2360 1572 2607 1641 c‘ontagia
2636 1581 3043 1642 persequentes,
3075 1586 3183 1641 quo
3212 1572 3393 1628 minus
3430 1588 3495 1629 ae

1909 1666 2269 1737 negligentius
2300 1666 2603 1721 facinorum
2636 1667 2881 1720 vitavere
2909 1664 3207 1720 consortia.
3241 1664 3286 1719 Ο
3328 1666 3494 1721 mise-

202 1756 453 1813 criminis
506 1759 778 1826 quantitas
812 1758 1065 1829 exigebat
1095 1800 1111 1823 ,
1157 1757 1369 1814 effudit.
1426 1758 1497 1814 Et
1542 1761 1794 1829 quamvis
1826 1766 1871 1826 Β
1899 1777 1989 1818 ros
2021 1771 2076 1818 et
2102 1760 2248 1816 omni
2283 1760 2541 1830 praeditos
2570 1760 2842 1828 caecitate,
2872 1761 2965 1831 qui
2997 1760 3198 1815 bonum
3229 1771 3495 1817 exornant

200 1851 379 1907 iratus
403 1894 419 1918 ,
472 1865 598 1905 mox
640 1860 823 1907 tamen
868 1852 1188 1921 mysterium
1217 1860 1425 1905 nostra:
1460 1851 1653 1906 salutis
1676 1892 1693 1917 ,
1743 1859 1803 1905 ut

204 1944 332 2015 pius
361 1954 511 2014 pater
539 1944 801 2000 ostendit.
850 1944 1034 2015 Neque
1063 1960 1277 2013 aequum
1307 1943 1483 1999 fuerat
1524 1946 1631 1999 alio
1659 1954 1799 1999 tem-

203 2053 345 2109 pore
374 2039 442 2094 de
462 2037 654 2095 salutis
682 2048 882 2095 nostra:
906 2039 1148 2095 remedio
1176 2039 1437 2110 cogitare,
1466 2038 1571 2094 nisi
1601 2054 1667 2095 eo
1691 2054 1802 2110 quo

199 2145 355 2186 mors
404 2142 557 2187 esset
607 2132 846 2188 inventa.
894 2131 988 2188 Sic
1040 2146 1069 2185 a
1126 2132 1577 2203 prudentioribus
1625 2133 1801 2202 prima

198 2224 387 2281 fronte
410 2226 587 2281 morbi
608 2225 898 2282 adhibetur
925 2226 1167 2282 medicus
1192 2244 1205 2281 :
1236 2236 1295 2282 ut
1318 2227 1500 2296 capite
1528 2226 1798 2282 valetudi-

200 2322 291 2375 nis
319 2320 664 2389 deprehenso
684 2362 700 2386 ,
732 2320 942 2377 facilius
974 2320 1273 2376 remedium
1300 2321 1545 2375 salutare
1576 2334 1800 2375 succur-

200 2422 312 2469 rat.
340 2413 457 2469 Non
488 2429 618 2485 ergo
642 2422 771 2471 tunc
798 2422 1004 2469 tantum
1030 2414 1291 2468 Dominus
1313 2428 1376 2469 ac
1402 2413 1651 2469 Salvator
1673 2427 1800 2468 nos-

199 2517 288 2563 ter
315 2509 614 2579 promissus
647 2518 732 2565 est
766 2523 887 2563 cum
918 2508 1117 2563 clamat
1144 2507 1315 2563 Isaias
1345 2524 1363 2562 :
1396 2506 1533 2563 Ecce
1575 2508 1716 2577 virgo
1746 2509 1799 2560 in

205 2612 359 2657 utero
384 2603 639 2675 concipiet
667 2608 716 2657 et
744 2602 905 2672 pariet
932 2601 1098 2672 ﬁlium
1124 2601 1142 2673 (
1174 2599 1252 2656 Is.
1281 2617 1386 2669 vn,
1422 2600 1487 2655 14
1510 2602 1559 2670 );
1589 2611 1642 2655 et
1670 2609 1801 2658 tunc

196 2712 323 2753 cum
354 2697 423 2753 ad
441 2698 713 2753 Abraham
744 2697 947 2752 dictum
979 2705 1064 2751 est
1092 2712 1107 2751 :
1135 2696 1215 2750 Ad
1238 2694 1336 2749 hoc
1358 2704 1551 2765 tempus
1575 2696 1796 2760 veniam,

194 2802 248 2846 et
291 2794 389 2848 erit
435 2792 589 2849 Sane
618 2792 763 2862 ﬁlius
804 2792 821 2863 (
850 2789 979 2846 Gen.
1007 2806 1134 2845 XVIII
1162 2829 1181 2857 ,
1215 2790 1282 2847 10
1308 2788 1354 2861 ).
1383 2788 1516 2844 Nam
1548 2790 1649 2843 hoc
1681 2799 1799 2843 erat

196 2901 342 2958 pene
381 2886 495 2957 jam
533 2901 659 2941 sero
687 2930 703 2952 ,
750 2894 805 2941 et
835 2894 980 2940 tanta
1011 2884 1177 2939 millia
1215 2882 1645 2955 patriarcharum
1678 2884 1798 2937 sine

194 2992 295 3050 spe
325 2988 539 3033 mortua
570 2977 890 3033 videbantur
922 2995 935 3031 :
965 2976 1159 3049 quibus
1185 2978 1374 3048 utique
1401 2977 1509 3031 vita
1537 2990 1659 3031 esse
1690 2992 1797 3031 non

194 3072 395 3143 potuit,
425 3071 471 3126 si
500 3068 787 3125 Dominum
810 3084 917 3125 non
943 3078 1306 3139 speraverant
1327 3082 1450 3123 esse
1481 3078 1793 3133 venturum,

1903 1854 2077 1921 malo,
2112 1856 2201 1925 qui
2228 1854 2623 1909 continentiam
2654 1854 2753 1909 sub
2776 1865 2930 1924 gestu
2958 1854 3299 1909 crudelitatis
3324 1855 3480 1911 attol-

1904 1947 2063 2013 lunt,
2117 1955 2172 2001 et
2218 1946 2594 2001 crudelitatem
2640 1947 2914 2015 propriam
2963 1947 3140 2001 aliena
3166 1948 3483 2005 infelicitate

1904 2038 2288 2096 commendant
2307 2055 2318 2091 :
2336 2037 2552 2108 quando
2574 2037 2863 2091 virtutibus
2880 2038 2993 2092 suis
3016 2038 3337 2094 miserorum
3360 2041 3491 2095 asti-

1903 2134 2161 2205 pulantur
2188 2132 2373 2198 exitio,
2414 2140 2469 2186 et
2512 2129 3161 2201 innocentitejudieantis
3202 2134 3489 2190 noxiorum

1901 2228 2266 2281 cruciamenta
2306 2225 2696 2295 supplaudunt.

1974 2319 2064 2374 Vl.
2098 2318 2243 2374 Deus
2269 2327 2449 2373 autem
2480 2326 2667 2372 noster
2696 2326 2884 2372 contra
2912 2331 3129 2373 omnem
3162 2333 3337 2389 spem,
3366 2334 3496 2375 con-

1904 2422 1982 2468 tra
2010 2427 2226 2469 omnem
2252 2427 2389 2482 pene
2417 2411 2601 2477 fidem,
2634 2426 2701 2466 ex
2725 2411 2930 2465 divitiis
2961 2412 3346 2468 misericordias
3374 2430 3485 2468 suae

1902 2504 1955 2558 in
1986 2505 2130 2559 malo
2161 2504 2359 2558 bonum
2390 2513 2613 2570 nactus,
2658 2502 2714 2556 in
2751 2502 3029 2557 iracundia
3059 2518 3328 2573 generans
3349 2520 3487 2560 con-

1900 2597 2230 2668 firmansque
2267 2597 2520 2667 pietatem
2554 2639 2569 2663 ,
2610 2596 2869 2663 peccandi
2902 2610 3090 2652 semen
3118 2640 3133 2665 ,
3168 2598 3223 2651 in
3254 2599 3486 2654 fructum

1900 2692 2069 2746 voluit
2099 2690 2330 2747 evadere
2360 2690 2653 2746 miserendi
2684 2708 2699 2745 :
2732 2700 2786 2745 et
2816 2692 2910 2760 qui
2940 2706 3037 2746 nos
3070 2702 3292 2763 propter
3316 2704 3491 2749 trans-

1898 2781 2235 2851 gressionem
2278 2780 2505 2852 perdere
2537 2781 2853 2848 debuisset,
2900 2792 3120 2853 propter
3146 2800 3297 2841 suam
3326 2787 3490 2843 mise-

1899 2873 2188 2929 ricordiam
2213 2884 2588 2945 reparaturum
2613 2888 2671 2928 se
2698 2890 2820 2929 esse
2843 2876 3113 2946 promisit.
3144 2879 3211 2933 Et
3236 2880 3327 2933 illo
3350 2892 3489 2936 tem-

1903 2981 2035 3034 pore
2064 2981 2170 3038 quo
2191 2966 2455 3037 supplicia
2488 2967 2857 3036 merebamur,
2905 2980 3280 3040 argumentum
3312 2975 3487 3030 salva-

1901 3058 2063 3114 tionis
2092 3060 2331 3115 ostendit
2360 3078 2374 3114 :
2400 3072 2459 3114 ut
2498 3060 2804 3131 intelligere
2850 3077 3135 3131 pessemus
3162 3105 3176 3127 ,
3222 3081 3482 3135 quantum

194 3162 421 3219 dicente
450 3163 712 3233 Apostolo
746 3180 757 3214 :
792 3162 902 3232 Spe
948 3162 1085 3215 enim
1106 3162 1238 3215 salvi
1283 3162 1408 3231 facti
1437 3177 1635 3215 sumus.
1662 3161 1793 3231 Spes
1824 3158 1868 3223 C
1899 3154 2103 3209 valeret
2153 3163 2412 3224 praestare
2457 3171 2563 3209 non
2599 3156 2759 3210 laesus
2785 3195 2800 3219 ,
2848 3157 2940 3226 qui
2998 3166 3203 3211 tantum
3255 3159 3487 3217 donaret

194 3257 342 3311 enim
363 3271 479 3325 qua
495 3256 692 3310 videtur
713 3273 815 3310 non
841 3265 913 3309 est
938 3272 1076 3324 spes,
1105 3255 1194 3310 sed
1224 3270 1341 3326 qua:
1359 3266 1599 3325 speratur
1615 3253 1790 3325 (Rom.

196 3364 318 3417 νηί,
353 3347 468 3418 il).
501 3348 563 3403 Et
588 3348 765 3419 qualis
795 3347 902 3420 [AL
928 3346 1181 3419 qualiter]
1212 3362 1339 3419 spes
1369 3363 1492 3403 esse
1517 3348 1713 3418 potuit,
1743 3348 1789 3403 si

194 3456 309 3496 non
354 3440 459 3495 fuit
499 3441 861 3510 repromissa?
894 3441 1006 3495 lmo
1035 3448 1095 3495 ut
1129 3441 1308 3511 primo
1341 3440 1545 3494 homini
1578 3441 1668 3495 illa
1699 3456 1791 3496 sa-

191 3535 436 3606 pientior
478 3534 729 3591 omnibus
762 3534 948 3589 bestiis
973 3534 1145 3590 bestia
1165 3576 1180 3598 ,
1208 3544 1438 3589 mortem
1467 3536 1644 3604 sapuit
1673 3552 1686 3587 :
1714 3534 1787 3589 ita

192 3624 442 3695 oportuit
466 3624 616 3680 illum
644 3624 931 3680 Dominum
961 3634 1207 3680 nostrum
1230 3639 1413 3681 veram
1439 3625 1785 3694 sapientiam,

184 3715 299 3785 jam
333 3726 449 3772 tum
481 3716 577 3771 illo
606 3726 847 3787 tempore
876 3716 1194 3788 suffragium
1217 3732 1411 3789 sapere
1435 3718 1619 3785 vitale,
1645 3719 1790 3788 quod

192 3821 249 3867 et
277 3810 430 3867 fecit.
462 3808 653 3880 Neque
678 3810 886 3866 destitit
914 3811 1212 3881 publicare,
1242 3825 1309 3866 ne
1346 3821 1489 3867 tanta
1520 3812 1634 3882 ejus
1664 3813 1792 3868 fac-

193 3911 313 3957 tura
340 3917 448 3957 uno
472 3900 677 3957 inimici
699 3902 870 3959 ariete
893 3903 1226 3974 propulsata,
1258 3904 1376 3960 sine
1414 3906 1669 3974 praesidio
1693 3906 1792 3961 ali-

190 3995 351 4066 cujus
373 3996 553 4065 lapsui
578 3998 779 4065 potius,
803 4012 961 4067 quam
985 3996 1171 4053 decori
1193 4008 1448 4068 generata
1474 3998 1785 4054 videretur:

189 4089 358 4145 simul
410 4106 478 4144 ne
529 4090 575 4145 is
607 4090 840 4146 validior
885 4090 1177 4146 haberetur
1208 4134 1224 4159 ,
1268 4091 1363 4162 qui
1399 4100 1609 4147 tantum
1650 4105 1790 4162 opus

190 4184 390 4238 aliena:
443 4183 667 4239 virtutis
723 4183 959 4239 obruere
1015 4187 1314 4255 potuisset,
1372 4200 1534 4256 quam
1569 4185 1698 4250 ille,
1742 4186 1789 4240 si

185 4292 337 4348 opus
365 4291 521 4333 suum
549 4319 564 4344 ,
598 4277 746 4349 quod
773 4292 938 4348 super
968 4293 1163 4334 omnes
1190 4287 1467 4335 creaturas
1500 4278 1788 4335 ineffabili-

188 4379 273 4425 ter
327 4368 458 4424 fecit
487 4411 503 4435 ,
550 4378 642 4424 aut
673 4385 893 4426 servare
920 4385 1024 4425 non
1056 4370 1358 4441 potuisset,
1405 4382 1499 4426 aut
1533 4388 1790 4442 reparare

186 4464 483 4521 noluisset.
541 4464 832 4531 Defendit,
900 4466 1121 4537 inquam
1154 4508 1169 4533 ,
1230 4466 1325 4522 ille
1389 4483 1449 4523 se
1498 4469 1599 4524 hac
1649 4469 1790 4524 invi-

1896 3245 2084 3301 iratus.
2117 3245 2172 3300 In
2201 3246 2375 3315 primo
2402 3262 2530 3316 ergo
2563 3247 2802 3311 homine,
2835 3255 2893 3300 ut
2918 3247 3264 3316 loquebatur,
3298 3253 3479 3305 statim

1894 3338 2055 3393 nobis
2094 3337 2440 3407 judiciarium
2492 3338 2784 3407 spopondit
2842 3338 3149 3407 auxilium,
3200 3342 3379 3394 statim
3417 3342 3486 3397 de

1894 3430 2043 3484 bono
2073 3429 2327 3485 theSauro
2359 3430 2499 3483 bona
2534 3430 2828 3498 produxit,
2865 3429 3047 3483 statim
3078 3430 3318 3500 ignotum
3354 3434 3485 3503 ipsis

1893 3523 2100 3594 angelis
2130 3532 2549 3587 sacramentum,
2580 3523 2725 3592 quod
2759 3524 3094 3593 implendum
3122 3536 3267 3581 esset
3296 3528 3347 3581 in
3388 3546 3484 3583 no-

1897 3618 2121 3672 vissimo
2148 3628 2412 3686 tempore,
2447 3617 2742 3686 publicavit
2775 3635 2787 3671 :
2821 3627 2878 3672 et
2910 3625 3126 3674 terreno
3155 3618 3285 3674 Ada:
3310 3620 3481 3677 Adam

1896 3711 2144 3781 promisit
2186 3728 2217 3766 e
2257 3711 2419 3767 cmlo.
2467 3711 2598 3765 Nam
2628 3727 2749 3767 cum
2785 3722 3099 3782 serpentem
3149 3729 3247 3783 pro
3286 3716 3483 3772 merito

1894 3819 1992 3857 suo
2020 3802 2305 3858 maledicto
2335 3802 2664 3865 fulminaret,
2689 3802 2847 3873 jubet
2869 3818 2991 3858 eum
3022 3814 3225 3859 terram
3258 3821 3355 3875 pro
3390 3808 3484 3862 ci-

1894 3900 1962 3953 bo
1995 3898 2218 3962 habere,
2249 3913 2413 3968 supra
2437 3907 2677 3952 ventrem
2707 3913 2934 3967 repere:
2961 3908 3013 3951 ct
3039 3899 3292 3968 quoniam
3337 3917 3484 3956 mor—

1895 4002 2000 4047 tem
2034 3992 2176 4047 illaut
2209 3993 2322 4063 ipse
2348 3990 2569 4047 fecisset
2592 4034 2605 4055 .
2640 3991 2887 4059 addidit,
2919 3992 3143 4048 dicens:
3170 3990 3238 4046 Et
3279 4011 3473 4064 ponam

1893 4084 2189 4137 inimicitias
2216 4085 2345 4138 inter
2363 4094 2410 4137 te
2430 4091 2476 4137 et
2500 4083 2761 4138 mulierem
2779 4128 2793 4151 ,
2822 4094 2869 4137 et
2906 4086 3039 4138 inter
3069 4102 3237 4140 semen
3262 4095 3411 4140 tuum
3433 4098 3483 4142 et

1890 4195 2059 4232 semen
2087 4178 2316 4233 mulieris
2337 4195 2355 4232 :
2382 4177 2506 4249 Ipsa
2538 4178 2750 4231 calcabit
2775 4188 2930 4247 caput
2959 4187 3126 4245 tuum,
3160 4189 3184 4214 δ
3215 4189 3260 4231 et
3291 4189 3345 4231 tu
3368 4184 3481 4249 ejus

1893 4270 2179 4326 observabis
2205 4270 2502 4325 calcancum
2533 4270 2686 4345 (Gen.
2722 4287 2777 4325 ut
2804 4314 2817 4338 ,
2849 4271 2962 4342 lii).
3013 4270 3203 4326 Nonne
3233 4271 3481 4326 conside-

1892 4380 1981 4419 ras
2013 4384 2024 4419 :
2058 4380 2237 4419 nonne
2258 4366 2528 4437 conspicis
2550 4406 2567 4433 ,
2598 4365 2742 4435 quod
2776 4364 2950 4420 eidem
2996 4375 3121 4421 tunc
3166 4366 3479 4421 minabatur

1893 4458 1943 4512 in
1972 4456 2230 4513 Christo?
2260 4458 2423 4513 Aliud
2448 4460 2591 4515 enim
2622 4474 2807 4513 semen
2831 4459 3075 4512 mulieris
3100 4459 3301 4512 nullum
3327 4474 3479 4527 pror-

184 4556 296 4612 dia.
361 4556 614 4613 Defendit
658 4557 751 4612 ille
803 4568 991 4614 noster
1031 4559 1284 4614 conditor
1336 4569 1394 4617 et
1436 4561 1792 4632 redemptor:

1902 4566 1990 4605 sus
2012 4551 2219 4621 accipio
2240 4594 2255 4619 ,
2285 4552 2385 4606 nisi
2420 4550 2552 4604 illud
2591 4549 2734 4620 quod
2781 4550 3072 4617 Apostolus
3100 4550 3176 4603 ait
3208 4569 3219 4603 :
3257 4548 3477 4603 Factum

187 4650 509 4720 pariterque
558 4663 619 4704 se
663 4658 719 4705 et
762 4664 924 4720 posse
974 4658 1029 4705 et
1062 4651 1200 4707 velle
1248 4651 1617 4720 monstravit,
1654 4669 1788 4722 quo-

186 4747 336 4802 niam
371 4761 476 4802 nec
496 4746 672 4801 virtus
703 4747 952 4815 potentiae
981 4746 1172 4815 defuit,
1207 4764 1307 4804 nec
1334 4749 1576 4820 dignatio
1617 4751 1786 4819 pieta-

186 4840 243 4893 ti.
280 4838 414 4894 llazc
445 4837 607 4893 nobis
630 4840 800 4909 magis
829 4840 1103 4894 adoranda
1133 4881 1148 4905 ,
1176 4841 1316 4908 quod
1346 4841 1446 4895 sub
1487 4841 1603 4911 ipsa
1634 4858 1783 4896 erro-

185 4934 262 4988 ris
292 4932 475 4989 nostri
504 4939 828 5001 tempesmte
858 4948 966 4988 non
994 4932 1238 4987 substitit
1273 4952 1284 4987 :
1312 4933 1593 5003 majorque
1622 4935 1782 4989 etiam

185 5024 314 5079 dum
350 5023 720 5079 exacerbatur
758 5024 971 5094 erupit,
1000 5023 1129 5078 dum
1159 5024 1248 5078 ubi
1277 5038 1490 5093 pennam
1537 5023 1784 5079 mereba-

186 5131 316 5170 mur
348 5129 479 5185 Spes
502 5114 894 5184 redemptionis
935 5115 1243 5171 ostenditur
1267 5160 1283 5183 ,
1325 5125 1381 5172 et
1409 5116 1534 5171 dum
1567 5118 1618 5170 in
1651 5133 1786 5171 nau-

188 5204 347 5277 fragii
389 5206 593 5261 acerbo
624 5206 941 5263 discrimine
970 5218 1157 5277 portus
1183 5207 1377 5263 salutis
1408 5208 1650 5279 aperitur
1682 5227 1695 5264 :
1730 5218 1789 5265 ut

188 5316 333 5355 noro
362 5316 517 5356 more
546 5316 665 5369 qua:
702 5302 928 5356 materia
955 5301 1128 5357 fuerat
1153 5301 1447 5357 iracundia:
1469 5346 1483 5369 ,
1518 5318 1640 5357 esse
1666 5318 1783 5359 cm-

188 5392 336 5461 perit
356 5394 511 5465 origo
538 5394 870 5449 clementiae.
899 5392 989 5450 Sic
1009 5409 1204 5449 arcana
1244 5395 1565 5462 operatione
1614 5395 1787 5449 mani-

187 5484 427 5554 festans,
452 5487 595 5558 quod
625 5486 992 5542 infirmitatem
1017 5494 1257 5542 nostram
1283 5497 1654 5559 argumentum
1677 5504 1790 5543 suae

266 5635 300 5698 ‘7
329 5624 491 5695 Apud
516 5624 860 5693 Agobardum
884 5668 898 5689 ,
933 5627 1025 5697 qui
1058 5636 1328 5694 tamquam
1364 5643 1428 5681 ex
1462 5628 1794 5698 Hieronymo

195 5697 396 5752 recitat
416 5739 430 5760 ,
460 5707 510 5752 et
536 5708 592 5752 tu
628 5698 953 5770 insidiaberis
989 5698 1229 5753 calcaneo
1261 5700 1413 5770 ejus;
1457 5716 1578 5770 mox
1607 5740 1621 5759 ,
1660 5697 1795 5765 quod

190 5771 310 5841 jam
341 5786 479 5826 nunc
500 5769 797 5825 minabatur
820 5786 838 5837 ;
861 5776 939 5840 et,
972 5772 1164 5843 factum
1186 5770 1237 5825 in
1258 5769 1413 5826 carne
1429 5812 1444 5841 ,
1468 5769 1618 5824 illum
1636 5771 1723 5840 qui
1745 5777 1797 5822 ut

1892 4660 1956 4698 ea:
1977 4644 2211 4710 muliere,
2236 4645 2431 4715 factum
2459 4660 2522 4697 ea:
2542 4660 2695 4696 carne
2725 4641 2905 4715 (Joan.
2938 4658 2984 4706 1,
3016 4642 3127 4711 ll).
3153 4640 3284 4693 Illud
3310 4644 3474 4710 quod,

1892 4746 1951 4792 ut
1981 4740 2317 4809 EvangeliSta
2350 4740 2461 4805 ait,
2493 4738 2684 4808 Joscplz
2709 4736 2851 4804 ﬁlius
2884 4733 3157 4804 putabatur
3180 4749 3287 4786 esse
3329 4736 3345 4804 (
3374 4734 3477 4789 Luc

1886 4848 1944 4888 tu
1970 4873 1985 4895 ,
2013 4833 2107 4902 25)
2140 4851 2150 4884 ;
2177 4833 2273 4887 sed
2305 4848 2411 4887 non
2435 4842 2591 4887 erat:
2624 4828 2757 4883 illud
2790 4830 2973 4897 utique
3004 4867 3018 4891 ,
3060 4828 3197 4890 quod
3256 4826 3475 4883 Verbum

1891 4940 2013 4976 caro
2041 4925 2231 4991 factum
2259 4931 2333 4976 est
2358 4921 2499 4990 (Gal.
2533 4936 2609 4983 ιν,
2632 4919 2709 4987 4).
2743 4916 2871 4970 Nam
2904 4918 2947 4971 si
2984 4920 3277 4987 generandi
3306 4920 3477 4991 publi-

1890 5032 2009 5073 cam
2040 5019 2195 5070 istam
2225 5028 2278 5069 et
2324 5014 2625 5067 naturalem
2654 5011 3119 5080 circumspicimus
3158 5016 3426 5071 rationem
3460 5062 3475 5086 ,

1895 5108 2102 5165 semina
2150 5122 2253 5160 nou
2307 5105 2503 5158 habent
2532 5104 2822 5157 mulieres:
2858 5104 3090 5175 denique
3121 5110 3263 5162 nulla
3297 5110 3483 5164 conci-

1896 5203 1976 5272 pit
2001 5200 2116 5256 sine
2139 5200 2257 5253 viro
2282 5215 2295 5250 :
2318 5212 2379 5250 ac
2408 5212 2499 5263 per
2523 5196 2624 5248 hoc
2648 5196 2901 5264 quoniam
2928 5203 3038 5268 jam
3072 5210 3199 5255 tunc
3225 5201 3277 5255 in
3310 5202 3478 5254 Adam

1894 5311 2077 5351 semen
2126 5294 2375 5347 humana:
2422 5289 2786 5359 generationis
2844 5301 2991 5347 esset
3043 5294 3482 5362 transgressione

1896 5392 2137 5445 vitiatum
2165 5432 2179 5451 ,
2214 5399 2399 5440 semen
2443 5384 2668 5439 cmleste
2704 5385 3038 5453 promittitur
3066 5428 3079 5450 ,
3109 5394 3165 5438 ut
3192 5386 3482 5453 Apostolus

1899 5483 2062 5539 sentit
2088 5528 2100 5549 ,
2132 5495 2238 5534 non
2261 5492 2325 5530 ex
2356 5476 2707 5543 corruptione
2732 5476 2859 5545 viri,
2885 5476 2979 5530 sed
3008 5492 3073 5530 ex
3108 5477 3214 5530 Deo
3249 5495 3259 5528 ε
3295 5476 3321 5514 δ
3342 5479 3482 5549 quod

1903 5624 2254 5696 Evangelista,
2283 5628 2413 5696 etc...
2446 5616 2594 5669 illaut
2621 5618 2792 5696 utique
2816 5617 2903 5696 qui
2933 5614 3155 5696 verbum,
3179 5624 3284 5696 etc.

1934 5694 2001 5821 Ib
2032 5688 2069 5748 Ᾱ
2080 5696 2182 5763 pud
2216 5689 2465 5748 eumdem
2496 5732 2510 5757 ,
2544 5690 2678 5760 quod
2710 5704 2829 5743 caro
2862 5688 3007 5757 ﬁeret
3042 5688 3093 5743 in
3129 5689 3363 5747 mulieres
3388 5732 3403 5759 ,
3439 5698 3485 5746 et

1957 5776 2169 5821 omenta.

1905 5782 2169 5823 elementa.
