3998 6198
509 248 578 304 85
1532 244 1593 301 S.
1637 241 2020 300 HIERONYMI
2056 240 2343 309 OPERUM
2380 241 2751 300 MANTISSA.
3705 240 3775 299 84

499 376 625 419 eum
652 377 781 418 caro
812 362 964 420 ﬁeret
988 362 1043 416 in
1075 359 1323 429 muliere,
1356 360 1518 416 etiam
1548 359 1822 416 elementa
1850 356 1937 411 illa
1960 371 2086 412 cor-
2110 364 2164 425 Α
2191 356 2307 412 tiat.
2342 358 2411 412 Et
2435 358 2699 428 propheta
2728 356 2804 412 ait
2833 354 3030 412 Isaias:
3052 355 3210 431 Virgo
3226 357 3279 411 in
3296 366 3441 412 utero
3460 356 3719 428 concipiet
3753 360 3777 413 ?

498 470 684 523 porca:
712 453 1028 509 subsuntise
1051 493 1067 519 ,
1102 452 1153 507 id
1179 461 1263 508 est
1286 494 1304 519 ,
1333 451 1579 508 humoris
1608 460 1662 507 et
1688 449 1997 521 sanguinis,
2025 450 2080 504 in

500 547 623 617 ipso
644 546 749 603 sibi
777 547 1013 611 vasculo,
1042 546 1099 599 in
1122 560 1231 615 quo
1254 545 1369 614 ipsa
1392 545 1657 600 elementa
1678 544 1782 596 sita
1814 550 1964 608 sunt,
1988 556 2083 596 na-

498 640 746 694 turaliter
793 646 1021 708 aptaret.
1066 637 1243 693 Mater
1270 637 1450 707 itaque
1477 635 1691 690 Domini
1732 634 1905 689 nostri
1952 635 2081 690 Jesu

498 734 699 788 Christi
725 774 741 798 ,
781 731 835 787 in
865 731 957 785 illa
972 731 1084 801 jam
1115 740 1242 785 tunc
1270 731 1497 785 muliere
1525 727 1788 798 promissa
1818 736 1923 784 est.
1953 727 2082 781 Haec

496 825 794 880 inimicitiis
839 825 1087 893 opposita
1129 834 1213 879 est
1242 823 1510 893 serpentis
1537 839 1553 878 :
1581 820 1785 876 Ponam
1812 863 1826 887 ,
1864 822 2078 892 inquit,

495 916 790 970 inimicitias
816 916 950 970 inter
978 926 1025 971 te
1066 926 1117 969 et
1146 914 1451 986 mulierem(
1481 913 1613 969 Gen.
1642 928 1700 968 tu
1726 956 1742 981 ,
1783 914 1852 970 15
1878 914 1898 984 )
1928 932 1940 966 :
1972 929 2081 968 non

497 1020 648 1066 certe
678 1024 819 1079 pono
846 1010 1001 1073 dicit,
1033 1024 1101 1064 ne
1137 1008 1205 1064 ad
1239 1010 1405 1064 Evam
1433 1009 1536 1065 hoc
1568 1008 1843 1077 pertinere
1867 1008 2084 1063 videre-

497 1111 600 1157 tur.
638 1101 873 1157 Verbum
898 1101 1276 1170 promissionis
1306 1109 1415 1158 est.
1437 1100 1580 1171 quod
1607 1099 1991 1154 transmittitur
2029 1099 2082 1154 in

486 1194 688 1249 futura.
734 1194 939 1251 Ponam
966 1235 981 1259 ,
1026 1193 1202 1263 inquit
1226 1235 1243 1256 ,
1291 1191 1603 1247 inimicitias
1631 1192 1771 1247 inter
1801 1198 1853 1245 te
1880 1198 1935 1245 et
1965 1206 2083 1246 mu-

487 1288 699 1343 lierem.
728 1287 879 1343 Illam
908 1287 1094 1357 utique
1125 1286 1430 1354 mulierem,
1454 1299 1575 1355 quae
1602 1282 1939 1339 Salvatorem
1965 1296 2083 1353 par-

491 1376 675 1445 turiat,
704 1391 807 1431 non
841 1390 961 1445 qua:
986 1383 1212 1445 generet
1237 1374 1588 1430 fratricidam.
1620 1375 1857 1439 Ponant,
1881 1372 2082 1443 inquit,

492 1469 803 1527 inimicitias
831 1469 971 1525 inter
1002 1476 1055 1523 te
1090 1477 1145 1524 et
1182 1468 1467 1524 mulierem
1506 1486 1517 1521 :
1550 1467 1603 1522 id
1645 1479 1728 1522 est
1751 1507 1768 1533 ,
1808 1466 2085 1522 suscitabo

493 1561 776 1617 mulierem
807 1604 824 1628 ,
872 1575 992 1630 qua:
1036 1559 1315 1629 repudiata
1356 1558 1615 1616 facilitate
1650 1558 1943 1624 credendi,
1975 1574 2081 1613 non

496 1655 672 1709 solum
703 1662 756 1710 te
795 1668 902 1710 non
931 1653 1151 1724 audiat,
1200 1653 1248 1708 si
1289 1661 1385 1708 aut
1427 1654 1750 1708 suavitatem
1798 1667 2083 1723 pomorum

2189 449 2323 521 (lsa.
2346 466 2437 515 vn,
2468 448 2554 521 i4)
2593 467 2605 503 :
2641 450 2926 505 Mattbmus
2954 451 3119 505 refert
3146 468 3157 501 :
3188 448 3410 505 Inventa
3452 461 3524 503 est
3552 451 3605 504 in
3632 460 3775 504 utero

2185 541 2395 595 habens.
2432 541 2609 596 Verbo
2655 542 2772 608 ipso
2801 540 3175 607 promissionis
3205 541 3500 611 respondet
3527 540 3771 605 effectus,

2182 632 2324 703 quod
2340 648 2447 687 non
2470 633 2626 688 aliter
2638 633 2876 703 loquitur
2887 633 3211 703 evangelista
3224 648 3383 702 quam
3397 644 3569 699 vates,
3586 648 3682 688 nec
3706 634 3772 689 ad

2183 727 2589 798 exprimendam
2620 728 2800 796 operis
2854 729 3143 781 novitatem
3189 726 3425 783 inventa:
3453 728 3772 783 elocutionis

2182 818 2492 875 difficultate
2506 836 2603 875 con
2614 820 2872 876 funditur.
2888 820 2987 876 Ubi
3007 832 3128 874 sunt
3144 821 3516 890 grammatici?
3536 820 3774 877 Ubicon-

2182 911 2409 967 siliarii?
2430 912 2559 981 Quae
2576 914 2731 978 istos,
2749 921 2967 969 ntextra
2981 913 3437 968 consuetudinem
3467 913 3773 985 loquantur,

2183 1002 2365 1058 schola
2406 1004 2700 1075 produxit?
2741 1004 2871 1072 Qure
2895 1014 2999 1058 tam
3028 1014 3215 1074 aperte
3236 1005 3463 1075 signatae
3488 1006 3776 1060 novitatem

2184 1098 2807 1154 moustravitdoetrinze?
2822 1098 2938 1153 Non
2955 1099 3195 1154 indicant
3208 1098 3444 1152 humano
3456 1114 3637 1167 sensu,
3654 1116 3779 1167 quo-

2187 1191 2330 1246 niam
2344 1207 2452 1245 non
2467 1206 2601 1260 Opus
2622 1190 2910 1247 humanum
2930 1192 3165 1261 estquod
3188 1192 3500 1263 loquuntur.
3519 1193 3583 1247 Et
3600 1202 3776 1247 tamen

2186 1300 2303 1339 rem
2323 1299 2515 1339 novam
2541 1299 2644 1339 nec
2664 1294 2819 1340 antea
2845 1286 3033 1340 factam
3064 1286 3143 1340 sic
3174 1294 3361 1339 notant
3387 1329 3401 1353 ,
3426 1295 3483 1339 ut
3508 1286 3776 1355 intelligas

2186 1391 2309 1430 cum
2344 1377 2578 1431 mirabili
2607 1392 2772 1445 opere
2795 1418 2810 1443 ,
2854 1386 2909 1433 et
2936 1376 3240 1431 mirabilem
3285 1386 3467 1431 natum
3508 1392 3627 1433 esse
3656 1394 3773 1433 ser-

2186 1483 2424 1524 monem.
2441 1468 2771 1539 Repetamus
2796 1468 3031 1540 denique
3052 1478 3268 1525 sanctas
3288 1468 3518 1523 feminas
3545 1470 3776 1540 patriar-

2188 1566 2444 1631 charum,
2476 1564 2862 1632 videamusque
2890 1566 2935 1618 si
2966 1564 3045 1621 sic
3077 1563 3146 1620 de
3172 1565 3352 1634 aliqua
3385 1567 3643 1636 scriptum
3672 1575 3776 1620 est.

2189 1655 2442 1725 Legimus
2461 1656 2528 1713 de
2552 1657 2684 1711 Sara
2720 1676 2731 1712 :
2765 1656 2830 1711 Et
2857 1656 3113 1713 Dominus
3150 1659 3372 1713 visitavit
3401 1657 3621 1725 Saram,
3647 1661 3781 1713 sicut

496 1763 597 1818 pro
624 1747 979 1818 adapertione
1000 1747 1388 1804 monstraveris
1414 1747 1728 1812 oculorum,
1767 1757 1861 1801 aut
1884 1745 1986 1801 diis
2012 1746 2089 1800 si-
2121 1748 2167 1807 Β
2195 1747 2327 1800 dixit
2365 1764 2384 1800 .-
2430 1756 2476 1800 et
2521 1748 2643 1817 fecit
2679 1745 2821 1803 Deus
2860 1748 3009 1804 Sara:
3061 1750 3191 1803 sicut
3243 1750 3442 1804 loculus
3480 1760 3553 1806 est
3601 1751 3646 1805 ei
3671 1793 3687 1818 ,
3735 1760 3781 1805 et

497 1839 681 1897 milem
710 1855 832 1897 esse
854 1839 1169 1910 promiseris
1199 1857 1213 1893 :
1242 1839 1339 1895 sed
1369 1840 1530 1894 etiam
1559 1840 1677 1909 ipso
1714 1837 1965 1893 Gabriele
1993 1837 2088 1892 de~

494 1933 705 1989 ferente
749 1932 973 1989 verbum
998 1972 1014 1997 ,
1068 1932 1330 1989 rationem
1373 1930 1443 1985 de
1484 1930 1863 2000 promissionis
1901 1929 2087 1999 exigat

496 2025 738 2078 novitate
758 2064 772 2087 ,
801 2021 1031 2078 dicendo
1062 2041 1074 2076 :
1111 2020 1552 2090 Quemadmodum
1582 2020 1680 2074 erit
1729 2020 1901 2087 istud,
1951 2035 2082 2089 quo-

496 2117 634 2170 niam
647 2117 811 2171 virum
824 2132 924 2169 non
936 2116 1148 2189 cognovi
1161 2112 1522 2188 (Luc.ut,74)?
1538 2112 1684 2167 Illam
1705 2111 1907 2181 utique,
1923 2126 2083 2182 quam

496 2211 564 2267 ad
606 2210 873 2265 visionem
916 2209 1098 2281 angeli
1148 2209 1318 2279 pudor
1354 2225 1554 2264 aureus
1589 2208 1925 2263 tremefecit:
1960 2206 2085 2262 ﬁdei

498 2310 681 2357 tamen
723 2301 888 2357 ardor
927 2311 983 2363 et
1025 2302 1371 2366 constantia,
1420 2301 1524 2355 labi
1566 2300 1802 2356 nesciam
1828 2340 1844 2367 ,
1886 2298 1955 2354 ad
2001 2298 2087 2353 in-

496 2395 822 2465 quirendam
859 2396 1128 2453 rationem
1156 2394 1391 2451 reddidit
1422 2394 1680 2449 audacem
1718 2411 1733 2451 :
1765 2405 1819 2448 et
1847 2409 1967 2463 quae
1992 2394 2083 2446 ad-

498 2491 734 2545 venienti
784 2489 1038 2558 prtestitit
1077 2487 1145 2543 de
1182 2487 1426 2557 pudore,
1470 2485 1614 2557 quod
1652 2486 1929 2551 tacuerit,
1972 2487 2088 2542 hate

496 2584 838 2653 promittenti
869 2582 937 2636 de
972 2580 1335 2636 admiratione
1369 2594 1477 2633 non
1508 2577 1691 2634 cessit.
1721 2578 1857 2633 Nam
1896 2588 1949 2631 et
1981 2578 2087 2632 sol-

496 2677 644 2734 licita
674 2677 743 2732 de
774 2691 840 2729 eo
870 2675 1013 2746 quod
1044 2673 1483 2740 annuutiabatur,
1506 2672 1815 2741 exquisivit.
1847 2671 2087 2740 Denique

501 2776 556 2822 et
594 2767 821 2837 angelus
866 2781 973 2821 non
1016 2765 1389 2821 inﬁdelitatem
1440 2765 1751 2836 redarguit,
1794 2774 1853 2819 ut
1890 2766 1943 2818 in
1984 2764 2085 2817 Za-

499 2857 685 2912 charia
714 2874 727 2909 :
757 2856 856 2911 sed
882 2857 1115 2913 instituit
1143 2856 1211 2912 de
1240 2855 1436 2911 divinae
1459 2855 1790 2927 operationis
1823 2855 2082 2921 novitate,

497 2948 688 3005 dicens
723 2965 736 2999 :
764 2948 991 3014 Spiritus
1021 2958 1233 3003 sanctus
1260 2954 1577 3021 superveniet
1616 2950 1669 3002 in
1708 2958 1756 3004 te
1778 2991 1794 3017 ,
1836 2961 1884 3003 et
1926 2951 2086 3004 virtus

498 3043 741 3098 altissimi
769 3042 1087 3098 obumbrabit
1112 3043 1223 3098 tibi.
1262 3045 1402 3099 Ecce
1432 3043 1577 3099 istud
1604 3058 1788 3098 semen
1817 3043 2082 3109 mulieris,

2191 1841 2422 1909 concepit
2459 1848 2507 1895 et
2534 1843 2731 1911 peperit
2779 1842 2997 1897 Abraha:
3026 1841 3193 1908 ﬁlium
3226 1840 3381 1908 (Gen.
3427 1860 3554 1913 ιιι,
3603 1844 3659 1911 1,
3700 1844 3778 1917 2).

2188 1934 2244 1988 In
2275 1934 2423 1990 Isaac
2452 1933 2632 1989 divina
2663 1936 3045 1993 benevolentia
3086 1948 3420 1994 monstratur
3450 1939 3532 1995 his
3554 1939 3734 1995 verbis
3764 1955 3777 1996 :

2189 2025 2258 2080 Et
2283 2028 2541 2082 exaudivit
2578 2028 2732 2082 illum
2775 2027 2961 2084 Deus:
3003 2039 3050 2084 et
3098 2032 3332 2101 concepit
3370 2030 3603 2087 Rebecca
3650 2048 3781 2087 uxor

2188 2120 2300 2189 ejus
2323 2117 2478 2191 (Gen.
2512 2134 2581 2173 xx
2609 2160 2624 2187 ,
2673 2118 2788 2191 21).
2842 2120 3087 2191 Denique
3123 2131 3179 2177 et
3226 2121 3294 2178 de
3321 2121 3488 2178 Jacob
3520 2123 3780 2178 uxoribus

2187 2212 2266 2265 sic
2296 2215 2516 2281 ponitur
2561 2229 2574 2266 :
2621 2210 2689 2265 Et
2725 2215 2957 2286 concepit
2997 2212 3127 2282 Lia,
3167 2224 3214 2269 et
3239 2217 3437 2287 peperit
3481 2214 3653 2284 ﬁlium
3690 2215 3782 2271 Ja-

2186 2305 2297 2369 cob,
2329 2314 2435 2361 etc.
2463 2303 2615 2379 (Gen.
2640 2322 2767 2373 xxv,
2797 2307 2912 2379 12).
2933 2307 3011 2364 De
3039 2308 3182 2363 nulla
3214 2318 3363 2364 certe
3392 2310 3583 2365 harum
3612 2314 3778 2382 scrip-

2186 2405 2297 2452 tum
2336 2404 2459 2467 est,
2517 2400 2568 2455 in
2611 2411 2764 2456 utero
2801 2402 3053 2473 concepit
3088 2421 3099 2455 :
3144 2419 3265 2470 qua:
3313 2414 3494 2459 tamen
3523 2404 3781 2476 quidquid

2186 2492 2564 2561 concipiebaut
2582 2534 2596 2559 ,
2620 2504 2769 2549 extra
2796 2502 3009 2549 uterum
3032 2496 3321 2565 concipere
3346 2513 3450 2551 non
3477 2509 3739 2571 poterant
3763 2516 3779 2553 :

2185 2581 2280 2638 sed
2306 2589 2557 2653 quoniam
2592 2584 2661 2640 de
2692 2594 2965 2640 conventu
3013 2586 3157 2642 virili
3189 2589 3478 2658 concipere
3507 2606 3565 2644 se
3611 2607 3779 2647 nove-

2186 2686 2336 2741 rant,
2372 2676 2564 2745 quibus
2596 2693 2700 2731 non
2731 2679 3082 2747 proveniebat
3122 2680 3269 2734 salva
3305 2682 3619 2753 virginitate
3649 2700 3782 2739 con--

2186 2776 2394 2841 ceptus.
2430 2768 2554 2821 Sola
2586 2784 2719 2823 vero
2751 2768 2915 2824 Maria
2947 2770 3000 2824 in
3035 2780 3190 2827 utero
3221 2776 3475 2843 concepit
3496 2792 3616 2828 cum
3646 2776 3783 2832 irre—

2186 2870 2368 2915 serato
2416 2860 2564 2915 aditu
2612 2863 2862 2917 seminnli
2888 2905 2902 2929 ,
2945 2862 3130 2920 clauso
3168 2874 3329 2920 utero
3376 2869 3673 2938 concepit:
3715 2869 3783 2925 ad

2187 2954 2349 3026 hujus
2376 2957 2749 3027 conceptionis
2772 2971 2959 3013 semen
2992 2960 3035 3013 si
3068 2974 3215 3015 recte
3232 2960 3701 3031 ratiocinabimur,
3732 2973 3783 3019 et

2190 3050 2416 3105 interius
2438 3050 2616 3106 divina
2645 3052 3371 3125 tractaverimus,praecessit
3404 3056 3459 3110 in
3488 3057 3659 3128 figura
3684 3072 3781 3130 pro

500 3134 646 3206 quod
678 3150 786 3190 non
826 3150 922 3205 per
954 3135 1231 3191 traducem
1268 3137 1585 3205 genitalium
1616 3136 2077 3203 ministeriorum,
2110 3129 2157 3195 C
2190 3154 2430 3215 tempore
2462 3146 2546 3199 illa
2578 3146 2877 3214 sententia,
2909 3162 3028 3217 quae
3061 3149 3418 3220 primogenita
3448 3150 3782 3207 benedictio-

496 3226 886 3294 cgmmixtione
913 3241 1077 3283 sexus
1107 3226 1394 3299 utriusque
1444 3227 1821 3283 infunderetur
1863 3229 1915 3282 in
1962 3238 2081 3285 ute-

499 3335 643 3389 rum,
673 3320 769 3375 sed
796 3320 1036 3376 claustro
1056 3321 1265 3387 clauso,
1291 3319 1627 3377 indeﬁoratte
1654 3320 1899 3394 Virginis
1930 3323 2082 3377 inve.

499 3415 709 3471 niretur
747 3415 804 3469 in
848 3426 1027 3472 utero.
1074 3416 1318 3486 Denique
1360 3432 1476 3471 rem
1520 3432 1715 3471 novam
1759 3417 2084 3488 plenamque

498 3506 745 3561 miraculi
762 3549 777 3572 ,
808 3525 947 3564 novo
968 3508 1132 3565 verbo
1156 3507 1425 3576 Propheta
1448 3508 1577 3563 dum
1610 3508 1896 3580 promittit,
1926 3524 2085 3564 exse-

495 3597 681 3665 quitur
710 3614 721 3649 :
752 3596 886 3652 Ecce
910 3600 1052 3672 uirgo
1082 3600 1135 3654 in
1158 3607 1303 3653 utero
1329 3600 1614 3668 concipiet,
1647 3609 1693 3654 et
1721 3600 1885 3670 pariet
1911 3601 2081 3670 [ilium

498 3689 647 3757 (Ose.
681 3705 789 3755 vn,
820 3690 953 3761 xiv).
980 3691 1234 3759 Quotidie
1263 3702 1413 3747 certe
1438 3692 1505 3747 de
1540 3693 1862 3762 procreandi
1892 3708 2084 3749 neces-

498 3783 659 3838 sitate
696 3783 986 3839 mulierum
1012 3792 1307 3854 conceptus
1341 3795 1395 3838 et
1432 3786 1706 3841 cernimus
1735 3796 1789 3841 et
1810 3787 2079 3853 audimus,

498 3875 569 3931 de
588 3874 733 3930 nulla
760 3884 937 3932 tamen
960 3875 1159 3932 dicitur
1189 3892 1201 3928 :
1231 3875 1287 3930 In
1319 3887 1474 3931 utero
1500 3880 1753 3948 concepit
1783 3897 1799 3934 :
1825 3880 2080 3949 quoniam

500 3967 801 4025 substantia
849 3968 1015 4023 futuri
1057 3968 1324 4036 hominis,
1379 3969 1497 4025 fusa
1547 3985 1644 4041 per
1688 3972 1905 4038 virum,
1956 3987 2083 4028 coa-

499 4061 657 4116 lescit
680 4064 733 4116 in
758 4060 958 4116 femina
985 4079 997 4113 :
1027 4070 1319 4134 nterusque
1347 4064 1592 4119 mulieris
1620 4081 1724 4118 non
1756 4066 2078 4136 principium

500 4163 582 4212 est
618 4157 881 4213 nascituri
929 4157 1163 4213 hominis
1190 4200 1204 4224 ,
1254 4157 1350 4213 sed
1388 4158 1620 4228 depositi
1667 4160 2077 4215 nutrimentum.

498 4248 663 4304 Maria
688 4259 867 4305 autem
895 4265 1001 4305 non
1027 4259 1136 4305 tam
1171 4250 1340 4318 prima
1367 4266 1526 4319 quam
1551 4251 1665 4305 sola
1692 4252 1746 4306 in
1779 4263 1934 4306 utero
1959 4268 2082 4309 con-

497 4342 672 4413 cepit,
709 4344 865 4413 cujus
912 4346 1131 4414 pudoris
1164 4344 1391 4402 illibatio
1436 4356 1759 4417 conceptum
1794 4346 1936 4402 uteri
1978 4347 2082 4404 fine

497 4437 697 4492 damno
728 4438 1051 4509 virginitatis
1078 4440 1357 4510 expressit
1385 4457 1396 4493 :
1427 4455 1545 4511 quae
1575 4441 1689 4496 sola
1722 4441 1880 4497 nobis
1921 4457 2082 4512 pepe-

2187 3238 2473 3307 nibus,vel
2506 3239 2926 3310 ubligatiouihus
2952 3239 3232 3312 obligavit,
3262 3242 3475 3298 dicente
3506 3243 3740 3300 Domino
3765 3262 3777 3299 :

2188 3329 2355 3384 Omne
2374 3331 2713 3386 masculinum
2725 3335 2860 3403 quod
2883 3334 3047 3401 aperit
3064 3334 3283 3399 vulvam,
3307 3346 3540 3391 sanctum
3556 3336 3780 3392 Domino

2186 3421 2447 3477 vocabitur
2476 3420 2689 3491 (Exod.
2725 3440 2803 3487 ιιι,
2834 3424 2936 3493 25;
2966 3424 3095 3480 Luc.
3124 3443 3182 3493 tt,
3209 3428 3323 3499 ‘23).
3349 3428 3502 3498 Quod
3533 3441 3618 3485 est
3636 3430 3779 3486 istud

2186 3515 2559 3583 masculinum,
2575 3518 2711 3585 quod
2725 3520 3117 3588 aperitvulvam
3135 3539 3150 3575 :
3169 3536 3286 3576 cum
3302 3525 3781 3583 omniumfemina-

2186 3625 2301 3663 rum
2321 3608 2506 3663 vulvas
2531 3612 2733 3679 aperiat
2759 3626 2863 3666 non
2883 3612 3149 3681 puerperii
3174 3614 3487 3681 necessitas,
3505 3617 3600 3673 sed
3619 3620 3782 3674 mari-

2187 3704 2309 3759 talis
2323 3703 2810 3775 agnitio?Denique
2832 3707 2973 3763 nulla
2991 3708 3145 3779 virgo
3157 3708 3351 3764 dicitur
3364 3722 3483 3781 post
3500 3715 3778 3780 maritum,

2186 3798 2326 3869 quod
2357 3813 2553 3853 nomen
2583 3799 2780 3854 clausis
2808 3801 3019 3856 videtur
3049 3800 3244 3856 futuris
3274 3804 3548 3875 mysteriis
3574 3822 3778 3862 conve-

2185 3893 2321 3947 nire.
2353 3891 2420 3945 Et
2443 3892 2688 3962 superius
2708 3893 2775 3947 de
2803 3894 3001 3949 Rachel
3026 3894 3362 3958 Scripturam
3395 3898 3597 3956 habere
3619 3917 3778 3957 mon—

2186 3987 2469 4042 stravimus
2503 4003 2517 4039 :
2564 3987 2632 4041 Et
2654 3988 2915 4042 exaudivit
2955 3989 3101 4043 illam.
3145 3991 3306 4059 Deus,
3350 4004 3398 4048 et
3431 3998 3635 4067 aperuit
3669 4002 3779 4070 ejus

2184 4082 2415 4146 vulvam,
2457 4088 2504 4134 et
2533 4082 2780 4148 concepit.
2805 4080 2963 4137 Certe
2988 4098 3091 4137 non
3117 4084 3266 4152 prius
3282 4083 3416 4138 dixit
3437 4127 3451 4152 ,
3476 4090 3725 4157 concepit
3758 4107 3773 4144 :

2184 4185 2241 4231 et
2280 4185 2440 4243 post,
2471 4176 2683 4245 aperuit
2727 4175 2844 4241 ejus
2872 4176 3084 4230 vulvam
3115 4194 3129 4231 :
3177 4178 3271 4232 sed
3306 4179 3485 4247 prius,
3514 4184 3723 4251 aperuit
3760 4200 3773 4236 :

2184 4266 2469 4333 videlicet,
2504 4277 2561 4320 ut
2593 4267 2818 4320 maritus
2848 4268 3049 4335 apertis
3070 4268 3249 4324 vulva:
3276 4270 3485 4341 januis,
3516 4275 3661 4329 velut
3690 4290 3778 4329 se-

2185 4359 2488 4415 minaturus
2518 4373 2701 4429 agrum
2731 4368 2975 4428 paratum
3009 4360 3307 4417 seminibus
3342 4366 3587 4422 intraret.
3612 4368 3777 4424 Deni-

2186 4469 2289 4525 que
2330 4454 2605 4525 subjungit
2629 4496 2643 4519 ,
2677 4462 2731 4508 et
2761 4457 3027 4525 concepit.
3077 4456 3193 4512 Non
3236 4458 3415 4530 itaque
3445 4473 3635 4532 partu,
3674 4465 3775 4519 sed

497 4532 600 4600 rit,
624 4530 768 4600 quod
791 4546 897 4587 non
910 4533 1119 4604 accepit
1138 4548 1207 4588 ex
1238 4534 1416 4599 nobis,
1440 4534 1654 4590 dicente
1667 4534 1896 4591 Domino
1923 4554 1935 4588 :
1976 4536 2079 4591 Vos

2185 4549 2543 4619 conceptione
2565 4590 2579 4609 ,
2631 4549 2738 4603 imo
2773 4549 3057 4621 conceptio
3087 4551 3347 4620 patefacta
3377 4565 3461 4610 est
3504 4573 3517 4609 :
3573 4572 3675 4612 nec
3706 4558 3776 4612 il-

496 4624 559 4678 de
577 4624 905 4693 inferioribus
926 4625 1070 4695 estis,
1086 4641 1179 4696 ego
1191 4625 1253 4679 de
1270 4626 1615 4694 superioribus
1637 4643 1751 4681 sum
1765 4626 1945 4699 (Joan.
1962 4643 2075 4695 νιιι,

486 4716 606 4785 25).
626 4716 755 4783 Quae
767 4718 879 4771 sola
902 4726 1073 4771 mater
1090 4717 1318 4783 estﬁlio,
1334 4732 1455 4771 cum
1484 4719 1632 4788 virgo
1653 4718 1724 4773 sit
1750 4721 1940 4774 marito
1960 4736 2075 4775 :cu-

481 4810 577 4878 jus
604 4812 1014 4878 conceptionem
1047 4811 1329 4882 ignorante
1354 4811 1681 4883 virginitate,
1699 4823 1882 4879 partus
1908 4828 2074 4883 agno-

494 4901 571 4956 vit
598 4918 608 4953 :
636 4916 755 4971 qum
776 4904 891 4956 sola
916 4904 1114 4957 mulier
1139 4902 1282 4959 dicta
1309 4914 1413 4973 est,
1440 4920 1548 4959 non
1574 4902 1948 4974 concipiendo,
1978 4906 2073 4960 sed

495 4991 773 5061 pariendo.
801 4994 879 5047 Ex
905 4995 1003 5048 hac
1022 5009 1151 5065 ergo
1172 5010 1355 5053 semen
1380 4998 1705 5067 promissum
1719 5008 1798 5052 est
1813 4999 2072 5063 mulieris,

494 5099 603 5156 quo
622 5086 916 5139 secundum
950 5087 1223 5143 hominem
1255 5090 1513 5145 Dominus
1546 5090 1685 5145 Deus
1734 5100 1918 5146 noster
1948 5100 2032 5147 est
2059 5110 2071 5146 :

496 5180 583 5250 qui
613 5193 719 5234 non
747 5179 959 5235 infusus
988 5181 1147 5235 estin
1189 5193 1374 5249 utero,
1403 5183 1499 5239 sed
1530 5185 1808 5250 inventus,
1844 5200 2074 5256 evange-

492 5275 612 5330 lista
642 5271 1029 5335 conﬁrmante.
1061 5290 1184 5330 cum
1216 5275 1345 5331 dicit
1372 5276 1439 5333 de
1464 5277 1624 5333 Maria
1651 5276 1902 5333 :Inventa
1922 5288 1995 5332 est
2021 5279 2076 5331 in

487 5378 630 5423 utero
675 5368 862 5423 habens
892 5364 1107 5439 (Matth.
1133 5382 1181 5430 ι,
1214 5368 1328 5439 18).
1353 5369 1492 5425 Ecce
1517 5380 1570 5425 et
1598 5369 1667 5426 ab
1699 5371 1816 5439 ipso
1862 5384 2070 5439 praece-

489 5461 652 5516 dente
666 5458 953 5530 Propheta:
976 5472 1226 5515 sermone
1249 5476 1357 5517 non
1374 5458 1555 5515 deviat
1580 5461 1723 5532 quod
1745 5461 1915 5517 fuerat
1939 5476 2076 5515 nun-

486 5555 711 5607 tiatum:
740 5552 903 5626 Virgo
928 5552 982 5607 in
1003 5561 1147 5605 utero
1175 5554 1463 5621 concipiet;
1494 5554 1587 5609 sed
1618 5556 1671 5609 in
1697 5554 1943 5625 mysterii
1974 5569 2072 5609 no-

490 5646 658 5697 vitate
682 5684 695 5707 ,
736 5647 1008 5699 sermonis
1032 5650 1194 5699 etiam
1217 5646 1493 5715 parilitate
1512 5648 1811 5703 concordat
1846 5664 1860 5701 :
1894 5662 2069 5717 eoque

488 5733 634 5803 ctylo
656 5731 778 5789 facti
809 5733 1031 5789 historia
1047 5734 1386 5805 designatur,
1400 5751 1507 5806 quo
1537 5736 1838 5795 faciendum
1852 5739 2067 5797 denun-

2186 4638 2290 4694 lam
2340 4639 2716 4710 parturiendus
2758 4640 2882 4697 dum
2934 4643 3205 4714 nascitur,
3257 4646 3392 4713 sed,
3446 4648 3535 4718 qui
3587 4659 3776 4719 partu-

2186 4730 2433 4785 riendum
2490 4732 2851 4786 seminaturus
2913 4732 3134 4803 fuerat,
3206 4736 3526 4809 designavit.
3608 4742 3675 4797 Et
3730 4744 3775 4798 si

2180 4821 2291 4891 jam
2347 4833 2472 4878 ante
2509 4832 2862 4893 conceptum,
2917 4826 3114 4897 quippe
3155 4838 3213 4884 ut
3258 4831 3573 4900 conciperet
3627 4850 3779 4890 rese~

2185 4924 2298 4967 rata
2334 4924 2456 4981 est,
2499 4930 2605 4970 non
2640 4932 2757 4971 eam
2796 4926 2945 4974 certe
2983 4918 3073 4974 ille
3099 4921 3191 4991 qui
3233 4932 3390 4977 natus
3416 4934 3498 4979 est
3523 4925 3618 4981 diu
3653 4937 3777 4993 post

2184 5013 2397 5075 poterat
2422 5021 2690 5070 reserare,
2715 5008 2838 5062 dum
2865 5010 3080 5075 dicitur,
3111 5012 3413 5068 nasciturus
3449 5032 3460 5067 :
3494 5018 3583 5083 qui
3610 5019 3775 5075 etiam

2182 5098 2415 5167 concipi,
2451 5098 2579 5153 dum
2606 5110 2748 5157 esset
2780 5101 2870 5155 illa
2895 5102 3099 5169 clausa,
3122 5119 3229 5158 non
3263 5107 3452 5174 potuit.
3481 5107 3646 5164 Omne
3667 5130 3776 5165 ma-

2182 5189 2469 5255 sculinum,
2502 5191 2700 5258 inquit,
2732 5192 2872 5263 quod
2896 5196 3101 5264 aperuit
3130 5198 3331 5251 valeant
3351 5243 3364 5266 ,
3405 5212 3638 5255 sanctum
3673 5204 3777 5256 Do-

2184 5282 2320 5335 mino
2361 5282 2640 5339 vocabitur.
2675 5286 2805 5351 Qua:
2837 5296 2918 5339 est
2966 5286 3062 5339 ista
3098 5288 3260 5350 ratio,
3295 5305 3415 5359 quae
3444 5306 3545 5347 nec
3572 5310 3774 5351 εοοιιῐιι

2181 5374 2308 5429 dum
2349 5390 2566 5430 sensum
2608 5377 2818 5432 videtur
2858 5379 3127 5448 impleta?
3168 5381 3333 5437 Jacob
3386 5383 3544 5450 primi
3591 5386 3771 5445 locum

2180 5466 2363 5522 fratris
2404 5466 2778 5525 fraudulenter
2827 5471 3073 5542 invadit,
3124 5488 3222 5528 nec
3268 5476 3524 5529 nascendi
3574 5482 3772 5540 ordine

2176 5557 2514 5629 prohibetur,
2545 5573 2645 5614 nec
2676 5560 2963 5617 dolositate
2984 5563 3290 5619 damnatur.
3318 5564 3519 5635 Joseph
3548 5570 3640 5624 filii
3674 5591 3773 5643 per

2173 5668 2335 5708 avum
2367 5663 2698 5722 praepostera
2731 5657 3031 5714 secundum
3062 5660 3318 5715 nascendi
3340 5659 3573 5729 gradum
3602 5666 3773 5725 bene-

2171 5744 2405 5804 dictione
2434 5744 2736 5819 signantur,
2776 5763 2877 5807 nee
2918 5750 3138 5809 caecitas
3168 5761 3315 5809 errat
3346 5750 3523 5809 futura
3551 5762 3766 5835 prospi-
