3998 6198
191 178 267 251 ᾖ
1176 184 1514 245 EPISTOLA
1554 185 1642 242 Vl.
1686 184 1777 243 AD
1814 183 2081 244 AIIICUM
2123 184 2501 251 EGROTUM.
3402 190 3475 248 Μ

190 295 411 364 cientis,
458 312 563 355 nec
592 300 828 367 monitor
862 299 1005 359 ﬁlius
1036 300 1312 363 dexteram
1342 304 1616 374 parentis,
1657 318 1777 374 quae
1804 304 1857 367 Α
1879 301 1945 357 ad
1978 302 2081 359 hoc
2112 317 2212 359 nos
2240 303 2354 373 ipsa
2378 305 2599 364 deduxit
2638 307 2817 363 oratio
2838 346 2853 373 ,
2874 306 3015 377 quod
3050 306 3217 363 homo
3257 306 3348 363 itte
3377 306 3462 362 in.

190 390 487 462 pinguioris
511 394 901 451 benedictionis
921 410 1083 451 succo
1102 396 1371 454 minorem
1401 399 1678 470 irrigabat,
1694 398 1777 457 in-

189 482 366 538 ﬂexit.
402 486 530 554 Quae
559 488 742 558 utique
769 489 951 544 omnia
980 500 1108 545 sunt
1128 493 1403 546 contraria
1425 534 1439 558 ,
1461 494 1504 547 si
1534 501 1782 562 putamus

190 576 257 632 de
278 577 361 633 his
384 579 585 634 dictum
617 596 737 637 esse
764 597 782 635 :
823 581 987 636 Omne
1021 584 1400 652 masculinum,
1430 586 1568 656 quod
1613 586 1782 655 aperit

186 674 385 727 vulvam
410 715 427 740 ,
454 674 546 743 qui
589 674 658 730 de
683 675 825 731 virili
850 676 1059 732 semine
1089 677 1249 746 primi
1295 687 1590 735 nascuntur
1614 693 1681 733 ex
1710 678 1785 732 le-

190 765 364 821 minis.
397 765 504 823 Sed
538 770 797 837 quoniam
826 769 971 824 aliud
1004 769 1232 826 interius
1261 770 1428 826 habet
1456 772 1544 825 illa
1570 780 1786 827 scaten-

187 858 282 924 tia,
315 857 439 913 ideo
470 859 779 915 istiusmodi
803 862 1061 926 primitivi
1088 861 1287 917 cedunt
1304 873 1358 917 et
1381 863 1786 923 benedictione:

184 950 441 1020 perdunt.
458 950 611 1007 Iesse
633 952 780 1007 filius
806 953 991 1019 David,
1008 969 1112 1009 non
1136 955 1361 1025 primus,
1387 957 1783 1023 autsecundus,

182 1049 286 1095 aut
315 1041 529 1107 tertius,
554 1042 649 1099 sed
681 1045 919 1099 omnium
944 1046 1164 1101 ultimus
1194 1046 1409 1115 ungitur
1430 1062 1460 1100 a
1485 1046 1779 1114 Propheta,

184 1144 247 1189 et
272 1133 660 1206 despicabilior
695 1140 903 1191 cunctis
950 1137 1167 1206 eligitur
1214 1138 1267 1191 in
1311 1152 1514 1207 regem.
1556 1138 1666 1193 Nec
1696 1138 1774 1193 illi

182 1227 369 1296 primo
404 1236 501 1280 aut
536 1227 776 1282 secundo
811 1238 1002 1282 contra
1048 1227 1211 1282 David
1245 1230 1510 1282 sententia
1548 1230 1683 1299 legis
1709 1229 1778 1283 de

185 1319 477 1388 primitivis
510 1322 843 1391 promulgata
876 1320 1166 1387 blanditur,
1203 1320 1331 1391 quia
1356 1319 1651 1389 judicasset
1676 1321 1779 1377 nti-

183 1429 291 1483 que
329 1415 625 1483 maximos,
673 1413 718 1469 si
746 1412 816 1468 ab
844 1413 928 1469 his
968 1422 1199 1469 matrum
1229 1416 1419 1471 vulvas
1444 1415 1777 1471 meminisset

184 1507 387 1575 aperiri
415 1526 430 1563 :
464 1507 681 1579 quando
712 1509 815 1567 hoc
848 1507 1065 1578 utique,
1095 1518 1186 1564 aut
1212 1508 1264 1565 in
1289 1525 1392 1579 qua
1420 1508 1650 1565 dicimus
1676 1509 1778 1564 im-

180 1599 422 1671 pletum,
455 1599 600 1672 quod
639 1599 825 1670 utique
850 1615 955 1657 non
994 1608 1207 1667 poterat
1232 1616 1341 1658 non
1381 1601 1613 1672 impleri.
1643 1600 1777 1669 Quae

1881 393 2048 449 terior
2072 409 2196 451 cum
2223 397 2457 467 cogitat,
2500 414 2603 456 non
2653 400 2707 457 in
2747 401 2848 454 hoc
2886 398 3120 466 mundo,
3163 397 3263 457 sed
3300 413 3464 467 supra

1879 488 2056 557 ipsum
2084 490 2363 558 mundum,
2388 507 2509 548 cum
2537 495 2629 550 illo
2651 493 2844 564 opitice
2866 509 3043 549 rerum
3069 509 3135 550 ac
3158 508 3259 549 suo
3280 493 3464 548 vivere

1880 582 2113 648 videtur,
2144 584 2360 641 dicente
2390 585 2552 642 David
2581 605 2598 646 :
2630 586 2777 642 Beati
2801 587 2889 656 qui
2918 596 3215 640 scrutantur
3237 587 3465 641 testimo—

1883 677 1971 729 nia
1992 680 2105 749 ejus
2132 676 2311 748 (Prol.
2340 695 2461 736 οιιι
2482 721 2499 747 ,
2529 680 2611 752 2),
2637 690 2694 736 ut
2735 697 2875 751 pene
2905 681 3009 735 hoc
3049 680 3160 747 sit,
3200 682 3244 736 si
3274 680 3354 735 fas
3384 691 3467 735 est

1885 768 2027 835 dici,
2061 770 2229 826 Deum
2257 772 2405 837 ﬁeri,
2446 772 2634 828 divina
2667 773 2915 829 meditari
2946 790 2959 827 :
2990 772 3142 827 illum
3186 772 3462 825 Dominum

1888 873 2133 918 nostrum
2165 864 2352 920 salutis
2382 875 2578 919 nostra:
2603 865 2711 935 jam
2759 874 2885 921 tunc
2932 865 3233 933 prodidisse
3263 874 3466 935 myste-

1886 955 2044 1010 rium.
2069 955 2225 1012 Undo
2246 967 2301 1011 et
2327 958 2377 1011 in
2409 957 2637 1014 Psalmis
2655 959 2733 1013 ait
2759 975 2772 1011 :
2802 957 2868 1012 In
2895 959 3064 1028 capite
3086 958 3199 1011 libri
3226 959 3472 1029 scriptum

1884 1057 1959 1101 est
2000 1046 2063 1100 de
2108 1064 2187 1100 me
2241 1046 2417 1117 (Psal.
2451 1066 2520 1105 ιι.
2546 1092 2561 1115 ,
2594 1050 2673 1120 8).
2712 1051 2887 1121 Caput
2935 1050 3061 1106 libri
3091 1059 3174 1105 est
3200 1049 3473 1105 Geneseos

1883 1138 2228 1208 principium,
2255 1140 2511 1210 quoniam
2536 1143 2713 1196 omnis
2735 1142 3019 1212 Scriptura
3046 1159 3183 1198 unus
3206 1153 3291 1198 est
3312 1142 3470 1207 liber,

1880 1238 1934 1284 et
1963 1244 2132 1292 unus.
2165 1230 2234 1286 de
2260 1247 2368 1301 quo
2400 1234 2664 1302 scriptum
2694 1243 2778 1289 est
2825 1234 2999 1299 Deus,
3048 1242 3105 1288 et
3145 1234 3303 1290 istam
3343 1248 3470 1301 pro-

1879 1320 2195 1377 missionem
2224 1322 2291 1377 de
2320 1321 2441 1392 ipso
2468 1337 2594 1379 esse
2620 1322 2867 1380 videmus
2911 1325 2964 1378 in
2993 1324 3170 1392 capite
3190 1365 3205 1389 ,
3234 1333 3289 1378 et
3316 1332 3475 1391 caput

1878 1414 2002 1470 vita
2028 1424 2229 1472 nostrae
2259 1429 2382 1485 spes
2412 1425 2496 1471 est
2521 1457 2536 1481 ,
2562 1426 2618 1472 et
2648 1415 2769 1472 ideo
2793 1425 2955 1486 caput
2983 1415 3107 1471 libri
3140 1416 3318 1471 vitalis
3346 1430 3475 1483 Spes

1878 1502 2015 1559 facta
2042 1519 2140 1575 per
2160 1505 2351 1562 Deum.
2377 1505 2531 1563 Illum
2552 1504 2789 1577 inquam,
2819 1515 2878 1561 ut
2896 1520 3040 1576 saepe
3060 1504 3318 1570 diximus,
3343 1520 3472 1559 con-

1879 1596 2150 1663 ditorem,
2197 1606 2516 1655 senescente
2564 1599 2676 1670 jam
2723 1597 2963 1669 mundo,
3009 1597 3154 1669 quod
3196 1598 3250 1653 in
3290 1596 3469 1669 prima

177 1702 269 1749 est
297 1692 429 1758 ista,
479 1692 634 1763 cujus
664 1692 879 1749 vulvam
908 1691 1069 1751 {tutus
1096 1703 1301 1751 reserat
1326 1740 1341 1762 ,
1376 1709 1482 1749 non
1514 1694 1774 1750 maritus?
1803 1686 1855 1748 Β
1879 1689 2063 1744 mundi
2093 1698 2251 1747 tetate
2272 1690 2617 1761 promiserat,
2650 1692 2985 1761 praésutisse.
3014 1689 3165 1748 Unde
3196 1689 3468 1760 PrOpheta

177 1801 304 1859 qua:
336 1786 493 1855 virgo
526 1785 806 1857 concipit,
840 1800 964 1856 quae
1008 1800 1117 1843 non
1147 1794 1207 1841 ut
1230 1786 1584 1857 conciperet,
1628 1785 1779 1856 virgo

177 1895 308 1938 esse
350 1879 547 1937 desiit?
575 1879 692 1938 Non
740 1888 895 1937 certe
921 1880 1014 1936 illa
1045 1879 1113 1935 de
1141 1895 1247 1951 qua
1279 1879 1560 1949 Scriptura
1603 1879 1734 1935 dicit
1765 1897 1779 1934 :

179 1970 431 2045 Cognovit
462 1974 627 2029 Adam
648 1989 865 2029 uxorem
889 1990 1059 2033 suam.
1079 1982 1125 2027 et
1148 1974 1345 2045 peperit
1369 1974 1416 2027 ei
1437 1971 1605 2042 [ilium
1624 1970 1780 2043 (Gen.

176 2079 257 2131 ιν,
296 2063 375 2135 l);
404 2064 499 2125 sed
538 2066 629 2121 illa
674 2064 743 2121 de
777 2079 887 2134 qua
926 2064 1261 2135 evangelista
1291 2065 1467 2134 signat
1500 2081 1516 2121 :
1568 2062 1635 2117 Et
1674 2079 1783 2116 non

178 2158 416 2225 cognovit
444 2172 556 2210 eam
583 2154 812 2228 Ioseph,
844 2156 1008 2211 donec
1038 2156 1236 2226 peperit
1271 2156 1439 2225 ﬁlium
1477 2152 1696 2227 (Matth.
1725 2170 1780 2219 ι,

178 2247 298 2317 25).
332 2246 502 2319 Igitur
542 2248 596 2302 in
624 2248 795 2305 Maria
827 2246 936 2303 hoc
961 2248 1081 2303 sine
1109 2246 1453 2303 dubitatione
1481 2246 1782 2317 perlectum

177 2350 290 2404 εει,
317 2340 476 2408 cujus
498 2339 714 2394 vulvam
735 2355 844 2396 non
868 2339 1162 2395 deﬂorator
1184 2340 1509 2410 virginitatis
1530 2339 1739 2410 aperuit
1765 2356 1779 2392 :

181 2437 280 2487 sed
295 2442 488 2504 partus
515 2433 741 2502 effusus,
765 2450 884 2505 qua:
907 2436 1057 2503 virgo
1086 2436 1319 2506 peperit,
1341 2450 1461 2505 qua:
1482 2435 1631 2505 virgo
1651 2450 1784 2490 con-

190 2528 357 2596 cepit,
391 2542 511 2598 quze
540 2528 688 2597 prius
713 2538 891 2601 mater
926 2528 1062 2583 facta
1097 2536 1181 2582 est
1210 2543 1369 2597 quam
1399 2526 1667 2582 maritata.
1704 2528 1781 2584 De

186 2618 285 2673 hac
326 2618 471 2674 ismd
494 2619 875 2683 masculinum,
901 2620 1043 2690 quod
1068 2635 1194 2675 vere
1220 2628 1463 2675 sanctum
1482 2619 1780 2674 vocandum

184 2723 348 2782 esset,
368 2713 504 2768 exiit
530 2732 541 2768 :
574 2715 776 2785 quique
793 2714 1007 2770 vulvam
1034 2714 1331 2770 secundum
1363 2713 1778 2783 promissionem

184 2814 372 2875 partus
396 2806 595 2872 editus,
614 2824 718 2863 nou
736 2809 1028 2865 secundum
1055 2808 1498 2863 consuetudinem
1514 2816 1780 2862 naturam-

185 2917 289 2972 que
303 2918 671 2969 communem,
686 2903 812 2958 dum
832 2902 1134 2972 concipitur
1154 2904 1254 2959 viri
1273 2902 1476 2958 semine
1493 2903 1775 2957 reseravit.

258 2995 371 3052 VII.
404 2995 512 3057 Sed
562 2999 821 3067 quoniam
842 2998 1035 3053 divites
1064 2998 1156 3052 Dei
1187 3012 1381 3053 sensus
1400 2997 1659 3052 velociter
1683 3011 1779 3051 ex-

1881 1782 1991 1836 ait:
2030 1780 2192 1854 Virga
2228 1791 2319 1839 tuo
2355 1792 2404 1838 et
2430 1783 2643 1838 baculus
2666 1793 2786 1840 tuus
2825 1782 3327 1856 ipsamconsolata
3353 1791 3472 1837 stult

1885 1869 2058 1943 (Psat.
2092 1887 2217 1938 Lut,
2246 1872 2336 1943 4).
2363 1872 2523 1943 Virga
2553 1881 2726 1929 mater
2758 1884 2841 1929 est
2874 1874 3124 1945 Domini,
3148 1890 3216 1931 ex
3239 1890 3344 1945 qua
3370 1875 3469 1937 ba-

1885 1963 2043 2018 culus
2090 1963 2222 2030 iste,
2272 1963 2416 2019 fesso
2437 1964 2550 2034 jam
2586 1980 2685 2035 per
2708 1976 2918 2020 aetatem
2950 1966 3176 2033 mundo,
3209 1967 3303 2037 qui
3344 1982 3468 2021 cum

1884 2066 2214 2112 sustentaret
2241 2058 2395 2111 exiit.
2426 2058 2582 2113 Illum
2604 2073 2734 2128 ergo
2764 2060 2816 2112 in
2855 2058 3097 2129 Virginis
3130 2067 3339 2115 uterum
3370 2059 3473 2114 de-

1884 2150 2115 2220 lapsum,
2146 2159 2207 2204 ut
2226 2149 2619 2219 redemptionis
2650 2162 2849 2207 nostra
2877 2158 3042 2205 totam
3072 2150 3355 2205 historiam
3382 2166 3471 2205 rc~

1883 2254 2153 2314 texamus,
2182 2256 2337 2313 partu
2358 2246 2604 2303 etl'ectum
2629 2246 2924 2313 hominem,
2948 2260 3009 2300 se
3033 2244 3348 2301 exhibuisse
3378 2260 3474 2314 pro

1886 2340 2107 2395 homine
2129 2386 2143 2407 ,
2176 2352 2231 2395 et
2257 2350 2562 2396 creaturam
2592 2356 2748 2397 suam
2782 2355 2842 2397 se
2872 2340 2939 2395 de
2961 2339 3217 2395 Creatnre
3252 2339 3466 2397 fecisse.

1883 2432 2037 2487 illum
2070 2432 2295 2487 formam
2328 2434 2471 2488 servi
2492 2433 2772 2502 accepisse
2791 2474 2805 2497 ,
2831 2432 2927 2491 sed
2958 2448 3017 2488 se
3040 2432 3348 2489 exinanisse
3376 2447 3471 2502 pu—

1883 2526 2093 2579 testatis
2122 2525 2423 2591 voluntate,
2449 2542 2555 2581 non
2579 2539 2770 2581 natura
2793 2525 3033 2594 deitatis,
3060 2543 3157 2596 per
3177 2542 3339 2596 quam
3361 2542 3471 2583 nou

1881 2627 2094 2687 poterat
2119 2634 2229 2672 non
2248 2634 2370 2673 esse
2389 2618 2531 2689 quod
2554 2620 2748 2674 fuerat.
2776 2618 2933 2673 Illum
2955 2618 3240 2677 maledicta
3269 2632 3368 2689 pro
3392 2633 3472 2674 sa-

1879 2708 2141 2764 lutaribus
2167 2710 2427 2766 meruisse
2452 2709 2749 2764 miraculis.
2777 2710 2927 2764 illum
2958 2720 3136 2780 sputa,
3170 2708 3321 2765 illum
3351 2712 3469 2781 pals

1882 2816 2017 2867 mas,
2042 2802 2187 2856 illtnu
2210 2818 2471 2859 coronam
2494 2802 2760 2871 spineam,
2783 2802 2933 2857 illum
2958 2812 3231 2873 postremo
3254 2818 3472 2861 crucem

1880 2892 2047 2947 fuisse
2079 2909 2398 2962 perpessum
2432 2911 2445 2947 :
2482 2894 2634 2949 illum
2675 2894 2878 2950 inferna
2921 2907 3264 2965 penetrasse,
3319 2896 3466 2959 illum

1879 2985 2034 3039 tertia
2056 2986 2142 3039 die
2165 2987 2532 3042 resurrexisse
2556 2987 2608 3039 in
2642 2986 2694 3041 id
2719 3002 2919 3057 corpus
2945 2989 3088 3058 quod
3114 2990 3263 3049 cruci
3297 2989 3474 3047 fuerat

184 3088 391 3156 plicare
429 3104 536 3145 non
572 3105 892 3160 possumus,
925 3091 1089 3151 tam};
1123 3106 1185 3146 se
1224 3092 1627 3161 Scripturarum
1657 3106 1774 3146 mo-
1804 3069 1850 3134 Ο
1878 3077 2097 3135 afﬁxum
2128 3097 2141 3133 ζ
2176 3080 2325 3135 illum
2356 3081 2631 3137 hominem
2670 3092 2790 3153 ροδι
2827 3095 3051 3137 mortem
3081 3082 3251 3136 Deum
3280 3082 3467 3137 vivum

183 3177 328 3232 libus
363 3178 430 3233 ad
461 3195 620 3235 unam
648 3180 887 3252 speciem
920 3180 1355 3251 opponentibus,
1396 3188 1454 3235 ut
1485 3179 1675 3237 lassari
1709 3181 1780 3235 sit

185 3267 403 3325 facilius
436 3286 591 3342 quam
619 3273 777 3328 evadi
812 3292 824 3326 :
856 3273 1072 3343 quando
1101 3275 1279 3328 omnis
1313 3272 1593 3345 Scriptura
1615 3288 1780 3331 cunc-

192 3370 373 3419 torum
409 3379 661 3423 sensuum
685 3382 823 3422 unus
848 3378 1048 3423 trames
1074 3367 1178 3433 sit,
1211 3382 1371 3437 quem
1406 3366 1639 3421 humano
1664 3382 1782 3423 ser-

187 3470 352 3511 mone
380 3456 673 3515 decurrere
693 3460 815 3529 quis
844 3460 1063 3526 valebit,
1088 3474 1188 3515 nec
1206 3459 1250 3515 si
1277 3460 1547 3529 angelicas
1575 3473 1782 3531 pennas

188 3550 499 3607 mortalium
548 3550 745 3623 linguis
774 3553 998 3623 spiritus
1023 3553 1265 3611 ascribat
1302 3571 1315 3606 :
1350 3552 1525 3607 redire
1554 3554 1620 3607 ad
1651 3568 1779 3623 pro-

188 3642 426 3710 positum
458 3644 754 3709 convenit,
802 3654 858 3699 et
904 3659 1074 3716 parvo
1123 3642 1339 3713 navigio
1370 3658 1476 3699 non
1524 3644 1576 3699 in
1609 3643 1779 3699 altum

188 3734 305 3788 vela
348 3735 653 3804 conligere,
709 3752 778 3791 ne
832 3737 884 3789 in
932 3736 1230 3805 periculum
1277 3746 1462 3790 currat
1504 3736 1733 3791 audacia
1762 3780 1777 3804 ,

190 3826 285 3881 sed
311 3842 412 3897 pro
441 3828 772 3882 infirmitatis
801 3829 995 3883 solatio
1043 3829 1095 3891 in
1125 3838 1421 3900 conspectu
1451 3828 1646 3884 littoris
1686 3845 1782 3884 na-

191 3919 377 3988 vigare
403 3962 419 3987 ,
460 3931 518 3974 ut
556 3922 599 3975 si
631 3921 757 3991 quid
798 3922 1102 3976 formidinis
1139 3923 1367 3985 oriatur,
1406 3922 1494 3977 vel
1539 3938 1664 3992 spes
1712 3924 1783 3977 sit

190 4010 352 4067 facile
384 4014 557 4068 teneri
589 4030 753 4084 posse
777 4015 920 4085 quod
952 4016 1211 4070 cernitur.
1247 4014 1567 4070 Dicebamus
1593 4031 1780 4071 semen

187 4104 437 4158 mulieris
463 4104 753 4165 Dominum
783 4117 1053 4170 sanctum,
1082 4107 1207 4178 quia
1236 4106 1534 4161 secundum
1564 4121 1780 4163 carnem

190 4204 401 4265 patrem
425 4196 701 4253 hominem
725 4214 833 4253 non
864 4198 1088 4254 haberet
1112 4216 1123 4250 :
1148 4197 1504 4268 eumquejam
1529 4197 1780 4254 infestum

188 4303 320 4345 esse
349 4295 622 4361 serpenti,
658 4307 820 4362 quem
848 4291 902 4361 in
928 4302 1082 4346 utero
1106 4291 1333 4362 virginis
1380 4291 1474 4347 Dei
1513 4291 1780 4359 Spiritus,

190 4396 304 4435 non
338 4383 633 4437 materialis
669 4392 984 4451 generasset
1008 4383 1220 4438 humor.
1254 4384 1496 4456 Denique
1525 4384 1666 4455 quod
1697 4400 1783 4439 sc-

1882 3172 2080 3227 caelum
2116 3171 2334 3241 petiisse
2380 3174 2641 3229 victorem
2664 3213 2678 3241 ,
2720 3173 2912 3229 sedere
2950 3174 3015 3229 ad
3048 3174 3294 3227 dextram
3327 3172 3466 3239 Dei,

1882 3276 2169 3319 venturum
2211 3280 2309 3319 suo
2338 3274 2583 3337 tempore
2614 3264 2681 3320 ad
2706 3265 2968 3333 judicium
2996 3265 3301 3320 faciendum
3330 3281 3343 3317 :
3398 3263 3466 3318 il-

1881 3356 1987 3411 lum
2019 3356 2210 3426 spiritu
2240 3357 2336 3412 Dei
2366 3373 2460 3427 per
2485 3366 2798 3413 sanctorum
2842 3371 3061 3412 suorum
3092 3372 3185 3411 ora
3223 3355 3465 3427 quotidie

1882 3449 2169 3505 celebrari.
2205 3449 2332 3504 ΙΙωο
2360 3449 2627 3519 cogitasse
2657 3449 2856 3505 vixisse
2892 3458 2975 3505 est
3000 3490 3014 3517 ,
3053 3449 3171 3505 haec
3208 3449 3468 3519 cogitatio

1883 3552 2068 3611 pastus
2097 3542 2288 3605 animat
2312 3551 2394 3597 est
2424 3559 2437 3593 :
2472 3542 2521 3594 in
2552 3542 2666 3595 lucc
2696 3540 2864 3595 relabi
2896 3541 2977 3595 vel
3008 3556 3318 3605 recurrere,
3343 3554 3466 3594 cum

1887 3633 2115 3688 Domino
2148 3632 2296 3704 jungi
2328 3642 2450 3701 est,
2482 3642 2536 3688 et
2569 3648 2691 3687 cum
2724 3632 2841 3702 ipso
2870 3648 2963 3701 per
2995 3633 3109 3687 ha-c
3149 3632 3465 3699 humiliari,

1885 3737 1967 3782 est
1994 3742 2112 3780 cum
2145 3727 2261 3798 ipso
2289 3726 2415 3797 pati,
2448 3743 2569 3783 cum
2599 3728 2718 3799 ipso
2743 3728 2901 3794 mori,
2932 3736 2984 3782 et
3010 3744 3130 3783 cum
3160 3728 3279 3798 ipso
3305 3728 3469 3785 etiam

1883 3827 2158 3883 suscitari.
2184 3826 2323 3896 Quid
2360 3827 2532 3882 dicam
2574 3826 2642 3883 de
2678 3828 2794 3896 ipsa
2827 3826 3219 3882 resurrectione
3240 3868 3253 3890 ,
3284 3825 3338 3880 in
3364 3841 3470 3897 qua

1884 3937 2005 3978 cum
2030 3920 2301 3975 rideamur
2322 3936 2352 3975 a
2380 3921 2654 3991 gentibus,
2683 3935 2789 3976 non
2811 3935 3123 3989 separamur
3153 3937 3184 3975 a
3205 3918 3423 3975 Christo
3450 3940 3463 3973 ;

1885 4013 2011 4067 licet
2040 4022 2094 4065 et
2122 4013 2271 4067 multi
2303 4012 2395 4081 qui
2430 4028 2490 4068 se
2522 4012 2861 4075 Christianos
2890 4013 3077 4069 dicunt
3108 4014 3460 4069 resurrectio.

1887 4121 2007 4160 nem
2036 4106 2215 4160 carnis
2242 4105 2551 4160 excludant.
2581 4105 2685 4160 Sed
2710 4106 2790 4161 sic
2819 4105 2932 4160 sint
2962 4105 3039 4161 illi
3068 4106 3185 4161 sine
3214 4119 3463 4173 corpore,

1885 4195 2080 4265 quibus
2106 4196 2245 4251 forte
2271 4197 2605 4265 conceditur,
2628 4198 2671 4253 si
2701 4196 2780 4253 fas
2808 4209 2890 4255 est
2912 4197 3016 4253 dici
3036 4240 3052 4265 ,
3080 4198 3237 4254 aliter
3264 4210 3468 4264 repraz-

1885 4291 2083 4345 sentari
2116 4290 2364 4352 Domino,
2388 4307 2545 4361 quam
2562 4292 2823 4348 Dominus
2850 4292 3112 4348 remeavit
3136 4288 3201 4346 ad
3232 4300 3464 4360 patrem,

1887 4398 1983 4437 nos
2010 4392 2066 4436 ut
2096 4383 2387 4447 credimus.
2416 4393 2471 4439 et
2492 4385 2796 4455 loquamur.

189 4473 378 4543 quitur
423 4473 687 4543 majorem
717 4473 785 4527 ab
815 4472 1035 4528 hemine
1066 4473 1289 4544 virginis
1320 4475 1586 4544 promittit
1624 4472 1783 4528 ell‘cc-
1808 4465 1861 4525 D
1956 4473 2514 4548 Vill.Quid,inquam,
2535 4476 3191 4549 haccogitationehetius?
3212 4472 3353 4543 Quid
3373 4472 3476 4526 hac

192 4574 305 4620 tum
330 4608 345 4631 ,
377 4566 645 4621 dicendo:
688 4564 813 4638 Ipsa
844 4576 987 4619 tuum
1011 4565 1227 4621 culcabit
1251 4576 1405 4636 caput
1432 4565 1586 4639 (Gen.
1617 4584 1663 4632 ι,
1694 4568 1779 4631 15,

189 4678 291 4713 sec.
324 4660 488 4732 LXX)
514 4681 524 4716 :
551 4662 671 4732 quis
702 4662 947 4730 ambigit,
976 4661 1116 4731 quod
1144 4673 1343 4732 praeter
1366 4662 1652 4716 Dominum
1682 4676 1781 4716 no-

193 4762 366 4808 strum
386 4768 548 4827 caput
568 4758 838 4827 serpentis
857 4772 1014 4811 nemo
1039 4756 1305 4810 calcavit?
1332 4753 1347 4807 Ι
1356 4771 1451 4827 pse
1472 4755 1616 4811 enim
1637 4757 1785 4812 solus

190 4858 360 4917 super
380 4846 642 4901 dracones
679 4856 733 4901 et
761 4847 1074 4918 scorpiones
1104 4848 1396 4902 ambulavit
1422 4867 1432 4902 :
1468 4849 1585 4919 ipse
1614 4848 1786 4917 capti~

192 4955 315 4994 vam
345 4938 499 4997 duxit
526 4941 918 5011 captivitatem.
949 4942 1079 4997 Nam
1128 4941 1272 5012 quod
1297 4942 1546 4996 subditur
1579 4958 1593 4997 ε
1628 4941 1694 4995 Et
1728 4954 1782 4995 tu

193 5036 308 5107 ejus
334 5036 627 5091 observabis
668 5036 966 5093 calcaneum
986 5080 1002 5103 ,
1035 5037 1101 5093 ad
1133 5053 1291 5109 quem
1317 5038 1484 5092 alium
1512 5037 1787 5094 credimus

196 5129 510 5197 pertinere?
557 5127 861 5184 Calcaueus
900 5130 1114 5202 quidem
1150 5145 1273 5200 pars
1299 5138 1541 5184 extrema
1574 5131 1787 5201 vestigii

196 5230 300 5274 est.
333 5220 400 5276 Et
429 5222 689 5277 Dominus
719 5230 838 5287 post
864 5221 1089 5276 Joannis
1119 5222 1443 5292 baptismum
1470 5266 1484 5289 ,
1525 5230 1648 5291 post
1674 5220 1787 5275 die-

196 5331 320 5369 rum
380 5316 737 5387 quadraginta
793 5316 1089 5387 jejunium,
1131 5332 1248 5371 cum
1314 5316 1381 5371 ab
1437 5316 1628 5371 eodem
1667 5330 1788 5370 ser-

199 5420 370 5479 pente
399 5421 652 5477 tentatur,
704 5411 877 5466 tertiae
926 5411 1065 5465 illius
1102 5409 1407 5466 dolositatis
1450 5410 1562 5480 jam
1594 5410 1785 5475 victor,

198 5502 500 5559 exclamat:
532 5505 676 5559 Vade
700 5517 838 5560 retro
858 5514 970 5577 post
994 5522 1091 5568 me,
1114 5505 1315 5560 Satana
1334 5505 1552 5573 (Matth.
1582 5522 1691 5569 va,
1711 5506 1787 5573 :2).

201 5597 344 5663 Quid
379 5596 519 5653 aliud
546 5598 645 5653 nisi
672 5614 699 5651 a
726 5606 874 5671 tergo
899 5599 1162 5669 positum,
1193 5598 1276 5651 vel
1313 5597 1559 5652 relictum
1584 5642 1597 5663 ,
1641 5602 1795 5665 μηνί

203 5706 364 5746 suum
394 5691 677 5749 observare
704 5691 1052 5750 calcaneum?
1083 5689 1209 5747 Haec
1234 5704 1396 5760 supra
1420 5689 1558 5757 dixi,
1589 5696 1641 5743 ct
1671 5688 1797 5744 inde

1890 4581 1985 4636 spe
2010 4581 2130 4623 esse
2163 4570 2355 4636 pOIerit
2377 4569 2645 4625 erectius?
2672 4569 2943 4640 ﬁxumque
2978 4569 3147 4638 magis
3193 4566 3245 4625 in
3279 4565 3480 4621 nostris

1889 4659 2083 4713 animis
2137 4659 2398 4716 iuhazrere
2450 4661 2628 4727 debet,
2692 4676 2790 4716 nos
2840 4658 3125 4731 aliquando
3182 4672 3302 4713 cum
3353 4657 3477 4715 hinc

1890 4752 2178 4806 exierimus
2206 4753 2269 4805 ad
2294 4768 2517 4822 corpora
2538 4761 2720 4808 nostra
2746 4768 2865 4808 esse
2892 4752 3187 4813 redituros,
3209 4757 3265 4804 et
3283 4750 3480 4807 anima:

1890 4843 2104 4901 interim
2134 4857 2185 4899 et
2212 4848 2454 4915 corporis
2484 4845 2795 4909 divortium,
2826 4859 2931 4900 non
2962 4844 3013 4899 id
3044 4858 3205 4912 agere
3234 4851 3291 4898 ut
3341 4844 3474 4899 nihil

1890 4938 2056 4989 simus
2085 4940 2323 5004 omnino,
2365 4937 2458 4992 sed
2505 4948 2563 4992 ut
2589 4937 2841 4992 meliores
2865 4952 2958 5006 per
2986 4936 3081 4991 Dei
3105 4936 3350 5008 spiritum
3382 4954 3474 4993 re-

1889 5027 2184 5081 formctnur
2218 5046 2230 5080 :
2259 5028 2510 5097 quoniam
2551 5028 2661 5098 jam
2693 5026 2781 5083 hic
2833 5028 3116 5086 Dominum
3172 5031 3227 5086 id
3284 5033 3480 5103 pignus

1891 5121 2044 5177 nobis
2076 5121 2405 5189 promisisse,
2434 5122 2759 5190 accepimus.
2786 5122 2850 5176 Et
2878 5123 2978 5179 hoc
3022 5139 3223 5195 corpus
3251 5126 3393 5197 quod
3427 5125 3480 5179 in

1891 5214 1974 5268 sui
2006 5222 2194 5267 natura
2216 5211 2472 5265 caducum
2497 5219 2598 5273 est,
2624 5221 2675 5264 et
2696 5213 2886 5267 merito
2914 5216 3153 5284 pristiam
3177 5226 3483 5284 transgres-

1890 5306 2058 5359 sionis
2105 5310 2402 5375 gravatum,
2450 5312 2505 5355 ut
2559 5302 2934 5360 maledictione
2979 5307 3159 5361 divina
3191 5309 3377 5370 fertur,
3408 5308 3476 5361 (ιιι

1885 5406 2078 5454 terram
2106 5396 2197 5451 ibit
2218 5397 2239 5469 (
2260 5395 2387 5450 Gen.
2416 5411 2475 5462 ιι,
2496 5394 2627 5465 ‘27):
2653 5396 2703 5450 id
2747 5411 2955 5452 rursum
2990 5408 3110 5466 post
3138 5396 3304 5451 multa
3334 5406 3471 5463 tem-

1897 5509 2050 5564 pora,
2084 5493 2138 5546 id
2165 5501 2267 5555 est,
2300 5490 2350 5544 in
2402 5489 2433 5544 li
2461 5508 2506 5543 ὀξ
2548 5490 2892 5552 smculorum,
2926 5505 3047 5544 cum
3095 5491 3315 5546 minima
3354 5507 3478 5563 pars

1898 5588 2091 5645 favilla:
2118 5587 2206 5653 sit,
2239 5593 2331 5639 aut
2357 5584 2623 5654 fortejam
2658 5582 2824 5649 nulla,
2870 5583 2937 5637 ab
2960 5583 3146 5639 eadem
3170 5594 3333 5655 terra,
3358 5601 3481 5657 quae

1899 5681 2029 5739 illud
2052 5682 2350 5753 corrumpit
2376 5681 2427 5737 in
2450 5677 2684 5738 nihilum
2716 5693 2728 5730 :
2758 5675 3010 5746 quoniam
3046 5677 3162 5749 ipsa
3207 5677 3486 5737 liberanda
