4000 6338
491 254 564 312 87
1520 256 1583 318 S.
1622 252 2005 314 HIERONYMI
2044 253 2325 314 OPERUM
2364 252 2733 313 MANTISSA.
3716 251 3795 313 88

493 379 581 429 est
606 386 637 426 a
667 372 936 431 servitute
955 373 1338 446 corruptionis,
1359 374 1411 431 in
1433 373 1694 445 integram
1724 372 2093 427 membrorum
2117 378 2171 438 Α
2199 379 2400 427 matum
2430 372 2647 443 corpori
2682 370 2945 428 claritatis
2991 370 3203 427 Domini
3252 370 3305 426 in
3348 369 3582 427 lucentia
3610 384 3792 427 mem-

497 481 720 523 suorum
750 467 1101 536 soliditatem,
1117 477 1172 524 et
1194 468 1248 524 in
1271 476 1467 524 statum
1491 465 1905 538 pulchritudinis
1932 464 2093 519 deco-

498 574 725 629 remque
754 560 1145 615 renovandum.
1195 562 1365 631 Quem
1396 560 1523 616 talis
1548 558 1803 630 cogitatio
1839 573 1943 613 non
1971 573 2093 613 cum

497 651 861 707 admiratione
892 651 1161 708 delectet?
1189 652 1490 724 Reliquias,
1524 652 1762 722 inquam,
1804 665 2094 721 corporum

496 754 835 812 nostrorum,
867 752 959 799 aut
987 746 1167 802 nullas
1193 756 1285 802 aut
1308 746 1560 801 minimas
1579 753 1746 811 certe,
1777 753 1833 799 et
1860 752 2094 814 quantu-

494 838 811 908 lascumque
843 855 857 891 :
890 847 1129 895 attamen
1156 840 1426 904 sordidas,
1478 848 1533 896 et
1581 838 1749 893 animi
1802 853 2093 909 numquam

492 933 615 988 sine
640 931 868 987 horrore
921 932 1217 1002 inSpectas,
1253 935 1305 989 in
1356 949 1512 990 suum
1556 934 1751 989 iterum
1794 933 2093 1001 hominem,

495 1040 603 1079 non
632 1034 689 1079 ut
713 1022 1050 1094 Pythagoras
1080 1024 1345 1081 mentiens
1366 1034 1423 1081 et
1470 1025 1707 1081 delirans
1728 1026 1781 1080 in
1802 1024 2097 1095 Eupltorbo

490 1137 612 1178 esse
623 1122 895 1188 credatur,
913 1120 1010 1175 sed
1033 1120 1085 1174 in
1106 1120 1380 1190 proprium
1400 1133 1556 1173 suum
1579 1132 1777 1187 corpus
1798 1128 1854 1172 et
1875 1132 2093 1183 nomen,

490 1230 589 1285 per
602 1226 820 1282 ossa,et
847 1229 1069 1279 nervos,
1086 1227 1181 1282 per
1209 1227 1400 1277 venas,
1421 1227 1517 1281 per
1533 1220 1725 1265 cuncta
1763 1210 1962 1279 vitalia,
1988 1226 2095 1267 non

491 1309 659 1363 modo
691 1308 970 1371 artuatim,
1003 1319 1194 1360 verum
1225 1304 1386 1358 etiam
1416 1303 1743 1358 articulatim
1766 1302 2098 1374 recompagi-

488 1401 751 1456 nandum.
780 1400 893 1454 lloc
919 1407 1102 1453 autem
1130 1412 1240 1450 non
1268 1407 1355 1452 est
1374 1406 1684 1465 angustum,
1708 1409 1830 1450 cum
1853 1397 2096 1452 omnium

486 1493 575 1549 vel
620 1492 859 1562 frugum,
917 1490 1005 1545 vel
1028 1488 1274 1559 stirpium
1322 1489 1556 1555 semina,
1602 1487 1808 1559 majora
1862 1498 1915 1544 et
1970 1487 2095 1559 pul-

489 1586 709 1642 chriora
738 1584 791 1639 in
845 1584 1179 1655 graminibus
1230 1582 1478 1649 redeant,
1532 1597 1691 1653 quam
1722 1583 1775 1638 in
1810 1592 1955 1638 terra
2008 1581 2097 1638 vel

496 1680 569 1734 ab
611 1677 929 1733 hominibus
958 1686 1078 1732 sata
1103 1685 1248 1743 sunt,
1282 1676 1366 1731 vel
1395 1690 1491 1731 sua
1519 1684 1715 1745 sponte
1756 1674 2088 1731 ceciderunt.

2194 465 2291 521 bra
2318 466 2617 521 rediturum
2647 466 2723 519 ait
2753 464 2820 537 (ll
2846 464 2963 520 Cor.
3006 480 3086 532 nt,
3127 464 3215 535 18)
3247 482 3259 516 :
3294 478 3391 535 per
3434 463 3790 520 Salomonem

2195 572 2410 627 quoque
2435 556 2578 612 istud
2608 556 2874 628 sapientia
2905 556 3277 626 promittente,
3302 569 3425 610 cum
3448 554 3582 610 dicit
3608 573 3621 609 :
3654 554 3794 609 Ful-

2194 648 2383 721 gebunt
2399 651 2555 721 justi,
2581 658 2627 702 et
2651 658 2910 719 tamquam
2921 646 3163 702 scintilla:
3187 648 3240 701 in
3261 647 3570 701 arundineta
3588 648 3793 702 discur-

2194 750 2326 795 rent.
2362 740 2431 795 Et
2472 742 2595 797 ideo
2622 741 2677 796 in
2723 740 2862 796 hanc
2888 756 3074 796 vocem
3106 759 3120 796 :
3153 740 3288 794 Mihi
3332 740 3497 795 vivere
3551 740 3815 797 Cltristus'

2195 842 2271 888 est
2303 832 2472 904 (Phil.
2504 849 2543 898 ι,
2572 834 2693 906 21),
2723 849 2948 889 securus
2974 832 3173 904 erupit,
3205 833 3259 889 in
3296 848 3401 904 qua
3448 834 3637 905 utique
3665 850 3791 906 qua:

2196 927 2419 984 fuerunt
2460 930 2650 985 merita
2703 930 2910 985 victura
2960 937 3087 982 sunt
3138 944 3151 981 :
3210 928 3303 999 qui
3359 935 3539 983 autem
3585 929 3784 999 longe,

2197 1030 2257 1077 ut
2285 1023 2689 1093 ignoraverunt,
2722 1022 2797 1077 ita
2822 1034 2877 1076 et
2918 1020 3331 1092 ignorabuntur.
3360 1020 3515 1077 Nunc
3560 1020 3605 1077 si
3635 1021 3794 1078 vide-

2198 1124 2306 1183 tur,
2339 1113 2466 1185 quid
2514 1115 2781 1169 sententia
2825 1115 2915 1170 illa
2955 1113 3305 1169 Salomonica
3336 1114 3666 1183 promiserit,
3699 1114 3788 1170 in-

2198 1207 2516 1279 quiramus?
2551 1207 2845 1280 Fulgebunt
2880 1208 3036 1281 justi,
3064 1217 3111 1261 et
3144 1218 3404 1277 tamquam
3445 1207 3690 1264 scintilla:
3733 1210 3789 1264 in

2198 1303 2512 1357 arundineta
2543 1302 2832 1357 discurrent
2869 1302 3026 1374 (Sap.
3060 1318 3140 1369 nt,
3173 1304 3240 1367 7;
3274 1301 3461 1356 Matth.
3514 1319 3625 1368 xm,
3665 1303 3787 1374 45).

2200 1394 2341 1463 Quid
2369 1404 2455 1451 est
2486 1408 2541 1451 ut
2568 1396 2767 1468 quibus
2796 1395 3135 1451 ﬂammarum
3163 1396 3384 1451 claritas
3427 1396 3787 1464 condonatur,

2201 1487 2289 1542 his
2317 1497 2425 1543 tam
2450 1487 2672 1544 humilis
2699 1488 2853 1543 locus
2884 1487 2975 1543 ubi
2996 1487 3328 1553 discurrant,
3359 1496 3415 1543 et
3435 1486 3675 1558 abjectus
3701 1488 3791 1542 ot-

2201 1579 2395 1649 fcrtur,
2444 1592 2503 1636 ut
2553 1581 2654 1636 loci
2704 1580 2964 1652 despectu
3005 1580 3329 1637 decrescere
3360 1580 3664 1646 videantur,
3696 1581 3789 1652 qui

2202 1688 2489 1744 corporum
2520 1676 2645 1729 luce
2694 1674 3021 1729 creverunt?
3065 1673 3203 1741 Quid
3234 1683 3338 1741 est,
3375 1673 3616 1744 inquam,
3646 1673 3790 1741 quod

492 1771 629 1840 Quis
658 1784 769 1826 non
798 1769 1058 1825 seminari
1088 1783 1148 1825 se
1178 1769 1233 1825 in
1263 1778 1434 1837 terra,
1467 1775 1525 1822 ut
1548 1768 1620 1822 ita
1646 1767 1901 1834 dixerim,
1940 1767 2092 1823 hete-
2118 1768 2167 1830 B
2196 1767 2359 1821 astris
2389 1781 2486 1837 per
2509 1765 2832 1822 arundineta
2858 1767 3157 1837 comparati
3188 1764 3514 1831 volitabant,
3539 1774 3595 1821 et
3624 1765 3678 1820 in
3714 1767 3789 1821 si-

496 1872 615 1932 tur,
646 1878 768 1935 quae
799 1877 897 1918 nos
926 1863 1182 1918 meliores
1224 1877 1384 1932 quam
1419 1870 1739 1932 acceperat,
1773 1860 1985 1929 reddet,
2014 1860 2098 1916 di-

500 1966 659 2014 cente
682 1956 945 2027 Apostolo
976 1974 991 2011 :
1018 1956 1350 2011 Resurrectio
1377 1964 1702 2009 mortuorum
1730 1955 2016 2011 seminatur
2040 1955 2095 2009 in

498 2052 853 2123 corruptione,
877 2058 1050 2120 surget
1078 2060 1250 2104 autem
1268 2049 1323 2102 in
1354 2049 1742 2119 incorruptione
1781 2048 1827 2120 (I
1856 2048 1976 2103 Car.
2001 2063 2092 2117 xv,

496 2143 616 2215 49.).
665 2144 795 2210 Quae
840 2141 1116 2213 possessio
1165 2141 1515 2213 praesentium
1566 2141 1693 2197 huic
1741 2142 1855 2212 spei
1896 2141 2099 2212 poterit

496 2236 851 2308 comparari?
879 2238 987 2293 Ant
1032 2236 1161 2307 quid
1212 2236 1321 2292 erit
1367 2236 1515 2291 aliud
1563 2236 1707 2307 quod
1740 2235 1809 2291 ad
1849 2247 2097 2292 contem-

494 2339 649 2403 ptum
682 2329 878 2385 mortis
910 2329 1170 2397 attollat,
1212 2343 1375 2401 quam
1420 2327 1535 2384 haec
1575 2328 1861 2385 meditatio
1899 2329 2098 2385 divinis

496 2424 957 2497 promissionibus
1008 2433 1064 2481 et
1105 2425 1497 2496 prOphetarum
1552 2424 1780 2480 vocibus
1825 2426 2100 2481 excitata?

497 2519 639 2587 Quid
667 2519 777 2575 tale
805 2517 1192 2573 Cleombrotus
1224 2518 1568 2573 Ambraciota
1600 2518 1654 2572 in
1685 2517 1927 2574 Platonis
1959 2520 2100 2575 libro

497 2613 812 2683 disputante
855 2612 1142 2678 didicerat,
1177 2610 1268 2680 qui
1299 2610 1569 2666 homicida
1600 2611 1683 2666 sui
1715 2627 1836 2668 esse
1864 2628 1970 2667 non
2017 2614 2088 2668 ti-

495 2690 658 2773 muit,
689 2720 754 2760 ac
781 2719 842 2760 se
870 2704 1139 2759 altissimo
1176 2702 1539 2775 praecipitavit
1583 2719 1615 2761 e
1660 2720 1838 2771 muro,
1872 2705 1999 2760 dum
2047 2714 2101 2761 et

503 2798 713 2854 nullum
747 2806 868 2866 post
903 2806 1138 2852 mortem
1188 2806 1496 2854 autumaret
1536 2811 1659 2853 esse
1697 2797 1963 2868 judicium
1998 2816 2012 2853 :
2046 2808 2102 2854 et

500 2890 625 2947 sine
671 2888 988 2946 discrimine
1035 2890 1356 2946 meritorum
1405 2890 1609 2962 aliquo,
1649 2906 1838 2947 omnes
1890 2892 2102 2948 animas

498 2990 628 3055 post
654 2996 887 3053 corpora
929 2983 1209 3053 aequaliter
1239 2982 1369 3039 ferri
1395 2983 1754 3040 arbitraretur
1780 2983 1848 3039 ad
1879 2986 2098 3041 (mlum.

502 3075 660 3145 Quod
696 3076 834 3132 adeo
860 3091 1050 3133 omnes
1081 3092 1179 3147 pro
1210 3091 1342 3132 vero
1376 3084 1690 3145 tenuerunt,
1721 3087 1777 3134 et
1804 3080 1884 3133 sic
1910 3093 2101 3135 omnes

2198 1861 2349 1918 derei
2380 1863 2549 1916 forma
2577 1861 2808 1933 fulgoris
2833 1904 2848 1927 ,
2893 1861 3094 1931 stirpes
3134 1871 3403 1918 terrarum
3454 1860 3791 1917 miserrimus

2197 1954 2562 2024 permeabunt
2586 1970 2600 2008 :
2627 1969 2749 2009 cum
2782 1955 2943 2025 longe
2974 1954 3269 2024 incongrue
3299 1954 3651 2020 misceantur,
3702 1952 3791 2008 vel

2200 2046 2443 2118 fulgores
2468 2047 2827 2112 arundinetis,
2855 2047 2941 2101 vel
2965 2047 3288 2102 arundineta
3310 2045 3642 2118 fulgoribus?
3664 2047 3794 2102 Ani-

2198 2138 2505 2207 madverte,
2538 2154 2636 2192 oro
2663 2149 2740 2205 te,
2769 2138 2939 2193 divini
2968 2139 3131 2193 verba
3161 2136 3408 2208 mysterii
3428 2179 3443 2206 ,
3488 2139 3577 2195 cui
3601 2148 3657 2195 ut
3686 2153 3793 2194 non

2199 2229 2268 2286 de
2322 2231 2539 2296 bobus,
2588 2231 2660 2285 ita
2706 2246 2804 2286 nec
2858 2230 2925 2286 de
2976 2231 3300 2287 arundineto
3350 2245 3481 2286 cura
3530 2241 3655 2299 est,
3704 2241 3798 2288 aut

2200 2324 2254 2380 in
2288 2324 2695 2380 resurrectione
2733 2325 3055 2380 arundineta
3094 2325 3220 2397 quid
3252 2324 3486 2393 faciunt,
3518 2324 3623 2381 nisi
3650 2326 3797 2397 quod

2202 2433 2303 2473 nos
2331 2433 2428 2488 per
2475 2417 2715 2473 omnium
2766 2416 2988 2483 formas,
3040 2417 3126 2474 vel
3167 2419 3464 2487 pecudum,
3525 2419 3612 2474 vel
3663 2418 3797 2473 stir-

2202 2513 2348 2581 pium
2400 2510 2611 2567 laborat
2645 2510 2955 2575 ostendere,
2997 2526 3063 2567 ac
3106 2527 3204 2582 per
3242 2513 3366 2581 hoc,
3402 2522 3463 2567 ut
3503 2512 3797 2583 Apostolus

2203 2603 2302 2670 ait,
2335 2620 2430 2674 pro
2456 2605 2606 2659 nobis
2637 2614 2819 2659 cuncta
2847 2606 3042 2677 scripta
3064 2616 3183 2660 sunt
3209 2605 3388 2678 (Rom.
3411 2623 3502 2673 xv,
3526 2608 3605 2678 4).
3628 2606 3797 2663 Intel-

2201 2696 2307 2767 lige
2336 2712 2430 2768 per
2457 2696 2765 2752 arundineti
2792 2698 3079 2768 imagines,
3108 2697 3353 2754 inﬁdeles
3380 2699 3631 2755 homines
3647 2701 3799 2756 etin-

2203 2789 2455 2846 crednlos
2480 2789 2839 2845 demonstrari
2867 2809 2879 2844 :
2907 2806 3208 2863 eorumque
3234 2807 3486 2864 corpora,
3513 2782 3799 2864 superﬁcie

2202 2893 2355 2954 grata
2382 2892 2437 2937 et
2466 2882 2693 2938 interius
2722 2898 2877 2939 cassa
2906 2884 3231 2953 virtutibus,
3272 2900 3394 2956 quas
3425 2886 3514 2941 ubi
3558 2888 3795 2956 primum

2211 2973 2435 3046 spiritus
2464 2976 2722 3033 vanitatis
2752 2977 2976 3042 inﬂarit,
3005 2978 3165 3035 sibila
3194 2980 3467 3049 serpentis
3492 2979 3796 3045 imitentur,

2204 3079 2260 3125 et
2301 3084 2464 3126 sanos
2492 3080 2696 3140 partus,
2726 3072 3041 3143 viperarum
3078 3072 3371 3144 progenies
3402 3073 3795 3143 obsequantur.

503 3169 630 3225 illos
667 3169 853 3225 saeculi
894 3170 1168 3239 sapientes
1209 3168 1317 3224 una
1360 3169 1554 3225 nebula
1586 3169 1747 3240 hujus
1775 3171 1979 3227 erroris
2011 3171 2098 3225 in-
2125 3152 2171 3218 (ἶ
2205 3161 2481 3231 scintillat,
2528 3162 2701 3235 inquit
2727 3205 2742 3230 ,
2774 3164 2827 3218 in
2866 3164 3195 3219 arundineta.
3244 3164 3431 3220 Sancti
3481 3181 3613 3237 ergo
3658 3168 3802 3222 inter

506 3262 720 3318 volvit:
753 3270 815 3317 ut
841 3270 896 3317 et
923 3262 1041 3334 ipse
1066 3272 1173 3317 tam
1203 3260 1513 3328 laudabilis,
1558 3269 1618 3316 ut
1657 3270 1868 3332 putant,
1910 3262 2101 3318 doctor

507 3357 785 3424 Socrates,
832 3355 1162 3412 homicidam
1195 3356 1371 3427 ipsum
1400 3370 1460 3411 se
1488 3355 1761 3426 privatim,
1793 3373 1861 3412 ne
1890 3355 2101 3427 publice

506 3449 872 3521 occideretur,
901 3449 1190 3506 occiderit.
1214 3448 1375 3504 Aliud
1404 3448 1564 3520 longe
1591 3449 1779 3504 beatus
1809 3436 2101 3519 Apostolus

504 3542 941 3615 praemeditatum
985 3543 1224 3599 habebat
1261 3551 1318 3598 et
1365 3543 1644 3613 cognitum
1680 3559 1694 3596 :
1741 3542 1846 3609 Qui
1894 3559 1995 3597 non
2036 3541 2100 3596 ab

508 3634 823 3701 hominibus,
876 3636 965 3689 sed
992 3652 1083 3706 per
1112 3635 1472 3690 reuelationem
1523 3634 1737 3689 Domini
1775 3636 1935 3690 nostri
1972 3635 2102 3690 Jesu

505 3726 701 3781 Christi
745 3724 891 3797 (Gal.
936 3728 1138 3797 1,,12),
1184 3726 1327 3797 quod
1367 3724 1623 3793 docebat,
1661 3737 1967 3798 acceperat,
2001 3743 2102 3785 nec

509 3817 821 3875 Academia:
843 3833 1132 3873 nemorose
1155 3819 1400 3873 obscuris
1428 3827 1605 3874 tectus
1627 3819 1979 3889 umbraculis,
2002 3820 2099 3876 sed

508 3911 721 3968 caelesti
744 3912 1044 3967 illustratus
1076 3910 1279 3967 lumine
1305 3929 1320 3966 :
1354 3926 1455 3968 nec
1486 3911 1541 3967 in
1574 3912 1703 3968 ludo
1733 3913 1915 3985 aliquo
1944 3914 2095 3970 litte-

510 4006 718 4062 ratorio
745 4006 889 4061 inter
916 4004 1191 4076 puerulos
1214 4006 1527 4076 oscitantes,
1560 4006 1657 4062 sed
1695 4007 1747 4061 in
1775 4009 1935 4063 tertio
1957 4008 2099 4064 caelo

514 4102 660 4157 inter
699 4098 928 4171 angelos
959 4106 1309 4155 coruscantcs
1336 4100 1598 4168 imbutus,
1634 4100 1686 4155 in
1729 4110 2098 4171 contemptum

511 4195 638 4250 vitae
667 4193 950 4265 praesentis
977 4194 1287 4249 exclamat:
1321 4191 1455 4249 Mihi
1475 4196 1641 4249 vivere
1664 4195 1898 4251 Christus
1924 4207 2016 4264 est,
2050 4206 2100 4249 et

509 4289 641 4344 mori
672 4289 874 4343 lucrum
904 4287 1074 4361 (Phil.
1107 4305 1147 4356 ι,
1176 4288 1295 4361 21).
1340 4288 1460 4345 Non
1488 4299 1635 4346 certe
1671 4306 1882 4345 murum
1904 4290 1971 4347 de
1992 4306 2100 4363 quo

509 4398 573 4441 se
609 4384 909 4453 prazcipitet
944 4382 1011 4437 ad
1054 4390 1311 4450 mortem,
1353 4382 1451 4438 sed
1480 4381 1755 4439 Christum
1787 4383 2094 4455 Dominum,

510 4491 611 4546 per
635 4490 794 4546 quem
820 4475 922 4529 hoc
950 4476 1181 4530 mortale
1202 4474 1270 4530 ab
1291 4474 1699 4531 immortalitate
1718 4476 2095 4543 absorbeatur,

2202 3268 2542 3327 peccatores,
2574 3257 2831 3328 quoniam
2877 3272 2984 3314 non
3034 3258 3212 3314 omnis
3249 3272 3379 3314 caro
3420 3258 3610 3314 eadem
3642 3274 3795 3315 caro.

2202 3347 2271 3404 In
2316 3351 2651 3417 arundineta,
2692 3351 2789 3417 ait,
2821 3350 2875 3406 id
2920 3361 3026 3418 est,
3073 3365 3243 3407 vacua
3289 3352 3410 3408 luce
3456 3366 3709 3423 corpora,
3742 3362 3800 3408 et

2202 3441 2396 3497 alienis
2423 3457 2613 3498 arsura
2639 3442 2959 3514 fulgoribus,
2990 3445 3183 3515 quibus
3228 3454 3546 3500 sanctorum
3577 3447 3800 3503 claritas

2201 3534 2377 3590 futura
2406 3550 2505 3607 pro
2546 3550 2705 3607 paena
2738 3544 2840 3593 est
2871 3552 2887 3591 :
2924 3537 3179 3608 quoniam
3224 3537 3371 3594 Deus
3412 3537 3556 3609 ignis
3600 3554 3800 3595 consu-

2202 3643 2358 3683 mens
2386 3638 2490 3694 est,
2522 3637 2579 3683 et
2602 3630 2739 3699 justi
2789 3631 2843 3683 in
2895 3629 3180 3701 imaginem
3230 3630 3448 3685 deitatis
3485 3630 3794 3686 advenient.

2203 3721 2353 3783 Fecit
2382 3726 2518 3778 enint
2556 3722 2699 3779 Deus
2741 3723 3019 3790 hominem,
3067 3727 3135 3779 ad
3180 3726 3460 3796 imaginem
3490 3743 3640 3780 suam
3678 3727 3797 3797 fecit

2205 3818 2355 3872 illum
2386 3816 2545 3890 (Gen.
2574 3833 2612 3883 ι,
2659 3819 2751 3890 27)
2799 3834 2814 3872 :
2868 3827 2923 3873 et
2953 3818 3247 3889 Apostolus
3281 3828 3517 3874 testatur
3548 3820 3793 3883 credere,

2202 3925 2281 3977 se,
2308 3910 2452 3981 quod
2483 3911 2562 3967 illi
2592 3912 2787 3967 similis
2815 3913 2887 3968 sit
2925 3913 3156 3968 futurus.
3187 3913 3530 3969 Necessaria.
3561 3915 3618 3970 Si
3649 3916 3795 3971 enim

2202 4002 2395 4057 similis
2441 4003 2555 4059 Deo
2597 4001 2700 4058 fuit
2748 4020 2871 4059 cum
2919 4005 3094 4061 factus
3123 4017 3226 4072 est,
3255 4013 3309 4061 et
3338 4007 3532 4062 similis
3584 4007 3795 4062 futurus

2203 4107 2285 4151 est
2313 4111 2436 4151 cum
2478 4108 2722 4169 resurget
2750 4116 2765 4152 :
2794 4101 3046 4168 quoniam
3087 4101 3344 4172 quidquid
3379 4118 3523 4158 nunc
3554 4104 3605 4158 in
3639 4104 3793 4159 nobis

2200 4189 2462 4247 dissimile
2489 4191 2702 4247 videtur
2724 4194 2954 4262 auctori,
2994 4193 3047 4249 id
3073 4209 3235 4249 omne
3259 4196 3387 4250 vitio
3412 4197 3793 4267 transgressio-

2202 4285 2288 4340 nis
2333 4286 2656 4356 impressum
2686 4296 2772 4341 est
2803 4304 2817 4340 :
2850 4297 2905 4341 et
2933 4286 3113 4341 vivam
3139 4287 3382 4343 veritatis
3408 4288 3656 4359 formam,
3701 4305 3790 4343 ar-

2203 4377 2335 4434 tifex
2375 4377 2780 4435 mendaciorum
2833 4381 3119 4435 strumosis
3170 4381 3379 4437 actibus
3424 4380 3793 4450 deformavit,

2201 4487 2463 4543 suamque
2502 4473 2857 4543 pravitatem,
2894 4475 3093 4530 nostris
3137 4473 3300 4530 etiam
3352 4477 3630 4544 membris,
3664 4476 3797 4533 dum

509 4566 760 4638 inquirit.
790 4566 1002 4623 Etenim
1032 4566 1282 4638 intelligit
1311 4568 1362 4623 ei
1388 4568 1601 4623 lucrum
1631 4584 1753 4625 esse
1802 4569 1961 4638 mori,
2009 4572 2094 4627 cui
2122 4548 2177 4610 Ῑ)
2200 4579 2412 4625 mentes
2444 4568 2703 4641 corrupit,
2736 4568 3015 4639 inscripsit
3047 4588 3058 4621 :
3093 4585 3214 4641 qua:
3257 4585 3351 4640 per
3378 4570 3798 4627 resurrectionis

508 4662 582 4717 sit
605 4661 716 4716 vita
747 4660 926 4717 futura
960 4675 1085 4715 cum
1112 4660 1353 4716 Christo.
1383 4660 1514 4716 Sine
1541 4662 1770 4716 Domino
1795 4670 1978 4719 autem
2009 4665 2093 4719 ni-

505 4754 585 4809 hil
612 4755 855 4825 prodest,
916 4753 1131 4810 etiamsi
1179 4761 1352 4807 totum
1381 4753 1642 4809 mundum
1683 4753 1943 4823 lucretur,
1975 4757 2093 4812 ani-

506 4864 614 4903 ma:
637 4861 819 4905 autem
846 4863 961 4905 suae
987 4848 1376 4903 detrimentum
1406 4863 1527 4904 esse
1556 4864 1865 4921 passurum.
1896 4849 2095 4909 Crede-

506 4941 601 4995 bat
631 4942 794 5011 igitur
821 4941 906 4997 vir
949 4941 1065 5007 ille,
1096 4956 1189 4996 vas
1236 4941 1538 5011 electionis,
1588 4957 1649 4997 se
1693 4958 1789 5013 per
1815 4943 2090 5000 Christum

509 5034 798 5090 Dominum
830 5045 1076 5089 nostrum
1102 5034 1169 5090 de
1190 5034 1293 5090 hac
1316 5042 1485 5103 terra,
1509 5052 1633 5106 qua:
1656 5053 1946 5110 numquam
1973 5042 2093 5095 sine

505 5141 675 5181 usura
705 5125 881 5182 reddit
901 5126 1043 5196 quod
1072 5127 1267 5199 accipit
1291 5145 1306 5183 ε
1339 5129 1436 5187 sed
1459 5129 1560 5185 alia
1586 5133 1819 5202 minore,
1857 5134 1956 5188 alia
1982 5135 2095 5205 ple-

508 5232 738 5288 rumque
780 5219 989 5287 majore
1008 5234 1130 5275 cum
1160 5220 1380 5279 fenore:
1409 5234 1468 5279 ut
1496 5225 1825 5281 tricesimum
1856 5236 1911 5282 et
1938 5242 2094 5281 sexa-

502 5312 771 5383 gesimum
798 5321 854 5368 et
878 5313 1233 5370 centesimum
1263 5360 1276 5383 ,
1310 5316 1541 5373 Domino
1568 5319 1685 5389 ipso
1717 5321 1768 5374 in
1802 5318 2093 5391 Evangelio

503 5406 747 5479 germina
778 5423 899 5478 quae
932 5407 1270 5477 plantaverat
1292 5410 1370 5464 sic
1400 5412 1612 5481 legente
1645 5430 1659 5467 :
1693 5413 1761 5468 de
1785 5429 1891 5484 qua
1922 5422 2089 5480 terra,

502 5501 665 5556 etiam
695 5502 913 5569 veritas,
947 5517 1107 5572 quam
1138 5502 1345 5557 Pilatus
1373 5503 1661 5573 ignorabat
1692 5522 1706 5559 ε
1738 5520 1896 5575 quant
1932 5519 2089 5559 nemo

502 5592 690 5662 utique
716 5594 1020 5664 principum
1052 5594 1213 5664 hujus
1240 5596 1423 5650 saeculi
1445 5596 1583 5652 vidit
1608 5616 1621 5650 :
1650 5597 1711 5654 Si
1738 5598 1875 5652 enim
1899 5612 2089 5668 cogno-

497 5687 728 5755 vissent,
797 5703 1077 5757 numquam
1127 5686 1411 5742 Dominum
1473 5690 1652 5763 gloria:
1708 5691 2087 5761 cruciﬁxisscnt

498 5777 550 5849 (ι
572 5774 694 5834 Cor.
721 5778 853 5851 11,8)
878 5799 889 5835 :
913 5778 982 5837 de
1001 5778 1138 5848 ipsa,
1163 5781 1403 5851 inquam,
1422 5799 1482 5842 se
1506 5783 1796 5856 Apostolus
1820 5784 2081 5845 transfor-

2196 4662 2424 4734 gloriam
2454 4665 2595 4719 male
2618 4662 2847 4733 adjecta,
2876 4674 2967 4718 aut
2993 4664 3279 4719 imminuta
3302 4664 3580 4719 diluentur
3609 4681 3623 4719 :
3657 4675 3711 4720 et
3740 4666 3796 4721 id

2198 4756 2373 4812 solum
2413 4757 2557 4827 quod
2605 4766 2881 4811 auctorem
2916 4771 3099 4812 rerum
3151 4765 3423 4829 tamquam
3459 4758 3516 4815 in
3564 4758 3794 4829 speculo

2195 4850 2417 4916 reddat,
2450 4848 2705 4905 emicabit
2739 4836 2763 4904 ἓ
2781 4858 2835 4905 ut
2867 4850 3222 4921 interpolator
3246 4867 3383 4922 opus
3412 4866 3567 4907 suum
3597 4866 3656 4907 se
3684 4852 3792 4908 do-

2195 4945 2303 5001 leat
2345 4944 2683 5015 perdidisse,
2718 4955 2775 5002 et
2802 4945 2967 5001 homo
3016 4945 3236 5001 tandem
3279 4961 3340 5002 se
3369 4946 3636 5017 integrum
3667 4962 3796 5004 esse

2195 5039 2476 5109 glorietur.
2506 5037 2622 5094 Non
2661 5049 2838 5096 tamen
2884 5039 2991 5095 hoc
3017 5055 3242 5106 omnes,
3273 5050 3330 5095 ut
3370 5040 3481 5111 jam
3526 5041 3789 5109 diximus,

2196 5132 2291 5187 sed
2315 5131 2445 5203 justi
2473 5140 2678 5189 tantum
2704 5134 2754 5188 in
2784 5134 2909 5189 luce
2930 5134 3166 5189 erimus:
3194 5134 3451 5201 Quoniam
3474 5152 3645 5190 omnes
3673 5138 3792 5206 qui-

2195 5227 2310 5281 dem
2336 5245 2684 5302 resurgemus,
2721 5229 2811 5282 sed
2839 5246 2942 5283 non
2971 5245 3142 5283 omnes
3179 5228 3563 5283 immutabimur
3587 5228 3788 5303 (Thes.

2195 5334 2271 5387 vr,
2316 5320 2403 5393 15)
2430 5339 2444 5376 :
2474 5320 2856 5377 discretionem
2902 5322 3044 5376 enim
3079 5320 3238 5378 faciet
3267 5336 3658 5393 personarum,
3696 5322 3785 5377 di-

2196 5415 2426 5470 versitas
2454 5418 2792 5472 meritorum.
2816 5415 2949 5471 Nam
2970 5416 3074 5472 etsi
3098 5416 3238 5472 inter
3266 5418 3413 5488 ipsos
3439 5426 3659 5473 sanctos
3682 5417 3794 5472 erit

2195 5506 2373 5575 aliqua
2416 5506 2487 5561 de
2525 5507 2842 5577 oneratione
2889 5508 3165 5579 distantia,
3209 5509 3425 5565 dicente
3472 5509 3787 5581 Apostolo:

2195 5598 2361 5654 Stella
2386 5614 2418 5651 a
2438 5596 2586 5652 stella
2611 5597 2785 5666 differt
2804 5599 2858 5654 in
2873 5599 3112 5655 claritate
3132 5601 3178 5657 ll
3199 5600 3317 5657 Cor.
3345 5617 3438 5668 xv,
3462 5601 3558 5670 41)
3583 5619 3594 5653 :
3617 5617 3782 5669 quam

2189 5692 2558 5749 diversitatem
2587 5694 2669 5750 vel
2700 5696 2767 5751 de
2810 5695 3011 5767 impiis,
3042 5696 3126 5751 vel
3155 5695 3223 5751 de
3251 5696 3623 5767 peccatoribus
3651 5710 3780 5752 sen-

2187 5786 2426 5847 tiemus:
2463 5803 2695 5861 quarunt
2733 5790 2829 5849 alii
2868 5789 2924 5850 in
2950 5790 3179 5863 judicio,
3223 5790 3315 5851 alii
3360 5792 3414 5851 in
3451 5799 3769 5851 sanctorum
