3998 6198
195 237 264 295 89

1147 245 1481 305 EPISTOLA
1523 246 1610 302 Vl.
1652 245 1742 302 AD
1778 242 2043 304 AMICUM
2086 247 2466 306 EGROTUM.

3391 247 3462 304 90

188 354 419 412 consilio
467 359 795 430 resurgunt?
841 358 938 429 Qui
983 358 1085 414 etsi
1142 358 1560 416 resurrectionis
1605 357 1773 428 ipsius
1797 359 1854 418 Α
1878 358 2295 430 mancipandam
2327 360 2433 415 illis
2458 375 2579 417 esse
2605 359 2882 423 credatur,
2906 358 3102 432 quibus
3125 366 3175 416 et
3203 359 3460 430 spiritua-

184 458 430 518 tempore
467 463 818 523 segregantur
840 496 854 517 ,
911 453 1034 524 quid
1062 452 1132 509 de
1158 453 1348 508 habitu
1378 452 1660 521 formaque
1687 449 1770 504 di-

181 539 415 594 cemus?
437 539 589 610 Qute,
631 551 689 596 ut
713 542 844 597 mihi
874 543 1105 610 videtur,
1135 557 1241 598 non
1269 550 1420 598 veste
1444 541 1621 610 aliqua
1661 547 1776 594 tex-

181 631 291 698 tili,
325 647 498 701 neque
526 634 813 689 mulierum
845 634 1119 690 elaborata
1151 636 1359 706 pensis,
1393 633 1490 690 sed
1520 635 1632 687 suis
1656 647 1774 688 me-

177 723 297 777 ritis
326 733 380 777 et
409 725 750 781 orationibus
793 727 898 781 erit
938 727 1156 782 inventa
1183 745 1199 781 :
1231 727 1393 781 beato
1432 727 1642 781 Joanne
1673 725 1776 781 hoc

180 817 234 871 in
263 816 599 873 revelatione
631 828 1000 887 monstrante,
1030 821 1120 888 qui
1151 830 1368 875 sanctos
1387 862 1402 885 ,
1435 820 1537 885 ait,
1566 818 1773 872 indutos

179 908 447 979 byssinum
472 925 532 964 se
552 910 758 966 vidisse
787 910 969 983 (Apoc.
999 927 1112 978 xix,
1145 911 1256 982 ll).
1284 912 1353 966 Et
1382 927 1448 967 ne
1479 913 1617 966 forte
1647 911 1774 966 sub-

176 1001 440 1070 tegimina
463 1000 692 1072 byssini,
725 1013 820 1056 aut
841 1002 1071 1059 stamina
1097 1019 1487 1074 quaereremus,
1518 1012 1571 1057 et
1599 1014 1770 1058 ntate«

167 1095 336 1159 riale,
364 1095 448 1150 vel
477 1096 833 1164 corruptibile
862 1111 924 1150 ac
953 1097 1150 1152 fluxum
1189 1097 1391 1163 aliquid
1433 1098 1678 1151 exerceri
1713 1098 1764 1152 in

168 1186 492 1242 caelestibus
534 1188 906 1257 opinarentur,
940 1188 1180 1242 subdidit
1211 1206 1222 1240 :
1257 1187 1541 1259 Byssinum
1583 1196 1762 1243 autem

159 1279 590 1348 iustificationes
619 1289 930 1334 sanctorum
962 1289 1107 1336 sunt.
1143 1281 1294 1335 Tunc
1331 1298 1483 1352 ergo,
1516 1291 1574 1337 ut
1606 1283 1763 1338 intel-

164 1373 300 1442 ligo,
337 1373 390 1426 in
424 1372 710 1442 superﬁcie
733 1373 978 1444 corporis
1009 1375 1179 1428 nostri
1209 1375 1452 1439 venient,
1477 1392 1594 1444 quae
1617 1390 1761 1431 nunc

164 1475 294 1520 sunt
315 1475 452 1521 testa
477 1467 577 1521 sub
597 1466 1013 1536 corpore.Tunc
1037 1466 1345 1538 unicuique,
1367 1469 1620 1524 miserum
1649 1485 1756 1535 me,

165 1557 504 1613 conscientia
533 1573 628 1613 sua
661 1562 830 1613 vestis
859 1559 970 1614 fiet.
1004 1559 1154 1614 Tunc
1191 1576 1252 1614 ea
1277 1603 1291 1624 ,
1323 1575 1442 1631 quae
1471 1560 1538 1614 de
1569 1561 1761 1618 funda-

163 1661 354 1707 mento
377 1651 656 1721 illo,quale
679 1650 826 1705 aliud
843 1668 945 1706 non
972 1662 1132 1723 potest
1149 1651 1332 1724 poni(l
1354 1653 1472 1707 Cor.
1499 1669 1610 1718 xm,
1640 1654 1754 1724 ll),

1877 450 1941 505 lis
1969 451 2062 505 illa
2095 455 2454 522 nequitiarum
2488 463 2674 509 natura
2704 455 3032 522 subjicienda
3058 454 3178 509 est?
3198 455 3338 522 Quid
3370 471 3458 511 er-

1874 558 1942 612 go
1975 554 2100 598 tunc
2137 544 2367 612 facient,
2400 549 2486 617 qui
2521 562 2662 602 nunc
2702 549 2752 602 in
2787 547 3079 602 honoribus
3109 547 3410 617 gloriantur
3440 567 3451 600 :

1875 637 1966 706 qui
1992 652 2086 705 per
2110 638 2378 693 terribiles
2402 641 2743 707 praefecturas
2761 681 2775 705 ,
2802 649 2854 694 et
2884 638 3058 695 fasces
3076 681 3091 706 ,
3119 649 3170 695 et
3195 649 3450 709 aeternos,

1875 741 1936 784 ut
1962 730 2306 798 existimant,
2330 734 2640 787 consulatus
2660 774 2674 796 ,
2701 733 2814 788 Deo
2839 747 2897 787 se
2929 748 3247 803 comparare
3278 734 3454 788 nitun-

1879 835 1964 878 tur
1991 827 2174 893 rapina
2193 865 2208 889 ,
2233 840 2336 880 non
2366 828 2591 881 natura?
2611 827 2747 894 Quid
2774 827 2934 882 faciet
2954 829 3041 897 qui
3070 829 3338 900 conjungit
3361 829 3452 882 do-

1879 935 2014 971 mum
2045 921 2113 971 ad
2154 920 2360 974 domum
2397 919 2531 992 (lsa.
2560 937 2612 984 v,
2637 923 2718 990 5)?
2746 922 2834 991 qui
2864 921 3174 991 perturbata
3211 922 3449 988 civitate,

1873 1019 1928 1065 et
1955 1012 2160 1066 cunctis
2193 1012 2386 1081 quibus
2435 1014 2806 1081 stringebatur
2849 1013 2973 1068 hinc
3019 1014 3145 1068 inde
3191 1013 3451 1070 limitibus

1871 1102 2074 1168 fractis,
2098 1112 2330 1166 montes,
2356 1103 2595 1168 flumina,
2621 1107 2897 1176 mariaque
2921 1107 3446 1178 transiliens,quan-

1869 1201 1976 1246 tum
2000 1193 2064 1246 ad
2089 1194 2262 1262 ipsum
2289 1196 2544 1263 pertinet,
2565 1212 2726 1250 unam
2751 1199 2863 1250 vult
2885 1197 3282 1266 possessionem
3305 1214 3446 1264 esse,

1865 1302 1983 1355 quxe
2050 1288 2353 1341 communis
2397 1288 2636 1343 omnium
2695 1299 2835 1344 terra
2887 1301 3003 1355 est,
3057 1300 3112 1345 et
3161 1292 3453 1347 insatiabili

1865 1379 2161 1450 cupiditate
2213 1380 2550 1437 latitudinem
2603 1384 2856 1437 immensi
2907 1384 3060 1438 orbis
3096 1386 3370 1440 excedens
3402 1388 3453 1441 in

1863 1471 2159 1527 Alexandri
2198 1472 2508 1530 Macedonis
2538 1475 2903 1542 anxietatem,
2937 1485 2992 1529 et
3023 1477 3447 1532 innumerabiles

1861 1565 2261 1633 Epicureorum
2285 1567 2511 1620 mundos
2537 1566 2852 1622 diffunditur
2880 1585 2891 1620 :
2925 1568 3318 1637 acquisitisque
3349 1583 3445 1636 per

1859 1657 2172 1712 aviditatem
2196 1658 2378 1712 mundi
2406 1658 2568 1728 hujus
2594 1660 2857 1728 angustiis
2875 1701 2887 1723 ,
2916 1660 2968 1713 in
2999 1660 3162 1714 alium
3187 1659 3443 1714 credulus

164 1744 233 1798 ab
275 1757 601 1813 unoquoque
650 1743 1078 1814 superredilicata
1119 1755 1243 1799 sunt
1285 1745 1714 1814 praeeminebunt
1738 1790 1752 1812 ,
1788 1751 1834 1811 B
1863 1765 1968 1802 non
2000 1750 2266 1805 :estimata
2300 1751 2500 1821 proprii
2524 1753 2772 1821 corporis
2802 1751 3166 1821 possibilitate
3191 1750 3440 1806 accendi-

166 1849 339 1892 utaut
367 1838 674 1894 mercedem
693 1840 944 1908 accipiat,
965 1841 1054 1910 qui
1073 1856 1324 1895 mansura
1339 1841 1650 1905 constituit;
1667 1850 1758 1896 aut

165 1931 548 1986 detrimentum
565 1932 818 2002 patiatur,
845 1933 934 2001 qui
949 1948 1136 1987 arsura
1157 1934 1478 1988 construxit.
1494 1933 1610 1988 Jam
1630 1934 1758 2005 quid

165 2027 254 2080 illa
280 2042 698 2082 commemorem
715 2043 832 2097 quae
851 2036 1172 2099 sequuntur,
1187 2037 1429 2098 quaetota
1444 2038 1756 2084 sanctorum

161 2128 290 2172 sunt
325 2133 547 2174 carnem
573 2119 690 2174 sine
725 2128 866 2176 terra
886 2163 900 2187 ,
933 2134 1130 2191 corpus
1160 2121 1281 2176 sine
1325 2121 1528 2176 doloris
1555 2137 1751 2191 sensu,

163 2212 397 2266 animam
443 2211 564 2268 sine
613 2223 792 2278 metu,
825 2212 988 2267 vitam
1021 2215 1137 2270 sine
1181 2214 1319 2280 line,
1366 2224 1578 2270 aetatem
1628 2217 1750 2274 sine

165 2317 408 2376 tempore
430 2348 445 2372 ,
476 2307 652 2363 lucem
683 2309 798 2364 sine
839 2318 1026 2370 nocte,
1056 2309 1448 2365 beatitudinem
1480 2312 1596 2366 sine
1622 2311 1750 2368 fine.

162 2399 333 2454 Video
364 2402 667 2468 hominem,
696 2413 749 2457 et
779 2403 834 2458 in
863 2403 1083 2459 homine
1110 2403 1279 2459 Deum
1308 2425 1320 2460 :
1347 2406 1587 2475 quoniam
1611 2406 1752 2462 Deus

162 2493 334 2546 omnia
359 2494 414 2546 in
452 2496 683 2550 omnibus
703 2506 776 2548 est
798 2495 992 2566 (υἱώ,
1017 2513 1105 2564 xv,
1129 2496 1244 2568 28).
1272 2497 1465 2552 Totum
1492 2499 1749 2570 quidquid

160 2600 301 2640 nunc
323 2585 658 2656 impossibile
675 2587 878 2642 homini
896 2589 1218 2655 cernitur,id
1245 2599 1354 2644 tum
1379 2591 1492 2645 fieri
1516 2607 1612 2662 per
1633 2609 1751 2648 mu—

161 2680 487 2735 nificentiam
523 2684 764 2752 perpetui
807 2684 950 2753 regis
977 2685 1158 2739 velare
1186 2692 1240 2740 et
1271 2686 1545 2752 revelare,
1575 2685 1747 2757 lique-

158 2789 308 2830 scere
334 2789 399 2829 ac
429 2775 749 2842 resolidare,
776 2791 1007 2847 eumque
1031 2777 1144 2832 fieri
1173 2792 1333 2846 quem
1367 2785 1420 2832 et
1443 2778 1650 2832 intrare
1678 2779 1746 2834 ad

159 2868 454 2940 discipulos
469 2880 714 2924 concreta
731 2882 784 2925 et
799 2884 1056 2940 corporea
1078 2871 1340 2940 parietum
1359 2871 1746 2940 valvarumque

156 2977 256 3016 non
289 2972 624 3017 senserunt:
655 2973 709 3018 et
735 2963 982 3034 discipuli
1008 2974 1186 3019 tamen
1221 2975 1367 3020 stare
1397 2980 1586 3020 omnes
1616 2977 1746 3023 ante

157 3071 212 3111 se
237 3056 385 3111 intus
416 3067 850 3126 conspexerunt:
877 3065 932 3112 et
968 3057 1150 3113 omnia
1193 3074 1312 3129 qua:
1343 3059 1461 3114 sine
1490 3059 1595 3114 hoc
1626 3075 1746 3114 cor-

1862 1855 1969 1908 tur,
1990 1854 2280 1899 autumans
2310 1859 2594 1915 passurum
2624 1861 2684 1900 se
2708 1846 2964 1900 damnum
2991 1860 3112 1900 esse
3137 1845 3203 1900 de
3230 1846 3369 1914 jure,
3396 1847 3440 1900 si

1859 1937 2020 1991 fidem
2061 1953 2168 1992 non
2208 1937 2520 1992 adhibuerit
2556 1937 2623 1993 de
2667 1937 2889 1993 furore?
2929 1939 3068 2006 Quid
3108 1938 3164 1992 hi
3210 1938 3434 2004 facient,

1859 2032 1948 2102 qui
1980 2041 2251 2101 tamquam
2294 2039 2639 2100 correptores
2664 2047 2897 2097 morum,
2931 2032 3144 2086 Domini
3181 2033 3438 2088 familiam

1856 2123 2123 2179 attentius
2165 2123 2593 2193 castigatiusque
2635 2124 2908 2177 viventem
2930 2166 2944 2187 ,
2978 2132 3071 2176 aut
3100 2124 3155 2177 in
3193 2125 3439 2179 vestibus

1856 2215 2047 2270 humili
2075 2216 2284 2282 colore,
2313 2225 2406 2270 aut
2432 2216 2482 2268 in
2507 2215 2613 2269 cibi
2646 2215 2793 2269 arida
2829 2215 3114 2283 parcitate,
3147 2224 3242 2269 aut
3273 2215 3325 2269 in
3357 2217 3438 2269 vi-

1853 2308 2102 2378 giliarum
2131 2324 2236 2363 non
2269 2310 2446 2364 otiosa
2466 2309 2784 2370 sobrietate,
2814 2307 2964 2363 velut
2989 2319 3081 2362 aut
3110 2307 3442 2364 indumentis

1854 2400 2200 2456 mollioribus
2230 2400 2544 2465 delicatam,
2575 2410 2671 2454 aut
2705 2401 2882 2470 epulis
2922 2401 3320 2469 copiosioribus
3349 2417 3441 2456 sa-

1851 2495 2088 2566 ginatam
2115 2535 2130 2559 ,
2157 2503 2251 2548 aut
2282 2493 2454 2548 thoris
2495 2493 2849 2548 calidioribus
2882 2493 3237 2561 oscitantem,
3268 2493 3442 2549 divel-

1850 2589 1967 2643 luut
1995 2603 2058 2642 ac
2079 2598 2300 2643 vexant.
2332 2588 2638 2643 nescientes
2665 2587 2810 2657 quod
2837 2589 2887 2641 in
2919 2589 3126 2642 sanctis
3153 2587 3269 2655 Dei,
3297 2603 3439 2642 inar-

1852 2683 2084 2754 tyribus,
2109 2681 2618 2750 confessoribusque
2640 2680 2780 2734 oculi
2803 2680 2919 2750 ejus
2948 2680 3149 2749 pupilla
3175 2679 3438 2735 feriatur?

1848 2775 2116 2829 Peribunt
2145 2776 2266 2829 sine
2293 2774 2486 2839 dubio,
2517 2773 2770 2844 peribunt
2800 2773 2853 2826 in
2882 2773 2971 2827 illa
3001 2773 3088 2827 die
3110 2787 3298 2827 omnes
3336 2789 3432 2827 co-

1846 2867 2142 2939 gitationes
2175 2883 2364 2922 eorum
2400 2886 2411 2920 :
2455 2881 2553 2922 nec
2593 2883 2686 2921 eos
2721 2866 2860 2935 apud
2902 2866 3136 2921 tribunal
3174 2865 3306 2921 illttd
3343 2877 3436 2922 aut

1847 2960 2045 3015 Lucius
2077 2958 2306 3014 Crassus
2337 2959 2612 3024 defendet,
2645 2971 2735 3013 aut
2764 2960 2835 3014 M.
2866 2960 3157 3023 Antonius,
3191 2970 3281 3012 aut
3314 2958 3432 3014 istis

1847 3051 2187 3124 eloquentior
2214 3052 2422 3107 Tullius
2453 3069 2466 3105 :
2491 3052 2748 3122 quoniam
2775 3052 2951 3106 omnis
2975 3063 3103 3106 tunc
3129 3052 3312 3106 sa‘culi
3335 3052 3433 3106 lin-

155 3163 280 3218 pore
313 3149 411 3204 Dei
465 3150 688 3220 spiritus
719 3150 966 3219 fovebat,
1018 3167 1216 3222 corpus
1242 3169 1364 3208 cum
1406 3155 1501 3211 Dei
1551 3155 1742 3224 spiritu
1771 3139 1815 3203 C
1847 3165 1949 3219 gua
1975 3149 2335 3215 obmutescet,
2363 3159 2416 3204 et
2441 3151 2553 3203 sola
2592 3149 2694 3204 erit
2727 3149 2778 3202 in
2808 3149 3086 3204 rusticulis
3107 3149 3220 3203 suis
3247 3147 3432 3202 facun-

152 3256 272 3295 esse
301 3241 592 3296 facturum.
619 3242 814 3298 Satiari
838 3243 1199 3299 delectatione
1229 3245 1421 3300 harum
1453 3246 1745 3318 cogitatio-

153 3349 282 3388 num
312 3334 693 3390 Cbristianitas
726 3351 831 3390 non
868 3346 1065 3405 potest.
1092 3337 1220 3393 Haec
1250 3339 1326 3394 illi
1355 3339 1602 3410 requies,
1637 3339 1742 3396 hoc

149 3424 605 3481 oblectamentum
644 3437 755 3491 est,
798 3427 916 3484 haec
954 3429 1236 3500 voluptas,
1290 3431 1374 3486 h:e
1425 3432 1634 3488 delicia:
1664 3433 1743 3489 ire

149 3519 396 3574 mentein
422 3519 604 3574 sedem
627 3521 742 3587 Dei,
761 3523 941 3592 ibique
960 3523 1063 3577 sibi
1082 3523 1259 3578 locum
1272 3533 1326 3579 et
1345 3533 1548 3594 partem
1568 3525 1736 3594 sedis,

151 3626 249 3665 non
281 3626 380 3666 sua
414 3614 871 3682 przesumptione,
912 3614 1004 3668 sed
1031 3614 1324 3671 divinitatis
1353 3617 1742 3687 pollicitatione

151 3719 430 3774 usurpare.
452 3703 562 3758 Nec
585 3704 686 3760 hoc
715 3705 792 3760 illi
819 3705 1045 3761 arduum
1070 3707 1301 3773 videtur,
1326 3719 1606 3780 postquam
1629 3711 1738 3780 jam

151 3796 214 3850 ibi
245 3798 295 3852 in
318 3797 549 3854 Christo
572 3798 801 3854 Domino
821 3815 976 3856 suum
1002 3817 1122 3857 esse
1144 3803 1415 3859 hominem
1441 3806 1735 3875 cognoscit.

157 3888 410 3946 Vendicat
433 3890 536 3945 sibi
558 3907 771 3963 aequum
789 3909 882 3964 jus
898 3895 964 3950 de
982 3901 1306 3966 cognatione
1329 3913 1422 3968 per
1435 3899 1601 3953 Deum
1625 3916 1740 3954 car-

149 3983 225 4037 nis
245 3993 552 4052 assumptte
574 4002 588 4037 :
609 3987 861 4055 quoniam
877 3987 944 4043 de
960 4003 1124 4044 carne
1141 3990 1256 4058 ejus
1275 4006 1479 4053 sumus,
1502 4003 1553 4045 et
1568 3993 1636 4047 de
1651 4009 1740 4048 os-

148 4075 286 4132 sibus
307 4077 457 4148 ejus.
476 4075 503 4129 1
509 4094 597 4149 pse
614 4081 747 4132 enim
769 4089 840 4134 est
863 4091 1014 4152 caput
1033 4084 1264 4153 corporis
1281 4081 1530 4137 Ecclesim
1544 4084 1681 4155 (Col.
1699 4103 1735 4152 I,

151 4170 252 4239 l8),
271 4173 390 4239 ipse
413 4171 742 4242 principium
766 4174 940 4228 omnis
964 4176 1297 4245 principatus
1311 4184 1368 4230 et
1390 4187 1736 4246 potestatum,

143 4266 552 4334 evangelizante
573 4265 652 4319 sic
686 4265 947 4336 Apostolo
973 4286 984 4320 :
1017 4268 1101 4322 Ex
1128 4286 1228 4339 quo
1255 4279 1415 4323 totum
1453 4286 1637 4342 corpus
1667 4273 1739 4326 sic

144 4369 468 4429 compactum
486 4369 536 4413 et
560 4358 865 4429 productum
890 4377 979 4431 per
999 4362 1409 4431 conjunctionem
1425 4407 1438 4430 ,
1458 4371 1508 4416 et
1528 4364 1740 4432 copula-

144 4461 265 4517 tum,
288 4453 485 4507 crescit
521 4452 576 4506 in
601 4462 930 4522 augmentum
959 4452 1074 4508 Dei.
1108 4454 1246 4522 Quid
1291 4469 1420 4526 ergo
1449 4467 1736 4511 venturum

1850 3243 1918 3297 da
1947 3243 2154 3310 justitia
2188 3261 2197 3294 :
2230 3258 2347 3312 qua:
2375 3242 2659 3296 infantittm
2691 3241 2820 3296 fecit
2849 3257 2942 3294 ora
2971 3241 3196 3304 diserta,
3221 3251 3274 3294 et
3307 3256 3430 3293 mu-

1849 3345 2024 3390 torum
2060 3337 2269 3404 linguas
2301 3351 2496 3389 novum
2528 3335 2692 3388 solvit
2724 3335 2774 3388 in
2803 3335 3092 3393 canticum,
3122 3333 3433 3386 caelestem-

1845 3445 1951 3498 que
1978 3430 2082 3483 sibi
2126 3429 2461 3483 harmOniam
2491 3443 2588 3497 per
2621 3428 2706 3481 sui
2747 3426 3174 3480 misericordiam
3215 3425 3283 3480 de
3320 3427 3432 3481 suis

1845 3524 2075 3578 oviculis
2109 3522 2424 3591 acquisivit.
2454 3521 2534 3575 Ad
2561 3519 2719 3590 cujus
2750 3520 2976 3587 gloriam
3013 3517 3394 3572 celebrandam
3415 3560 3429 3584 ,

1845 3616 2005 3671 etiam
2037 3617 2078 3668 si
2100 3615 2378 3668 hominum
2403 3613 2576 3668 studia
2599 3612 2958 3675 cessaverint,
2983 3611 3035 3665 in
3059 3612 3429 3668 confusionem

1845 3709 2062 3779 generis
2091 3708 2335 3770 humani,
2364 3707 2571 3777 lapides
2592 3705 2872 3760 clamaturi
2902 3713 3295 3759 monstrantur.
3322 3705 3429 3760 Sed

1843 3819 1951 3875 quo
1986 3820 2086 3872 ego
2123 3818 2150 3855 a
2189 3803 2414 3856 materia
2459 3800 2733 3870 preposita
2756 3842 2770 3863 ,
2806 3800 2954 3854 velut
2989 3800 3301 3855 mortalium
3331 3801 3432 3855 im—

1843 3896 2168 3966 probitatem
2199 3896 2571 3961 increpaturns
2604 3893 2853 3948 excessi?
2877 3904 2932 3947 et
2962 3893 3250 3948 uniformis
3277 3894 3429 3959 mali,

1845 3999 2115 4056 tamquam
2157 3987 2398 4056 publicus
2439 3997 2737 4052 accusator,
2781 3984 3066 4039 mundanis
3106 3986 3271 4050 vitiis,
3298 3985 3426 4041 dum

1843 4096 1930 4134 me
1960 4080 2259 4148 aliquorum
2316 4080 2535 4131 miseret
2562 4123 2574 4142 ,
2619 4092 2724 4130 non
2757 4078 2973 4146 peperci
3010 4093 3022 4128 :
3053 4092 3173 4131 cum
3216 4076 3316 4129 etsi
3341 4075 3429 4144 ju-

1842 4173 2055 4228 dicandi
2098 4183 2308 4242 tempus
2337 4180 2510 4234 esset,
2539 4171 2764 4240 lapidem
2808 4181 2982 4224 tamen
3014 4173 3229 4224 mittere
3266 4184 3430 4236 super

1842 4266 2140 4321 adulteram
2170 4281 2273 4319 non
2297 4264 2547 4319 auderem
2572 4281 2584 4316 :
2608 4273 2662 4318 et
2683 4264 2726 4316 si
2752 4264 2816 4316 ad
2845 4263 3146 4317 innocentis
3164 4260 3424 4330 judicium

1844 4359 2456 4428 puriorisconscientite
2485 4373 2569 4411 tne
2596 4366 2835 4410 armaret
2865 4354 3183 4417 auctoritas,
3219 4365 3428 4421 tempus

1844 4461 2020 4506 tamen
2061 4462 2372 4520 ex5pectare
2413 4450 2710 4517 debebam,
2752 4450 2978 4504 docente
3016 4447 3306 4517 Apostolo,
3336 4447 3425 4515 qui

140 4544 388 4609 judicium
411 4587 430 4609 .
465 4555 520 4601 et
545 4544 686 4601 diem
721 4547 964 4611 Domini,
996 4548 1094 4616 piis
1123 4547 1441 4617 optabilem,
1475 4558 1529 4605 et
1557 4550 1735 4619 impiis
1766 4533 1815 4595 D
1844 4546 2043 4599 sanctis
2073 4562 2176 4600 non
2201 4544 2461 4615 judicium
2493 4546 2730 4608 sustulit,
2756 4545 2847 4598 sed
2878 4544 3104 4597 distulit.
3133 4541 3218 4595 Ait
3243 4539 3424 4593 enim:

142 4639 453 4709 fugiendum
471 4655 486 4704 ;
501 4637 634 4708 quid
658 4639 788 4695 illud
812 4641 1025 4711 igneum
1043 4640 1303 4696 diluvium
1323 4659 1429 4697 non
1450 4658 1731 4713 aquarum,

143 4733 368 4791 fumante
398 4746 580 4799 terra,
609 4733 846 4804 fugiente
876 4735 1013 4789 mari
1041 4776 1053 4800 ,
1081 4735 1218 4790 ctelo
1249 4736 1302 4790 in
1334 4735 1454 4792 libri
1497 4739 1731 4807 speciem

141 4827 480 4894 complicato,
504 4824 731 4895 loquar?

205 4919 286 4974 IX.
329 4919 543 4976 Tristia
575 4922 692 4974 haec
721 4929 848 4974 sunt
873 4920 1130 4976 divitibus
1157 4923 1362 4990 saeculi,
1383 4922 1476 4977 sed
1500 4938 1732 4993 exspec-

145 5014 286 5070 tanda
313 5013 658 5086 paujieribus
684 5012 910 5078 Christi,
935 5029 1031 5083 pro
1060 5017 1256 5084 quibus
1289 5017 1342 5070 in
1376 5017 1589 5071 Psalmn
1620 5018 1728 5072 Do-

147 5107 307 5163 minus
339 5108 623 5176 su5pirat.
657 5105 878 5161 dicens:
909 5105 1136 5177 Propter
1166 5109 1422 5162 miseriam
1476 5111 1685 5182 inapum
1712 5155 1726 5178 ,

147 5207 185 5249 rt
225 5202 474 5271 gemitum
530 5214 819 5267 pauperum
880 5215 1017 5253 nunc
1068 5216 1335 5268 exsurgant
1382 5199 1554 5273 (Psat.
1605 5205 1727 5268 xu).

146 5293 265 5356 Quid
308 5292 557 5349 tribunal
590 5291 719 5346 illud
750 5307 815 5347 ex
849 5292 1133 5360 majestate
1161 5293 1458 5363 iudicantis
1503 5295 1730 5350 immen-

146 5401 278 5456 sum,
325 5398 381 5445 et
411 5386 709 5443 duodecim
762 5385 984 5441 sedibus
1012 5389 1351 5443 adorandum
1371 5430 1386 5455 ,
1417 5395 1728 5459 tantamque

147 5477 306 5536 datam
337 5497 368 5536 a
409 5481 530 5536 ﬁlio
585 5487 911 5550 potestatem
934 5521 949 5546 ,
980 5491 1036 5535 ut
1087 5482 1138 5535 in
1165 5481 1462 5550 judicando
1492 5482 1728 5539 habeant

147 5575 288 5631 etiam
321 5575 652 5648 angelorum
703 5575 1065 5642 substantias,
1097 5579 1251 5645 quasi
1284 5593 1472 5634 eorum
1513 5589 1725 5633 creator

145 5666 371 5725 addictas
389 5716 404 5738 ,
429 5668 655 5724 dicente
675 5667 938 5738 Apostolo
963 5684 977 5722 :
1011 5668 1261 5737 Nescitis,
1284 5673 1527 5741 quoniam
1552 5682 1598 5724 et
1631 5687 1723 5723 an-

148 5762 266 5833 gelos
282 5762 648 5838 judicabimus
671 5761 712 5834 (l
739 5760 858 5817 Cor.
883 5778 936 5831 v,
955 5761 1037 5833 '5)?
1064 5763 1132 5818 Et
1160 5763 1288 5834 quid
1319 5765 1422 5822 erit
1445 5763 1591 5833 quod
1615 5778 1722 5820 non

1845 4640 2022 4694 Nolite
2055 4641 2298 4712 judicare
2355 4650 2474 4694 ante
2518 4649 2721 4708 tempus
2761 4641 2810 4706 (Ι
2859 4638 2980 4692 Cor.
3025 4653 3098 4696 tv,
3149 4636 3235 4704 5).
3291 4633 3425 4687 illud

1841 4749 2034 4804 nempe
2066 4732 2479 4789 resurremionis
2502 4741 2714 4801 tempus
2733 4732 2962 4785 innitens
2978 4725 3421 4796 exspectandum,

1839 4844 1946 4899 quo
1983 4844 2077 4898 per
2121 4827 2541 4895 incorruptionis
2594 4825 2815 4894 gloriam
2869 4822 3102 4877 rediviva
3153 4835 3282 4875 caro
3329 4822 3428 4876 mi-

1841 4922 2008 4976 randa
2055 4920 2274 4974 assistet
2325 4919 2513 4988 judici.
2566 4917 2642 4970 De
2682 4914 2982 4967 :eternitate
3019 4913 3130 4981 jam
3174 4923 3426 4970 nianente

1840 5013 2162 5076 constantia,
2189 5028 2311 5066 cum
2341 5010 2568 5065 absistet
2605 5005 2835 5062 formido
2862 5005 2929 5060 de
2960 5006 3132 5076 lapsu,
3171 5023 3275 5061 non
3310 5018 3421 5063 tre-

1836 5104 2037 5178 pidabit
2083 5115 2206 5157 tunc
2258 5104 2310 5157 in
2343 5103 2506 5156 alium
2540 5103 2678 5155 ferre
2720 5100 3065 5166 sententiam,
3096 5116 3216 5154 cum
3252 5101 3320 5155 de
3364 5118 3423 5156 se

1837 5197 2092 5254 meruerit
2128 5211 2249 5250 esse
2297 5211 2538 5249 SCCUI‘US.
2581 5195 2852 5248 Cmterum
2897 5211 3036 5249 nunc
3065 5206 3254 5250 CUIICHI
3296 5205 3418 5248 Slllll

1833 5292 2015 5356 dubia,
2047 5299 2236 5344 cuncta
2273 5285 2608 5351 nutabunda,
2639 5284 2854 5340 dicente
2898 5287 3162 5356 Apostolo
3192 5303 3205 5338 :
3236 5285 3420 5340 Consi-

1835 5389 2017 5441 derans
2058 5395 2104 5439 te
2141 5385 2334 5453 ipsum,
2378 5396 2456 5434 me
2498 5390 2546 5434 et
2588 5391 2640 5434 tu
2675 5382 2882 5434 tenteris
2914 5381 3058 5450 (Gal.
3096 5393 3170 5443 Vl,
3211 5379 3288 5448 '5),
3327 5379 3419 5447 qui

1831 5481 1992 5534 alium
2042 5479 2226 5547 utique
2257 5484 2429 5530 status
2470 5474 2542 5528 tui
2591 5475 2825 5537 nescius,
2877 5474 3036 5527 facile
3094 5472 3306 5539 judicas
3352 5473 3420 5528 de

1830 5574 2004 5628 ruina.
2037 5569 2172 5638 Quid
2215 5578 2268 5621 et
2311 5568 2356 5622 si
2401 5568 2612 5622 miseris
2658 5565 2929 5632 fiduciam,
2966 5574 3022 5617 ut
3070 5563 3245 5616 beatis
3279 5565 3417 5619 Dens

1829 5665 1970 5720 det?
2028 5663 2254 5717 Praemia
2329 5662 2506 5732 potius
2575 5667 2917 5723 sanctorum,
2989 5655 3038 5711 id
3115 5665 3231 5725 est,
3290 5674 3415 5714 vera

1828 5758 2154 5825 laudemus,
2226 5773 2386 5830 quam
2446 5751 2775 5829 improvidi,
2850 5758 2943 5807 aut
3004 5750 3415 5822 intempestivi,
