3998 6198
564 196 629 254 Ol
1594 200 1655 257 S.
1695 197 2076 257 ΠΙΕΒΟΝῨΜΙ
2111 194 2400 265 ΟΡΕΒυΜ
2435 197 2796 257 MANTISSA.
3769 201 3835 259 92

570 315 658 372 vel
702 312 781 372 'de
837 315 1189 385 conscientia,
1251 315 1335 373 vel
1392 316 1462 373 de
1514 324 1756 389 tempore
1811 314 2155 372 denotamur.
2183 316 2234 374 Α
2263 328 2366 369 nec
2391 314 2521 383 ipsis
2551 329 2767 382 quoque
2795 313 2920 371 tiliis
2950 322 3196 386 parcant,
3224 328 3360 387 quos
3387 314 3553 371 etiam
3576 313 3648 372 de
3672 318 3837 373 avari-

640 408 711 465 Χ.
743 409 1049 466 Redeamus
1073 424 1203 480 ergo
1227 410 1293 464 ad
1316 410 1438 467 illas
1456 421 1762 468 sanctorum
1787 409 2153 469 nobilissimas

566 514 623 560 et
668 503 977 559 latissimas
1020 504 1427 574 cogitationes:
1469 520 1593 562 nam
1643 503 1773 559 nihil
1818 504 1994 560 laetius
2045 512 2150 572 est,

566 612 728 668 quam
765 596 1049 652 mortalem
1091 595 1158 651 de
1199 598 1465 665 promissa
1505 598 1607 653 sibi
1641 596 1954 653 haereditate
1984 596 2155 652 medi—

568 691 688 744 tari.
721 690 875 744 illum
902 689 1120 759 quidem
1148 706 1310 755 quem
1338 691 1590 757 diximus,
1617 701 1743 746 ante
1770 693 1958 747 oculos
1981 690 2154 745 collo-

566 796 793 837 cenios:
824 783 1262 854 quandoquidem
1292 782 1541 840 securius
1571 792 1653 839 est
1690 798 1815 838 vera
1844 782 2147 850 celebrare,

563 891 721 947 quam
753 874 1065 931 miseranda
1087 875 1310 945 culpare
1336 893 1348 928 :
1375 874 1649 930 licct‘vera
1680 874 1855 930 felicia
1885 874 2001 929 sine
2026 889 2150 943 pec-

563 976 808 1023 catorum
841 983 945 1022 non
984 968 1197 1037 possint
1240 967 1555 1024 infelicitate
1586 967 1814 1025 narrari.
1850 966 2150 1023 Cernamus

564 1060 782 1131 utique,
819 1072 877 1115 ut
921 1060 1337 1127 constituimus,
1380 1061 1474 1115 Dei
1522 1068 1740 1116 sanctos
1773 1075 1895 1114 cum
1945 1058 2151 1114 facibus

564 1168 661 1221 per
689 1153 870 1208 omnia
901 1153 1169 1221 volitare,
1203 1162 1258 1209 et
1289 1154 1699 1209 coruscantibus
1743 1152 1810 1209 ad
1855 1150 2145 1207 vindictam

562 1248 789 1317 dextris,
836 1248 1103 1317 ancipites
1145 1248 1351 1318 gladios
1391 1248 1679 1317 stringere.
1712 1246 1841 1302 llaec
1888 1246 2032 1301 enim
2068 1252 2152 1299 est

560 1344 733 1413 gloria
780 1352 1094 1399 sanctorum
1144 1342 1274 1408 Dei;
1319 1342 1435 1397 hmc
1466 1343 1521 1396 in
1575 1342 1677 1396 boc
1725 1341 1924 1396 saeculo
1969 1338 2151 1408 despi-

562 1436 748 1491 cabilis
792 1436 983 1490 militia
1011 1453 1026 1489 :
1058 1437 1173 1493 haec
1215 1435 1413 1507 linguis
1443 1436 1684 1491 omnium
1715 1435 1770 1489 in
1797 1433 2149 1490 detractioni-

560 1528 662 1583 bus
707 1528 992 1597 dissipata.
1036 1529 1133 1584 Hic
1183 1539 1311 1584 tunc
1356 1530 1626 1596 patientite
1676 1539 1875 1583 nostra:
1922 1528 2146 1591 fructus,

566 1618 684 1673 haec
723 1618 1054 1675 soﬂ'erentia:
1084 1634 1294 1675 merces
1334 1621 1459 1675 erit.
1508 1620 1632 1675 llmc
1656 1620 1877 1690 prmmia
1912 1635 2008 1689 pro
2046 1634 2145 1673 no-

2259 405 2329 459 tia
2361 407 2599 460 accusati
2632 422 2907 478 opponere
2934 417 3365 476 consueverunt,
3402 407 3527 463 dum
3554 407 3834 477 prtefectu-

2256 513 2346 553 ras
2375 499 2902 569 consularitatesque
2929 510 3241 559 mercentur
3258 541 3276 569 ,
3302 516 3436 571 quas
3462 511 3761 572 potestates
3788 515 3837 563 et

2253 605 2405 649 mors
2426 590 2684 661 admittit,
2707 604 2766 648 et
2794 608 3082 649 successor
3107 594 3355 649 excludit
3384 611 3395 646 :
3426 609 3547 665 qua:
3573 594 3835 650 dementia

2254 692 2340 739 est
2388 699 2493 741 non
2542 700 2605 739 ea
2644 687 2822 756 potius
2854 686 3117 755 impensis
3147 685 3398 741 omnibus
3427 696 3483 741 et
3521 686 3835 747 detrimento

2254 777 2379 831 vitae
2409 778 2581 847 ipsius
2609 793 2949 849 comparare,
2986 796 3105 848 qua:
3132 788 3407 848 promotos
3434 778 3641 835 faciant
3670 781 3752 836 vel
3776 782 3834 836 dc

2256 872 2379 926 vita:
2433 872 2737 929 teternitate
2787 888 3033 940 securos,
3090 874 3175 928 vel
3230 873 3300 932 de
3346 873 3538 945 iudicii
3586 885 3836 948 perpetua

2253 962 2516 1034 dignitate
2542 965 2848 1035 gloriosos?

2328 1056 2417 1111 XI.
2452 1057 2688 1127 Tempus
2727 1058 3005 1127 admonet,
3035 1068 3090 1116 et
3120 1062 3273 1116 locus
3299 1061 3417 1131 ipse
3450 1062 3712 1133 suggerit,
3744 1078 3838 1121 nec

2253 1148 2478 1205 materia
2511 1148 2726 1204 videtur
2747 1150 2949 1220 aliena,
2972 1152 3226 1220 quoniam
3250 1152 3318 1207 de
3345 1153 3553 1213 meritis
3582 1154 3838 1225 coepimus

2253 1249 2486 1297 tractare
2546 1253 2897 1306 sanctorum,
2958 1255 3018 1298 ut
3076 1244 3463 1301 infelicissimae
3511 1246 3840 1304 infelicitatis

2252 1334 2619 1403 blaSphemias
2644 1335 2933 1401 diluamus,
2962 1353 3085 1407 quas
3111 1338 3178 1392 ad
3211 1338 3349 1392 hanc
3372 1337 3583 1394 videtur
3603 1340 3838 1409 speciem

2253 1428 2549 1497 pertinere.
2588 1428 2927 1483 Exstiterunt
2970 1429 3112 1483 enim
3141 1430 3235 1500 qui
3265 1431 3492 1487 virtutes
3519 1433 3764 1501 egregias
3790 1443 3841 1487 et

2257 1520 2510 1576 ctelestes
2550 1536 2646 1589 per
2672 1532 2985 1577 sanctorum
3016 1521 3272 1593 reliquias
3312 1524 3424 1591 jam
3456 1523 3638 1593 utique
3678 1538 3841 1593 prope

2252 1616 2455 1669 nostris
2479 1614 2813 1683 temporibus
2833 1624 3148 1687 operantes,
3174 1616 3484 1671 maluerunt
3508 1616 3840 1671 detractione

566 1713 713 1767 mine
738 1713 1253 1784 blasphematorum,
1290 1714 1535 1782 subjecta
1568 1714 1669 1769 sibi
1702 1713 1901 1770 habere
1929 1729 2146 1772 omnem
2181 1708 2229 1771 Β
2256 1706 2515 1762 "tardem
2536 1749 2551 1773 ν
2600 1722 2760 1777 quam
2810 1707 3163 1764 νοηθτθιίοηθ
3201 1710 3522 1782 “Mille”:
3564 1710 3838 1782 31"“le

562 1802 797 1858 animam
820 1804 1129 1875 superbam,
1155 1814 1211 1861 et
1230 1821 1444 1861 omnem
1469 1807 1818 1861 extollentem
1850 1806 2147 1871 hominem.

566 1898 977 1967 potentissimos
1007 1898 1275 1970 quondam
1307 1915 1464 1970 reges
1490 1900 1697 1964 mundi,
1731 1912 1783 1955 et
1813 1910 1926 1958 toto
1954 1902 2150 1959 adora-

565 1998 647 2045 tos
674 1991 807 2047 orbe
828 2006 949 2046 cum
983 1992 1212 2049 manicis
1234 1992 1425 2049 ferreis
1454 1994 1917 2063 compcdibusqne
1946 1998 2145 2053 sisten-

562 2080 696 2147 dos,
742 2083 1057 2153 nobilesque
1092 2101 1278 2140 eorum
1318 2086 1630 2141 immanium
1662 2088 1898 2157 pondera
1930 2097 2149 2143 catena-

567 2189 708 2241 rum,
742 2176 882 2229 collo
909 2185 965 2232 et
992 2176 1295 2233 cervicibus
1332 2180 1694 2242 sustinentes,
1725 2190 1850 2234 ante
1881 2180 2145 2251 fulgorem

557 2264 704 2321 illius
738 2267 957 2338 augusti
1000 2267 1311 2337 tribunalis,
1344 2270 1426 2324 bis
1460 2271 1659 2340 quibus
1700 2272 1987 2342 alzquantlo
2017 2288 2147 2328 con-

560 2368 933 2427 tempserant,
986 2360 1389 2431 despexeram,
1442 2365 1762 2429 irriserant,
1815 2366 2143 2422 offerendos.

561 2450 761 2505 Mutata
813 2456 958 2507 etiim
1011 2453 1149 2517 vice,
1180 2466 1235 2507 ut
1287 2455 1389 2509 boc
1432 2457 1690 2511 sa‘culum
1740 2458 2007 2515 lautorum
2053 2464 2143 2527 sit,

557 2543 701 2596 aliud
734 2542 971 2597 futurum
1004 2545 1235 2600 credere
1273 2545 1614 2603 miserorum.
1648 2546 1740 2601 Va:
1780 2553 1923 2604 enim
1964 2552 2148 2607 diviti-

560 2634 683 2696 bus,
710 2637 961 2705 quoniam
987 2648 1350 2707 perceperunt
1375 2642 1800 2697 consolationem
1825 2658 1975 2697 suam
2002 2662 2017 2700 :
2050 2648 2143 2702 sed

564 2726 674 2780 illis
705 2727 979 2795 divitibus,
1012 2730 1207 2799 quibus
1234 2732 1517 2789 dicendum
1541 2738 1646 2790 erit
1672 2752 1685 2790 :
1714 2734 1944 2803 Esurivi,
1977 2749 2023 2792 ct
2046 2758 2148 2798 non

562 2818 780 2874 dedistis
822 2822 947 2875 mihi
987 2822 1307 2878 manducare
1332 2841 1352 2879 :
1392 2827 1551 2895 sitivi,
1581 2837 1629 2883 et
1668 2846 1771 2884 non
1803 2834 2025 2897 potastis
2068 2850 2147 2891 me

562 2912 781 2981 (.llatth.
814 2930 954 2982 xxv,
983 2916 1099 2987 55).
1135 2916 1245 2972 Illis
1277 2919 1461 2989 utique
1501 2920 1780 2987 divitibus,
1814 2924 1907 2993 qui
1957 2925 2025 2980 de
2067 2927 2147 2980 in-

557 3005 705 3072 justo
733 3021 1035 3063 mammona
1067 3011 1272 3067 amicos
1298 3012 1471 3068 facere
1500 3016 1789 3071 noluerunt
1814 3037 1827 3072 :
1856 3022 1944 3087 qui
1979 3021 2147 3075 medi-

2250 1800 2379 1855 illud
2426 1816 2692 1858 venenum
2738 1802 2793 1857 in
2839 1802 2937 1858 Dei
2980 1801 3210 1858 famulos
3236 1802 3473 1859 Judaicre
3513 1804 3839 1862 infidelitatis

2249 1904 2588 1963 evomentes,
2620 1894 2762 1962 quod
2812 1895 2889 1951 illi
2929 1896 3197 1967 quondam
3245 1896 3299 1952 in
3340 1897 3514 1965 ipsum
3557 1898 3837 1953 Dominum

2248 1988 2510 2059 viperinis
2539 1990 2733 2058 linguis
2759 2000 2811 2045 et
2852 1991 3150 2047 mortiferis
3193 1992 3366 2048 sibilis
3407 1991 3739 2057 effuderunt,
3768 1995 3838 2047 di-

2248 2092 2462 2138 centes:
2499 2081 2565 2136 In
2589 2100 2692 2154 qua
2721 2093 2970 2152 potestate
3001 2085 3093 2137 hoc
3133 2085 3297 2154 facit?
3324 2085 3409 2151 Et,
3438 2087 3553 2156 quis
3587 2088 3681 2140 tibi
3711 2088 3841 2142 dedit

2248 2171 2385 2227 hanc
2413 2176 2747 2245 potestatem?
2780 2176 3099 2232 Recitabant
3128 2192 3361 2245 namque
3390 2178 3544 2234 nobis
3569 2178 3729 2248 juxta
3756 2196 3841 2249 po—

2247 2267 2387 2332 sitis,
2414 2283 2532 2337 qna:
2555 2268 2753 2325 divinis
2784 2279 2839 2324 et
2865 2270 3196 2326 beatissimis
3224 2270 3491 2327 Gervasio
3516 2283 3569 2327 et
3604 2274 3841 2331 Protasio

2249 2360 2534 2415 infidelitas
2575 2364 2733 2415 stulta
2786 2364 3122 2433 loquebatur,
3154 2380 3290 2434 quos
3335 2366 3462 2423 dum
3514 2383 3669 2438 papa:
3722 2372 3841 2424 Am-

2249 2454 2434 2510 brosio
2478 2456 2643 2526 aliqui
2678 2459 2970 2528 decerpere
3014 2459 3411 2527 machinantur,
3438 2462 3645 2517 violare
3671 2463 3838 2517 sacri-

2249 2548 2383 2617 legis
2406 2550 2748 2607 sermonibus
2790 2566 2893 2605 non
2926 2554 3187 2615 timeant,
3226 2553 3331 2609 boe
3374 2554 3535 2608 modo
3574 2556 3835 2611 rationem

2248 2639 2629 2697 miraculorum
2661 2643 3066 2711 conquirentcs.
3097 2643 3235 2711 Quid
3266 2654 3349 2699 est
3379 2645 3521 2700 istud
3543 2686 3560 2711 ,
3592 2647 3741 2715 quod
3771 2663 3832 2701 ex

2247 2748 2312 2789 eo
2338 2734 2478 2803 quod
2523 2745 2790 2807 martyres
2819 2744 2973 2803 sunt,
3006 2738 3262 2793 virtutum
3304 2738 3442 2793 dona
3484 2741 3837 2794 meruerunt?

2250 2826 2357 2881 (Zur
2415 2836 2520 2881 tam
2583 2827 2755 2889 tarde,
2788 2828 2932 2899 quod
2974 2829 3084 2898 jam
3126 2829 3331 2899 pridem
3374 2830 3483 2885 illis
3522 2845 3838 2887 concessum

2248 2928 2352 2987 est,
2379 2920 2701 2974 exercetur?
2731 2920 2838 2975 Aut
2866 2921 2909 2974 si
2938 2936 3001 2975 ea
3039 2930 3353 2993 tempestate
3376 2937 3499 2976 cum
3522 2925 3671 2993 passi
3700 2935 3839 2988 sunt,

2250 3024 2356 3064 non
2389 3011 2764 3078 ostenderunt,
2797 3015 3067 3084 quomodo
3107 3031 3249 3071 nunc
3283 3017 3491 3087 operati
3521 3017 3688 3071 sunt?
3720 3018 3840 3089 quid

560 3100 651 3153 tati
708 3111 835 3157 sunt
883 3103 934 3156 in
981 3104 1398 3173 cogitationibus
1445 3106 1557 3162 suis
1582 3110 1916 3166 exuberante
1948 3112 2143 3180 fructu,
2176 3097 2222 3162 C
2251 3112 2335 3158 est
2374 3102 2499 3170 hoc,
2528 3105 2670 3175 quod
2713 3106 2873 3161 modo
2906 3106 3157 3161 videntur
3200 3107 3527 3163 ostendere?
3571 3109 3685 3164 Aut
3728 3110 3841 3165 illos

557 3207 663 3261 quo
689 3194 961 3250 nemiuem
981 3195 1400 3263 refrigerabant,
1423 3214 1558 3253 nova
1581 3199 1860 3257 immensis
1888 3203 2147 3261 fructibus

558 3285 896 3355 receptacula
938 3288 1161 3343 moliri:
1208 3290 1298 3357 qui
1336 3290 1389 3344 in
1426 3291 1723 3346 crastinum
1767 3295 2144 3366 cometlcrent,

558 3378 895 3446 ignorabant.
910 3380 1101 3436 Anima
1123 3396 1309 3436 eorum
1324 3398 1389 3437 eo
1408 3394 1651 3453 tempore
1671 3401 1737 3439 ex
1748 3388 2144 3457 postulabatur,

557 3472 659 3527 sub
682 3490 783 3528 una
818 3483 998 3530 tamen
1030 3486 1191 3533 nocte
1230 3492 1365 3532 vana
1398 3478 1687 3535 solitudine
1710 3493 1991 3552 occupata,
2022 3498 2145 3537 cum

559 3564 924 3622 tliesaurizare
969 3583 1075 3622 non
1126 3570 1486 3636 cessaverint,
1530 3588 1628 3626 nec
1667 3572 1895 3629 defossis
1924 3574 2147 3645 tigilare

556 3656 754 3724 opibus
784 3658 1085 3714 omiserint.
1126 3661 1261 3715 Hinc
1301 3662 1535 3718 Lazarus
1567 3680 1769 3735 pauper
1801 3682 1922 3722 cum
1954 3684 2020 3723 eo
2047 3683 2145 3738 pa-

558 3749 815 3816 triarcha,
848 3754 935 3821 qui
972 3754 1290 3822 peregrinus
1331 3756 1466 3810 vixit
1501 3756 1554 3812 in
1588 3760 1820 3825 mundo,
1853 3762 2064 3817 laetatur
2089 3762 2145 3817 in

555 3839 723 3895 cubili
763 3855 884 3895 suo.
914 3841 986 3895 At
1006 3842 1157 3896 dives
1183 3854 1401 3900 econtra
1428 3847 1479 3901 in
1502 3850 1722 3905 aeternis
1744 3851 1934 3922 flagrat
1965 3854 2147 3909 incen-

559 3930 684 3996 diis,
715 3941 769 3987 et
796 3935 975 3990 omnis
993 3936 1323 4006 exspoliatus
1350 3938 1607 4011 dignitate
1628 3954 1791 4012 atque
1822 3947 2142 4012 snbstantia,

558 4026 802 4095 despecti
833 4028 1103 4098 quondam
1133 4030 1305 4101 inopis
1325 4033 1561 4090 divinum
1593 4037 1844 4109 implorat
1864 4042 2143 4109 auxilium,

554 4120 781 4192 ejusque
813 4124 899 4178 vel
943 4124 1166 4178 minimo
1213 4138 1435 4196 ex0ptat
1476 4130 1699 4199 digitulo
1731 4135 1959 4204 contigi,
1993 4135 2145 4205 Cujus

555 4222 850 4283 egestatem
877 4215 1016 4271 inter
1037 4217 1243 4281 opimas
1268 4220 1433 4290 dapes
1459 4236 1605 4287 snas,
1630 4234 1683 4278 et
1712 4226 1929 4295 copiosa
1955 4228 2145 4283 convi-

555 4304 638 4360 via
672 4321 741 4359 ne
782 4306 934 4360 micis
962 4306 1178 4376 quidem
1207 4308 1275 4365 de
1306 4328 1489 4367 mensa
1521 4315 1896 4372 decidentibus
1924 4331 2143 4377 susten-

556 4397 722 4451 tabat.
755 4394 888 4451 Cum
920 4398 1100 4468 itaque
1131 4404 1502 4472 praescriptum
1530 4404 1790 4473 judicium
1824 4424 1917 4477 per
1942 4425 2063 4478 nos,
2091 4413 2141 4467 id

2252 3194 2484 3265 majores
2517 3196 2845 3259 revelationc
2875 3198 3197 3254 Ambrosius
3227 3199 3375 3267 fecit,
3409 3216 3571 3271 quam
3598 3200 3841 3272 dignatio

2249 3286 2528 3360 martyrii?
2554 3290 2930 3359 Aguoscitisne
2960 3294 3083 3350 aliis
3121 3295 3248 3349 licet
3287 3296 3490 3361 verbis,
3525 3294 3596 3352 ita
3623 3296 3841 3353 menda-

2248 3385 2385 3440 citer
2416 3385 2556 3454 quod
2590 3386 2657 3442 de
2698 3387 2927 3444 Domino
2974 3391 3342 3461 prodidimus,
3391 3394 3727 3465 martyribus
3769 3396 3844 3449 in-

2247 3488 2455 3550 gestum
2492 3499 2506 3535 :
2563 3479 2629 3535 In
2678 3500 2780 3552 qna
2812 3494 3058 3553 potestate
3100 3486 3197 3541 hoc
3248 3489 3413 3558 facis?
3444 3490 3528 3555 Et,
3583 3490 3718 3558 Quis
3762 3493 3844 3547 tibi

2246 3576 2379 3626 hanc
2425 3574 2565 3626 dedit
2608 3585 2906 3643 potestatem
2936 3577 3151 3646 (Matth.
3188 3596 3277 3636 ut
3299 3623 3315 3648 ,
3344 3581 3477 3652 25)?
3509 3581 3720 3653 Tcpida
3741 3627 3755 3648 ,
3793 3593 3847 3643 ul

2246 3664 2502 3728 arbitror,
2533 3667 2854 3734 consolatio,
2888 3679 2944 3723 et
2964 3669 3031 3724 de
3063 3671 3230 3726 livore
3258 3685 3535 3743 generata,
3565 3690 3844 3743 qnaarere,

2248 3772 2314 3813 an
2345 3758 2587 3815 divinum
2632 3761 2724 3827 sit,
2758 3764 2902 3831 quod
2938 3764 3121 3819 videas
3150 3781 3273 3821 esse
3302 3767 3544 3822 divinum
3576 3779 3630 3823 et
3676 3771 3845 3823 ratio-

2247 3868 2369 3907 nem
2403 3869 2646 3921 poscere,
2677 3871 2800 3910 cum
2823 3857 3048 3913 credere
3070 3860 3146 3913 sit
3185 3875 3431 3917 necesse.
3463 3861 3679 3917 Etcum
3708 3865 3846 3932 Apo-

2246 3948 2417 4001 stolus
2449 3949 2591 4003 dicat
2622 3969 2631 4000 :
2669 3949 2908 4004 Charitas
2938 3952 3111 4004 omnia
3140 3952 3303 4007 credit
3335 3952 3386 4023 (Ι
3430 3951 3549 4006 Cor.
3584 3970 3678 4009 xui
3704 3997 3720 4019 ,
3746 3957 3803 4021 't')
3831 3974 3842 4009 ι

2246 4041 2367 4111 quis
2394 4042 2623 4109 dubitat,
2656 4044 2798 4113 quod
2827 4045 2946 4099 sine
2970 4044 3234 4100 charitate
3266 4047 3363 4100 Dei
3401 4048 3646 4118 suntqui
3677 4050 3839 4103 tidem

2251 4140 2417 4195 tantis
2448 4156 2553 4196 non
2582 4142 2889 4211 applicuere
2916 4143 3240 4199 virtutibus?
3262 4143 3433 4215 Negat
3452 4155 3631 4200 autem
3655 4146 3844 4212 fidem,

2247 4234 2337 4302 qui
2386 4235 2541 4303 quasi
2598 4244 2833 4290 tentator
2886 4237 3129 4306 inquirit.
3187 4236 3338 4293 Unde
3394 4240 3510 4293 haec
3566 4241 3847 4309 potestas?

2245 4328 2410 4393 Quasi
2450 4345 2556 4383 non
2598 4329 2946 4385 manifestum
2995 4330 3064 4384 sit
3108 4332 3159 4386 in
3202 4347 3263 4386 ea
3312 4343 3536 4387 sanctos
3577 4343 3848 4405 martyres

2249 4437 2389 4475 nunc
2412 4422 2463 4477 in
2489 4421 2685 4491 spiritu
2714 4423 2973 4479 miracula
3002 4423 3201 4488 facere,
3234 4424 3285 4480 in
3316 4441 3421 4496 qua
3453 4436 3724 4496 potestate
3752 4430 3847 4483 ad-

554 4501 658 4556 est,
692 4506 787 4560 per
812 4500 1031 4547 sanctos
1063 4504 1146 4549 est
1176 4496 1560 4553 celebrandum
1578 4542 1592 4563 ,
1636 4500 1793 4556 nobis
1824 4504 2055 4559 vindicta
2089 4508 2143 4562 in
2171 4482 2225 4544 Ῑ)
2251 4516 2517 4569 vei-sarias
2544 4529 2671 4570 suos
2694 4516 2842 4585 prius
2864 4517 2915 4571 in
2938 4531 3102 4573 carne
3126 4528 3180 4573 et
3203 4519 3260 4574 in
3283 4520 3539 4590 passione
3563 4523 3839 4578 vicerunt.

553 4585 801 4639 nati0nes
814 4592 870 4640 et
889 4587 940 4640 in
957 4587 1186 4656 pupulas
1203 4600 1286 4643 est
1307 4589 1525 4645 donata.
1542 4592 1695 4660 Quod
1709 4610 1828 4648 cum
1855 4599 2143 4668 cogitatur,

552 4693 675 4749 qua:
706 4679 759 4733 in
788 4679 942 4734 nobis
982 4681 1172 4735 mens?
1200 4682 1323 4753 quis
1360 4684 1523 4739 ardor
1548 4687 1748 4742 animi?
1772 4690 1914 4759 quod
1932 4690 2147 4749 deside-

554 4772 691 4827 rium
720 4772 1069 4829 futurorum?
1096 4776 1217 4846 quis
1244 4780 1587 4845 prmsentium
1609 4786 1988 4853 contemptus?
2018 4786 2148 4843 faci-

552 4862 657 4920 lius
686 4867 873 4921 sentiri
903 4884 1063 4939 quam
1087 4868 1194 4925 dici
1218 4877 1415 4940 potest.
1432 4872 1534 4927 Aut
1569 4876 1689 4944 quis
1716 4879 1928 4948 est,qui
1952 4882 2145 4937 nonad

555 4955 658 5012 ista
686 4956 942 5014 festinans
968 4960 1190 5017 dissolvi
1221 4977 1281 5019 se
1309 4967 1511 5035 cupiat,
1544 4977 1600 5021 et
1626 4983 1747 5025 esse
1768 4986 1888 5026 cum
1922 4973 2141 5030 Christo

556 5049 819 5121 (Philipp.
846 5069 884 5118 t,
914 5053 1043 5126 ἢδη
1074 5055 1181 5113 Aut
1210 5058 1337 5128 quid
1381 5076 1635 5132 magnum
1667 5076 1749 5120 est
1776 5065 1823 5122 si
1850 5082 1948 5137 pro
1979 5069 2143 5127 tantis

554 5160 618 5200 ac
674 5146 872 5203 talibus
936 5147 1091 5205 bonis
1158 5167 1306 5208 mors
1378 5166 1791 5225 contemnatur,
1855 5178 1952 5231 pro
2024 5165 2144 5234 qui-

554 5238 655 5293 bus
682 5239 846 5293 etiam
889 5241 1006 5295 tunc
1044 5244 1149 5297 vita
1188 5250 1583 5304 contemnenda
1613 5262 1733 5307 est:
1761 5254 2015 5322 quoniam
2045 5270 2144 5325 pro

553 5331 620 5389 iis
662 5337 755 5405 qui
812 5333 1109 5404 perdiderit
1156 5338 1391 5396 animam
1430 5356 1603 5409 suam,
1637 5345 1811 5401 salvat
1860 5346 2024 5402 illam.
2072 5349 2143 5405 At

556 5436 745 5482 contra
774 5429 863 5498 qui
898 5430 986 5485 bic
1017 5430 1308 5487 salvaverit
1335 5433 1569 5492 animam
1599 5454 1774 5503 suam,
1809 5440 1997 5507 perdet
2022 5457 2142 5500 eam

560 5518 775 5588 (Matth.
806 5537 862 5591 ι,
896 5522 1011 5591 59).
1044 5521 1259 5580 Etenim
1289 5540 1413 5582 cum
1455 5530 1696 5600 plerique
1726 5533 1778 5586 in
1809 5532 1911 5587 boc
1944 5535 2143 5591 mundo

558 5613 702 5666 velut
743 5612 1027 5671 furialibus
1070 5616 1321 5685 ﬂammis,
1370 5621 1443 5675 ita
1487 5623 1598 5677 sint
1640 5626 1804 5679 animi
1844 5626 2146 5686 ambitione

558 5707 830 5775 succensi,
876 5716 935 5764 ut
974 5723 1086 5765 non
1115 5710 1309 5779 Opibus
1351 5715 1609 5787 conditis,
1653 5732 1754 5779 nec
1783 5720 2141 5791 patrimoniis,

2252 4609 2604 4666 Conferamus
2634 4610 2823 4679 pedem
2855 4622 3046 4667 contra
3078 4614 3231 4677 istos,
3262 4614 3306 4668 si
3334 4613 3439 4670 dici
3470 4614 3549 4669 fas
3570 4625 3677 4683 est,
3706 4616 3847 4670 filios

2247 4700 2584 4769 Iudaeorum,
2615 4712 2668 4756 et
2694 4714 2752 4756 ut
2782 4717 2954 4771 nuper
2980 4718 3166 4757 eorum
3199 4715 3506 4772 parentem,
3542 4704 3591 4759 id
3623 4716 3732 4770 est,
3759 4706 3851 4761 .Iu-

2250 4795 2422 4849 dmum
2452 4796 2541 4864 qui
2588 4808 2647 4847 se
2692 4794 2745 4848 in
2775 4795 3063 4863 sacrilegio
3093 4794 3410 4864 prudentem
3440 4796 3664 4851 nimium
3696 4810 3849 4868 puta.

2251 4886 2362 4949 bat,
2419 4887 2561 4941 dono
2611 4887 2832 4941 Deitatis
2872 4887 3286 4955 oppressimus:
3330 4889 3400 4941 ita
3446 4897 3501 4943 et
3545 4889 3687 4943 hanc
3747 4889 3849 4945 sub

2249 4977 2558 5035 Christiano
2587 4981 2805 5037 nomine
2832 4980 3306 5049 blaSpbemiarinm
3334 4981 3577 5037 sobolem
3596 4983 3851 5040 destrua-

2251 5088 2395 5137 mus,
2429 5087 2525 5142 per
2562 5088 2683 5127 eum
2712 5073 2800 5142 qui
2848 5073 2984 5127 dixit
3011 5089 3028 5129 ;
3055 5071 3283 5126 Perdam
3302 5075 3609 5141 sapientiam
3638 5080 3849 5149 sapien-

2251 5167 2397 5233 tium,
2427 5174 2473 5220 et
2500 5165 2825 5239 prudentiam
2858 5165 3190 5238 prudentium
3220 5167 3531 5233 reprobrabo
3562 5169 3622 5237 (ι
3651 5169 3779 5224 Cor.
3815 5187 3851 5236 t,

2251 5258 2343 5327 17)
2372 5276 2385 5313 :
2418 5268 2475 5313 ut
2515 5268 2571 5314 et
2618 5273 2718 5315 nos
2762 5257 2815 5312 in
2862 5258 3138 5329 triumpho
3166 5259 3381 5331 gemino
3423 5276 3515 5327 per
3554 5261 3851 5317 Dominum

2248 5350 2575 5421 gloriemur;
2626 5361 2680 5406 et
2724 5350 2799 5405 illi
2859 5361 3158 5420 agnoscant
3203 5351 3617 5422 intelligentiam
3667 5369 3851 5409 rerum

2244 5443 2547 5498 divinarum
2574 5444 2625 5503 in
2660 5442 2764 5500 fide
2788 5443 3089 5511 catholica,
3140 5462 3245 5499 non
3275 5445 3327 5499 in
3359 5447 3623 5514 sapientia
3662 5446 3857 5502 saeculi

2243 5538 2616 5603 constitutam,
2677 5549 2930 5594 monente
2984 5538 3211 5594 Domino
3255 5582 3267 5593 .
3327 5536 3449 5594 Nisi
3503 5540 3853 5607 credideritis,

2244 5649 2344 5685 non
2381 5630 2676 5701 intelligetis
2707 5630 2865 5703 (Isai.
2898 5649 3009 5699 vit,
3040 5634 3097 5703 9)
3138 5653 3150 5690 :
3206 5643 3265 5689 ut
3317 5635 3659 5693 manifestius
3714 5656 3855 5698 eon-

2246 5732 2389 5791 stet,
2425 5733 2480 5779 et
2535 5722 2787 5781 fidelibus
2841 5733 3029 5797 patere
3081 5726 3418 5784 inﬁdelitatis
3466 5727 3742 5801 obscura,
3802 5743 3860 5791 ct
