3998 6198
68 249 71 253 «
150 206 220 264 95
1104 204 1441 266 EPISTOLA
1479 206 1570 263 vi.
1614 204 1705 262 an
1742 204 2005 281 autcum
2047 205 2428 275 ASGBO’I‘UM.
3361 176 3432 269 o

143 321 208 380 ab
263 320 575 380 inﬁdelibus
634 324 905 396 ﬁdelitatis
961 324 1126 379 etiam
1173 323 1329 395 plana
1390 338 1497 378 non
1562 319 1735 377 cerni.
1764 322 1819 385 Α
1842 322 1938 395 Dei
1967 323 2309 381 invocatione
2335 342 2441 393 non
2474 328 2642 397 potuit
2670 326 2739 397 (ll
2771 328 2894 401 Reg.
2924 345 2983 395 tt,
3020 328 3102 401 4).
3128 328 3235 387 Sed
3258 329 3429 388 fateor

210 415 338 472 XII.
371 418 621 474 Forsitan
651 435 861 487 quaeras
894 436 990 490 pro
1028 428 1116 474 tua
1143 418 1541 482 sollicitudine,
1575 427 1627 470 et
1658 420 1731 470 vi-

139 510 391 580 gilantia,
416 512 821 585 diligentiaque,
845 512 1015 573 vitali,
1037 528 1155 583 qua:
1176 510 1340 566 fuerit
1361 510 1452 565 illa
1476 511 1727 579 quaesﬁo,

140 603 189 655 iti
225 619 327 672 qua
379 604 673 673 trophzeum
714 606 873 660 nobis
907 605 1169 659 Dominus
1198 604 1264 658 de
1312 603 1449 657 falso
1486 600 1729 657 Israelita

136 694 381 750 donavit.
414 696 663 751 Referam
689 738 704 761 ,
738 711 840 751 nec
889 697 1116 763 tacebo,
1150 697 1407 767 quoniam
1437 696 1523 747 his
1567 696 1732 748 rebus

136 787 380 856 paginam
411 786 506 843 tibi
534 803 681 843 amas
703 788 943 843 extendi.
974 788 1040 843 Et
1060 788 1104 842 si
1138 788 1283 842 enim
1315 801 1421 841 non
1451 799 1691 854 congrue
1710 825 1726 850 ,

137 880 365 935 necdum
396 881 676 950 prioribus
704 881 991 948 absolutis,
1017 881 1122 935 alia
1150 889 1330 950 carpta
1356 878 1636 933 videantur
1655 876 1732 931 in-

132 972 362 1027 terseri:
395 982 577 1028 tamen
627 987 726 1043 pro
770 981 824 1028 te
865 974 1011 1028 malo
1059 973 1233 1041 aliqua
1263 972 1427 1028 etiam
1474 986 1580 1025 non
1632 984 1730 1023 suo
1766 982 1775 985 “

127 1067 325 1124 ordine
356 1068 543 1137 10qui,
572 1084 730 1137 quam
777 1070 883 1123 tuis
912 1068 1044 1122 mihi
1078 1065 1238 1122 modo
1264 1065 1596 1122 orationibus
1622 1063 1728 1117 do-

124 1172 256 1215 nata
308 1163 606 1232 praeterire.
641 1161 866 1229 Quidam
906 1161 973 1215 de
1013 1159 1247 1214 inimicis
1282 1160 1459 1212 crucis
1487 1155 1721 1221 Christi,

124 1256 275 1310 inter
324 1255 615 1310 familiares
646 1254 763 1320 Dei,
796 1263 849 1308 et
876 1253 1095 1323 quidem
1140 1251 1415 1315 doctores,
1447 1249 1515 1303 de
1564 1262 1720 1303 scan-

125 1347 247 1401 dalo
298 1345 396 1400 illo
446 1347 623 1416 gentis
670 1359 804 1411 suae,
837 1344 979 1414 quod
1029 1345 1082 1398 in
1134 1341 1420 1396 Dominum
1470 1350 1714 1395 nostrum

124 1451 501 1509 susceperunt,
534 1439 725 1510 spiritu
760 1438 1109 1508 blasphemim
1143 1436 1423 1491 Dominum
1468 1436 1712 1505 pulsans,

125 1534 349 1603 protulit
380 1534 628 1604 exempla
656 1532 723 1588 de
747 1532 885 1603 lege.
922 1531 990 1586 Et
1016 1540 1073 1586 ut
1096 1530 1371 1602 quondam
1414 1537 1569 1601 pater
1596 1527 1714 1597 ejus

127 1623 398 1681 homicida
418 1626 470 1678 in
499 1626 661 1694 pinna
688 1622 899 1694 Templi
922 1622 1211 1678 Dominum
1231 1629 1468 1691 tentans,
1495 1619 1622 1692 quid
1643 1619 1714 1675 de

1830 416 1998 486 ipsius
2030 416 2167 472 hanc
2196 434 2312 488 quae
2359 421 2629 489 preposita
2676 431 2758 476 est
2788 421 3002 476 interim
3047 422 3216 479 fuisse
3257 422 3427 478 virtu-

1833 519 1958 576 tem,
1996 519 2052 563 ut
2089 511 2262 580 major
2301 511 2472 582 gloria
2504 523 2704 568 nostrae
2737 512 2859 569 fidei
2890 514 2982 575 sit.
3020 516 3063 569 si
3102 522 3423 571 tentatorem

1831 604 1996 658 etiam
2024 605 2152 659 dum
2176 606 2471 671 credimus,
2495 607 2882 679 Opprimantus.
2910 606 3052 675 Quid
3078 610 3179 676 ais,
3211 609 3423 666 Domini

1829 695 2274 765 blasphematur?
2312 698 2558 764 Eliszeus.
2592 702 2782 773 inquit,
2828 702 2943 775 ipse
2986 712 3229 756 mortuus
3257 702 3419 757 alium

1832 803 2106 845 mortuum
2147 802 2400 846 contactu
2440 794 2521 846 sui
2549 793 2794 862 corporis
2833 792 3132 848 suscitavit.
3163 792 3275 848 lloc
3300 793 3423 849 loco

1834 883 2012 951 plene,
2052 893 2109 938 ut
2150 884 2202 939 in
2230 886 2509 952 omnibus,
2558 887 2783 941 Domino
2811 902 2912 941 suo
2943 886 3220 957 pr0pheta:
3247 887 3420 942 virtus

1833 995 2115 1055 assurgat,
2162 1001 2282 1055 qua:
2331 986 2383 1040 in
2420 987 2646 1041 Domino
2672 986 2799 1042 Jesu
2832 985 3052 1041 Christo
3096 1001 3217 1041 cum
3246 987 3427 1060 sepul-

1833 1092 1982 1131 crum
2025 1077 2141 1146 ejus
2174 1077 2443 1148 lapidibus
2474 1078 2765 1134 infidelitas
2791 1087 2969 1134 vestra
3000 1078 3259 1143 muniret,
3291 1077 3426 1151 lapi-

1826 1166 1946 1221 dem
1997 1167 2198 1222 milites
2247 1169 2592 1236 obsiderent,
2631 1171 2797 1226 credo
2834 1186 2902 1225 ne
2951 1170 3278 1226 resurrectio
3306 1170 3424 1241 ejus

1821 1256 2033 1310 idoneis
2056 1257 2282 1312 testibus
2306 1257 2596 1329 indigeret.
2623 1257 2754 1313 Nam
2784 1268 3222 1316 resurrecturum
3250 1259 3297 1316 si
3332 1277 3423 1316 vo-

1821 1345 2015 1400 lebatis
2041 1346 2295 1416 credere,
2328 1349 2631 1404 noveratis.
2671 1348 2866 1405 Subito
2892 1351 3037 1405 enim
3068 1350 3157 1405 ille
3196 1351 3423 1409 infernis

1818 1449 1981 1496 terrae
2008 1441 2325 1499 cardinibus
2366 1444 2668 1509 concussis,
2698 1460 2819 1500 cum
2856 1453 3082 1515 stupore
3112 1443 3337 1499 militum
3366 1456 3422 1501 et

1818 1533 1972 1588 ruina
2011 1550 2294 1601 saxorum,
2338 1552 2447 1593 non
2479 1537 2639 1592 alium
2672 1539 2940 1609 aliquem,
2974 1538 3069 1593 sed
3100 1554 3159 1593 se
3189 1538 3419 1594 suscita-

1816 1628 1887 1682 vit
1916 1627 1969 1683 in
2005 1628 2204 1685 lucem.
2240 1629 2423 1686 Elistei
2467 1631 2585 1685 htcc
2633 1630 2849 1700 propria
2893 1629 3032 1685 dona
3074 1632 3117 1685 si
3160 1630 3415 1700 fuissent,

126 1723 241 1789 ipso
292 1718 614 1788 promissum
659 1727 799 1774 esset
840 1716 893 1772 in
946 1716 1065 1788 lege
1122 1716 1402 1786 improbus
1444 1713 1711 1785 praedica-
1741 1712 1792 1775 B
1818 1718 1919 1774 sibi
1950 1719 2081 1777 dare
2127 1722 2408 1777 maluisset
2438 1738 2452 1779 :
2483 1737 2583 1779 nec
2614 1731 2873 1793 praestare
2914 1723 3005 1777 alii
3038 1732 3272 1793 poterat,
3306 1737 3412 1793 quo

127 1812 211 1865 hat
242 1810 355 1865 :ita
386 1808 474 1864 hic
496 1824 565 1865 ne
591 1819 683 1864 aut
706 1809 885 1864 minus
922 1809 1101 1865 doctas
1140 1806 1380 1879 perlidia:
1410 1807 1710 1877 videretur,

126 1912 214 1958 aut
238 1902 442 1959 nudum
476 1912 685 1974 pateret
725 1903 845 1958 sine
886 1902 1079 1975 majori
1128 1899 1452 1957 auctoritate
1493 1900 1716 1957 menda-

128 2000 267 2052 cium
296 2015 308 2050 :
332 1996 527 2064 Plura,
546 1996 641 2060 ait,
660 1996 920 2052 miracula
942 1995 1207 2067 propheta
1227 2005 1414 2051 noster
1444 1992 1575 2049 fecit
1602 1994 1715 2049 Eli-

129 2105 289 2154 smus,
316 2105 475 2159 quam
510 2091 768 2146 Dominus
789 2098 969 2145 vester
994 2087 1267 2145 Christus.
1298 2088 1429 2144 Nam
1462 2102 1586 2143 cum
1617 2102 1715 2159 pro

129 2198 318 2254 magno
340 2182 604 2237 Lazarum
636 2182 703 2238 de
733 2191 907 2237 morte
941 2180 997 2237 in
1031 2181 1203 2236 lucem
1249 2193 1566 2237 revocatum
1594 2195 1715 2237 esse

131 2275 372 2331 referatis
400 2275 581 2343 (Joan.
613 2291 688 2342 ιι,
723 2274 834 2347 14),
866 2275 993 2345 quid
1036 2275 1268 2346 amplius
1293 2274 1474 2330 dicere
1504 2274 1711 2343 poteri-

132 2369 217 2436 tis,
261 2383 417 2439 quam
468 2384 496 2421 a
542 2369 666 2423 vivo
715 2380 985 2423 mortuum
1029 2368 1445 2424 resuscitatum?
1489 2367 1714 2423 Profero

130 2464 262 2531 quod
288 2478 479 2518 verum
507 2478 649 2533 esse,
676 2463 837 2518 etiam
864 2473 1044 2518 vestra
1072 2464 1415 2519 confessione
1436 2474 1707 2518 censetur.

132 2556 349 2611 Elisteus
375 2558 521 2612 enim
567 2567 751 2611 uoster
770 2558 881 2626 jam
914 2571 1159 2612 mortuus
1198 2559 1458 2629 appositis
1501 2556 1710 2613 ossibus

132 2650 260 2717 ejus,
308 2660 582 2705 mortuum
621 2652 800 2723 (quem
827 2648 986 2719 juxta
1029 2665 1226 2719 corpus
1266 2649 1383 2720 ejus
1414 2651 1707 2720 piratarum

130 2743 335 2814 fugiens
384 2742 700 2809 adventum,
734 2744 977 2813 supremi
1006 2744 1170 2799 olficii
1212 2743 1471 2813 deserens
1515 2757 1711 2797 munus

134 2838 277 2891 turba
328 2836 661 2907 projecerat)
691 2835 959 2891 exanimis
986 2837 1265 2905 animavit,
1294 2844 1350 2891 et
1394 2835 1462 2890 de
1504 2834 1709 2907 frigidis

133 2932 335 2986 ossibus
358 2940 524 3001 atque
545 2930 806 3001 exsangui
837 2944 1085 3000 corpore,
1119 2930 1351 2985 alienum
1380 2930 1610 2984 cadaver
1634 2930 1711 2983 vi-

136 3024 214 3076 tali
236 3024 417 3078 calorc
441 3023 680 3093 perfudit
704 3041 716 3074 :
739 3037 837 3076 nec
856 3023 997 3092 quod
1024 3021 1230 3090 habuit,
1257 3021 1443 3077 dedit:
1468 3023 1563 3077 sed
1593 3021 1706 3087 alii,

1820 1811 2082 1883 indigeret
2108 1812 2230 1869 sibi.
2277 1813 2515 1885 Denique
2565 1815 2667 1869 hoc
2696 1815 2873 1884 majus
2899 1830 3021 1870 esse
3048 1814 3209 1870 vestri
3243 1814 3404 1869 etiam

1820 1905 2179 1973 prodiderunt
2221 1906 2477 1976 majores,
2516 1906 2643 1961 dum
2671 1906 2957 1962 Dominum
2985 1907 3042 1961 iii
3073 1922 3235 1963 cruce
3262 1906 3407 1961 deri-

1820 2004 2033 2071 derent,
2066 2002 2310 2058 dicentes
2340 2021 2353 2055 :
2392 2002 2537 2057 Alios
2563 2003 2730 2057 salvos
2770 2002 2911 2071 fecit,
2955 2004 3181 2071 seipsum
3214 2003 3410 2056 salvum

1820 2094 2000 2163 faciat,
2031 2094 2303 2149 descendat
2320 2094 2383 2150 de
2405 2110 2573 2158 cruce,
2591 2104 2639 2147 et
2660 2094 2915 2148 credimus
2935 2094 2981 2146 ei
3004 2091 3219 2161 (Matth.
3245 2108 3409 2159 xxvii,

1818 2184 1912 2257 42)
1943 2203 1957 2241 :
1992 2195 2295 2241 vestrorum
2325 2201 2455 2256 ergo
2485 2185 2750 2241 sententia
2775 2186 3064 2240 vincimus.
3093 2184 3266 2239 Vestri
3291 2201 3417 2255 pro-

1819 2278 2158 2335 miseruntse
2185 2279 2486 2335 credituros
2508 2293 2648 2346 es~e,
2674 2281 2717 2333 si
2744 2280 3088 2350 priestitisset
3118 2278 3247 2344 sibi,
3270 2276 3414 2348 qttod

1818 2370 1938 2427 aliis
1966 2383 2224 2442 praestare
2263 2372 2657 2428 consuevisset.
2692 2371 2801 2427 Cur
2841 2385 2947 2425 non
2992 2369 3231 2437 creditis,
3265 2370 3408 2440 quod

1816 2478 1938 2519 esse
1964 2465 2307 2535 prmstantius
2339 2478 2444 2517 non
2480 2464 2721 2533 negatis?
2752 2461 2924 2518 Nemo
2954 2473 3101 2518 certe
3143 2462 3281 2515 hanc
3313 2460 3413 2515 ha-

1816 2559 1931 2612 buit
1962 2568 2302 2627 potestatem.
2337 2558 2577 2628 Denique
2605 2565 2661 2612 et
2686 2556 2947 2612 Dominus
2977 2556 3108 2611 dicit
3140 2557 3208 2610 de
3232 2554 3413 2609 anima

1814 2668 1906 2705 sua
1940 2669 1952 2704 :
1981 2650 2295 2706 Potestalem
2323 2652 2483 2706 habeo
2510 2650 2735 2724 ponendi
2759 2666 2893 2714 eam,
2913 2658 2959 2703 et
2985 2659 3283 2721 potestatem
3312 2646 3412 2700 Ita-

1814 2748 1904 2800 beo
1932 2747 2224 2801 resumendi
2270 2762 2387 2800 eam
2418 2743 2600 2818 (Joan.
2634 2760 2689 2811 κ,
2732 2742 2845 2815 18).
2876 2742 3122 2799 Recense
3151 2742 3414 2811 superbas

1814 2839 2081 2909 majorum
2112 2848 2323 2894 tuorum
2360 2840 2645 2909 imagines,
2675 2848 2729 2893 et
2764 2836 3193 2908 patriarcharum
3224 2846 3414 2893 retexe

1815 2930 2067 2999 virtutes,
2117 2940 2172 2987 et
2221 2932 2403 2985 inveni
2450 2932 2571 3001 quis
2617 2931 2779 2985 talem
2826 2930 3011 2985 habuit
3062 2937 3410 3000 potestatem.

1813 3024 1991 3087 Quare
2017 3040 2121 3078 non
2153 3024 2200 3080 ei
2228 3024 2470 3091 credam,
2496 3023 2638 3094 quod
2689 3024 2863 3093 possit
2911 3024 3142 3078 liberare
3169 3027 3407 3078 animam

131 3116 261 3185 quod
289 3117 551 3187 ipsetunc
575 3133 680 3171 non
706 3116 956 3183 habebat,
979 3116 1201 3171 indulsit
1226 3117 1287 3188 (Il
1308 3116 1434 3187 Reg.
1458 3116 1705 3185 xmﬁl).
1737 3106 1782 3169 C
1816 3131 2012 3183 meam,
2046 3118 2135 3188 qui
2164 3118 2340 3188 potuit
2373 3129 2425 3171 et
2457 3117 2644 3171 suam?
2678 3116 2838 3171 Plura
2882 3116 3115 3180 dicturo,
3147 3116 3414 3186 suggessit

131 3211 237 3267 Hoc
268 3212 437 3268 credo
467 3211 622 3267 vobis
654 3212 827 3281 majus
870 3210 1085 3266 caeteris
1122 3211 1413 3265 virtutibus
1443 3210 1709 3277 videatur,

130 3312 397 3359 mortuum
444 3304 499 3358 in
537 3319 698 3359 auras
725 3305 918 3359 vitales
951 3305 1239 3359 remissum
1291 3318 1410 3359 esse
1441 3319 1537 3373 per
1565 3318 1713 3359 mor-

129 3404 274 3451 tuum
318 3413 334 3450 :
366 3406 420 3451 et
449 3410 513 3450 eo
549 3406 795 3466 tempore
841 3411 946 3466 quo
996 3398 1110 3466 ipse
1151 3404 1295 3451 esset
1332 3395 1560 3450 naturali
1591 3395 1713 3465 lege

129 3492 471 3553 constrictus,
496 3490 653 3545 alteri
682 3490 851 3561 legem
875 3489 1103 3544 solvisse
1132 3497 1354 3544 naturae.
1374 3489 1483 3543 lloc
1506 3490 1549 3543 si
1576 3504 1715 3559 prte-

130 3594 226 3640 stat
253 3585 466 3641 cunctis
494 3583 924 3655 Operationibns,
947 3599 1045 3639 cur
1072 3584 1157 3637 hic
1180 3583 1355 3653 potior
1379 3599 1483 3637 non
1518 3583 1709 3638 habea-

133 3687 229 3743 tur,
256 3694 418 3749 quem
446 3688 629 3733 tamen
664 3677 1007 3748 prophetam,
1037 3690 1139 3731 non
1175 3677 1456 3731 Dominum
1488 3678 1715 3731 confite-

130 3787 239 3827 mur
270 3780 405 3827 :aut
433 3771 479 3827 si
510 3771 601 3826 vel
633 3766 815 3825 simile
865 3769 988 3824 huic
1030 3770 1228 3840 aliquid
1258 3770 1451 3834 nostis,
1493 3770 1708 3839 etlieite,

132 3876 182 3919 ut
209 3874 261 3921 et
288 3868 503 3921 honore
527 3864 820 3935 praecellat,
849 3866 938 3934 qui
963 3862 1127 3918 fuerit
1157 3862 1350 3917 merito
1374 3862 1589 3917 virtutis
1618 3878 1715 3916 ex-

131 3959 423 4016 cellentior.
445 3959 792 4025 Obstupuere
823 3958 890 4011 ad
925 3958 1039 4012 haec
1068 3956 1209 4012 dicta
1243 3971 1497 4026 proceres
1518 3955 1709 4021 nostri,

131 4062 179 4107 et
202 4054 405 4108 nullum
430 4052 732 4108 referentes
760 4064 1103 4120 responsum,
1133 4064 1230 4105 nec
1260 4048 1401 4119 quod
1432 4049 1594 4103 telum
1620 4064 1708 4103 re-

130 4156 431 4217 percuteret
462 4147 845 4217 prodtieentes,
891 4159 1032 4217 pene
1072 4144 1173 4199 sub
1220 4143 1368 4198 inani
1414 4142 1711 4199 adversarii

130 4241 384 4306 machina,
425 4241 713 4305 inutilique
747 4239 917 4293 ariete
946 4236 1300 4292 conciderunt
1331 4252 1344 4289 :
1370 4236 1509 4291 adeo
1539 4245 1595 4289 ut
1624 4236 1711 4291 ille

129 4335 208 4403 qui
238 4334 464 4405 profuga
495 4334 764 4398 omnium,
799 4340 855 4384 ut
879 4333 1049 4398 aiunt,
1077 4345 1197 4386 esse
1223 4330 1521 4395 debuisset,
1547 4331 1707 4383 etiam

128 4425 332 4481 victoris
359 4426 596 4498 gloriam
622 4425 739 4479 sine
760 4424 1058 4478 certamine
1085 4433 1410 4491 reportaret.
1435 4421 1587 4491 Quod
1620 4420 1704 4475 ubi

1815 3210 2145 3276 recordatio,
2176 3213 2425 3266 volumen
2452 3226 2722 3280 crescere,
2759 3220 2815 3265 et
2849 3210 2970 3266 ideo
2997 3225 3213 3264 cursum
3251 3209 3411 3275 hujus

1813 3302 2123 3372 qtttcstiouis
2151 3317 2271 3359 esse
2300 3304 2664 3358 revocandum
2699 3320 2713 3358 :
2744 3304 2998 3373 quoniam
3046 3300 3227 3356 adhuc
3256 3303 3409 3370 prior

1813 3394 1901 3448 illa
1930 3403 2069 3449 astat
2098 3394 2149 3449 in
2178 3394 2382 3464 januis,
2415 3395 2501 3449 cui
2535 3410 2687 3465 aeque
2715 3409 2810 3448 sua
2842 3393 3014 3461 Spatia
3051 3394 3151 3449 etsi
3186 3393 3410 3448 habenis

1814 3486 2267 3548 reStrictioribtts,
2323 3495 2501 3539 tamen
2553 3486 2729 3541 adhuc
2778 3485 2981 3539 illibata
3025 3484 3311 3540 debentur.
3342 3485 3411 3540 Et

1814 3594 1942 3633 vere
1991 3593 2097 3633 non
2141 3579 2361 3632 fuerunt
2402 3578 2711 3631 necessario
2742 3577 2794 3631 iu
2825 3576 2926 3632 hac
2955 3586 3107 3647 parte
3136 3579 3299 3631 multa
3328 3575 3412 3631 di-

1813 3671 2008 3736 cenda,
2051 3686 2119 3727 ne
2146 3678 2200 3725 et
2232 3670 2319 3726 ille
2349 3678 2627 3726 cresceret
2658 3690 2670 3725 :
2705 3670 2750 3727 si
2779 3682 2955 3727 tamen
3004 3686 3252 3741 magnum
3284 3686 3413 3741 pro-

1817 3766 2003 3819 tulisse
2030 3763 2232 3834 aliquid
2263 3773 2476 3831 putaret
2504 3762 2743 3833 se,'quod
2766 3775 3032 3832 quaereret
3066 3761 3272 3834 prolixa
3300 3762 3409 3818 dis-

1816 3863 2093 3933 putatione
2115 3863 2390 3917 victoriam
2410 3864 2588 3931 :cujus
2612 3879 2719 3918 non
2742 3863 3083 3935 sapientiam,
3108 3878 3227 3932 qua:
3258 3856 3402 3916 nulla

1812 3957 1867 4010 iit
1893 3972 1957 4010 eo
1975 3963 2112 4021 erat,
2131 3956 2225 4010 sed
2244 3956 2567 4024 superbiam.
2594 3972 2709 4027 quae.
2728 3957 3052 4025 abundabat,
3070 3957 3401 4029 infregimus.

1884 4053 2024 4108 Xlll.
2057 4054 2359 4124 Repudiato
2397 4071 2523 4109 vero
2563 4055 2666 4109 isto
2700 4054 2942 4111 Israelita
2990 4071 3005 4106 :
3056 4054 3140 4109 vel
3187 4068 3255 4107 ne
3305 4066 3403 4118 pu-

1814 4162 1973 4218 gnam
2022 4163 2082 4203 se
2128 4146 2327 4203 fecisse
2396 4147 2715 4218 gloriaretur
2762 4146 3240 4221 (quandoquidem
3286 4159 3408 4214 quae

1812 4241 2047 4307 diximus
2075 4241 2140 4295 ad
2174 4241 2584 4297 instructionem
2632 4254 2940 4295 nostrorum
2988 4244 3197 4310 potius,
3240 4250 3401 4306 quam

1811 4334 1876 4389 ad
1909 4334 2123 4390 illorum
2171 4344 2453 4392 certamen
2480 4333 2903 4407 conﬂictumque
2934 4334 3277 4404 promiimus,
3310 4331 3401 4397 qui

1812 4446 1913 4485 uec
1942 4440 2067 4486 tunc
2094 4432 2207 4484 vult
2247 4431 2473 4487 credere
2502 4446 2625 4486 cum
2650 4429 2912 4502 vincitur)
2956 4447 3023 4486 ne
3050 4438 3143 4484 aut
3172 4438 3406 4482 sanctum

130 4517 244 4573 mihi
269 4528 353 4574 est
396 4517 734 4583 nuntiatum,
778 4515 1035 4587 ingemui,
1085 4524 1288 4569 tantam
1329 4514 1485 4569 nobis
1528 4514 1705 4569 inesse
1734 4493 2024 4577 Dcattibus
2069 4522 2408 4593 impudenter
2454 4523 2703 4588 dedisse,
2745 4532 2838 4578 aut
2878 4522 3186 4594 margaritas
3234 4520 3405 4591 porcis

130 4610 519 4683 negligentiam,
572 4617 630 4664 ut
675 4624 773 4664 nec
812 4610 1095 4664 veritatem
1128 4608 1396 4676 possimus
1438 4614 1703 4671 astruere,

130 4718 232 4759 cum
257 4706 344 4761 alii
379 4707 601 4760 valeant
634 4704 902 4758 inculcare
938 4717 1037 4772 pro
1063 4704 1292 4756 veritate
1317 4700 1653 4755 mendacium
1691 4717 1703 4752 :

133 4810 405 4873 togatoque
440 4799 701 4867 Domino,
732 4797 985 4865 quoniam
1034 4796 1165 4851 nihil
1211 4806 1457 4851 nostrum
1500 4805 1605 4861 est,
1650 4804 1705 4848 ut

133 4895 224 4948 suis
249 4910 405 4950 arma
454 4901 799 4964 suggereret,
830 4907 938 4961 quo
982 4893 1100 4959 ejus
1139 4891 1370 4960 ignaviae
1406 4890 1707 4947 auferretur

134 4985 656 5057 opprobrium.Cedo
682 4964 835 5047 mihi:
854 4987 1094 5056 inquam,
1119 4986 1282 5039 istum
1307 4985 1707 5056 magniloquum

134 5078 376 5137 dicentem
413 5100 429 5136 :
463 5079 632 5136 Labia
659 5088 885 5133 nostra'a
912 5077 1058 5133 nobis
1095 5089 1237 5142 sunt,
1267 5078 1380 5147 quis
1408 5087 1575 5132 noster
1601 5076 1711 5131 Do-

136 5173 278 5227 minus
298 5184 372 5228 est
400 5172 582 5245 (Psal.
608 5185 704 5233 xit,
746 5167 839 5241 5)?
878 5168 1157 5224 Proferam
1198 5168 1439 5238 profecto
1464 5185 1559 5237 per
1587 5186 1707 5222 eum

134 5264 207 5329 qui
235 5266 504 5337 dispertiit
543 5264 781 5333 linguam
814 5263 1246 5333 magniloquam,
1300 5271 1355 5316 ut
1403 5260 1710 5332 intelligant

136 5353 339 5412 Domino
379 5357 649 5413 famulum
693 5370 802 5409 non
833 5354 1154 5424 aequandum
1191 5372 1204 5408 τ
1242 5353 1371 5409 licet
1412 5356 1513 5425 ipsi
1546 5371 1711 5410 nove-

135 5448 221 5501 rint
235 5448 426 5515 Judaei,
464 5447 759 5517 prOphetas
780 5457 990 5501 veteres
1016 5446 1161 5500 nulla
1191 5446 1447 5501 miracula
1476 5448 1710 5517 propriis

137 5539 341 5595 edidisse
368 5540 687 5596 virtutibus.
714 5540 953 5609 Denique
982 5539 1094 5608 ipse
1120 5539 1344 5594 Elisaeus
1368 5554 1487 5593 eum
1512 5540 1709 5608 spiritu

138 5634 352 5703 magistri
383 5630 747 5697 haereditatis,
789 5631 941 5686 velut
971 5631 1295 5687 insolentior
1320 5632 1584 5687 donorum
1617 5645 1704 5685 re-

137 5729 498 5783 muneratione
550 5725 820 5791 venisset,
872 5724 1122 5782 scindere
1180 5732 1357 5780 tamen
1398 5739 1566 5794 aquas
1607 5723 1708 5780 nisi

1809 4616 2401 4686 sparsissejudicemur
2426 4614 2646 4688 (Matth.
2672 4632 2765 4677 vit.
2802 4616 2883 4686 6),
2914 4612 3295 4669 revertendum
3324 4619 3408 4664 est

1810 4711 1955 4779 illuc,
2007 4709 2153 4767 unde
2184 4711 2247 4765 ad
2281 4711 2433 4765 illttm
2466 4711 2646 4766 locum
2693 4725 2834 4780 pene
2867 4707 3108 4777 prtecisis
3148 4719 3403 4760 sensuum

1812 4802 2112 4858 tramitibus
2162 4801 2368 4857 deviavi
2406 4820 2419 4855 :
2465 4814 2519 4857 et
2558 4816 2691 4856 oves
2721 4802 2914 4855 domus
2968 4796 3136 4851 Israel
3170 4795 3405 4868 diligen-

1812 4893 1917 4950 tius
1946 4894 2347 4951 circumeunda:
2391 4902 2517 4947 sunt
2547 4908 2563 4946 :
2595 4891 2849 4962 quoniam
2878 4889 2923 4943 si
2959 4888 3198 4943 charitas
3231 4889 3323 4944 Dei
3354 4893 3408 4945 in

1814 4987 1969 5042 nobis
1992 4995 2099 5050 est,
2144 4986 2259 5056 quis
2286 4986 2607 5055 inﬁrmatur,
2650 4992 2696 5037 et
2724 5000 2815 5053 ego
2847 4999 2949 5035 non
2992 4983 3269 5053 infirmor?
3298 4985 3410 5054 quis

1808 5079 2213 5145 scandalizatur,
2237 5086 2282 5131 et
2300 5094 2392 5150 ego
2414 5094 2515 5131 non
2546 5093 2671 5130 uror
2701 5075 2768 5147 (ll
2792 5076 2909 5130 Cor.
2938 5093 3011 5140 ait,
3033 5077 3168 5147 20)?
3196 5078 3407 5134 Docen-

1814 5175 1975 5246 dique
2002 5171 2177 5243 magis
2207 5179 2354 5235 sunt,
2386 5186 2457 5227 ne
2483 5186 2654 5240 usque
2685 5171 2752 5226 ad
2784 5172 3152 5245 hlasphemias
3182 5172 3410 5244 loquart—

1813 5278 1922 5336 tur,
1948 5268 1992 5322 si
2016 5264 2155 5322 forte
2175 5272 2268 5320 aut
2289 5278 2394 5319 non
2431 5272 2674 5333 teneant,
2704 5276 2796 5320 aut
2823 5280 2931 5321 non
2960 5265 3264 5337 intelligant
3291 5280 3413 5330 pro-

1815 5362 2058 5432 phetata.
2106 5358 2363 5426 Quaerunt
2407 5371 2473 5409 an
2520 5356 2700 5411 divina
2750 5359 2926 5412 virtus
2975 5360 3082 5418 sit.
3116 5373 3237 5428 qum
3269 5373 3412 5414 nunc

1812 5452 1975 5519 erepit
2017 5450 2069 5504 in
2103 5446 2430 5518 martyribus
2461 5462 2749 5513 apparere.
2783 5447 2951 5515 Cujus
2991 5448 3125 5517 legis
3164 5449 3412 5505 homines

1817 5544 1921 5599 hoc
1950 5538 2265 5611 requirunt?
2288 5537 2494 5607 Nempe
2524 5538 2850 5593 Chrisrianai
2880 5553 2894 5591 :
2921 5554 3041 5604 qua:
3071 5540 3148 5593 sic
3176 5549 3259 5594 est
3285 5556 3409 5610 pro.

1814 5633 2222 5707 phetationibus
2267 5633 2551 5696 inStructa,
2584 5640 2641 5684 ut
2692 5630 2825 5684 nihil
2871 5637 2977 5682 tam
3028 5646 3249 5697 novum,
3300 5644 3406 5689 tam

1812 5730 2148 5797 iiwpinatum
2171 5724 2374 5783 nostris
2401 5722 2738 5795 temporibus
2768 5722 2944 5796 possit
2966 5720 3241 5798 ingruere,
3256 5727 3409 5799 quod
