4000 6342
509 292 582 350 93
1547 290 1605 348 S.
1650 289 2025 347 lllERONYMl
2060 288 2346 350 OPERUM
2385 289 2755 351 MANTISSA.
3754 294 3821 353 96

509 407 648 464 ﬁdes
671 413 765 463 aut
793 405 1095 463 admiretur
1124 405 1373 474 electior,
1398 414 1489 461 aut
1529 404 1937 478 blasphematur
1994 406 2101 480 [ΑΙ.
2131 464 2133 471 ,

2244 406 2643 478 vangelizatum
2677 413 2761 463 est
2788 404 2947 463 nobis
2982 423 2992 459 :
3021 404 3151 462 licet
3177 404 3310 478 ipsae
3338 420 3457 479 quae
3484 406 3623 464 ﬁunt
3644 407 3824 464 virtu-

511 500 889 573 blasphemet]
919 500 1207 556 inﬁrmior.
1250 499 1443 555 Omnia
1474 514 1646 570 usque
1675 499 1743 556 ad
1792 500 2105 570 Dominum,

511 593 793 665 prophetae
833 599 1045 648 veteres
1089 590 1483 663 praedixerunt.
1524 590 1718 648 Omnia
1766 601 1889 662 post
1928 593 2111 648 Domi-

514 701 646 743 num
671 728 687 753 ,
730 700 851 758 quae
880 685 1133 751 deerant,
1186 685 1423 755 apostoli
1476 683 1870 755 prophetarunt
1904 703 1915 737 :
1950 684 2111 741 beato

513 780 682 837 Paulo
732 794 829 851 per
880 778 1186 835 libertatem
1230 780 1400 835 sancti
1446 777 1681 849 Spiritus
1721 794 1830 834 non
1877 789 2110 845 tacente,

522 874 613 945 qui
653 873 728 929 ait
760 890 774 926 :
816 871 901 927 Ea:
943 881 1092 945 parte
1129 873 1337 940 scimus,
1366 881 1414 927 et
1445 888 1507 927 cx
1554 880 1700 944 parte
1747 872 2116 945 prophetamus

525 964 571 1037 (ι
598 962 717 1019 Cor.
755 978 869 1033 xm,
905 963 993 1035 12)
1028 979 1044 1017 :
1075 978 1182 1019 non
1228 963 1371 1034 quod
1402 964 1581 1019 omnia
1612 964 1843 1031 nesciat,
1874 975 1966 1019 aut
2001 980 2119 1019 om-

528 1044 759 1114 niancn
790 1055 1106 1130 pr0phetet,
1141 1056 1193 1111 in
1224 1071 1331 1127 quo
1361 1056 1663 1128 praesertim
1695 1056 1933 1128 loquitur
1961 1054 2122 1111 Chri-

526 1158 644 1207 stus
675 1168 688 1202 :
728 1150 822 1205 scd
854 1165 920 1204 ex
951 1159 1103 1220 parte
1133 1148 1202 1204 de
1236 1156 1349 1204 toto
1391 1147 1710 1220 prophetat,
1760 1156 1818 1203 et
1864 1163 1928 1203 ex
1970 1156 2123 1217 parte

525 1242 596 1299 de
637 1250 756 1298 toto
803 1242 925 1297 scit.
969 1240 1267 1311 Prophetat
1306 1240 1465 1295 nobis
1498 1240 1587 1307 id,
1643 1238 1786 1310 quod
1838 1239 1939 1294 scit
1980 1239 2124 1295 illius

530 1336 796 1407 temporis
827 1350 969 1401 esse,
1011 1334 1155 1406 quod
1186 1333 1423 1389 futurum
1466 1342 1602 1387 erat.
1648 1331 1803 1400 Quod
1834 1346 1965 1388 vero
1994 1347 2123 1402 pro-

524 1430 735 1502 phetat,
784 1439 1029 1483 venturae
1069 1428 1255 1499 utique
1292 1425 1632 1498 prophetizat
1673 1426 1839 1482 aetati.
1887 1426 2128 1498 Prophe-

524 1537 606 1586 tat
628 1537 808 1585 autem
842 1537 1035 1593 totum,
1064 1528 1166 1582 etsi
1208 1527 1494 1599 prophetat
1516 1542 1580 1583 ex
1620 1534 1790 1596 parte.
1828 1524 1952 1581 Haec
1980 1527 2127 1581 enim

523 1624 833 1694 prophetat,
857 1636 1086 1690 quorum
1107 1620 1389 1691 apertione
1413 1636 1537 1691 pars
1561 1619 1679 1691 ejus
1701 1621 1982 1691 temporis,
2008 1635 2128 1692 qua:

525 1732 699 1788 usque
735 1715 803 1771 ad
831 1714 993 1771 ﬁnem
1036 1724 1316 1786 superest,
1363 1713 1653 1786 indigebat.
1697 1714 1776 1769 Ex
1819 1722 1970 1784 parte
1999 1728 2128 1782 ergo

2214 509 2294 556 tes
2318 499 2535 556 Domini
2553 516 2649 572 per
2667 500 2973 557 daemonum
2995 508 3265 558 tormenta
3290 510 3577 568 testentur,
3601 502 3826 575 quando

2213 593 2442 649 Satanas
2473 609 2578 649 non
2606 593 2827 665 dejiciat
2869 593 3121 650 Satanam
3154 612 3168 650 :
3193 593 3319 664 quia
3346 593 3695 652 uniformitas
3723 611 3827 653 ne~

2220 686 2436 757 quitiae,
2470 686 2699 743 indivisa
2729 686 3048 742 naturaliter
3076 685 3339 743 societate
3382 686 3643 755 conflata,
3672 688 3826 744 simi-

2216 778 2461 835 litudinis
2487 778 2799 835 accessione
2817 792 2925 833 non
2953 777 3339 834 detrimentum
3367 778 3449 834 sui
3474 787 3701 848 metuat,
3727 778 3827 835 sed

2217 871 2395 942 capiat
2426 878 2795 942 augmentum.
2826 869 2958 925 Nam
2988 880 3043 925 et
3081 870 3282 926 multos
3312 871 3365 926 in
3408 871 3569 927 unius
3594 870 3825 927 formam

2218 964 2450 1038 legionis
2478 964 2759 1037 pravitatis
2789 964 3014 1035 spiritus
3040 963 3147 1038 [AL
3184 973 3316 1020 tacet
3345 964 3613 1037 spiritus],
3642 975 3698 1023 et
3724 966 3830 1022 ini-

2222 1057 2444 1129 quitatis
2484 1057 2741 1128 viperina:
2784 1056 3176 1114 confoederatio
3218 1057 3681 1128 conglobaverat:
3726 1075 3831 1115 nec

2225 1149 2328 1204 sibi
2361 1149 2552 1204 oberat
2574 1149 2885 1217 multitudo,
2914 1165 3034 1221 qum
3061 1150 3546 1220 sicutgacquirebat
3572 1152 3831 1208 miseram

2225 1243 2427 1299 sociata
2452 1238 2765 1299 inﬁrmitate
2788 1244 3077 1300 virtutem:
3104 1244 3175 1299 ita
3202 1245 3521 1302 formidabat
3545 1247 3835 1305 incurrere

2226 1337 2396 1393 divisa
2423 1337 2783 1407 permixtione
2808 1337 2985 1394 inanis
3012 1337 3334 1394 substantize
3358 1340 3704 1396 vacuitatem.

2301 1428 2442 1485 XIV.
2461 1429 2567 1486 Sed
2582 1428 2681 1485 hac
2692 1437 2848 1500 parte
2866 1430 3083 1485 interim
3100 1432 3575 1502 argumentationis
3595 1432 3835 1498 omissa,

2228 1522 2367 1579 sicut
2407 1524 2787 1595 proposuimus
2817 1540 2878 1581 ea
2907 1540 3029 1596 quae
3059 1525 3112 1580 in
3144 1525 3405 1583 Ecclesiis
3444 1525 3677 1591 Domini,
3708 1541 3838 1581 san-

2228 1625 2551 1688 ctorumque
2580 1617 2911 1674 cmmeteriis
2932 1616 3287 1687 admiramur,
3308 1617 3578 1674 credenda
3607 1633 3737 1674 esse
3757 1617 3839 1674 di-

2230 1709 2432 1767 vinitus
2474 1710 2623 1777 ﬁeri,
2669 1711 2713 1765 si
2761 1710 3083 1781 prOphetata
3130 1711 3359 1779 fuerint,
3389 1712 3835 1783 comprobemus.

529 1810 842 1885 prophetat,
891 1810 1144 1882 quoniam
1189 1809 1302 1881 jam
1331 1825 1396 1863 ex
1440 1818 1593 1879 parte
1638 1807 1816 1863 fuerat
1842 1807 2133 1879 propheta-
2161 1800 2210 1860 B
2238 1805 2414 1875 Atque
2444 1805 2498 1859 iu
2528 1803 2630 1859 hac
2666 1814 2775 1859 tam
2805 1803 2941 1861 dura
2988 1804 3303 1877 difﬁcilique
3352 1807 3601 1875 materia,
3637 1822 3744 1862 nec
3772 1806 3839 1861 ab

528 1913 643 1961 tum
676 1922 690 1960 :
718 1914 773 1961 et
812 1902 936 1960 ideo
968 1904 1229 1976 propheta
1260 1902 1465 1958 sciebat
1491 1911 1713 1956 ventura
1742 1916 1866 1972 qua:
1891 1900 2125 1971 prophe-

528 1999 697 2055 tabat.
729 1996 900 2067 Cujus
930 1996 1227 2067 pr0phetize
1256 1995 1548 2067 particulas
1589 1993 1886 2064 plenitudo,
1916 2001 1975 2048 ut
2015 1994 2132 2063 ipse

529 2091 688 2157 dixit,
712 2088 973 2161 temporis
998 2088 1255 2152 abolevit,
1287 2089 1390 2143 hoc
1412 2085 1574 2142 modo
1601 2104 1612 2138 :
1636 2085 1767 2142 Cum
1788 2085 1979 2141 venerit
1994 2083 2132 2156 quod

528 2183 812 2256 perfectum
829 2192 928 2249 est,
956 2184 1095 2255 quod
1115 2197 1181 2237 ea:
1202 2190 1346 2255 parte
1366 2189 1467 2247 est,
1486 2180 1774 2235 destruetur
1794 2178 1835 2251 (l
1859 2176 1980 2234 Cor.
2013 2192 2130 2245 xm,

531 2278 622 2349 10)
657 2296 668 2332 :
699 2277 930 2342 scilicet,
976 2292 1097 2332 cum
1125 2277 1178 2331 in
1212 2274 1565 2331 conclusione
1595 2271 1802 2338 mundi,
1830 2286 1929 2327 nec
1959 2270 2134 2327 scien-

532 2370 609 2426 tia
637 2371 833 2440 major,
877 2384 979 2425 nec
1011 2367 1296 2439 prophetia
1328 2366 1555 2422 ulterius
1584 2364 1655 2421 sit
1685 2364 1999 2437 quzerenda.
2033 2365 2135 2420 De-

532 2464 695 2536 nique
741 2462 1112 2533 intelligentia:
1159 2454 1315 2521 istius
1358 2461 1634 2525 virtutem,
1668 2467 1725 2513 ut
1752 2460 1992 2528 apertius
2034 2455 2134 2513 de-

532 2564 887 2623 monstraret,
928 2553 1204 2623 subjunxit
1250 2570 1263 2606 :
1306 2549 1547 2605 Videmus
1588 2566 1723 2603 nunc
1752 2566 1842 2619 per
1869 2548 2138 2619 speculum

532 2651 589 2704 in
611 2650 885 2720 aenigmate
913 2662 933 2701 :
964 2656 1084 2701 tunc
1107 2654 1279 2699 autem
1300 2645 1430 2717 facie
1459 2643 1527 2697 ad
1548 2642 1749 2715 faciem.
1775 2642 1880 2697 Per
1912 2642 2135 2711 figuram

537 2741 757 2797 interim
782 2749 907 2795 sunt
934 2739 1209 2802 universa,
1240 2748 1293 2792 et
1315 2735 1633 2808 quibusdam
1660 2734 1955 2807 imaginum
1978 2731 2139 2788 lineis

530 2833 874 2897 obumbrata,
909 2841 969 2887 ιιι
1000 2831 1285 2887 infirmitas
1309 2832 1490 2887 carnis
1539 2839 1771 2899 nostrze,
1818 2838 2140 2899 terrenaque

544 2925 848 3003 substantia
867 2966 883 2991 ,
914 2924 1084 2996 magis
1112 2940 1170 2979 se
1196 2924 1262 2979 ad
1292 2924 1646 2994 spiritualium
1677 2922 1973 2979 extendere
2000 2913 2142 2977 veri-

535 3028 726 3086 tatem,
755 3027 900 3074 utea
929 3019 1006 3075 illi
1032 3017 1356 3074 desiderium
1386 3016 1803 3088 pulchritudinis
1833 3030 1948 3071 suae
1975 3015 2137 3071 etiam

532 3127 633 3184 per
678 3113 958 3184 speculum
1005 3112 1241 3168 tenuiter
1272 3122 1488 3168 ostensa
1544 3110 1794 3167 faceret:
1834 3118 2141 3181 quantaque

2235 1898 2413 1970 aliquo
2442 1907 2602 1954 antea
2638 1908 2992 1970 pertractata,
3042 1900 3327 1956 Dominum
3358 1900 3645 1956 consulere
3672 1899 3839 1957 debe-

2234 2006 2442 2057 remus,
2468 1991 2537 2059 si,
2566 2000 2816 2047 cessante
2847 1994 3062 2056 merito,
3083 1992 3359 2061 repudiari
3387 2008 3495 2049 non
3522 1994 3840 2050 timeremus

2233 2100 2347 2155 pra:
2366 2084 2587 2140 audacia
2618 2101 2633 2140 :
2660 2084 2915 2156 quoniam
2955 2101 3078 2157 qua:
3114 2086 3283 2157 ipsius
3319 2098 3467 2156 sunt,
3500 2103 3662 2144 nemo
3682 2098 3839 2145 extra

2236 2178 2411 2248 ipsum
2443 2180 2645 2249 poterit
2664 2178 2959 2250 explicare.
2989 2181 3205 2237 Etenim
3230 2182 3426 2238 mirum
3457 2183 3600 2240 unde
3626 2185 3842 2242 miseris

2237 2280 2385 2327 tanta
2420 2270 2618 2329 ﬁducia
2648 2290 2662 2327 :
2696 2272 2840 2328 unde
2878 2280 2961 2330 est
3004 2273 3394 2345 interpellandi
3443 2276 3731 2332 Dominum
3766 2277 3843 2332 fa-

2238 2362 2522 2419 miliaritas
2560 2374 2669 2419 tam
2699 2365 2895 2431 amica,
2936 2374 2996 2421 ut
3036 2365 3093 2421 in
3141 2366 3283 2422 hanc
3328 2382 3516 2424 vocem
3549 2368 3845 2425 audeamus

2239 2472 2527 2530 erumpere
2564 2476 2575 2511 :
2613 2458 2886 2513 Oscufetur
2912 2475 2993 2516 me
3023 2458 3199 2515 osculo
3238 2461 3343 2516 oris
3365 2462 3445 2515 sui
3468 2460 3644 2534 (Cant.
3676 2478 3716 2528 ι,
3749 2462 3844 2532 5)?

2241 2549 2374 2618 Quis
2416 2557 2622 2604 tantum
2663 2550 2914 2621 concepit
2961 2551 3247 2621 optatum?
3293 2551 3424 2621 Quis
3471 2560 3579 2607 tam
3619 2554 3845 2625 grandia

2242 2651 2387 2712 vota,
2420 2643 2509 2698 sui
2539 2643 2841 2699 aestimator
2872 2643 3153 2716 negligens
3199 2644 3495 2715 suspiravit
3527 2663 3540 2700 :
3580 2654 3643 2701 ut
3674 2646 3846 2715 ipsius

2242 2751 2304 2791 os
2330 2736 2576 2792 cominus
2599 2738 2948 2807 concupiscat
2976 2737 3286 2810 attingere?
3317 2742 3493 2810 Atque
3516 2740 3602 2797 vel
3636 2740 3843 2795 utinam

2244 2844 2346 2886 nos
2375 2844 2563 2885 eorum
2595 2830 2845 2902 dignetur
2892 2831 3104 2901 osculo,
3150 2846 3285 2903 quos
3332 2832 3448 2902 ipse
3477 2833 3728 2904 dignatus
3760 2842 3846 2889 est

2243 2922 2512 2993 oscularij;
2542 2934 2598 2978 ut
2627 2923 2681 2979 in
2706 2924 2961 2980 secundis
2985 2928 3243 2996 postremi
3272 2926 3530 2998 tertiique
3557 2928 3844 2995 sistentes,

2245 3018 2312 3075 de
2337 3033 2524 3075 eorum
2556 3019 2713 3075 labiis
2751 3019 2989 3091 aliquam
3020 3035 3087 3076 ex
3114 3029 3269 3091 parte
3306 3021 3591 3078 scientiam
3626 3023 3850 3079 trahere

2247 3127 2580 3177 mereamur,
2610 3113 2701 3185 qui
2726 3120 2893 3168 totam
2917 3113 3200 3185 sapientia:
3230 3113 3619 3184 plenitudinem
3649 3114 3720 3171 de
3739 3115 3851 3172 Do-

533 3205 650 3276 ipsa
669 3214 814 3261 esset
837 3205 891 3259 in
918 3219 1017 3259 sua
1038 3204 1339 3260 substantia
1369 3219 1468 3259 nos
1490 3203 1735 3273 doceret,
1766 3217 1890 3259 cum
1915 3212 2021 3257 tam
2046 3202 2139 3257 ad-
2164 3196 2210 3258 C
2244 3204 2373 3261 mini
2408 3206 2574 3277 ipsius
2625 3221 2720 3261 ore
2761 3205 3089 3262 didicerunt.
3120 3206 3457 3279 Quamquam
3485 3209 3589 3265 etsi
3620 3226 3851 3282 magno-

532 3297 799 3355 mirabilis
826 3299 987 3355 etiam
1021 3298 1077 3353 in
1122 3300 1463 3369 repercussis
1486 3297 1606 3353 luce
1632 3313 1730 3353 sua
1762 3297 2140 3369 mnigmatibus

534 3400 831 3464 appareret
867 3410 880 3446 :
907 3401 963 3447 et
985 3392 1107 3448 ideo
1144 3406 1290 3447 nunc
1321 3407 1416 3463 per
1442 3390 1722 3461 speculum
1748 3389 1983 3461 pollicita
2013 3404 2142 3445 con-

538 3485 824 3560 spicimus,
870 3501 976 3541 non
1002 3494 1181 3541 tamen
1212 3492 1435 3555 prOpter
1464 3484 1722 3539 virtutum
1752 3482 1945 3537 merita
1973 3482 2144 3552 possi-

536 3581 730 3636 demus
763 3598 775 3633 :
809 3587 867 3634 et
887 3589 1105 3636 ostensa
1130 3580 1309 3635 adhuc
1330 3579 1612 3645 miramur,
1638 3594 1742 3633 non
1770 3576 1969 3633 tradita
1994 3588 2143 3633 tene-

536 3689 676 3728 mus.
702 3673 853 3729 Tunc
874 3689 1003 3729 vero
1020 3674 1300 3745 prophetia
1325 3674 1661 3744 scientiaque
1682 3674 1994 3740 cessabunt,
2022 3689 2142 3745 quae

534 3764 957 3837 promittebatur
1000 3767 1104 3821 erit
1134 3767 1432 3837 ingressus.
1481 3767 1619 3823 llinc
1659 3765 1820 3821 etiam
1859 3766 2140 3838 prophetia

540 3873 760 3927 semper
790 3857 1019 3913 obscura
1046 3867 1172 3928 est,;
1182 3858 1323 3929 quod
1353 3858 1462 3913 alio
1504 3869 1746 3928 tempore
1777 3858 2007 3924 canitur,
2038 3860 2145 3915 alio

538 3952 804 4008 cernitur.
835 3949 989 4019 Quod
1016 3950 1236 4016 dicitur,
1261 3951 1388 4007 dum
1427 3968 1533 4006 non
1575 3951 1807 4017 videtur,
1851 3953 2003 4024 quasi
2033 3967 2137 4008 nou

540 4043 859 4116 prtedictum
882 4060 989 4099 non
1024 4045 1284 4101 creditur.
1319 4046 1559 4118 Denique
1586 4046 1751 4103 Isaias
1771 4062 1895 4103 cum
1924 4046 2142 4103 redem-

540 4139 784 4211 ptionem
811 4149 1052 4193 nostram
1082 4150 1230 4193 tanto
1258 4148 1383 4197 ante
1427 4140 1483 4195 in
1518 4140 1753 4213 Virginis
1782 4149 1940 4196 utero
1976 4156 2144 4211 agno-

537 4249 715 4299 scere,
753 4248 985 4305 eamque
1021 4233 1170 4289 velut
1191 4232 1302 4304 jam
1334 4245 1654 4305 praesentem
1683 4234 1881 4306 populo
1922 4232 2144 4289 demon-

539 4334 761 4392 straret,
794 4326 983 4383 dicens
1009 4344 1023 4381 :
1059 4325 1191 4381 Ecce
1226 4328 1366 4401 virgo
1390 4328 1660 4398 concipiet,
1690 4336 1739 4382 et
1762 4326 1925 4398 pariet
1952 4326 2139 4395 lilium,

537 4432 586 4479 et
618 4421 880 4476 vocabitur
900 4437 1083 4475 nomen
1105 4425 1217 4495 ejus
1240 4419 1547 4475 Emmanuel
1577 4418 1708 4491 (Isa.
1742 4434 1837 4485 vlt,
1863 4418 1951 4490 14)
1971 4434 2140 4490 τριω-

539 4522 753 4570 sentem
800 4523 854 4568 et
899 4512 1136 4568 futuram
1169 4512 1463 4568 inﬁdelium
1496 4510 1863 4565 lsraelitarum
1908 4509 2145 4566 turbavit

538 4619 776 4665 aetatem.
805 4606 937 4662 Nam
964 4618 1018 4662 et
1048 4606 1131 4661 illi
1168 4616 1383 4660 veteres
1430 4603 1747 4676 prephetam
1789 4618 1968 4671 suum,
2011 4617 2139 4675 quo-
2166 4584 2219 4645 D

544 4702 687 4756 niam
732 4715 840 4773 non
863 4698 1114 4754 viderent
1149 4697 1291 4768 quod
1322 4696 1586 4764 ostendit,
1633 4696 2057 4752 interemerunt:
2089 4704 2147 4752 et

547 4793 601 4848 hi
626 4790 1008 4864 prophetatum
1039 4790 1165 4857 sibi,
1193 4788 1445 4862 quoniam
1484 4787 1820 4860 prolihetiam
1852 4805 1959 4845 non
1986 4804 2141 4845 rece-

538 4875 760 4960 perunt,
798 4889 1136 4946 occiderunt.
1166 4887 1321 4958 Quod
1346 4887 1500 4943 nobis
1529 4890 1691 4943 etiam
1735 4895 1792 4940 ut
1833 4902 1939 4941 non
1972 4885 2025 4941 in
2050 4886 2142 4942 Dei

542 4996 810 5051 martyres
834 4986 1063 5051 accidat,
1086 4982 1496 5055 praecavendum
1519 4989 1623 5046 est,
1654 4979 1700 5035 si
1722 4994 1815 5036 eos
1841 4996 1977 5050 quos
1995 4980 2142 5051 prior

544 5087 679 5131 aetas
707 5072 949 5131 insecuta
980 5086 1093 5143 est,
1141 5089 1325 5133 nostra
1372 5074 1731 5145 blasyhenict.
1764 5074 1832 5129 Et
1862 5076 2137 5145 quoniam,

541 5180 603 5227 ut
625 5170 887 5239 diximus,
913 5174 1057 5243 quod
1083 5173 1399 5245 praedictum
1422 5172 1616 5236 fuerat,
1643 5170 1827 5227 venit:
1855 5179 2143 5225 venturum

545 5265 681 5320 nihil
713 5273 819 5333 est,
849 5264 995 5336 quod
1022 5282 1127 5321 non
1159 5268 1324 5322 fuerit
1352 5272 1477 5322 ante
1503 5263 1820 5336 przedictum
1863 5279 1877 5316 :
1912 5263 2141 5317 Domino

539 5362 659 5431 ipso
682 5361 761 5417 sic
786 5360 1003 5416 dicente
1032 5376 1046 5413 :
1073 5360 1206 5415 Ecce
1237 5361 1458 5433 prcedixi
1478 5360 1615 5414 vobis
1642 5359 1814 5413 omnia
1835 5356 2001 5426 (Mar.
2021 5370 2136 5423 xui,

538 5456 658 5530 25).
681 5456 974 5514 Videamus
1000 5456 1179 5528 potius
1215 5457 1262 5511 si
1292 5457 1407 5511 haec
1434 5453 1722 5526 aliquando
1750 5453 2012 5522 majorum
2042 5466 2135 5505 au—

540 5550 694 5605 ribus
720 5550 1017 5620 probantur
1042 5548 1237 5615 infusa,
1260 5564 1379 5619 qua:
1404 5548 1564 5602 modo
1591 5546 1789 5601 nostris
1807 5543 1978 5598 oculis
2000 5551 2135 5597 tani-

540 5660 700 5713 quam
729 5645 947 5717 impleta
980 5646 1275 5716 finguntur.
1301 5644 1593 5699 Videamus
1613 5641 1658 5694 si
1687 5640 1794 5694 lucc
1821 5637 1993 5691 omnia
2016 5653 2137 5706 ope-

543 5747 692 5792 ratur
714 5756 848 5796 unus
876 5750 1027 5813 atque
1047 5741 1184 5795 idem
1204 5739 1417 5810 spiritus
1451 5736 1496 5810 (l
1524 5734 1645 5792 Cor.
1678 5750 1775 5802 xu,
1812 5730 1921 5803 11).
1953 5733 2011 5789 Si
2040 5731 2136 5786 de-

539 5832 698 5904 nique
730 5848 828 5890 nec
854 5832 1076 5905 angelus
1103 5834 1171 5890 de
1215 5832 1355 5889 cwlo
1385 5830 1738 5901 evangelizet,
1771 5835 2133 5899 prmterquam

2244 3313 2361 3353 rum
2384 3298 2699 3353 meritorum
2732 3299 3033 3369 privilegiis
3059 3299 3399 3369 fulciremur,
3423 3303 3597 3373 posita
3615 3314 3773 3359 erant
3794 3304 3848 3360 in

2242 3392 2527 3461 exemplis,
2559 3392 2709 3446 velut
2731 3392 2839 3447 alta
2867 3393 3113 3463 quaedam
3142 3396 3373 3465 repetita
3408 3396 3722 3454 fundamina
3748 3414 3847 3455 ve-

2242 3484 2516 3541 recundiae
2552 3502 2564 3539 :
2601 3499 2667 3539 ne
2693 3484 2820 3554 quid
2853 3485 3114 3542 indecens
3155 3495 3211 3541 et
3255 3488 3558 3544 inordinata
3589 3505 3851 3559 praesum-

2244 3575 2355 3646 ptio
2384 3576 2617 3632 levitatis
2644 3576 2890 3633 auderet.
2923 3577 3190 3646 Quidnam
3220 3580 3448 3637 electius
3464 3582 3625 3639 beato
3642 3584 3845 3642 Petro?

2244 3670 2372 3743 quid
2422 3670 2488 3726 ad
2536 3686 2687 3742 spem
2717 3671 2973 3743 erectius,
3007 3673 3136 3743 quid
3163 3673 3387 3731 liberius
3434 3675 3489 3731 in
3518 3678 3647 3747 fide,
3678 3695 3841 3750 quem

2244 3763 2358 3819 oris
2384 3766 2467 3819 sui
2492 3765 2678 3820 osculo
2715 3764 2974 3821 Dominus
3014 3780 3074 3821 se
3102 3767 3469 3824 osculatarum
3497 3784 3622 3826 esse
3648 3774 3851 3843 promi-

2243 3858 2335 3923 sit,
2364 3857 2552 3913 dicens
2582 3876 2595 3913 :
2626 3857 2740 3912 Tibi
2760 3858 2890 3912 dabo
2914 3861 3081 3915 claves
3100 3862 3248 3934 regni
3275 3862 3543 3917 caelorum.
3575 3865 3642 3919 Et
3661 3864 3799 3922 illud
3832 3883 3847 3921 ε

2245 3951 2419 4020 Super
2439 3950 2575 4006 hanc
2606 3962 2804 4020 petram
2823 3953 3092 4022 wdiﬁcabo
3113 3952 3403 4011 Ecclesiam
3438 3974 3600 4012 meam
3624 3958 3849 4030 (Matth.

2244 4061 2358 4112 xvi,
2385 4046 2500 4119 29).
2530 4046 2736 4103 Tamen
2768 4048 2857 4103 hic
2898 4049 3139 4119 pondere
3163 4066 3223 4105 se
3249 4050 3483 4121 quodam
3514 4052 3738 4122 pudoris
3768 4055 3852 4109 in-

2245 4153 2500 4205 curvans,
2539 4139 2814 4211 fiduciam,
2844 4157 3003 4213 quam
3043 4143 3238 4198 elatior
3268 4143 3500 4201 habebat
3528 4161 3596 4200 ex
3626 4147 3848 4217 merito,

2244 4232 2603 4289 verecundior
2636 4232 2703 4289 ad
2732 4234 3109 4304 interroganda
3133 4235 3420 4303 submittit,
3458 4252 3579 4293 cum
3605 4238 3660 4294 in
3691 4256 3851 4296 cinna

2244 4324 2483 4393 Domini,
2517 4342 2623 4382 non
2656 4343 2751 4397 per
2778 4342 2838 4382 se
2868 4329 2988 4399 quis
3018 4328 3305 4385 Dominum
3345 4342 3490 4387 esset
3520 4332 3844 4403 traditurus,

2245 4418 2490 4489 inquirit,
2532 4419 2918 4489 humiliterque
2948 4419 3291 4491 pudibundus
3321 4421 3566 4479 osculum
3603 4423 3845 4491 Domini,

2247 4529 2342 4568 ore
2370 4513 2505 4584 petit
2534 4513 2715 4569 alieno
2746 4532 2757 4567 :
2788 4513 2933 4585 quod
2973 4513 3053 4571 illi
3084 4514 3188 4571 etsi
3215 4516 3357 4586 apud
3381 4516 3669 4573 Dominum
3710 4518 3849 4575 ﬁdu-

2246 4608 2325 4662 cia
2358 4616 2494 4674 erat,
2526 4605 2834 4663 utsubinde
2856 4605 3020 4662 etiam
3044 4606 3253 4664 homini
3286 4608 3603 4666 inconcessa
3634 4626 3848 4680 praesu-

2247 4710 2419 4758 meret
2453 4711 2550 4757 :ut
2579 4701 2676 4769 ibi,
2706 4717 2831 4758 cum
2862 4716 2958 4772 per
2987 4702 3155 4757 maria
3187 4701 3525 4774 gradientem
3557 4703 3847 4762 Dominum

2244 4796 2409 4853 audet
2437 4811 2683 4864 poscere,
2712 4803 2771 4850 ut
2798 4796 2971 4866 ipsum
3001 4795 3209 4866 pariter
3230 4796 3458 4852 solidata
3481 4797 3582 4853 sub
3600 4800 3850 4871 vestigiis

2245 4905 2509 4959 aquarum
2544 4899 2691 4960 terga
2738 4896 3041 4943 sustentent
3073 4905 3087 4943 :
3118 4888 3318 4959 aliquid
3350 4889 3456 4945 sibi
3487 4890 3846 4963 difﬁdentior,

2245 4984 2338 5041 sed
2364 4984 2662 5040 consultior
2684 4983 2860 5048 nobis,
2905 4978 3096 5054 quibus
3128 4996 3227 5038 suo
3253 4990 3376 5038 actu
3409 4983 3705 5040 imitabiles
3736 4985 3851 5043 fur-

2249 5093 2365 5135 mas
2390 5089 2662 5148 tamquam
2693 5078 2746 5133 in
2788 5078 3009 5148 speculo
3034 5075 3354 5133 collocabat.
3383 5077 3440 5134 Si
3484 5093 3580 5148 per
3608 5078 3849 5150 legatum

2249 5173 2647 5244 praescientiam
2683 5170 2895 5225 Domini
2924 5178 3117 5225 cautus
3164 5170 3436 5239 explorat,
3469 5171 3599 5242 quid
3631 5172 3734 5228 hac
3764 5172 3851 5230 in-

2248 5267 2546 5321 structione
2564 5265 2799 5335 dignius,
2824 5264 2951 5335 quid
2970 5263 3071 5318 hac
3086 5264 3406 5321 consulendi
3420 5276 3539 5323 arte
3554 5266 3849 5324 subtilius?

2249 5359 2402 5428 Quod
2432 5374 2530 5415 nos
2559 5357 2741 5414 facere
2780 5356 3062 5422 debemus,
3107 5356 3301 5427 quibus
3343 5372 3466 5413 cum
3498 5358 3694 5413 ﬁducia
3728 5361 3851 5417 nul-

2248 5454 2352 5509 lius
2397 5459 2468 5507 stt
2516 5452 2720 5517 meriti,
2751 5450 2913 5507 debet
2942 5464 3066 5506 esse
3095 5450 3287 5505 saltem
3332 5450 3506 5521 pudor
3550 5452 3797 5525 exempli
3834 5479 3846 5515 ε

2244 5547 2519 5601 imitantes
2546 5544 2632 5598 vel
2673 5544 2726 5597 in
2767 5542 2869 5598 hac
2900 5554 3053 5613 parte
3089 5542 3305 5599 beatum
3337 5543 3577 5610 Petrum,
3608 5546 3702 5616 qui
3736 5564 3849 5604 non

2245 5639 2421 5694 solum
2449 5653 2551 5710 qua
2582 5635 2906 5703 humilitate,
2934 5651 3118 5690 verum
3150 5636 3316 5691 etiam
3338 5652 3435 5706 per
3454 5652 3577 5707 quae
3600 5638 3666 5692 ad
3694 5638 3849 5696 desi-

2245 5733 2432 5788 derata
2469 5730 2751 5803 pervenire
2781 5730 3073 5801 possimus,
3106 5730 3376 5786 ostendit?
3400 5731 3483 5786 Ab
3508 5731 3601 5786 illo
3622 5732 3850 5790 absolu-

2247 5825 2451 5882 tionem
2482 5822 2792 5896 quaestionis
2824 5822 2981 5895 hujus
3000 5863 3015 5891 ,
3049 5836 3213 5894 quam
3241 5824 3358 5896 ipse
3387 5837 3492 5881 non
3514 5824 3733 5881 erubuit
3760 5825 3849 5884 in-
