3998 6198
205 203 272 261 97

1171 199 1507 261 EPISTULA
1546 199 1640 257 Vl.
1677 198 1770 256 AD
1805 196 2071 258 ANICUM
2110 196 2493 259 EGROTUM.

3410 203 3481 261 98

207 327 505 390 terrogare,
534 330 863 390 quaeramus.
890 315 973 374 Ab
1019 314 1137 383 illo,
1177 317 1418 390 inquam,
1461 315 1554 387 qui
1594 314 1648 371 in
1680 313 1796 385 ipso
1823 318 1877 378 Α
1900 322 2216 386 perventum
2248 322 2351 382 est,
2379 322 2434 370 et
2462 310 2532 370 de
2574 318 2756 369 nostra
2799 310 3004 370 ultione
3050 327 3164 371 non
3222 313 3484 387 loqueris.

208 412 421 469 Domini
453 422 697 484 pectore,
728 406 874 469 velut
920 426 1080 484 super
1109 426 1287 467 arcam
1326 413 1451 467 novi
1484 408 1792 478 veterisque

200 507 539 565 Testamenti
563 508 901 575 recumbens,
931 523 1037 562 non
1065 506 1227 562 modo
1252 506 1318 561 ad
1342 505 1666 562 vestibulum
1694 502 1793 557 ali-

201 615 433 672 quorum
486 599 788 656 divinorum
839 600 1184 657 oraculorum
1232 600 1467 669 diligens
1514 597 1798 669 inquisitor

200 692 453 760 accessit,
485 693 581 749 sed
622 693 797 764 ipsum
826 693 1105 766 penetrale
1134 700 1362 748 secretae
1405 687 1796 762 dispositiOnis,

202 792 471 856 tamquam
521 784 806 841 familiaris
831 784 1094 841 sacerdos
1128 783 1349 839 intravit
1377 798 1393 836 :
1420 792 1475 838 et
1504 782 1628 837 ideo
1655 780 1803 835 solus

200 878 330 934 vidit
369 877 427 934 in
460 877 731 950 principio
759 878 1011 943 verbum,
1041 876 1259 948 quando
1288 876 1363 931 illi
1389 876 1540 931 velut
1568 875 1803 931 exterior

200 972 539 1029 sacrosancti
588 971 777 1043 templi
822 987 936 1039 ara,
984 970 1065 1026 sic
1097 969 1323 1026 interior
1351 968 1623 1023 metienda
1655 982 1803 1023 com-

201 1068 470 1124 mittitur.
494 1066 616 1138 lpse
639 1081 738 1122 nos
765 1067 834 1121 de
855 1080 921 1122 eo
947 1063 1108 1131 libro,
1133 1078 1290 1135 quem
1322 1071 1527 1132 septem
1557 1058 1802 1130 signacu-

194 1161 274 1216 lis
298 1162 543 1216 clausum
571 1159 739 1223 ﬂevit,
768 1166 1173 1226 reseratumque
1204 1155 1411 1210 laetatus
1432 1163 1535 1221 est,
1560 1168 1671 1207 non
1700 1168 1799 1223 per

197 1252 442 1323 aliquem
474 1249 923 1321 pseudothyrum,
955 1247 1051 1303 sed
1094 1262 1190 1317 per
1231 1252 1476 1317 patentes
1514 1244 1710 1314 jauuas
1739 1246 1793 1298 in

193 1359 361 1401 suum
394 1354 583 1415 pectus
614 1340 858 1397 veritatis
884 1338 1119 1395 inducat.

268 1436 390 1494 XV.
405 1437 569 1507 Atqui
598 1450 688 1503 ne,
707 1435 832 1489 dum
850 1433 1171 1499 consulitur,
1192 1431 1570 1497 immoremur,
1585 1443 1794 1500 praeve-

192 1531 295 1596 nit,
318 1529 678 1600 inquirentes,
703 1526 867 1583 etiam
894 1525 1247 1597 praescieutia:
1268 1522 1629 1593 compendio:
1648 1522 1791 1593 quod

196 1623 467 1695 trepidum
497 1620 787 1693 aliquando
819 1622 1017 1676 nostris
1042 1620 1311 1675 mentibus
1331 1618 1569 1673 futurum
1598 1632 1790 1672 cerne-

1898 407 2052 476 Quod
2082 423 2203 463 cum
2231 406 2437 473 dicunt,
2468 406 2785 463 mirabiliter
2812 406 3141 481 subiungunt
3168 426 3182 463 :
3213 408 3333 465 Non
3366 410 3483 465 vin-

1898 503 2045 559 dicas
2072 505 2384 575 sanguinem
2409 514 2649 559 nostrum
2676 504 2742 559 ab
2775 503 2869 569 iis,
2914 504 3005 574 qui
3035 504 3088 559 in
3127 506 3289 560 terris
3330 504 3479 560 inha-

1898 598 2108 655 bitant?
2138 599 2281 669 Ergo
2309 615 2416 654 non
2441 613 2717 669 quousque
2746 640 2761 664 ,
2800 598 2845 653 si
2870 598 3046 653 adhuc
3093 597 3171 653 illi
3224 600 3480 654 mortales

1903 702 2194 746 versantur
2216 690 2270 745 in
2304 688 2482 756 terris,
2502 690 2589 761 qui
2613 690 2826 745 Domini
2850 689 3082 746 famulos
3106 689 3267 757 fuste,
3284 690 3481 761 lapide,

1904 783 2125 853 ungula,
2152 783 2359 855 ﬂagris,
2390 782 2631 854 plumbo,
2662 783 2825 849 ferro,
2863 782 3069 850 bestiis,
3101 782 3224 853 igne
3242 793 3491 854 suntper-

1906 879 2100 933 secuti.
2130 878 2419 949 Quousque
2448 877 2593 933 enim
2614 876 2892 946 imputatio
2920 884 3002 932 est
3036 876 3346 946 prolixioris
3361 886 3487 933 aeta-

1907 972 1996 1040 tis,
2023 980 2080 1027 ut
2109 979 2205 1026 aut
2228 986 2532 1043 quousque,
2564 972 2633 1027 sit
2653 971 2770 1027 sine
2796 972 2903 1027 line
2930 985 2945 1025 :
2978 970 3075 1027 sed
3096 970 3276 1027 adhuc
3304 986 3487 1043 perse-

1902 1072 2119 1118 cutores
2143 1072 2425 1118 morantur
2452 1065 2503 1118 in
2534 1079 2718 1129 carne,
2747 1072 2840 1119 aut
2869 1063 2942 1119 illi
2972 1066 3076 1120 vita
3101 1076 3452 1121 excesserunt
3476 1083 3491 1121 :

1899 1155 2063 1210 etiam
2095 1153 2141 1208 si
2170 1156 2223 1209 in
2253 1156 2414 1209 terris
2448 1155 2735 1222 habitant,
2790 1158 2837 1211 si
2880 1173 3163 1226 quousque
3198 1173 3303 1212 non
3335 1156 3487 1213 fallit.

1902 1246 2007 1303 Sed
2048 1247 2181 1303 nihil
2228 1248 2419 1303 falsum
2458 1249 2727 1319 profertur
2765 1264 2794 1303 a
2842 1252 3067 1308 testibus
3123 1253 3411 1308 veritatis:
3443 1262 3498 1309 et

1900 1338 2025 1394 ideo
2046 1341 2216 1410 magis
2245 1340 2651 1411 interpretatio,
2686 1356 2793 1396 non
2840 1342 2975 1398 ﬁdes
3018 1345 3308 1414 quaerenda
3357 1354 3440 1401 est
3469 1386 3486 1413 ,

1896 1449 2015 1504 qua:
2037 1434 2137 1489 sub
2150 1434 2372 1490 obscura
2406 1434 2711 1491 elocutione
2736 1451 2842 1491 non
2871 1437 3194 1505 excluditur,
3218 1438 3315 1495 sed
3343 1441 3492 1495 vela-

1898 1536 2000 1582 tur.
2032 1527 2168 1583 Cum
2200 1544 2330 1599 ergo
2361 1528 2583 1583 dicunt:
2608 1528 2900 1600 Quousque
2932 1574 2947 1599 ,
3000 1531 3228 1587 Domine
3269 1542 3490 1590 sanctus

1895 1628 1950 1676 et
1970 1636 2150 1688 verus,
2180 1637 2286 1677 non
2310 1620 2556 1678 vindicas
2579 1624 2896 1694 sanguinem
2921 1636 3166 1681 nostrum
3198 1626 3267 1682 ab
3302 1628 3367 1683 iis
3396 1629 3492 1700 qui

198 1718 297 1773 bat
318 1714 605 1771 illuminat.
624 1712 823 1769 Reddit
844 1713 986 1768 enim
1008 1712 1556 1781 velutpercunctatus
1574 1724 1792 1780 respon-
1822 1718 1869 1780 Β
1894 1714 1946 1768 in
1978 1714 2136 1769 terris
2158 1713 2461 1769 inhabitant
2494 1734 2505 1767 :
2536 1730 2642 1769 non
2686 1731 2875 1772 eorum
2919 1718 3229 1773 mortalium
3273 1721 3491 1791 sangui-

197 1826 256 1866 sa
277 1810 345 1866 de
366 1809 644 1865 Pathmos.
666 1807 744 1863 De
763 1822 829 1863 eo
853 1807 1036 1878 utique
1062 1807 1181 1862 loco
1194 1806 1281 1860 ubi
1304 1806 1566 1861 caelorum
1585 1813 1793 1859 secreta

197 1901 465 1975 praeclusa
479 1898 703 1966 Caesari,
718 1915 824 1957 non
837 1899 1051 1955 alienus
1063 1897 1301 1965 intravit,
1317 1906 1371 1953 et
1384 1897 1696 1967 angelorum
1711 1909 1797 1949 sa-

200 2005 477 2054 cramenta
492 1995 679 2067 pulsus
696 1995 765 2050 ab
789 1994 1065 2049 hominum
1088 1994 1500 2048 conversatione
1520 1990 1795 2060 cognovit.

198 2090 297 2145 Ait
324 2089 466 2145 enim
486 2086 635 2142 :Vt'di
647 2090 741 2142 sub
762 2104 856 2142 ara
880 2086 977 2141 Dei
997 2088 1195 2140 animas
1215 2086 1499 2139 occisorum
1511 2092 1797 2154 martyrum

195 2190 407 2255 prapter
418 2181 625 2236 uerbum
650 2180 763 2243 Dei,
780 2189 824 2235 et
842 2180 1181 2235 testimonium
1194 2177 1229 2233 J
1232 2196 1342 2246 esu,
1364 2178 1501 2247 quod
1515 2177 1797 2231 habebant:

197 2285 245 2330 et
290 2275 427 2330 date
452 2283 572 2329 sunt
619 2272 723 2327 illis
745 2273 965 2344 singultu
998 2272 1178 2338 stolae,
1233 2281 1280 2327 et
1316 2272 1662 2325 clamauerunt
1683 2285 1801 2324 uoce

195 2385 409 2441 magna,
441 2368 671 2423 dicentes
694 2383 713 2421 :
745 2365 1038 2438 Usquequo,
1065 2364 1308 2431 Domine,
1330 2373 1539 2420 sanctus
1564 2373 1610 2418 et
1631 2380 1797 2429 uerus,

198 2478 305 2515 non
333 2462 565 2516 vindicas
576 2460 879 2532 sanguinem
897 2469 1128 2513 nostrum
1159 2458 1223 2511 ab
1251 2460 1314 2513 iis
1342 2458 1431 2528 qui
1456 2458 1510 2511 in
1536 2456 1685 2511 terris
1703 2459 1801 2509 Ita-

212 2554 378 2609 bitant
401 2556 425 2608 ?
448 2552 518 2608 Et
543 2554 680 2608 data:
701 2563 821 2607 sunt
850 2554 919 2608 eis
948 2551 1169 2625 singula:
1186 2552 1333 2608 stola:
1353 2550 1505 2619 albae,
1535 2560 1583 2604 et
1608 2552 1803 2605 dictum

200 2658 281 2703 est
302 2648 396 2712 eis,
419 2658 475 2701 ut
505 2648 819 2715 requiescant
846 2646 1013 2701 adhuc
1033 2662 1187 2717 parvo
1212 2652 1455 2717 tempore,
1486 2646 1646 2699 donec
1666 2660 1804 2698 com-

200 2740 407 2810 pleatur
434 2754 674 2793 numerus
689 2754 1043 2792 conservorum
1065 2748 1113 2792 et
1136 2740 1355 2809 fratrum
1376 2752 1575 2804 eorum,
1598 2738 1686 2806 qui
1718 2752 1807 2789 oc-

202 2833 441 2888 cidentur
460 2842 639 2905 postea
672 2832 907 2904 exemplo
936 2847 1112 2886 eorum
1141 2832 1161 2903 (
1188 2832 1350 2904 Apoc.
1374 2847 1448 2897 vr,
1480 2832 1535 2897 9,
1570 2831 1657 2898 10,
1692 2832 1803 2902 ll).

203 2926 252 2982 0
277 2926 666 2999 Apocalypsim
698 2940 832 2981 vere
858 2923 1120 2989 divinam,
1153 2935 1207 2978 et
1232 2934 1380 2979 tanto
1409 2922 1668 2994 Apostolo
1694 2937 1810 2977 me-

204 3021 317 3075 rito
355 3020 724 3075 confessionis
765 3027 1009 3090 tempore
1048 3018 1399 3088 patefactam,
1448 3027 1505 3071 ut
1537 3015 1705 3087 magis
1739 3015 1806 3070 ad

1896 1820 2020 1860 nem
2050 1814 2362 1876 mortesque
2392 1805 2726 1875 desiderant,
2757 1809 2848 1879 qui
2880 1808 2934 1865 in
2957 1824 3052 1866 eos
3073 1808 3377 1881 quondam,
3404 1822 3496 1867 aut

1900 1898 2145 1968 populari
2178 1897 2446 1954 seditione
2473 1901 2799 1969 sazvierunt,
2828 1912 2923 1957 aut
2971 1905 3329 1962 tribunalibus
3377 1908 3492 1962 suf-

1899 1992 2043 2056 fulti,
2071 1992 2330 2061 capitales
2360 1993 2657 2048 sententias
2686 1996 3126 2067 promulgarunt,
3158 2000 3415 2070 quoniam
3441 2002 3494 2056 itt

1900 2084 2059 2138 terris
2086 2084 2264 2139 adhuc
2290 2084 2616 2140 inhabitant.
2649 2085 2759 2142 Nec
2799 2085 2880 2141 fas
2931 2099 3015 2144 est
3062 2098 3120 2144 ut
3170 2104 3496 2149 accusentur

1901 2176 2165 2247 defuncti,
2194 2178 2310 2249 qui,
2335 2178 2465 2234 dum
2490 2180 2761 2249 viverent,
2784 2190 2913 2237 sunt
2938 2182 3147 2239 defensi
3172 2186 3254 2241 his
3282 2188 3461 2243 verbis
3485 2209 3497 2245 :

1903 2270 1989 2327 Ne
2006 2282 2204 2328 statuas
2226 2272 2353 2341 illis,
2388 2272 2631 2339 Domine,
2664 2276 2760 2330 hoc
2783 2287 3048 2346 peceatum
3072 2279 3215 2355 (Aet.
3244 2281 3450 2352 vn,60)
3482 2300 3497 2337 :

1902 2366 2155 2437 ignorant
2174 2367 2315 2423 enim
2342 2368 2468 2438 quid
2494 2367 2719 2423 faciunt.
2744 2370 2899 2437 Quod
2930 2372 2974 2425 si
3013 2372 3156 2428 inter
3184 2376 3496 2445 passionum

1903 2467 2194 2529 tormenta,
2227 2468 2285 2516 et
2309 2475 2528 2516 amaros
2552 2463 2749 2517 mortis
2768 2463 2989 2520 dolores
3017 2508 3031 2532 ,
3081 2476 3190 2521 tam
3227 2467 3314 2537 pie
3342 2468 3505 2537 quili-

1904 2550 2017 2617 bet,
2042 2568 2140 2620 pro
2171 2552 2405 2621 injustis,
2438 2568 2536 2623 pro
2560 2554 2760 2625 impiis,
2794 2571 2893 2626 pro
2914 2559 3187 2625 cruentis,
3226 2575 3325 2630 pro
3355 2561 3502 2618 blas-

1906 2643 2290 2713 phemantibus
2316 2645 2695 2715 supplicarunt
2723 2668 2736 2700 :
2760 2651 2806 2702 si
2848 2664 2915 2704 eo
2956 2648 3190 2722 denique
3214 2661 3457 2725 tempore
3488 2697 3501 2718 ,

1905 2754 2013 2809 quo
2055 2741 2172 2808 ipse
2223 2741 2595 2809 angustiarum
2650 2756 2845 2799 sensus
2891 2753 3131 2800 extrema
3183 2747 3502 2817 patientium

1907 2840 2122 2903 poterat
2146 2832 2387 2887 excitare
2416 2833 2481 2888 ad
2514 2833 2881 2906 maledictum,
2915 2839 3152 2907 precatio
3184 2855 3283 2910 pro
3329 2840 3507 2896 homi-

1888 2910 1977 2979 ne
2005 2923 2123 2978 fusa
2143 2931 2263 2978 est:
2291 2924 2414 2995 quis
2446 2940 2551 2979 non
2576 2926 2866 2998 intelligit,
2904 2945 3012 2983 non
3044 2941 3257 2987 mentes
3301 2942 3506 3005 marty-

1909 3032 2029 3072 rum
2061 3054 2077 3082 ,
2118 3016 2213 3071 sed
2262 3028 2667 3086 persecutorum
2719 3034 2981 3089 personas
3034 3021 3203 3079 fuisse
3252 3032 3505 3092 notatas,

207 3113 560 3169 tolerantiam
595 3113 879 3167 duraretur
911 3152 927 3177 ,
979 3125 1103 3166 cum
1151 3110 1231 3165 illi
1281 3122 1566 3180 passorum
1623 3108 1812 3163 merita
1841 3110 1889 3176 α
1918 3124 2118 3180 eosque
2139 3110 2317 3180 appeti
2342 3155 2356 3179 ,
2381 3126 2517 3181 quos
2548 3113 2600 3165 in
2635 3112 2794 3168 terris
2816 3111 2995 3168 adhuc
3037 3114 3352 3170 inhabitare
3387 3131 3511 3171 cre-

206 3215 673 3262 monstrarentur.
696 3204 814 3260 Non
838 3219 971 3275 ergo
996 3203 1288 3259 errandum
1312 3211 1421 3271 est,
1450 3218 1545 3272 per
1576 3201 1705 3257 folia
1735 3200 1810 3256 si-

206 3300 513 3373 byllarum,
544 3314 767 3370 quarunt
796 3308 854 3353 ut
899 3297 1110 3369 pagina:
1159 3296 1383 3352 incertis
1428 3294 1612 3349 mundi
1663 3293 1819 3348 malis

209 3393 505 3467 spiritibus
526 3394 872 3449 laetabuntur
910 3409 929 3447 :
971 3391 1043 3446 ita
1088 3391 1209 3446 loca
1249 3390 1428 3446 ventis
1474 3388 1633 3458 hujus
1676 3388 1820 3444 aeris

210 3485 601 3541 turbabantur.
634 3487 775 3542 Ecce
803 3485 1214 3542 evidentissime
1240 3482 1530 3554 Apostolus
1552 3481 1654 3536 hoc
1677 3480 1818 3550 quod

214 3578 484 3641 habebat,
504 3578 782 3633 enucleat:
809 3585 865 3632 et
893 3576 1294 3632 obscurissimae
1319 3573 1607 3645 quaestioni
1638 3571 1820 3627 lumen

214 3670 405 3726 infert.
434 3669 697 3726 Senserat
717 3669 835 3725 haec
862 3668 1153 3740 aliquando
1179 3667 1405 3723 dicenda
1438 3706 1455 3733 ,
1503 3682 1623 3736 qua:
1680 3679 1823 3720 nunc

216 3765 529 3825 sinisterior
557 3766 758 3836 lingua,
791 3774 1061 3836 tamquam
1082 3764 1203 3819 oleo
1225 3762 1448 3817 mollitis
1475 3768 1592 3817 arte
1618 3775 1827 3816 sermo-

220 3864 419 3929 nibus,
451 3863 507 3919 in
540 3861 873 3917 audientium
921 3866 979 3916 et
1021 3874 1175 3915 suum
1224 3857 1492 3928 iaculatur
1526 3856 1821 3911 interitum.

221 3960 293 4014 Et
320 3967 607 4030 propterea
632 3973 648 4017 :
681 3955 848 4024 Vidit,
874 3953 1068 4025 inquit,
1090 3953 1183 4008 sub
1212 3969 1304 4006 ara
1334 3951 1432 4007 Dei
1462 3952 1661 4004 animas
1690 3951 1825 4004 occi-

220 4068 413 4108 sorum
438 4059 748 4122 martyrum.
772 4048 851 4104 De
871 4048 978 4104 fide
1008 4047 1161 4103 testis
1186 4047 1369 4102 nullus
1416 4045 1639 4115 antbigit
1683 4063 1695 4096 :
1741 4053 1823 4099 te-

221 4145 546 4201 stimonium
576 4143 900 4209 ventiletur,
933 4139 1288 4210 intelligentia
1336 4139 1584 4209 responsi
1628 4144 1823 4204 nutet,

224 4255 344 4296 non
366 4238 597 4295 dicentis
615 4237 935 4293 auctoritas.

307 4332 452 4389 XVI.
478 4336 557 4389 Ac
582 4333 817 4403 primum
849 4329 991 4387 istud
1009 4338 1093 4386 est
1113 4323 1832 4396 animadvertendum,quod

224 4430 445 4486 animas
472 4429 778 4485 occisorum
822 4436 1124 4498 martyrum
1166 4423 1460 4493 Apostolus
1500 4430 1730 4477 testatur
1773 4434 1834 4475 se

1918 3201 2152 3258 dendum
2182 3212 2267 3258 est
2295 3202 2388 3258 illo
2410 3214 2689 3273 tempore,
2748 3220 2883 3275 quos
2938 3205 3155 3275 quidem
3209 3206 3513 3277 ignorantia

1920 3312 2029 3351 non
2050 3295 2288 3351 defendit
2315 3314 2327 3348 :
2361 3313 2470 3351 non
2505 3312 2601 3353 eos
2630 3297 2721 3367 qui
2750 3299 2805 3352 in
2832 3300 2989 3354 terris
3012 3298 3257 3355 habitare
3278 3300 3388 3369 jam
3420 3315 3514 3370 per

1920 3392 2286 3447 conditionem
2320 3392 2585 3447 naturalis
2609 3392 2928 3446 substantia:
2956 3393 3273 3461 desierunt,
3305 3403 3363 3449 et
3382 3395 3514 3450 olim

1923 3485 1991 3541 ab
2021 3487 2156 3557 ipsis
2182 3485 2513 3555 martyribus
2556 3484 2660 3539 sub
2689 3485 3037 3555 ignoratione
3073 3498 3200 3543 sunt
3236 3492 3521 3548 excusati?

1923 3578 2026 3645 Qui
2050 3578 2140 3633 isti
2168 3586 2333 3644 sunt,
2363 3592 2467 3632 non
2499 3578 2831 3647 ignoramus.
2864 3577 3189 3649 Spirituales
3212 3581 3330 3638 sine
3350 3583 3520 3641 dubio

1927 3670 2183 3741 nequitia:
2217 3680 2272 3725 et
2304 3670 2644 3725 tenebrarum
2672 3679 2967 3739 potestates
2996 3714 3011 3738 ,
3036 3688 3157 3744 qua:
3193 3685 3249 3731 et
3281 3677 3334 3732 in
3359 3679 3521 3736 terris

1926 3763 2101 3819 adhuc
2122 3761 2446 3829 inhabitant,
2470 3771 2525 3819 et
2552 3779 2658 3818 non
2681 3778 2803 3819 cum
2828 3764 3127 3836 ignorantia
3148 3768 3202 3824 in
3227 3770 3321 3827 Dei
3349 3772 3523 3830 famu-

1928 3859 2013 3915 los
2042 3865 2421 3929 peccaverunt.
2466 3857 2600 3913 Nam
2638 3872 2760 3913 cum
2812 3860 2912 3929 ipsi
2960 3860 3193 3919 Domino
3233 3863 3476 3923 dixerint
3508 3888 3522 3924 :

1934 3952 2075 4019 Quid
2096 3952 2278 4007 uenisti
2308 3962 2425 4006 ante
2468 3961 2667 4023 tempus
2713 3960 2947 4023 torquere
2993 3971 3087 4009 nos
3127 3954 3357 4027 (Matth.
3388 3975 3481 4016 vut
3506 4002 3523 4029 ,

1930 4045 2001 4101 29
2030 4044 2051 4116 )
2107 4063 2119 4098 :
2176 4044 2450 4115 quomodo
2477 4044 2595 4114 ejus
2627 4044 2857 4101 famulos
2888 4048 3223 4116 nescierunt,
3266 4066 3402 4123 quos
3428 4069 3531 4113 nec

1932 4138 2206 4206 persecuti
2238 4146 2445 4203 essent,
2474 4140 2521 4193 si
2555 4137 2674 4207 ejus
2704 4137 2937 4197 famulos
2965 4142 3350 4213 ignorassent?
3383 4147 3526 4219 Ergo

1932 4247 2055 4287 cum
2080 4232 2347 4302 persecuti
2379 4239 2524 4299 sunt,
2573 4232 2814 4288 scierunt
2856 4250 2991 4306 quos
3046 4252 3142 4307 per
3187 4246 3454 4295 tormenta
3496 4259 3528 4298 a

1936 4325 2165 4381 Domino
2215 4340 2314 4381 suo
2356 4324 2643 4382 detrahere
2691 4329 3048 4386 conabantur.
3100 4332 3177 4387 Ac
3229 4333 3353 4389 inde
3404 4348 3527 4391 cum

1935 4416 2081 4472 beati
2103 4428 2372 4488 martyres
2408 4432 2504 4487 pro
2533 4417 2843 4476 hominibus
2892 4422 3277 4493 intercedunt,
3327 4441 3531 4496 eosque

228 4524 460 4589 vidisse,
486 4538 556 4578 ne
582 4522 705 4592 quis
724 4536 846 4576 cum
865 4520 933 4576 de
958 4516 1272 4573 muneribus
1291 4516 1570 4585 diSputare
1598 4512 1825 4582 coeperi-
1858 4513 1909 4575 ι)
1937 4509 2257 4581 ignorantia:
2284 4512 2633 4568 excusatione
2649 4512 2950 4571 defendunt
2978 4534 2992 4570 :
3022 4519 3266 4588 sequitur
3280 4518 3533 4575 utscien-

232 4631 382 4685 mus,
415 4624 537 4687 post
562 4612 1018 4671 resurrectionem
1066 4610 1210 4666 dicat
1259 4607 1540 4665 tribuenda
1585 4605 1839 4678 martyri-

232 4710 361 4775 bus,
393 4724 515 4779 qutn
545 4706 724 4761 adhuc
743 4705 942 4761 animis
968 4703 1232 4759 docentur
1257 4702 1457 4757 indulta
1486 4718 1499 4753 :
1531 4698 1833 4770 praesertim

233 4817 361 4856 cum
388 4798 532 4854 istud
554 4798 877 4869 astipuletur
899 4796 1096 4861 nobis,
1148 4794 1291 4866 quod
1342 4795 1411 4850 tle
1458 4807 1607 4848 mora
1646 4791 1837 4862 jutlicii

235 4903 649 4966 conqueruntur
678 4909 694 4947 :
720 4906 879 4963 quam
910 4898 1322 4946 resurrecturus
1346 4888 1560 4957 utique,
1604 4901 1713 4941 non
1743 4886 1835 4957 qui

233 4987 349 5056 jam
378 4985 713 5051 resurrexit,
766 4993 985 5038 accusat
1012 4998 1027 5035 :
1060 4982 1314 5052 quoniam
1342 4979 1485 5035 aliud
1508 4988 1590 5035 est
1614 4992 1837 5048 poscere

241 5091 303 5135 ut
326 5089 529 5145 teneas,
560 5076 709 5132 aliud
738 5076 853 5147 jam’
878 5086 1081 5132 tenere.
1123 5073 1290 5129 Stola:
1314 5082 1494 5127 autem
1535 5079 1836 5142 martyrum

242 5174 513 5229 donantur
533 5170 796 5229 exercitui
821 5186 835 5224 :
866 5180 921 5224 et
951 5182 1223 5239 tamquam
1256 5177 1420 5221 tanta:
1457 5165 1722 5221 libertatis
1754 5164 1839 5218 in-

241 5277 453 5340 gratus,
478 5281 671 5338 magna
698 5264 899 5321 omium
932 5263 1106 5334 pulsat
1129 5260 1332 5317 invidia
1351 5259 1420 5315 de
1446 5258 1700 5314 tarditate
1720 5258 1835 5312 vin-

243 5364 407 5419 dictae
427 5363 579 5435 :quia
608 5377 719 5417 non
748 5359 855 5416 levi
872 5357 1111 5427 pondere
1132 5355 1400 5412 sermonis
1423 5352 1735 5425 exprobrat,
1752 5351 1838 5406 di-

248 5457 425 5514 cendo
456 5476 469 5513 :
502 5458 807 5527 Quousque,
832 5452 1076 5520 Domine,
1096 5453 1201 5508 hoc
1220 5460 1304 5507 est
1322 5450 1531 5506 dicere:
1553 5449 1842 5519 Quousque

250 5568 366 5607 non
390 5553 651 5621 vindicas,
679 5563 821 5621 quos
849 5547 1027 5603 statim
1048 5547 1320 5603 vindicare
1350 5544 1668 5600 debuisses?
1698 5542 1843 5610 Quo-

253 5664 431 5717 usque,
462 5647 709 5716 Domine,
736 5644 840 5700 hoc
869 5654 953 5700 est
1000 5644 1179 5700 dicere
1208 5660 1221 5696 :
1253 5640 1514 5712 numquid
1558 5649 1664 5696 nos
1706 5639 1849 5694 ultra

257 5741 414 5801 tinem
443 5742 633 5801 ditl'ers
657 5737 1032 5799 saeculorum?
1062 5736 1195 5795 Nam
1213 5735 1323 5810 jam
1371 5733 1437 5791 ad
1482 5733 1644 5790 tinem
1680 5744 1852 5803 usque

1939 4614 2020 4660 tes
2050 4614 2330 4661 teneantur
2357 4606 2409 4659 in
2428 4605 2679 4675 crimine,
2710 4608 2911 4679 quique
2934 4610 3078 4678 ipsas
3112 4612 3428 4681 ignorantia:
3453 4622 3533 4669 te-

1939 4698 2134 4753 nebras
2155 4696 2463 4752 hominibus
2490 4697 2864 4766 suffuderunt,
2904 4715 3136 4771 quorum
3178 4701 3331 4759 furor
3365 4707 3528 4763 etiam

1940 4791 2246 4861 impietates
2263 4800 2487 4847 excusat
2508 4791 2812 4847 humanas:
2845 4807 2980 4863 quos
3029 4808 3135 4848 non
3180 4795 3316 4853 alios
3347 4798 3530 4858 dicere

1940 4884 2259 4954 poterimus,
2287 4900 2449 4954 quam
2477 4883 2572 4953 qui
2593 4884 2753 4938 etiam
2777 4884 2893 4937 suis
2922 4898 3027 4938 non
3058 4887 3218 4943 amici
3246 4893 3533 4957 sunt,dum

1942 4980 2022 5033 cis
2046 4992 2151 5031 non
2178 4977 2499 5046 permittunt
2525 4990 2648 5031 esse
2669 4974 2813 5045 quod
2842 4974 3043 5032 bonum
3073 4989 3159 5035 est
3197 4999 3211 5035 :
3252 4985 3413 5042 etiam
3437 4988 3534 5045 Dei

1945 5068 2164 5124 famulis
2190 5068 2391 5122 inimici
2416 5077 2564 5134 sunt,
2597 5066 2723 5122 dum
2751 5082 2846 5122 eos
2871 5070 3016 5139 quod
3048 5071 3247 5133 bonum
3265 5082 3535 5153 nesciunt,

1947 5167 2366 5233 persequuntur.

2020 5251 2182 5307 XVII.
2213 5250 2341 5306 Post
2371 5250 2556 5305 harum
2585 5258 2894 5307 sanctarum
2915 5254 3216 5315 animarum
3236 5262 3537 5332 querelam,

1949 5350 2230 5421 sequentia
2257 5348 2564 5403 videamus.
2598 5345 2666 5402 Et
2695 5348 2832 5403 daue
2858 5361 3012 5414 sunt,
3064 5352 3171 5422 ait,
3217 5358 3289 5410 eis
3324 5358 3546 5429 singula:

1947 5442 2096 5498 stola:
2119 5439 2253 5495 albw
2279 5441 2466 5510 (Apoc.
2494 5454 2568 5506 vr,
2602 5440 2713 5511 ll).
2746 5440 2885 5506 Quid
2915 5443 3020 5496 hoc
3051 5455 3133 5497 est
3158 5449 3300 5515 quod
3346 5450 3540 5511 iterum

1954 5536 2258 5593 vestiuntur
2279 5533 2303 5584 ‘l
2323 5530 2458 5586 Nam
2488 5532 2656 5604 prius,
2688 5542 2745 5586 ut
2773 5532 3033 5599 scriptum
3057 5543 3163 5599 est,
3187 5552 3218 5593 a
3242 5538 3353 5597 Deo
3366 5554 3549 5602 vestes

1955 5636 2084 5685 sunt
2111 5624 2415 5691 consecuti,
2439 5633 2493 5681 et
2524 5639 2668 5680 nunc
2690 5621 3029 5678 indumentis
3056 5628 3271 5694 gemina
3301 5633 3551 5694 libertate

1959 5725 2245 5787 donantur.
2281 5722 2413 5792 Qua:
2462 5722 2647 5795 utique
2695 5717 3023 5781 vestimenta
3072 5732 3196 5781 cum
3250 5730 3551 5803 spiritualia
