3998 6198
616 214 686 273 99
1658 210 1717 267 S.
1761 206 2139 264 HIERONYMI
2176 200 2454 263 (lPERUM
2494 202 2861 261 MANTISSA.

3789 199 3872 257 100

615 333 749 401 sint,
776 345 880 385 non
912 340 1198 401 possumus
1219 326 1428 393 vereri,
1459 340 1529 382 ne
1573 325 1661 381 illa
1707 342 1828 396 qua:
1880 325 2032 396 prius
2077 323 2200 379 data
2225 318 2277 385 Α
2304 328 2404 378 est.
2438 321 2642 378 Etideo
2659 336 2802 378 nunc
2822 329 3140 392 aperantur,
3162 335 3269 377 non
3293 317 3361 377 de
3382 317 3574 377 merito
3590 317 3731 391 quod
3753 334 3871 373 sem-

616 433 764 493 sunt,
797 434 946 478 extra
978 420 1306 476 videantur:
1347 435 1446 475 nec
1489 435 1620 475 sane
1673 418 1889 490 querela
1940 428 2195 490 generata

617 528 720 575 est.
746 518 911 588 Igitur
936 515 1190 587 quoniam
1219 514 1509 571 diversitas
1538 515 1773 587 ipsorum
1795 522 1850 569 et
1876 513 2195 585 signiﬁcatio

614 613 867 673 vesnum,
896 623 999 662 non
1030 609 1146 662 sine
1174 609 1432 680 mysterio
1460 618 1581 673 est,
1606 608 1908 678 intelligere
1934 607 2196 663 debemus

613 706 878 761 donorum
905 703 1231 771 varietates,
1260 712 1313 757 et
1341 704 1711 772 operationnm
1761 701 1977 758 divitias
2008 720 2022 759 :
2064 720 2198 772 quo-

612 795 755 849 niam
788 792 963 848 omnia
984 793 1359 848 subministrat
1383 809 1521 848 unus
1550 802 1710 863 atque
1765 794 1905 849 idem
1953 795 2193 863 spiritus.

611 886 898 955 Accipiunt
944 898 1075 955 ergo
1119 893 1296 941 vestes
1343 887 1488 956 prius
1518 885 1604 941 ubi
1651 901 1746 956 per
1800 886 2194 942 confessionem

611 992 833 1048 corpora
866 988 1161 1044 posuerunt
1191 992 1206 1031 :
1239 977 1406 1032 credo
1436 990 1489 1031 ut
1514 979 1717 1045 vestiti,
1748 995 1851 1033 non
1886 980 2012 1033 nudi
2044 979 2198 1036 inve-

608 1074 872 1127 nirentur.
909 1069 1113 1126 Rmsus
1136 1070 1413 1141 accipiunt
1451 1070 1557 1124 alia
1588 1072 1911 1126 vestimenta
1958 1080 2079 1142 post
2118 1072 2199 1126 in-

610 1165 1046 1234 terpcllationcm
1068 1206 1083 1230 ,
1115 1164 1223 1217 imo
1254 1175 1373 1233 post
1408 1165 1835 1221 immutationem
1871 1177 1983 1220 tam
2026 1164 2198 1236 longa:

605 1260 883 1331 patientia:
913 1259 1384 1329 Sttstinentithue.
1409 1258 1537 1325 Qua:
1558 1260 1741 1329 utique
1762 1275 1884 1314 cum
1900 1258 2194 1329 accipiunt,

604 1356 725 1426 quis
754 1370 860 1408 non
884 1352 1158 1422 intelligit,
1192 1361 1250 1407 ut
1276 1367 1411 1405 nova
1466 1351 1588 1406 illos
1636 1363 1790 1408 veSIe
1821 1393 1836 1419 ,
1889 1353 1961 1407 ita
2002 1351 2198 1407 virtute

604 1446 875 1515 perfusos,
907 1459 1013 1513 qua
1047 1458 1189 1499 nunc
1242 1444 1477 1499 emicant
1511 1452 1565 1497 et
1605 1444 1903 1514 apparent?
1949 1444 2103 1511 Quod
2151 1444 2197 1499 si

605 1540 751 1593 aliud
776 1539 1171 1608 postulassent,
1226 1539 1367 1593 aliud
1398 1539 1761 1609 accepissent,
1788 1552 1879 1595 aut
1930 1541 2069 1596 dona
2112 1556 2199 1596 re-

605 1641 882 1703 spuerent,
917 1642 1009 1686 aut
1036 1631 1268 1702 amplius
1298 1641 1612 1703 quaererent
1640 1634 1804 1689 irrisi.
1833 1632 1903 1688 At
1950 1649 2070 1689 cum
2097 1650 2199 1691 nec

2303 430 2398 487 per
2415 415 2736 482 habuerunt,
2757 416 2849 470 sed
2868 414 2935 469 de
2956 412 3153 469 virtute
3177 429 3339 485 quam
3356 428 3527 484 nuper
3550 412 3733 483 adepti
3743 422 3868 469 sunt.

2374 506 2562 564 XVIII.
2598 509 2844 563 Forsitan
2884 514 3098 563 moveat
3148 508 3380 579 aliquem
3409 554 3422 577 ,
3466 506 3594 579 quid
3631 506 3699 562 sit
3747 508 3867 577 quod

2302 603 2951 673 exspectarejubeantur,
2978 603 3022 658 si
3064 601 3172 673 jam
3219 603 3284 657 ad
3317 602 3679 657 maturitatem
3719 616 3868 668 ptente

2295 694 2559 767 judicium
2589 694 2931 751 daemonibus
2960 694 3169 750 illatura
3194 698 3366 750 virtus
3403 695 3616 765 erupuit
3645 737 3659 760 ,
3708 710 3869 749 resur-

2299 789 2597 844 rectionem
2620 800 2676 843 ut
2706 790 3035 855 sustineant,
3064 788 3442 843 admonentur.
3479 787 3744 842 Caeterum
3774 784 3868 842 haec

2298 879 2404 934 illis
2425 879 2616 951 gloria,
2650 890 2703 934 et
2730 880 2783 934 in
2812 878 2979 933 David
3031 878 3363 935 carminibus
3409 877 3587 934 fuerat
3632 879 3867 948 promissa

2301 971 2385 1026 his
2415 973 2591 1029 verbis
2615 990 2628 1026 :
2650 971 2987 1026 Lwtabuntur
3013 974 3064 1025 in
3096 972 3350 1027 cubilibus
3378 972 3484 1027 suis
3511 970 3681 1043 (Psal.
3703 987 3866 1039 cxux,

2300 1064 2380 1133 9.).
2436 1066 2572 1121 Dum
2623 1066 2822 1137 sepulti
2848 1075 2997 1133 sunt,
3051 1067 3236 1139 utique
3290 1066 3638 1123 laetabuntur.
3684 1065 3868 1122 Cubilia

2302 1157 2482 1228 posuit
2544 1172 2643 1228 pro
2702 1158 2968 1227 sepulcris
3003 1202 3019 1226 ,
3083 1158 3152 1214 de
3206 1160 3400 1228 quibus
3446 1171 3498 1216 et
3534 1159 3869 1216 resurrecturi

2301 1262 2474 1317 sunt,
2534 1267 2651 1305 cum
2701 1268 2820 1306 race
2882 1252 3186 1325 archangeli
3234 1262 3282 1309 et
3344 1254 3466 1307 tuba
3524 1252 3626 1308 Dei
3685 1253 3871 1309 fuerint

2300 1344 2523 1400 excitati
2555 1344 2598 1415 (l
2628 1344 2811 1400 Thess.
2844 1362 2917 1410 IV,
2948 1345 3057 1417 15).
3093 1346 3301 1403 Cubilia
3331 1360 3593 1418 ergovere
3611 1347 3868 1413 dicuntur,

2302 1426 2578 1511 inquibus
2606 1455 2749 1495 nunc
2780 1442 3086 1510 quiescunt.
3118 1441 3187 1499 Et
3216 1443 3259 1496 si
3292 1441 3593 1497 laztabuntur
3620 1442 3673 1495 in
3703 1441 3872 1495 cubili-

2302 1532 2396 1588 bus
2417 1535 2546 1601 suis,
2579 1534 2728 1606 prius
2773 1536 2875 1591 hoc
2913 1533 3155 1591 futurum
3191 1546 3327 1603 erat,
3365 1552 3558 1607 nempe
3585 1551 3745 1604 quam
3768 1550 3870 1590 sur-

2300 1636 2492 1697 gerent
2517 1626 2584 1683 de
2621 1628 2824 1700 quiete,
2848 1638 3135 1700 surgerent
3165 1628 3233 1685 de
3258 1630 3543 1699 sepulcris.
3567 1629 3721 1696 Quod
3752 1629 3869 1685 adeo

605 1724 834 1780 irridere
864 1725 1006 1786 illus,
1038 1723 1131 1779 Dei
1162 1725 1255 1788 sit,
1299 1724 1494 1794 quibus
1525 1740 1715 1794 magna
1740 1727 1989 1797 promisit
2020 1742 2034 1784 ;
2063 1735 2118 1781 et
2143 1727 2196 1781 bi
2229 1722 2275 1782 Β
2301 1720 2583 1792 impletum
2616 1733 2722 1788 est,
2754 1733 2812 1779 ut
2840 1724 2891 1778 in
2917 1725 3190 1780 cubilibus
3221 1725 3335 1780 suis
3363 1724 3483 1780 illos
3518 1725 3637 1780 sine
3675 1723 3868 1779 dubita-

605 1826 728 1887 post
753 1816 1045 1872 secundam
1076 1816 1501 1871 munificentiam
1539 1834 1643 1871 non
1678 1828 1995 1888 querantur,
2040 1819 2197 1874 dubi-

604 1918 850 1964 tamusne
873 1909 940 1964 ad
965 1910 1394 1964 consolationem
1420 1911 1761 1979 querelarum
1796 1926 1913 1966 earn
1959 1912 2192 1982 speciem

600 1999 903 2069 pertinere,
936 2015 1056 2070 quae
1086 1999 1375 2054 vindictam
1407 2001 1808 2070 postulantibus
1838 2014 1919 2056 est
1960 2003 2197 2059 donata?

595 2094 730 2147 Διδί
764 2092 829 2146 ad
855 2092 1307 2156 consolationem,
1341 2110 1460 2162 quae
1492 2095 1665 2164 major
1698 2096 2005 2150 consolatio
2043 2105 2194 2164 pote-

596 2186 669 2241 rit
696 2185 926 2240 inveniri
960 2185 1062 2240 hac
1081 2196 1346 2254 potestate
1369 2201 1472 2254 qua
1494 2186 1792 2255 dzcmones,
1826 2188 1878 2241 id
1909 2200 1990 2243 cst
2021 2231 2035 2251 ,
2068 2204 2196 2243 suos

597 2288 997 2351 persequuntur
1020 2278 1305 2334 inimicos?
1328 2278 1461 2333 Nam
1485 2279 1529 2333 si
1560 2282 1726 2335 stolas
1786 2284 1913 2336 istas
1960 2282 2024 2335 ad
2074 2298 2198 2352 spc-

596 2374 733 2429 ciem
757 2385 1065 2428 nostrarum
1091 2373 1326 2428 vestium
1359 2372 1706 2428 conferamus
1743 2391 1759 2429 :
1810 2377 1945 2430 alias
1980 2391 2196 2448 quoque

598 2468 827 2534 aliquas,
860 2481 927 2520 ne
954 2466 1007 2519 in
1042 2466 1126 2519 his
1159 2466 1490 2533 reponendis
1548 2477 1739 2535 egeant
1771 2512 1783 2533 ,
1840 2468 2195 2537 inquiramus.

599 2558 707 2615 Sed
742 2559 844 2614 hoc
870 2557 1161 2613 ridiculum
1188 2567 1294 2622 est,
1328 2557 1473 2626 quod
1504 2559 1683 2611 statim
1714 2561 1986 2628 occurrit,
2018 2561 2143 2631 quia
2167 2578 2196 2615 a

594 2666 722 2707 vera
752 2660 806 2707 et
836 2650 1144 2707 necessaria
1170 2648 1628 2720 interpretatione
1667 2650 1920 2706 discedit.
1961 2653 2034 2707 De
2078 2634 2195 2708 vim

597 2745 759 2799 dictae
793 2759 940 2798 mora
982 2754 1237 2813 generata
1284 2752 1369 2797 est
1414 2744 1653 2814 querela.
1698 2743 1757 2799 In
1808 2744 1967 2800 finem
2010 2747 2196 2817 utique

596 2847 921 2907 temporum,
949 2838 1000 2892 id
1028 2851 1131 2905 εει,
1163 2848 1465 2894 nostrorum
1500 2854 1515 2896 :
1548 2841 1599 2893 in
1630 2854 1727 2895 nos
1757 2840 1902 2895 enim
1934 2840 2067 2897 fines
2095 2856 2198 2897 sac-

596 2933 841 2987 culorum
871 2932 1228 2995 devenerunt,
1264 2941 1322 2987 ut
1352 2946 1505 2987 mora
1535 2933 1811 3001 credatur,
1842 2935 1906 2989 ad
1935 2934 2073 2990 hanc
2113 2936 2193 2991 di-

596 3023 844 3080 luendam
872 3026 1029 3080 stolis
1057 3025 1253 3081 anima:
1280 3027 1583 3081 vcstiuntur
1602 3069 1616 3090 ,
1668 3043 1736 3081 ne
1773 3028 1991 3083 omnino
2035 3028 2192 3085 nuda:

2303 1816 2449 1870 tione
2495 1816 2731 1885 gaudere
2767 1816 3071 1873 videamus.
3105 1817 3238 1872 Nam
3284 1833 3401 1888 quae
3428 1817 3533 1872 alia
3563 1818 3688 1873 talis
3709 1828 3871 1888 gratu-

2299 1907 2430 1962 latio
2459 1911 2671 1963 animas
2699 1911 2914 1966 illorum
2942 1913 3141 1981 poterit
3169 1912 3394 1980 intrare,
3429 1918 3595 1980 quam’
3618 1926 3739 1967 cum
3762 1921 3867 1966 ante

2299 2000 2414 2070 ipsa
2438 2001 2661 2068 cubilia,
2689 2002 2740 2057 id
2770 2010 2873 2070 est,
2898 2015 2953 2058 ut
2984 2004 3247 2068 diximus,
3274 2004 3516 2072 sepulcra
3551 2012 3865 2067 sanctorum,

2300 2093 2371 2148 ibi
2395 2109 2488 2148 eos
2527 2092 2734 2149 inimici
2765 2097 2868 2161 sui,
2899 2112 3034 2166 quos
3066 2111 3124 2150 se
3160 2096 3431 2167 quondam
3470 2096 3737 2153 oecidisse
3764 2110 3867 2151 cre-

2298 2186 2518 2250 debant,
2556 2202 2697 2242 nunc
2723 2200 2778 2242 et
2805 2188 3016 2252 vivere,
3043 2196 3098 2244 et
3141 2189 3331 2245 ulcisci
3374 2203 3434 2245 se
3477 2205 3582 2243 non
3623 2191 3742 2245 sine
3780 2200 3870 2243 tor-

2298 2287 2608 2333 mentorum
2667 2280 2962 2335 acerbitate
3008 2281 3371 2348 profitentur?
3410 2281 3523 2336 Hoc
3574 2281 3683 2337 illis
3735 2281 3869 2335 stola:

2299 2369 2437 2434 istae,
2455 2386 2589 2442 quas
2621 2372 2840 2427 iteravit
2869 2374 3119 2442 specialis
3142 2374 3377 2446 largitio,
3400 2374 3770 2441 contulerunt,
3794 2388 3869 2444 per

2298 2479 2394 2519 eas
2431 2475 2485 2519 et
2529 2466 2616 2535 qui
2667 2482 2773 2519 non
2820 2466 3261 2535 nominabantur,
3288 2466 3677 2536 implorantur,
3710 2477 3763 2520 et
3796 2465 3871 2535 qui

2298 2558 2700 2621 nesciebantur,
2725 2558 3070 2614 celebrantur
3105 2568 3197 2616 :et
3233 2561 3325 2631 qui
3378 2574 3486 2615 non
3536 2559 3868 2621 videbantur,

2297 2660 2581 2719 apparent.
2617 2651 2722 2705 llas
2749 2654 2941 2718 stolas,
2967 2662 3022 2707 ut
3045 2651 3297 2724 legimus,
3329 2652 3610 2725 hucusque
3649 2666 3756 2708 non
3796 2652 3872 2705 ha-

2298 2742 2553 2809 buerunt,
2583 2747 2678 2799 sed
2713 2760 2856 2799 nunc
2888 2746 3092 2802 habere
3134 2756 3440 2817 coeperunt.
3472 2747 3531 2802 lu
3584 2746 3689 2802 hac
3718 2747 3868 2802 forma

2299 2838 2492 2892 mulier
2519 2839 2605 2892 illa
2650 2841 2702 2893 in
2731 2841 3023 2898 Salomone
3057 2842 3331 2909 laudatur,
3361 2860 3481 2915 quae
3510 2843 3759 2912 duplices
3789 2857 3869 2897 ve-

2296 2936 2408 2984 stes
2441 2930 2569 2984 facit
2592 2932 2709 2986 viro
2737 2947 2836 2987 suo
2865 2951 2878 2987 :
2909 2950 3069 2988 unam
3107 2937 3159 2991 in
3187 2937 3451 3005 patientia
3475 2938 3772 3007 passionis,
3800 2936 3868 2991 al-

2298 3032 2469 3077 teram
2496 3024 2546 3077 in
2578 3026 2777 3080 virtute
2806 3025 3075 3081 vindictzc.
3102 3027 3193 3084 Sic
3223 3030 3378 3084 nobis
3405 3031 3590 3101 legere
3636 3039 3869 3085 sanctum

588 3120 713 3175 sine
746 3118 933 3186 majori
966 3118 1306 3189 protectione
1327 3126 1666 3189 putarentur.
1718 3118 1836 3175 Alia
1883 3120 2024 3175 enim
2056 3124 2191 3178 ratio
2219 3105 2263 3168 C
2295 3122 2455 3182 atque
2480 3114 2625 3183 Pium
2648 3125 2733 3171 est
2763 3134 2774 3168 ε
2805 3116 2941 3173 alias
2972 3134 3072 3174 nec
3102 3121 3248 3192 loqui
3279 3122 3563 3190 debemus,
3596 3138 3668 3177 ne
3698 3123 3777 3178 vel
3802 3121 3870 3176 iu.

594 3212 894 3266 animarum
928 3221 1011 3266 cst
1039 3226 1269 3282 corpore
1290 3211 1708 3282 eXSpoliatarnm
1733 3255 1749 3280 ,
1777 3213 1876 3267 alia
1914 3212 2188 3271 hominum

591 3304 765 3359 adhuc
786 3305 836 3359 in
864 3320 1027 3359 carne
1064 3304 1387 3359 viventium.
1442 3304 1608 3359 Nobis
1656 3306 1836 3361 ovium
1889 3307 2087 3363 vellera
2137 3320 2191 3364 et

590 3397 833 3466 Operatio
862 3397 1100 3453 muleris
1130 3397 1439 3452 indumenta
1469 3409 1759 3467 procurant
1798 3416 1809 3450 :
1844 3398 1948 3453 illis
1984 3398 2189 3455 faciunt

591 3493 779 3546 merita
802 3493 1201 3546 vestimentum.
1231 3492 1363 3545 Cum
1395 3506 1523 3559 ergo
1552 3502 1673 3562 post
1716 3492 1988 3563 querelam
2044 3508 2187 3548 mar-

592 3593 792 3653 tyrum,
827 3584 1021 3638 animm
1050 3583 1205 3637 stolis
1231 3583 1576 3647 amiciuntur,
1626 3582 1802 3638 divina
1853 3585 2189 3654 protectionc

591 3675 884 3738 donantur,
911 3691 1013 3745 qua
1046 3691 1105 3729 se
1136 3676 1489 3743 supcrvcstiri
1523 3676 1683 3729 etiam
1718 3677 1806 3733 ille
1833 3693 1929 3733 vas
1966 3678 2188 3735 electio—

591 3768 676 3823 nis
698 3768 921 3837 optabat
972 3780 1178 3832 :qnam
1237 3776 1440 3821 vestem
1492 3766 1664 3822 Adam
1708 3784 1825 3824 cum
1868 3771 2181 3838 amisisset,

590 3861 752 3915 etiam
781 3858 834 3912 in
865 3856 1117 3926 paradiso
1150 3856 1324 3912 nudus
1349 3857 1597 3913 inventus
1628 3868 1729 3914 est.
1778 3862 2014 3932 Denique
2050 3864 2188 3918 iudi-

590 3963 678 4007 cat
728 3951 970 4020 operatio
1007 3950 1134 4020 quid
1184 3950 1350 4005 stolas
1400 3952 1701 4022 intelligere
1749 3955 2063 4011 debeamus.
2126 3956 2181 4012 Si

590 4050 896 4120 postulasse
924 4047 1215 4102 vindictam
1241 4056 1505 4120 martyres
1553 4050 1824 4106 credimus
1872 4064 1887 4106 :
1934 4067 2061 4123 ergo
2116 4053 2183 4107 ad

588 4143 1015 4200 consolationem
1039 4142 1312 4197 credimus
1340 4144 1559 4199 interim
1582 4144 1783 4213 aliquid
1808 4146 2104 4214 accepisse.
2123 4145 2181 4201 Si

588 4251 814 4311 propter
844 4240 1032 4305 stolas,
1062 4238 1212 4293 velut
1248 4236 1506 4309 quasdam
1544 4236 1774 4292 vesﬁum
1829 4239 2138 4307 largitiones
2160 4282 2175 4307 ,

586 4332 809 4405 querela
830 4330 1015 4386 sedata
1042 4340 1125 4385 est
1158 4345 1289 4383 :cur
1318 4345 1421 4383 non
1454 4330 1569 4383 hate
1610 4340 1662 4383 et
1696 4330 1864 4398 prima
1890 4328 2030 4384 dona
2060 4346 2179 4385 me-

585 4423 845 4482 ruerunt?
871 4422 981 4479 Sed
1011 4424 1289 4495 quoniam,
1320 4420 1530 4485 utdixi,
1559 4422 1815 4475 virtutum
1848 4423 2135 4478 varietates
2159 4466 2173 4489 ,

2295 3204 2526 3259 fidelitas
2554 3215 2761 3272 nostra,
2793 3210 2881 3264 vel
2908 3211 3212 3281 ignorantia
3253 3213 3304 3267 in
3330 3216 3581 3270 tenebras
3606 3214 3869 3285 gentilita-

2294 3297 2363 3351 tis
2392 3297 2705 3368 blaSphema
2737 3301 3105 3372 disputatione
3134 3308 3428 3377 descendat
3457 3326 3469 3360 :
3503 3323 3623 3362 cum
3652 3309 3870 3380 prophe-

2291 3391 2365 3443 tia
2409 3407 2475 3445 ex
2515 3406 2581 3445 eo
2624 3400 2989 3463 praecesserit,
3025 3408 3085 3452 ut
3122 3400 3368 3454 venturis
3415 3400 3593 3455 lumen
3634 3401 3868 3457 inferret.

2291 3480 2443 3537 Nunc
2472 3497 2723 3550 superest
2750 3497 2807 3543 ut
2833 3489 3104 3545 credenda
3135 3493 3248 3546 sint
3287 3493 3548 3547 divinitus
3589 3491 3717 3550 fieri
3767 3510 3873 3566 qum

2290 3575 2639 3644 probavimus
2684 3588 2740 3633 et
2788 3582 3055 3649 promissa
3110 3599 3126 3640 :
3187 3598 3286 3640 nec
3330 3593 3538 3641 tantum
3590 3587 3869 3656 promissa,

2288 3676 2576 3737 quantum,
2606 3677 2665 3726 et
2694 3673 2985 3742 pustulata.
3011 3675 3164 3743 Quod
3196 3677 3243 3731 si
3265 3686 3318 3733 et
3348 3678 3619 3748 postulata
3652 3689 3803 3747 sunt,
3825 3689 3873 3734 et

2290 3776 2397 3816 non
2435 3762 2560 3817 aliis
2609 3779 2768 3835 quam
2819 3770 3169 3836 poscentibus
3200 3771 3482 3841 attributa,
3513 3770 3643 3841 quid
3679 3772 3868 3827 mirum

2299 3865 2404 3919 est,
2436 3857 2480 3910 si
2514 3857 2762 3925 autquod
2794 3860 3221 3928 postulaverant,
3249 3870 3343 3916 aut
3369 3862 3511 3933 quod
3542 3864 3784 3933 gaudent
3818 3878 3871 3918 se

2290 3956 2423 4004 ante
2461 3948 2771 4021 accepisse,
2804 3964 2912 4007 non
2957 3956 3251 4011 occultant.
3288 3956 3522 4028 Exigunt
3568 3972 3763 4027 poenas
3809 3958 3870 4012 ab

2291 4040 2408 4105 bis,
2455 4044 2543 4113 qui
2616 4043 2919 4101 inhabitant
2986 4048 3040 4102 in
3104 4050 3264 4104 terris
3320 4068 3337 4103 :
3395 4064 3528 4119 quos
3603 4050 3871 4106 accusatio

2283 4134 2737 4205 comprehendit,
2794 4139 2896 4193 hos
2958 4141 3130 4195 virtus
3194 4140 3492 4211 impugnat.
3563 4142 3669 4212 ipsi
3731 4146 3869 4199 enim

2281 4227 2583 4284 inhabitant
2639 4232 2691 4285 in
2742 4234 2940 4301 terris,
2995 4234 3082 4302 qui
3126 4235 3400 4304 possideat
3441 4244 3650 4292 mentes
3702 4237 3870 4291 homi-

2284 4337 2409 4376 num
2442 4331 2656 4378 terrena
2700 4325 3287 4397 possidentium:un
3332 4343 3461 4383 cum
3510 4336 3783 4401 martyres
3808 4329 3869 4384 ad

2286 4421 2555 4491 supplicia
2593 4420 2719 4494 [AL
2753 4422 3043 4494 martyria]
3082 4424 3399 4493 deposcunt,
3429 4425 3592 4480 etiam
3643 4440 3748 4497 pro
3792 4426 3870 4480 bis

584 4520 779 4592 quibus
804 4518 1062 4575 divinitus
1095 4518 1373 4589 praeclarae
1400 4516 1596 4571 anima:
1627 4516 1959 4580 muniuntur,
1982 4516 2034 4570 in
2062 4525 2176 4571 sto-
2205 4501 2253 4560 υ
2279 4528 2415 4586 quos
2475 4515 2858 4584 possederant,
2917 4517 3301 4587 deprecantur.
3364 4519 3607 4589 Denique
3653 4530 3711 4574 et
3762 4522 3867 4589 ipsa

583 4616 651 4673 lis
672 4629 798 4672 sunt
829 4617 1121 4686 designata:
1149 4630 1165 4672 :
1197 4613 1321 4667 ideo
1350 4620 1467 4681 post
1498 4609 1791 4666 secundam
1825 4611 2173 4681 magnificen-

586 4713 741 4779 tiam,
768 4711 918 4781 juxta
952 4707 1329 4778 postulationis
1362 4705 1621 4771 forntam,
1656 4705 1708 4759 in
1750 4719 1843 4759 eos
1868 4715 2175 4775 persecuto-

581 4819 692 4873 res,
722 4805 813 4874 qui
846 4804 896 4857 in
928 4802 1087 4857 terris
1110 4801 1449 4867 inhabitant,
1485 4799 1610 4871 quid
1638 4800 1912 4855 consecuti
1948 4799 2169 4856 videan~

586 4905 694 4961 tur,
732 4894 1047 4958 ostendunt,
1086 4892 1211 4963 quid
1252 4891 1425 4946 adhuc
1473 4892 1636 4946 etiam
1696 4890 1924 4946 habituri
1971 4904 2166 4950 erunt:

583 4985 709 5038 dum
740 4986 853 5055 pari
880 4986 1258 5056 persecutione
1282 4999 1572 5041 conservos
1594 5000 1805 5054 eorum,
1829 4983 2002 5041 donec
2025 5000 2167 5058 prae-

582 5079 885 5136 destinatus
919 5082 1134 5135 testium
1166 5094 1422 5137 numerus
1449 5080 1753 5151 impleatur,
1788 5079 2170 5139 occident.llic

580 5183 635 5229 et
656 5172 795 5226 istud
820 5185 923 5225 non
946 5173 1117 5229 otiose
1146 5184 1226 5229 est
1245 5173 1656 5245 accipiendum,
1696 5175 1838 5244 quod
1878 5174 2020 5229 inter
2060 5172 2169 5229 duo

577 5265 1021 5339 persecutionum
1055 5273 1316 5337 tempora,
1349 5266 1463 5321 lucc
1494 5278 1787 5338 martyrum
1808 5281 1904 5320 vox
1936 5280 2169 5335 praeces-

574 5362 668 5427 sit,
695 5369 754 5414 ut
772 5357 1059 5429 designent
1082 5357 1201 5412 illos
1247 5357 1663 5425 blasjibetnare,
1703 5356 1794 5428 qui
1842 5370 1937 5412 eos
1976 5368 2164 5414 nostro

576 5465 821 5523 tempore
876 5452 999 5507 novi
1051 5449 1251 5521 aliquid
1305 5460 1626 5505 consecutos
1678 5450 1843 5505 fuisse
1877 5450 2164 5506 mirantur.

576 5545 711 5600 Nam
741 5554 795 5599 et
821 5560 943 5598 cum
968 5544 1128 5597 fuisse
1158 5542 1408 5597 crudeles
1429 5545 1835 5611 persecutiones
1862 5543 2160 5610 videamus,

572 5645 629 5692 et
653 5646 905 5690 venturas
928 5635 1209 5690 credamus
1235 5634 1495 5699 medium,
1515 5649 1642 5704 ergo
1660 5635 1801 5689 istud
1826 5646 2035 5704 tempus
2059 5654 2164 5704 quo

568 5736 839 5796 martyres
852 5727 939 5795 qui
955 5733 1348 5795 praecesserunt
1363 5725 1910 5797 remunerantur,hoc
1921 5737 2163 5784 nostrum

2282 4608 2554 4665 mirabilia
2583 4624 2678 4665 sua
2708 4608 2788 4665 sic
2818 4619 3084 4680 agunt,ut
3097 4623 3242 4666 eosa
3264 4620 3481 4667 terrena
3509 4611 3867 4676 habitatione,

2281 4700 2334 4755 id
2363 4712 2469 4767 est,
2495 4701 2563 4756 ab
2588 4703 2823 4756 obsessis
2849 4704 3080 4757 terrenis
3108 4703 3416 4759 hominibus
3445 4704 3767 4761 excludant.
3794 4711 3869 4761 An

2280 4794 2698 4859 calumniamur,
2716 4808 2815 4850 cur
2840 4794 3117 4851 daemones
3147 4806 3521 4868 torqueantur,
3542 4806 3597 4853 et
3622 4797 3869 4854 ﬁtvemus

2282 4888 2551 4943 inimicis?
2576 4888 2837 4962 Martyres
2868 4902 3056 4945 contra
3089 4892 3233 4961 ipsus
3263 4908 3397 4962 pene
3442 4892 3708 4947 invidiosa
3737 4894 3871 4947 indi-

2280 4983 2536 5053 gnatione
2568 4984 2870 5055 insurgunt,
2898 4994 2953 5039 et
2991 4986 3250 5041 sustineri
3283 4985 3405 5040 illos
3446 4996 3594 5039 tanto
3637 4988 3868 5042 smculo-

2278 5094 2401 5134 rum
2435 5077 2611 5147 spatio
2651 5087 3058 5147 conqueruntur
3089 5095 3101 5133 :
3136 5089 3191 5133 et
3223 5092 3320 5132 nos
3352 5076 3604 5148 fingimus
3636 5094 3741 5135 nos
3774 5078 3871 5133 mi-

2276 5172 2387 5226 rari
2414 5172 2542 5242 quid
2590 5172 2732 5228 istud
2782 5175 2872 5238 sit,
2908 5172 3061 5243 quasi
3112 5188 3219 5228 non
3262 5172 3497 5227 debeant
3538 5171 3623 5227 vel
3678 5182 3865 5227 nostro

2274 5276 2523 5334 tempore
2571 5269 2801 5333 Solvere,
2834 5269 2975 5338 quod
3022 5266 3091 5323 ab
3137 5266 3304 5322 Adam
3357 5265 3675 5321 merentur?
3707 5265 3862 5335 Quod

2274 5373 2452 5413 autem
2487 5359 2624 5413 istud
2669 5360 2990 5415 miraculum
3035 5357 3318 5415 Mediolani
3361 5358 3578 5414 videtur
3624 5361 3866 5429 primum

2273 5458 2545 5514 exortum,
2576 5452 2661 5505 vel
2710 5452 2852 5505 bono
2897 5452 3190 5507 Ambrosio
3222 5452 3436 5522 proprie
3481 5462 3595 5521 prae
3641 5452 3867 5507 caeteris

2272 5542 2440 5597 fuisse
2495 5552 2833 5609 concessum,
2878 5547 3000 5614 quis
3048 5560 3152 5597 non
3199 5543 3349 5598 videt»
3399 5542 3559 5598 fidem
3610 5552 3863 5599 nostram

2270 5634 2494 5703 propter
2537 5631 2861 5687 Arianorum
2914 5633 3199 5704 perfidiam
3263 5634 3464 5689 divinis
3528 5635 3868 5691 testimoniis

2266 5722 2659 5795 approbatam?
2686 5720 2929 5795 Namque
2955 5741 3079 5783 cum
3115 5730 3171 5785 in
3215 5726 3368 5784 Italia
3409 5724 3686 5784 catholica
3726 5727 3869 5788 ﬁdes
