  <div class='ocr_page' id='page_1' title='image "/cluster/home/n/w/nwhite01/storage/ocr_20150623/30/uva.x000826572/058.png"; bbox 0 0 3998 6198; ppageno 0'>
   <div class='ocr_carea' id='block_1_1' title="bbox 192 236 283 300">
    <p class='ocr_par' dir='ltr' id='par_1_1' title="bbox 192 236 283 300">
     <span class='ocr_line' id='line_1_1' title="bbox 192 236 283 300; baseline 0.011 -2"><span class='ocrx_word' id='word_1_1' title='bbox 192 236 283 300; x_wconf 77' lang='grc'><strong>101</strong></span> 
     </span>
    </p>
   </div>
   <div class='ocr_carea' id='block_1_2' title="bbox 1156 236 2484 300">
    <p class='ocr_par' dir='ltr' id='par_1_2' title="bbox 1156 236 2484 300">
     <span class='ocr_line' id='line_1_2' title="bbox 1156 236 2484 300; baseline -0.004 -1"><span class='ocrx_word' id='word_1_2' title='bbox 1156 238 1492 300; x_wconf 75' lang='lat' dir='ltr'><strong>EPISTOLA</strong></span> <span class='ocrx_word' id='word_1_3' title='bbox 1533 238 1624 297; x_wconf 74' lang='lat' dir='ltr'><strong>Vl.</strong></span> <span class='ocrx_word' id='word_1_4' title='bbox 1666 238 1757 297; x_wconf 83' lang='lat' dir='ltr'><strong>AD</strong></span> <span class='ocrx_word' id='word_1_5' title='bbox 1796 236 2065 297; x_wconf 77' lang='lat' dir='ltr'><strong>AMICUM</strong></span> <span class='ocrx_word' id='word_1_6' title='bbox 2105 236 2484 299; x_wconf 59' lang='lat' dir='ltr'><strong>(EGROTUM.</strong></span> 
     </span>
    </p>
   </div>
   <div class='ocr_carea' id='block_1_3' title="bbox 3366 238 3468 297">
    <p class='ocr_par' dir='ltr' id='par_1_3' title="bbox 3366 238 3468 297">
     <span class='ocr_line' id='line_1_3' title="bbox 3366 238 3468 297; baseline 0 -1"><span class='ocrx_word' id='word_1_7' title='bbox 3366 238 3468 297; x_wconf 75' lang='grc'><strong>102</strong></span> 
     </span>
    </p>
   </div>
   <div class='ocr_carea' id='block_1_4' title="bbox 192 358 3471 434">
    <p class='ocr_par' dir='ltr' id='par_1_4' title="bbox 192 358 3471 434">
     <span class='ocr_line' id='line_1_4' title="bbox 192 358 3471 434; baseline 0.001 -21"><span class='ocrx_word' id='word_1_8' title='bbox 192 359 591 416; x_wconf 76' lang='lat' dir='ltr'><strong>intolerabilem</strong></span> <span class='ocrx_word' id='word_1_9' title='bbox 643 358 976 433; x_wconf 82' lang='lat' dir='ltr'><strong>tyrannidem</strong></span> <span class='ocrx_word' id='word_1_10' title='bbox 1024 360 1126 418; x_wconf 90' lang='lat' dir='ltr'><strong>sub</strong></span> <span class='ocrx_word' id='word_1_11' title='bbox 1165 361 1439 418; x_wconf 78' lang='lat' dir='ltr'><strong>Auxentio</strong></span> <span class='ocrx_word' id='word_1_12' title='bbox 1493 362 1775 417; x_wconf 90' lang='lat' dir='ltr'><strong>sustinuis-</strong></span> <span class='ocrx_word' id='word_1_13' title='bbox 1805 364 1856 422; x_wconf 81' lang='grc' dir='ltr'><strong>Α</strong></span> <span class='ocrx_word' id='word_1_14' title='bbox 1886 361 2066 415; x_wconf 91' lang='lat' dir='ltr'><strong>nimus</strong></span> <span class='ocrx_word' id='word_1_15' title='bbox 2094 370 2149 417; x_wconf 90' lang='lat' dir='ltr'><strong>et</strong></span> <span class='ocrx_word' id='word_1_16' title='bbox 2186 377 2394 418; x_wconf 79' lang='lat' dir='ltr'><strong>causas.</strong></span> <span class='ocrx_word' id='word_1_17' title='bbox 2423 362 2579 433; x_wconf 84' lang='lat' dir='ltr'><strong>Quod</strong></span> <span class='ocrx_word' id='word_1_18' title='bbox 2615 362 2717 420; x_wconf 86' lang='lat' dir='ltr'><strong>iste</strong></span> <span class='ocrx_word' id='word_1_19' title='bbox 2740 377 2907 434; x_wconf 88' lang='lat' dir='ltr'><strong>usque</strong></span> <span class='ocrx_word' id='word_1_20' title='bbox 2934 361 3068 419; x_wconf 90' lang='lat' dir='ltr'><strong>adeo</strong></span> <span class='ocrx_word' id='word_1_21' title='bbox 3101 377 3210 419; x_wconf 90' lang='lat' dir='ltr'><strong>non</strong></span> <span class='ocrx_word' id='word_1_22' title='bbox 3243 362 3471 431; x_wconf 85' lang='lat' dir='ltr'><strong>vidit,ut</strong></span> 
     </span>
    </p>
   </div>
   <div class='ocr_carea' id='block_1_5' title="bbox 189 451 1769 519">
    <p class='ocr_par' dir='ltr' id='par_1_5' title="bbox 189 451 1769 519">
     <span class='ocr_line' id='line_1_5' title="bbox 189 451 1769 519; baseline 0.002 -13"><span class='ocrx_word' id='word_1_23' title='bbox 189 460 293 518; x_wconf 88' lang='lat' dir='ltr'><strong>set,</strong></span> <span class='ocrx_word' id='word_1_24' title='bbox 329 452 573 519; x_wconf 78' lang='lat' dir='ltr'><strong>tandem,</strong></span> <span class='ocrx_word' id='word_1_25' title='bbox 602 451 839 509; x_wconf 83' lang='lat' dir='ltr'><strong>donante</strong></span> <span class='ocrx_word' id='word_1_26' title='bbox 870 452 1100 508; x_wconf 84' lang='lat' dir='ltr'><strong>Domino</strong></span> <span class='ocrx_word' id='word_1_27' title='bbox 1156 454 1467 510; x_wconf 88' lang='lat' dir='ltr'><strong>libertatem</strong></span> <span class='ocrx_word' id='word_1_28' title='bbox 1510 466 1769 519; x_wconf 85' lang='lat' dir='ltr'><strong>veterem,</strong></span> 
     </span>
    </p>
   </div>
   <div class='ocr_carea' id='block_1_6' title="bbox 199 544 1773 618">
    <p class='ocr_par' dir='ltr' id='par_1_6' title="bbox 199 544 1773 618">
     <span class='ocr_line' id='line_1_6' title="bbox 199 544 1773 618; baseline 0.001 -20"><span class='ocrx_word' id='word_1_29' title='bbox 199 553 253 598; x_wconf 83' lang='lat' dir='ltr'><strong>et</strong></span> <span class='ocrx_word' id='word_1_30' title='bbox 277 546 391 617; x_wconf 84' lang='lat' dir='ltr'><strong>jam</strong></span> <span class='ocrx_word' id='word_1_31' title='bbox 414 561 479 600; x_wconf 90' lang='lat' dir='ltr'><strong>eo</strong></span> <span class='ocrx_word' id='word_1_32' title='bbox 505 553 748 618; x_wconf 90' lang='lat' dir='ltr'><strong>tempore</strong></span> <span class='ocrx_word' id='word_1_33' title='bbox 774 561 882 615; x_wconf 90' lang='lat' dir='ltr'><strong>quo</strong></span> <span class='ocrx_word' id='word_1_34' title='bbox 908 544 1164 616; x_wconf 82' lang='lat' dir='ltr'><strong>praedicto</strong></span> <span class='ocrx_word' id='word_1_35' title='bbox 1182 547 1497 603; x_wconf 90' lang='lat' dir='ltr'><strong>Ambrosius</strong></span> <span class='ocrx_word' id='word_1_36' title='bbox 1515 547 1773 602; x_wconf 88' lang='lat' dir='ltr'><strong>substitu-</strong></span> 
     </span>
    </p>
   </div>
   <div class='ocr_carea' id='block_1_7' title="bbox 190 638 1773 710">
    <p class='ocr_par' dir='ltr' id='par_1_7' title="bbox 190 638 1773 710">
     <span class='ocr_line' id='line_1_7' title="bbox 190 638 1773 710; baseline 0.004 -23"><span class='ocrx_word' id='word_1_37' title='bbox 190 646 276 691; x_wconf 87' lang='lat' dir='ltr'><strong>tus</strong></span> <span class='ocrx_word' id='word_1_38' title='bbox 299 645 401 701; x_wconf 87' lang='lat' dir='ltr'><strong>est,</strong></span> <span class='ocrx_word' id='word_1_39' title='bbox 435 638 749 708; x_wconf 73' lang='lat' dir='ltr'><strong>respiravit:</strong></span> <span class='ocrx_word' id='word_1_40' title='bbox 770 638 891 694; x_wconf 85' lang='lat' dir='ltr'><strong>huic</strong></span> <span class='ocrx_word' id='word_1_41' title='bbox 918 648 1101 694; x_wconf 88' lang='lat' dir='ltr'><strong>tamen</strong></span> <span class='ocrx_word' id='word_1_42' title='bbox 1126 640 1227 710; x_wconf 83' lang='lat' dir='ltr'><strong>ipsi</strong></span> <span class='ocrx_word' id='word_1_43' title='bbox 1256 641 1309 695; x_wconf 90' lang='lat' dir='ltr'><strong>in</strong></span> <span class='ocrx_word' id='word_1_44' title='bbox 1343 639 1773 694; x_wconf 88' lang='lat' dir='ltr'><strong>adversariorum</strong></span> 
     </span>
    </p>
   </div>
   <div class='ocr_carea' id='block_1_8' title="bbox 192 726 1767 802">
    <p class='ocr_par' dir='ltr' id='par_1_8' title="bbox 192 726 1767 802">
     <span class='ocr_line' id='line_1_8' title="bbox 192 726 1767 802; baseline 0.004 -19"><span class='ocrx_word' id='word_1_45' title='bbox 192 726 565 786; x_wconf 71' lang='lat' dir='ltr'><strong>confusionem</strong></span> <span class='ocrx_word' id='word_1_46' title='bbox 599 741 655 787; x_wconf 89' lang='lat' dir='ltr'><strong>et</strong></span> <span class='ocrx_word' id='word_1_47' title='bbox 708 740 945 788; x_wconf 90' lang='lat' dir='ltr'><strong>nostram</strong></span> <span class='ocrx_word' id='word_1_48' title='bbox 992 749 1145 802; x_wconf 87' lang='lat' dir='ltr'><strong>spem</strong></span> <span class='ocrx_word' id='word_1_49' title='bbox 1185 734 1413 800; x_wconf 82' lang='lat' dir='ltr'><strong>scilicet,</strong></span> <span class='ocrx_word' id='word_1_50' title='bbox 1447 734 1624 788; x_wconf 90' lang='lat' dir='ltr'><strong>omnis</strong></span> <span class='ocrx_word' id='word_1_51' title='bbox 1662 748 1767 789; x_wconf 80' lang='lat' dir='ltr'><strong>cte-</strong></span> 
     </span>
    </p>
   </div>
   <div class='ocr_carea' id='block_1_9' title="bbox 190 820 1778 899">
    <p class='ocr_par' dir='ltr' id='par_1_9' title="bbox 190 820 1778 899">
     <span class='ocr_line' id='line_1_9' title="bbox 190 820 1778 899; baseline 0.006 -24"><span class='ocrx_word' id='word_1_52' title='bbox 190 820 401 876; x_wconf 81' lang='lat' dir='ltr'><strong>lcStium</strong></span> <span class='ocrx_word' id='word_1_53' title='bbox 434 823 631 893; x_wconf 80' lang='lat' dir='ltr'><strong>gloria,</strong></span> <span class='ocrx_word' id='word_1_54' title='bbox 663 838 855 879; x_wconf 91' lang='lat' dir='ltr'><strong>omnes</strong></span> <span class='ocrx_word' id='word_1_55' title='bbox 894 825 1056 880; x_wconf 90' lang='lat' dir='ltr'><strong>etiam</strong></span> <span class='ocrx_word' id='word_1_56' title='bbox 1100 837 1371 899; x_wconf 79' lang='lat' dir='ltr'><strong>martyres</strong></span> <span class='ocrx_word' id='word_1_57' title='bbox 1428 841 1778 897; x_wconf 85' lang='lat' dir='ltr'><strong>consensere,</strong></span> 
     </span>
    </p>
   </div>
   <div class='ocr_carea' id='block_1_10' title="bbox 188 913 1780 989">
    <p class='ocr_par' dir='ltr' id='par_1_10' title="bbox 188 913 1780 989">
     <span class='ocr_line' id='line_1_10' title="bbox 188 913 1780 989; baseline 0.006 -23"><span class='ocrx_word' id='word_1_58' title='bbox 188 913 305 983; x_wconf 90' lang='lat' dir='ltr'><strong>qui,</strong></span> <span class='ocrx_word' id='word_1_59' title='bbox 333 929 457 968; x_wconf 92' lang='lat' dir='ltr'><strong>cum</strong></span> <span class='ocrx_word' id='word_1_60' title='bbox 482 914 809 984; x_wconf 86' lang='lat' dir='ltr'><strong>jampridem</strong></span> <span class='ocrx_word' id='word_1_61' title='bbox 836 917 1128 986; x_wconf 87' lang='lat' dir='ltr'><strong>apparendi</strong></span> <span class='ocrx_word' id='word_1_62' title='bbox 1153 917 1663 989; x_wconf 89' lang='lat' dir='ltr'><strong>haberenttempus,</strong></span> <span class='ocrx_word' id='word_1_63' title='bbox 1682 918 1780 975; x_wconf 89' lang='lat' dir='ltr'><strong>ho-</strong></span> 
     </span>
    </p>
   </div>
   <div class='ocr_carea' id='block_1_11' title="bbox 192 1006 1779 1081">
    <p class='ocr_par' dir='ltr' id='par_1_11' title="bbox 192 1006 1779 1081">
     <span class='ocr_line' id='line_1_11' title="bbox 192 1006 1779 1081; baseline 0.006 -22"><span class='ocrx_word' id='word_1_64' title='bbox 192 1006 400 1061; x_wconf 89' lang='lat' dir='ltr'><strong>minem</strong></span> <span class='ocrx_word' id='word_1_65' title='bbox 425 1006 515 1061; x_wconf 93' lang='lat' dir='ltr'><strong>cui</strong></span> <span class='ocrx_word' id='word_1_66' title='bbox 541 1022 604 1063; x_wconf 90' lang='lat' dir='ltr'><strong>se</strong></span> <span class='ocrx_word' id='word_1_67' title='bbox 622 1010 933 1078; x_wconf 88' lang='lat' dir='ltr'><strong>proderent,</strong></span> <span class='ocrx_word' id='word_1_68' title='bbox 948 1011 1311 1081; x_wconf 77' lang='lat' dir='ltr'><strong>inquirebant.</strong></span> <span class='ocrx_word' id='word_1_69' title='bbox 1327 1010 1482 1067; x_wconf 92' lang='lat' dir='ltr'><strong>Illum</strong></span> <span class='ocrx_word' id='word_1_70' title='bbox 1502 1025 1672 1079; x_wconf 88' lang='lat' dir='ltr'><strong>certe,</strong></span> <span class='ocrx_word' id='word_1_71' title='bbox 1692 1014 1779 1068; x_wconf 92' lang='lat' dir='ltr'><strong>cui</strong></span> 
     </span>
    </p>
   </div>
   <div class='ocr_carea' id='block_1_12' title="bbox 182 1100 1777 1176">
    <p class='ocr_par' dir='ltr' id='par_1_12' title="bbox 182 1100 1777 1176">
     <span class='ocr_line' id='line_1_12' title="bbox 182 1100 1777 1176; baseline 0.004 -21"><span class='ocrx_word' id='word_1_72' title='bbox 182 1101 293 1156; x_wconf 85' lang='lat' dir='ltr'><strong>Sub</strong></span> <span class='ocrx_word' id='word_1_73' title='bbox 320 1116 383 1157; x_wconf 89' lang='lat' dir='ltr'><strong>ea</strong></span> <span class='ocrx_word' id='word_1_74' title='bbox 417 1100 523 1157; x_wconf 84' lang='lat' dir='ltr'><strong>ﬁde</strong></span> <span class='ocrx_word' id='word_1_75' title='bbox 547 1103 943 1169; x_wconf 88' lang='lat' dir='ltr'><strong>revelarentur,</strong></span> <span class='ocrx_word' id='word_1_76' title='bbox 974 1120 1075 1173; x_wconf 90' lang='lat' dir='ltr'><strong>qua</strong></span> <span class='ocrx_word' id='word_1_77' title='bbox 1102 1104 1361 1176; x_wconf 82' lang='lat' dir='ltr'><strong>martyria</strong></span> <span class='ocrx_word' id='word_1_78' title='bbox 1388 1104 1667 1159; x_wconf 81' lang='lat' dir='ltr'><strong>fecissent.</strong></span> <span class='ocrx_word' id='word_1_79' title='bbox 1690 1106 1777 1161; x_wconf 89' lang='lat' dir='ltr'><strong>Sic</strong></span> 
     </span>
    </p>
   </div>
   <div class='ocr_carea' id='block_1_13' title="bbox 185 1192 1773 1267">
    <p class='ocr_par' dir='ltr' id='par_1_13' title="bbox 185 1192 1773 1267">
     <span class='ocr_line' id='line_1_13' title="bbox 185 1192 1773 1267; baseline 0.002 -20"><span class='ocrx_word' id='word_1_80' title='bbox 185 1192 454 1249; x_wconf 88' lang='lat' dir='ltr'><strong>donatum</strong></span> <span class='ocrx_word' id='word_1_81' title='bbox 498 1204 581 1249; x_wconf 92' lang='lat' dir='ltr'><strong>est</strong></span> <span class='ocrx_word' id='word_1_82' title='bbox 617 1194 930 1262; x_wconf 85' lang='lat' dir='ltr'><strong>Ambrosio,</strong></span> <span class='ocrx_word' id='word_1_83' title='bbox 962 1194 1103 1264; x_wconf 88' lang='lat' dir='ltr'><strong>quod</strong></span> <span class='ocrx_word' id='word_1_84' title='bbox 1135 1193 1407 1249; x_wconf 81' lang='lat' dir='ltr'><strong>Auxentio</strong></span> <span class='ocrx_word' id='word_1_85' title='bbox 1451 1195 1773 1267; x_wconf 80' lang='lat' dir='ltr'><strong>denegatum</strong></span> 
     </span>
    </p>
   </div>
   <div class='ocr_carea' id='block_1_14' title="bbox 181 1288 1773 1359">
    <p class='ocr_par' dir='ltr' id='par_1_14' title="bbox 181 1288 1773 1359">
     <span class='ocr_line' id='line_1_14' title="bbox 181 1288 1773 1359; baseline 0.004 -18"><span class='ocrx_word' id='word_1_86' title='bbox 181 1289 597 1358; x_wconf 82' lang='lat' dir='ltr'><strong>est:quoniam</strong></span> <span class='ocrx_word' id='word_1_87' title='bbox 647 1305 766 1357; x_wconf 63' lang='lat' dir='ltr'><strong>quae</strong></span> <span class='ocrx_word' id='word_1_88' title='bbox 823 1288 1117 1343; x_wconf 81' lang='lat' dir='ltr'><strong>Auxentius</strong></span> <span class='ocrx_word' id='word_1_89' title='bbox 1164 1288 1588 1359; x_wconf 89' lang='lat' dir='ltr'><strong>blasphemabat,</strong></span> <span class='ocrx_word' id='word_1_90' title='bbox 1641 1290 1773 1346; x_wconf 82' lang='lat' dir='ltr'><strong>Am-</strong></span> 
     </span>
    </p>
   </div>
   <div class='ocr_carea' id='block_1_15' title="bbox 181 1378 1771 1455">
    <p class='ocr_par' dir='ltr' id='par_1_15' title="bbox 181 1378 1771 1455">
     <span class='ocr_line' id='line_1_15' title="bbox 181 1378 1771 1455; baseline 0.004 -24"><span class='ocrx_word' id='word_1_91' title='bbox 181 1378 398 1433; x_wconf 88' lang='lat' dir='ltr'><strong>brosius</strong></span> <span class='ocrx_word' id='word_1_92' title='bbox 444 1378 789 1448; x_wconf 72' lang='lat' dir='ltr'><strong>przedicahat.</strong></span> <span class='ocrx_word' id='word_1_93' title='bbox 821 1378 925 1435; x_wconf 88' lang='lat' dir='ltr'><strong>Sed</strong></span> <span class='ocrx_word' id='word_1_94' title='bbox 970 1395 1091 1435; x_wconf 93' lang='lat' dir='ltr'><strong>cum</strong></span> <span class='ocrx_word' id='word_1_95' title='bbox 1130 1380 1243 1435; x_wconf 63' lang='lat' dir='ltr'><strong>haec</strong></span> <span class='ocrx_word' id='word_1_96' title='bbox 1286 1380 1453 1435; x_wconf 91' lang='lat' dir='ltr'><strong>virtus</strong></span> <span class='ocrx_word' id='word_1_97' title='bbox 1477 1392 1771 1455; x_wconf 84' lang='lat' dir='ltr'><strong>martyrum</strong></span> 
     </span>
    </p>
   </div>
   <div class='ocr_carea' id='block_1_16' title="bbox 180 1474 1772 1544">
    <p class='ocr_par' dir='ltr' id='par_1_16' title="bbox 180 1474 1772 1544">
     <span class='ocr_line' id='line_1_16' title="bbox 180 1474 1772 1544; baseline 0.003 -18"><span class='ocrx_word' id='word_1_98' title='bbox 180 1487 282 1541; x_wconf 88' lang='lat' dir='ltr'><strong>per</strong></span> <span class='ocrx_word' id='word_1_99' title='bbox 324 1487 513 1528; x_wconf 92' lang='lat' dir='ltr'><strong>omnes</strong></span> <span class='ocrx_word' id='word_1_100' title='bbox 546 1474 845 1542; x_wconf 74' lang='lat' dir='ltr'><strong>provincias</strong></span> <span class='ocrx_word' id='word_1_101' title='bbox 871 1474 941 1528; x_wconf 87' lang='lat' dir='ltr'><strong>sit</strong></span> <span class='ocrx_word' id='word_1_102' title='bbox 980 1474 1115 1528; x_wconf 92' lang='lat' dir='ltr'><strong>itura</strong></span> <span class='ocrx_word' id='word_1_103' title='bbox 1152 1474 1426 1544; x_wconf 89' lang='lat' dir='ltr'><strong>(omnibus</strong></span> <span class='ocrx_word' id='word_1_104' title='bbox 1476 1475 1617 1531; x_wconf 89' lang='lat' dir='ltr'><strong>enim</strong></span> <span class='ocrx_word' id='word_1_105' title='bbox 1667 1492 1772 1531; x_wconf 92' lang='lat' dir='ltr'><strong>non</strong></span> 
     </span>
    </p>
   </div>
   <div class='ocr_carea' id='block_1_17' title="bbox 179 1567 1771 1637">
    <p class='ocr_par' dir='ltr' id='par_1_17' title="bbox 179 1567 1771 1637">
     <span class='ocr_line' id='line_1_17' title="bbox 179 1567 1771 1637; baseline 0.001 -16"><span class='ocrx_word' id='word_1_106' title='bbox 179 1567 478 1621; x_wconf 80' lang='lat' dir='ltr'><strong>Ambrosio</strong></span> <span class='ocrx_word' id='word_1_107' title='bbox 508 1568 608 1623; x_wconf 88' lang='lat' dir='ltr'><strong>soli</strong></span> <span class='ocrx_word' id='word_1_108' title='bbox 647 1568 763 1623; x_wconf 86' lang='lat' dir='ltr'><strong>sine</strong></span> <span class='ocrx_word' id='word_1_109' title='bbox 796 1584 1144 1636; x_wconf 87' lang='lat' dir='ltr'><strong>personarum</strong></span> <span class='ocrx_word' id='word_1_110' title='bbox 1178 1568 1488 1637; x_wconf 83' lang='lat' dir='ltr'><strong>acceptione</strong></span> <span class='ocrx_word' id='word_1_111' title='bbox 1526 1568 1771 1623; x_wconf 83' lang='lat' dir='ltr'><strong>donanda</strong></span> 
     </span>
    </p>
   </div>
   <div class='ocr_carea' id='block_1_18' title="bbox 181 1660 1772 1731">
    <p class='ocr_par' dir='ltr' id='par_1_18' title="bbox 181 1660 1772 1731">
     <span class='ocr_line' id='line_1_18' title="bbox 181 1660 1772 1731; baseline 0.002 -18"><span class='ocrx_word' id='word_1_112' title='bbox 181 1661 314 1731; x_wconf 80' lang='lat' dir='ltr'><strong>est),</strong></span> <span class='ocrx_word' id='word_1_113' title='bbox 343 1661 658 1715; x_wconf 82' lang='lat' dir='ltr'><strong>necessario</strong></span> <span class='ocrx_word' id='word_1_114' title='bbox 690 1670 868 1715; x_wconf 85' lang='lat' dir='ltr'><strong>tamen</strong></span> <span class='ocrx_word' id='word_1_115' title='bbox 908 1660 1139 1729; x_wconf 90' lang='lat' dir='ltr'><strong>primum</strong></span> <span class='ocrx_word' id='word_1_116' title='bbox 1186 1661 1240 1716; x_wconf 89' lang='lat' dir='ltr'><strong>in</strong></span> <span class='ocrx_word' id='word_1_117' title='bbox 1285 1660 1435 1714; x_wconf 88' lang='lat' dir='ltr'><strong>Italia</strong></span> <span class='ocrx_word' id='word_1_118' title='bbox 1485 1662 1772 1730; x_wconf 86' lang='lat' dir='ltr'><strong>processit,</strong></span> 
     </span>
    </p>
   </div>
   <div class='ocr_carea' id='block_1_19' title="bbox 1876 452 3466 528">
    <p class='ocr_par' dir='ltr' id='par_1_19' title="bbox 1876 452 3466 528">
     <span class='ocr_line' id='line_1_19' title="bbox 1876 452 3466 528; baseline 0.003 -23"><span class='ocrx_word' id='word_1_119' title='bbox 1876 452 2227 523; x_wconf 83' lang='lat' dir='ltr'><strong>principalem</strong></span> <span class='ocrx_word' id='word_1_120' title='bbox 2266 453 2441 509; x_wconf 91' lang='lat' dir='ltr'><strong>locum</strong></span> <span class='ocrx_word' id='word_1_121' title='bbox 2489 454 2652 525; x_wconf 87' lang='lat' dir='ltr'><strong>hunc,</strong></span> <span class='ocrx_word' id='word_1_122' title='bbox 2678 469 2783 525; x_wconf 91' lang='lat' dir='ltr'><strong>quo</strong></span> <span class='ocrx_word' id='word_1_123' title='bbox 2831 470 3013 509; x_wconf 88' lang='lat' dir='ltr'><strong>rerum</strong></span> <span class='ocrx_word' id='word_1_124' title='bbox 3040 470 3235 511; x_wconf 88' lang='lat' dir='ltr'><strong>causas</strong></span> <span class='ocrx_word' id='word_1_125' title='bbox 3266 456 3466 528; x_wconf 91' lang='lat' dir='ltr'><strong>potuis-</strong></span> 
     </span>
    </p>
   </div>
   <div class='ocr_carea' id='block_1_20' title="bbox 1876 547 3464 619">
    <p class='ocr_par' dir='ltr' id='par_1_20' title="bbox 1876 547 3464 619">
     <span class='ocr_line' id='line_1_20' title="bbox 1876 547 3464 619; baseline 0.001 -18"><span class='ocrx_word' id='word_1_126' title='bbox 1876 556 1959 601; x_wconf 89' lang='lat' dir='ltr'><strong>set</strong></span> <span class='ocrx_word' id='word_1_127' title='bbox 1988 561 2306 616; x_wconf 81' lang='lat' dir='ltr'><strong>agnoscere,</strong></span> <span class='ocrx_word' id='word_1_128' title='bbox 2337 548 2676 617; x_wconf 70' lang='lat' dir='ltr'><strong>praedicaret,</strong></span> <span class='ocrx_word' id='word_1_129' title='bbox 2710 547 3007 603; x_wconf 85' lang='lat' dir='ltr'><strong>secuadum</strong></span> <span class='ocrx_word' id='word_1_130' title='bbox 3046 547 3189 619; x_wconf 90' lang='lat' dir='ltr'><strong>quod</strong></span> <span class='ocrx_word' id='word_1_131' title='bbox 3233 547 3464 617; x_wconf 80' lang='lat' dir='ltr'><strong>subjun-</strong></span> 
     </span>
    </p>
   </div>
   <div class='ocr_carea' id='block_1_21' title="bbox 1880 636 3462 710">
    <p class='ocr_par' dir='ltr' id='par_1_21' title="bbox 1880 636 3462 710">
     <span class='ocr_line' id='line_1_21' title="bbox 1880 636 3462 710; baseline 0.003 -20"><span class='ocrx_word' id='word_1_132' title='bbox 1880 636 1979 707; x_wconf 91' lang='lat' dir='ltr'><strong>git,</strong></span> <span class='ocrx_word' id='word_1_133' title='bbox 2010 637 2101 707; x_wconf 86' lang='lat' dir='ltr'><strong>qui</strong></span> <span class='ocrx_word' id='word_1_134' title='bbox 2136 638 2275 693; x_wconf 89' lang='lat' dir='ltr'><strong>Deos</strong></span> <span class='ocrx_word' id='word_1_135' title='bbox 2304 647 2573 710; x_wconf 86' lang='lat' dir='ltr'><strong>tamquam</strong></span> <span class='ocrx_word' id='word_1_136' title='bbox 2607 638 2780 695; x_wconf 91' lang='lat' dir='ltr'><strong>minus</strong></span> <span class='ocrx_word' id='word_1_137' title='bbox 2819 655 2953 710; x_wconf 89' lang='lat' dir='ltr'><strong>opus</strong></span> <span class='ocrx_word' id='word_1_138' title='bbox 2989 654 3296 710; x_wconf 78' lang='lat' dir='ltr'><strong>exsequens</strong></span> <span class='ocrx_word' id='word_1_139' title='bbox 3332 639 3462 695; x_wconf 87' lang='lat' dir='ltr'><strong>ado-</strong></span> 
     </span>
    </p>
   </div>
   <div class='ocr_carea' id='block_1_22' title="bbox 1880 732 3464 801">
    <p class='ocr_par' dir='ltr' id='par_1_22' title="bbox 1880 732 3464 801">
     <span class='ocr_line' id='line_1_22' title="bbox 1880 732 3464 801; baseline 0.003 -16"><span class='ocrx_word' id='word_1_140' title='bbox 1880 741 2055 785; x_wconf 84' lang='lat' dir='ltr'><strong>rasset</strong></span> <span class='ocrx_word' id='word_1_141' title='bbox 2079 750 2091 783; x_wconf 88' lang='lat'>:</span> <span class='ocrx_word' id='word_1_142' title='bbox 2127 740 2191 785; x_wconf 89' lang='lat' dir='ltr'><strong>ut</strong></span> <span class='ocrx_word' id='word_1_143' title='bbox 2220 732 2395 801; x_wconf 82' lang='lat' dir='ltr'><strong>quivis</strong></span> <span class='ocrx_word' id='word_1_144' title='bbox 2433 742 2690 801; x_wconf 83' lang='lat' dir='ltr'><strong>agnoscat</strong></span> <span class='ocrx_word' id='word_1_145' title='bbox 2729 747 2823 788; x_wconf 90' lang='lat' dir='ltr'><strong>eos</strong></span> <span class='ocrx_word' id='word_1_146' title='bbox 2844 742 3124 788; x_wconf 82' lang='lat' dir='ltr'><strong>creatures</strong></span> <span class='ocrx_word' id='word_1_147' title='bbox 3148 747 3327 788; x_wconf 85' lang='lat' dir='ltr'><strong>rerum</strong></span> <span class='ocrx_word' id='word_1_148' title='bbox 3356 746 3464 790; x_wconf 89' lang='lat' dir='ltr'><strong>non</strong></span> 
     </span>
    </p>
   </div>
   <div class='ocr_carea' id='block_1_23' title="bbox 1879 817 3471 895">
    <p class='ocr_par' dir='ltr' id='par_1_23' title="bbox 1879 817 3471 895">
     <span class='ocr_line' id='line_1_23' title="bbox 1879 817 3471 895; baseline 0.004 -22"><span class='ocrx_word' id='word_1_149' title='bbox 1879 817 2067 891; x_wconf 76' lang='lat' dir='ltr'><strong>fuisse,</strong></span> <span class='ocrx_word' id='word_1_150' title='bbox 2098 835 2130 875; x_wconf 91' lang='lat' dir='ltr'><strong>a</strong></span> <span class='ocrx_word' id='word_1_151' title='bbox 2155 822 2354 893; x_wconf 89' lang='lat' dir='ltr'><strong>quibus</strong></span> <span class='ocrx_word' id='word_1_152' title='bbox 2376 822 2615 893; x_wconf 81' lang='lat' dir='ltr'><strong>cognitio</strong></span> <span class='ocrx_word' id='word_1_153' title='bbox 2646 839 2845 893; x_wconf 89' lang='lat' dir='ltr'><strong>rerum,</strong></span> <span class='ocrx_word' id='word_1_154' title='bbox 2873 825 3025 895; x_wconf 90' lang='lat' dir='ltr'><strong>quasi</strong></span> <span class='ocrx_word' id='word_1_155' title='bbox 3059 823 3233 879; x_wconf 89' lang='lat' dir='ltr'><strong>aliena</strong></span> <span class='ocrx_word' id='word_1_156' title='bbox 3265 824 3471 894; x_wconf 87' lang='lat' dir='ltr'><strong>disjuu-</strong></span> 
     </span>
    </p>
   </div>
   <div class='ocr_carea' id='block_1_24' title="bbox 1882 912 3472 986">
    <p class='ocr_par' dir='ltr' id='par_1_24' title="bbox 1882 912 3472 986">
     <span class='ocr_line' id='line_1_24' title="bbox 1882 912 3472 986; baseline 0.005 -20"><span class='ocrx_word' id='word_1_157' title='bbox 1882 912 2026 983; x_wconf 88' lang='lat' dir='ltr'><strong>gitur</strong></span> <span class='ocrx_word' id='word_1_158' title='bbox 2050 926 2066 969; x_wconf 89' lang='lat'>:</span> <span class='ocrx_word' id='word_1_159' title='bbox 2090 929 2191 969; x_wconf 90' lang='lat' dir='ltr'><strong>nec</strong></span> <span class='ocrx_word' id='word_1_160' title='bbox 2221 914 2327 969; x_wconf 90' lang='lat' dir='ltr'><strong>coli</strong></span> <span class='ocrx_word' id='word_1_161' title='bbox 2375 926 2653 984; x_wconf 90' lang='lat' dir='ltr'><strong>oportere,</strong></span> <span class='ocrx_word' id='word_1_162' title='bbox 2681 915 2726 970; x_wconf 91' lang='lat' dir='ltr'><strong>si</strong></span> <span class='ocrx_word' id='word_1_163' title='bbox 2770 917 2884 970; x_wconf 60' lang='lat' dir='ltr'><strong>haec</strong></span> <span class='ocrx_word' id='word_1_164' title='bbox 2918 931 3037 986; x_wconf 80' lang='lat' dir='ltr'><strong>qua:</strong></span> <span class='ocrx_word' id='word_1_165' title='bbox 3077 916 3390 986; x_wconf 87' lang='lat' dir='ltr'><strong>laudantur,</strong></span> <span class='ocrx_word' id='word_1_166' title='bbox 3414 926 3472 974; x_wconf 85' lang='lat' dir='ltr'><strong>ut</strong></span> 
     </span>
    </p>
   </div>
   <div class='ocr_carea' id='block_1_25' title="bbox 1882 1007 3471 1079">
    <p class='ocr_par' dir='ltr' id='par_1_25' title="bbox 1882 1007 3471 1079">
     <span class='ocr_line' id='line_1_25' title="bbox 1882 1007 3471 1079; baseline 0.005 -19"><span class='ocrx_word' id='word_1_167' title='bbox 1882 1007 2052 1075; x_wconf 89' lang='lat' dir='ltr'><strong>prima</strong></span> <span class='ocrx_word' id='word_1_168' title='bbox 2097 1019 2359 1078; x_wconf 68' lang='lat' dir='ltr'><strong>praestare</strong></span> <span class='ocrx_word' id='word_1_169' title='bbox 2403 1024 2512 1062; x_wconf 88' lang='lat' dir='ltr'><strong>non</strong></span> <span class='ocrx_word' id='word_1_170' title='bbox 2560 1020 2805 1078; x_wconf 85' lang='lat' dir='ltr'><strong>possunt.</strong></span> <span class='ocrx_word' id='word_1_171' title='bbox 2847 1008 3108 1065; x_wconf 82' lang='lat' dir='ltr'><strong>Nesciunt</strong></span> <span class='ocrx_word' id='word_1_172' title='bbox 3158 1021 3340 1067; x_wconf 85' lang='lat' dir='ltr'><strong>autem</strong></span> <span class='ocrx_word' id='word_1_173' title='bbox 3386 1026 3471 1079; x_wconf 88' lang='lat' dir='ltr'><strong>ea,</strong></span> 
     </span>
    </p>
   </div>
   <div class='ocr_carea' id='block_1_26' title="bbox 1879 1100 3474 1174">
    <p class='ocr_par' dir='ltr' id='par_1_26' title="bbox 1879 1100 3474 1174">
     <span class='ocr_line' id='line_1_26' title="bbox 1879 1100 3474 1174; baseline 0.006 -23"><span class='ocrx_word' id='word_1_174' title='bbox 1879 1114 2106 1168; x_wconf 92' lang='lat' dir='ltr'><strong>quorum</strong></span> <span class='ocrx_word' id='word_1_175' title='bbox 2138 1100 2363 1170; x_wconf 78' lang='lat' dir='ltr'><strong>Opifices</strong></span> <span class='ocrx_word' id='word_1_176' title='bbox 2393 1116 2501 1155; x_wconf 88' lang='lat' dir='ltr'><strong>non</strong></span> <span class='ocrx_word' id='word_1_177' title='bbox 2530 1100 2768 1157; x_wconf 82' lang='lat' dir='ltr'><strong>fuerunt.</strong></span> <span class='ocrx_word' id='word_1_178' title='bbox 2796 1101 3046 1174; x_wconf 87' lang='lat' dir='ltr'><strong>Denique</strong></span> <span class='ocrx_word' id='word_1_179' title='bbox 3071 1111 3126 1159; x_wconf 90' lang='lat' dir='ltr'><strong>et</strong></span> <span class='ocrx_word' id='word_1_180' title='bbox 3157 1102 3474 1161; x_wconf 89' lang='lat' dir='ltr'><strong>inventione</strong></span> 
     </span>
    </p>
   </div>
   <div class='ocr_carea' id='block_1_27' title="bbox 1877 1190 3475 1270">
    <p class='ocr_par' dir='ltr' id='par_1_27' title="bbox 1877 1190 3475 1270">
     <span class='ocr_line' id='line_1_27' title="bbox 1877 1190 3475 1270; baseline 0.007 -25"><span class='ocrx_word' id='word_1_181' title='bbox 1877 1190 2097 1246; x_wconf 88' lang='lat' dir='ltr'><strong>illorum</strong></span> <span class='ocrx_word' id='word_1_182' title='bbox 2141 1192 2245 1247; x_wconf 88' lang='lat' dir='ltr'><strong>diis</strong></span> <span class='ocrx_word' id='word_1_183' title='bbox 2297 1193 2409 1248; x_wconf 86' lang='lat' dir='ltr'><strong>suis</strong></span> <span class='ocrx_word' id='word_1_184' title='bbox 2460 1194 2730 1263; x_wconf 87' lang='lat' dir='ltr'><strong>detracta,</strong></span> <span class='ocrx_word' id='word_1_185' title='bbox 2766 1195 3002 1253; x_wconf 87' lang='lat' dir='ltr'><strong>humano</strong></span> <span class='ocrx_word' id='word_1_186' title='bbox 3028 1213 3146 1252; x_wconf 90' lang='lat' dir='ltr'><strong>eam</strong></span> <span class='ocrx_word' id='word_1_187' title='bbox 3199 1198 3475 1270; x_wconf 78' lang='lat' dir='ltr'><strong>assignant</strong></span> 
     </span>
    </p>
   </div>
   <div class='ocr_carea' id='block_1_28' title="bbox 1876 1281 3471 1363">
    <p class='ocr_par' dir='ltr' id='par_1_28' title="bbox 1876 1281 3471 1363">
     <span class='ocr_line' id='line_1_28' title="bbox 1876 1281 3471 1363; baseline 0.007 -26"><span class='ocrx_word' id='word_1_188' title='bbox 1876 1281 2116 1355; x_wconf 83' lang='lat' dir='ltr'><strong>ingenio.</strong></span> <span class='ocrx_word' id='word_1_189' title='bbox 2150 1285 2266 1340; x_wconf 91' lang='lat' dir='ltr'><strong>Illis</strong></span> <span class='ocrx_word' id='word_1_190' title='bbox 2314 1285 2528 1341; x_wconf 88' lang='lat' dir='ltr'><strong>scilicet</strong></span> <span class='ocrx_word' id='word_1_191' title='bbox 2561 1288 2651 1355; x_wconf 90' lang='lat' dir='ltr'><strong>qui</strong></span> <span class='ocrx_word' id='word_1_192' title='bbox 2694 1289 2963 1359; x_wconf 86' lang='lat' dir='ltr'><strong>sapientia</strong></span> <span class='ocrx_word' id='word_1_193' title='bbox 3009 1291 3306 1358; x_wconf 85' lang='lat' dir='ltr'><strong>excellunt,</strong></span> <span class='ocrx_word' id='word_1_194' title='bbox 3330 1292 3471 1363; x_wconf 89' lang='lat' dir='ltr'><strong>quod</strong></span> 
     </span>
    </p>
   </div>
   <div class='ocr_carea' id='block_1_29' title="bbox 1876 1375 3477 1458">
    <p class='ocr_par' dir='ltr' id='par_1_29' title="bbox 1876 1375 3477 1458">
     <span class='ocr_line' id='line_1_29' title="bbox 1876 1375 3477 1458; baseline 0.007 -26"><span class='ocrx_word' id='word_1_195' title='bbox 1876 1375 2018 1432; x_wconf 91' lang='lat' dir='ltr'><strong>idola</strong></span> <span class='ocrx_word' id='word_1_196' title='bbox 2054 1394 2162 1434; x_wconf 93' lang='lat' dir='ltr'><strong>non</strong></span> <span class='ocrx_word' id='word_1_197' title='bbox 2186 1378 2371 1433; x_wconf 90' lang='lat' dir='ltr'><strong>colunt</strong></span> <span class='ocrx_word' id='word_1_198' title='bbox 2405 1397 2420 1435; x_wconf 91' lang='lat'><strong>:</strong></span> <span class='ocrx_word' id='word_1_199' title='bbox 2454 1379 2644 1449; x_wconf 89' lang='lat' dir='ltr'><strong>utjam</strong></span> <span class='ocrx_word' id='word_1_200' title='bbox 2676 1381 2780 1436; x_wconf 91' lang='lat' dir='ltr'><strong>diis</strong></span> <span class='ocrx_word' id='word_1_201' title='bbox 2811 1398 3001 1438; x_wconf 91' lang='lat' dir='ltr'><strong>eorum</strong></span> <span class='ocrx_word' id='word_1_202' title='bbox 3049 1384 3212 1441; x_wconf 91' lang='lat' dir='ltr'><strong>homo</strong></span> <span class='ocrx_word' id='word_1_203' title='bbox 3262 1387 3331 1443; x_wconf 90' lang='lat' dir='ltr'><strong>sit</strong></span> <span class='ocrx_word' id='word_1_204' title='bbox 3377 1403 3477 1458; x_wconf 86' lang='lat' dir='ltr'><strong>po-</strong></span> 
     </span>
    </p>
   </div>
   <div class='ocr_carea' id='block_1_30' title="bbox 1879 1470 3475 1547">
    <p class='ocr_par' dir='ltr' id='par_1_30' title="bbox 1879 1470 3475 1547">
     <span class='ocr_line' id='line_1_30' title="bbox 1879 1470 3475 1547; baseline 0.008 -24"><span class='ocrx_word' id='word_1_205' title='bbox 1879 1470 2104 1537; x_wconf 89' lang='lat' dir='ltr'><strong>tentior,</strong></span> <span class='ocrx_word' id='word_1_206' title='bbox 2130 1471 2175 1526; x_wconf 91' lang='lat' dir='ltr'><strong>si</strong></span> <span class='ocrx_word' id='word_1_207' title='bbox 2212 1472 2279 1526; x_wconf 92' lang='lat' dir='ltr'><strong>ad</strong></span> <span class='ocrx_word' id='word_1_208' title='bbox 2315 1471 2431 1527; x_wconf 64' lang='lat' dir='ltr'><strong>huic</strong></span> <span class='ocrx_word' id='word_1_209' title='bbox 2457 1488 2579 1544; x_wconf 69' lang='lat' dir='ltr'><strong>qua:</strong></span> <span class='ocrx_word' id='word_1_210' title='bbox 2616 1472 2691 1529; x_wconf 90' lang='lat' dir='ltr'><strong>dii</strong></span> <span class='ocrx_word' id='word_1_211' title='bbox 2722 1474 2963 1546; x_wconf 90' lang='lat' dir='ltr'><strong>ipsorum</strong></span> <span class='ocrx_word' id='word_1_212' title='bbox 2995 1477 3269 1547; x_wconf 87' lang='lat' dir='ltr'><strong>ignorant,</strong></span> <span class='ocrx_word' id='word_1_213' title='bbox 3293 1478 3475 1535; x_wconf 84' lang='lat' dir='ltr'><strong>altiori</strong></span> 
     </span>
    </p>
   </div>
   <div class='ocr_carea' id='block_1_31' title="bbox 1878 1562 3475 1642">
    <p class='ocr_par' dir='ltr' id='par_1_31' title="bbox 1878 1562 3475 1642">
     <span class='ocr_line' id='line_1_31' title="bbox 1878 1562 3475 1642; baseline 0.006 -25"><span class='ocrx_word' id='word_1_214' title='bbox 1878 1562 2207 1632; x_wconf 74' lang='lat' dir='ltr'><strong>Cogitatione</strong></span> <span class='ocrx_word' id='word_1_215' title='bbox 2237 1566 2568 1635; x_wconf 87' lang='lat' dir='ltr'><strong>pervenerit.</strong></span> <span class='ocrx_word' id='word_1_216' title='bbox 2599 1565 2681 1621; x_wconf 80' lang='lat' dir='ltr'><strong>Ab</strong></span> <span class='ocrx_word' id='word_1_217' title='bbox 2718 1564 2801 1621; x_wconf 90' lang='lat' dir='ltr'><strong>his</strong></span> <span class='ocrx_word' id='word_1_218' title='bbox 2844 1577 3027 1623; x_wconf 90' lang='lat' dir='ltr'><strong>autem</strong></span> <span class='ocrx_word' id='word_1_219' title='bbox 3064 1567 3197 1625; x_wconf 93' lang='lat' dir='ltr'><strong>deos</strong></span> <span class='ocrx_word' id='word_1_220' title='bbox 3229 1569 3475 1642; x_wconf 65' lang='lat' dir='ltr'><strong>praecipit</strong></span> 
     </span>
    </p>
   </div>
   <div class='ocr_carea' id='block_1_32' title="bbox 1875 1654 3475 1732">
    <p class='ocr_par' dir='ltr' id='par_1_32' title="bbox 1875 1654 3475 1732">
     <span class='ocr_line' id='line_1_32' title="bbox 1875 1654 3475 1732; baseline 0.006 -23"><span class='ocrx_word' id='word_1_221' title='bbox 1875 1654 2005 1719; x_wconf 90' lang='lat' dir='ltr'><strong>coli,</strong></span> <span class='ocrx_word' id='word_1_222' title='bbox 2029 1655 2119 1725; x_wconf 89' lang='lat' dir='ltr'><strong>qui</strong></span> <span class='ocrx_word' id='word_1_223' title='bbox 2148 1656 2307 1725; x_wconf 92' lang='lat' dir='ltr'><strong>plene</strong></span> <span class='ocrx_word' id='word_1_224' title='bbox 2334 1672 2443 1728; x_wconf 75' lang='lat' dir='ltr'><strong>pra:</strong></span> <span class='ocrx_word' id='word_1_225' title='bbox 2464 1655 2694 1712; x_wconf 86' lang='lat' dir='ltr'><strong>stultitia</strong></span> <span class='ocrx_word' id='word_1_226' title='bbox 2718 1674 2902 1713; x_wconf 91' lang='lat' dir='ltr'><strong>rerum</strong></span> <span class='ocrx_word' id='word_1_227' title='bbox 2921 1674 3116 1715; x_wconf 84' lang='lat' dir='ltr'><strong>causas</strong></span> <span class='ocrx_word' id='word_1_228' title='bbox 3139 1675 3246 1716; x_wconf 92' lang='lat' dir='ltr'><strong>non</strong></span> <span class='ocrx_word' id='word_1_229' title='bbox 3274 1670 3475 1732; x_wconf 86' lang='lat' dir='ltr'><strong>queant</strong></span> 
     </span>
    </p>
   </div>
   <div class='ocr_carea' id='block_1_33' title="bbox 186 1748 3473 1823">
    <p class='ocr_par' dir='ltr' id='par_1_33' title="bbox 186 1748 3473 1823">
     <span class='ocr_line' id='line_1_33' title="bbox 186 1748 3473 1823; baseline 0.001 -17"><span class='ocrx_word' id='word_1_230' title='bbox 186 1756 273 1809; x_wconf 78' lang='lat' dir='ltr'><strong>cui</strong></span> <span class='ocrx_word' id='word_1_231' title='bbox 304 1754 591 1810; x_wconf 82' lang='lat' dir='ltr'><strong>infidelitas</strong></span> <span class='ocrx_word' id='word_1_232' title='bbox 620 1755 821 1809; x_wconf 79' lang='lat' dir='ltr'><strong>Ariana</strong></span> <span class='ocrx_word' id='word_1_233' title='bbox 867 1754 1043 1809; x_wconf 83' lang='lat' dir='ltr'><strong>fuerat</strong></span> <span class='ocrx_word' id='word_1_234' title='bbox 1084 1754 1377 1810; x_wconf 87' lang='lat' dir='ltr'><strong>dominata.</strong></span> <span class='ocrx_word' id='word_1_235' title='bbox 1416 1755 1673 1821; x_wconf 79' lang='lat' dir='ltr'><strong>Quoniam</strong></span> <span class='ocrx_word' id='word_1_236' title='bbox 1698 1757 1772 1809; x_wconf 66' lang='grc' dir='ltr'><strong>εἰ·</strong></span> <span class='ocrx_word' id='word_1_237' title='bbox 1804 1748 1852 1809; x_wconf 91' lang='grc' dir='ltr'>Β</span> <span class='ocrx_word' id='word_1_238' title='bbox 1878 1748 2124 1803; x_wconf 70' lang='lat' dir='ltr'><strong>invenire</strong></span> <span class='ocrx_word' id='word_1_239' title='bbox 2161 1766 2174 1800; x_wconf 87' lang='lat'><strong>:</strong></span> <span class='ocrx_word' id='word_1_240' title='bbox 2207 1764 2544 1821; x_wconf 76' lang='lat' dir='ltr'><strong>Quorumque</strong></span> <span class='ocrx_word' id='word_1_241' title='bbox 2594 1752 2919 1821; x_wconf 67' lang='lat' dir='ltr'><strong>praecordia,</strong></span> <span class='ocrx_word' id='word_1_242' title='bbox 2972 1762 3031 1808; x_wconf 90' lang='lat' dir='ltr'><strong>ut</strong></span> <span class='ocrx_word' id='word_1_243' title='bbox 3070 1752 3239 1823; x_wconf 88' lang='lat' dir='ltr'><strong>ipsius</strong></span> <span class='ocrx_word' id='word_1_244' title='bbox 3290 1754 3473 1811; x_wconf 82' lang='lat' dir='ltr'><strong>verbis</strong></span> 
     </span>
    </p>
   </div>
   <div class='ocr_carea' id='block_1_34' title="bbox 184 1846 1779 1920">
    <p class='ocr_par' dir='ltr' id='par_1_34' title="bbox 184 1846 1779 1920">
     <span class='ocr_line' id='line_1_34' title="bbox 184 1846 1779 1920; baseline 0.002 -21"><span class='ocrx_word' id='word_1_245' title='bbox 184 1864 287 1920; x_wconf 80' lang='lat' dir='ltr'><strong>gua</strong></span> <span class='ocrx_word' id='word_1_246' title='bbox 306 1864 412 1900; x_wconf 84' lang='lat' dir='ltr'><strong>non</strong></span> <span class='ocrx_word' id='word_1_247' title='bbox 444 1846 705 1916; x_wconf 81' lang='lat' dir='ltr'><strong>ﬁdelibus,</strong></span> <span class='ocrx_word' id='word_1_248' title='bbox 734 1847 824 1900; x_wconf 79' lang='lat' dir='ltr'><strong>sed</strong></span> <span class='ocrx_word' id='word_1_249' title='bbox 858 1847 1156 1916; x_wconf 81' lang='lat' dir='ltr'><strong>inﬁdelibus</strong></span> <span class='ocrx_word' id='word_1_250' title='bbox 1203 1850 1393 1901; x_wconf 88' lang='lat' dir='ltr'><strong>donata</strong></span> <span class='ocrx_word' id='word_1_251' title='bbox 1423 1858 1541 1901; x_wconf 85' lang='lat' dir='ltr'><strong>sunt</strong></span> <span class='ocrx_word' id='word_1_252' title='bbox 1584 1846 1627 1919; x_wconf 93' lang='grc' dir='ltr'><strong>(ι</strong></span> <span class='ocrx_word' id='word_1_253' title='bbox 1657 1846 1779 1904; x_wconf 87' lang='lat' dir='ltr'><strong>Cor.</strong></span> 
     </span>
    </p>
   </div>
   <div class='ocr_carea' id='block_1_35' title="bbox 182 1937 1779 2011">
    <p class='ocr_par' dir='ltr' id='par_1_35' title="bbox 182 1937 1779 2011">
     <span class='ocr_line' id='line_1_35' title="bbox 182 1937 1779 2011; baseline 0.002 -19"><span class='ocrx_word' id='word_1_254' title='bbox 182 1954 294 2003; x_wconf 68' lang='grc' dir='ltr'><strong>λιν,</strong></span> <span class='ocrx_word' id='word_1_255' title='bbox 318 1938 436 2009; x_wconf 67' lang='lat'><strong>25).</strong></span> <span class='ocrx_word' id='word_1_256' title='bbox 464 1938 597 1992; x_wconf 87' lang='lat' dir='ltr'><strong>Nam</strong></span> <span class='ocrx_word' id='word_1_257' title='bbox 626 1953 656 1993; x_wconf 80' lang='lat' dir='ltr'><strong>a</strong></span> <span class='ocrx_word' id='word_1_258' title='bbox 688 1937 942 2006; x_wconf 90' lang='lat' dir='ltr'><strong>Domino,</strong></span> <span class='ocrx_word' id='word_1_259' title='bbox 977 1940 1066 2009; x_wconf 90' lang='lat' dir='ltr'><strong>qui</strong></span> <span class='ocrx_word' id='word_1_260' title='bbox 1097 1942 1309 2011; x_wconf 85' lang='lat' dir='ltr'><strong>signum</strong></span> <span class='ocrx_word' id='word_1_261' title='bbox 1343 1940 1638 2006; x_wconf 85' lang='lat' dir='ltr'><strong>postulant,</strong></span> <span class='ocrx_word' id='word_1_262' title='bbox 1664 1941 1779 1995; x_wconf 83' lang='lat' dir='ltr'><strong>inli-</strong></span> 
     </span>
    </p>
   </div>
   <div class='ocr_carea' id='block_1_36' title="bbox 182 2030 1781 2103">
    <p class='ocr_par' dir='ltr' id='par_1_36' title="bbox 182 2030 1781 2103">
     <span class='ocr_line' id='line_1_36' title="bbox 182 2030 1781 2103; baseline 0.003 -19"><span class='ocrx_word' id='word_1_263' title='bbox 182 2030 339 2086; x_wconf 86' lang='lat' dir='ltr'><strong>(leles</strong></span> <span class='ocrx_word' id='word_1_264' title='bbox 377 2041 502 2085; x_wconf 89' lang='lat' dir='ltr'><strong>sunt</strong></span> <span class='ocrx_word' id='word_1_265' title='bbox 538 2049 551 2083; x_wconf 91' lang='lat'>:</span> <span class='ocrx_word' id='word_1_266' title='bbox 585 2032 778 2086; x_wconf 78' lang='lat' dir='ltr'><strong>scriba:</strong></span> <span class='ocrx_word' id='word_1_267' title='bbox 817 2032 1091 2102; x_wconf 89' lang='lat' dir='ltr'><strong>postulant</strong></span> <span class='ocrx_word' id='word_1_268' title='bbox 1115 2077 1129 2101; x_wconf 92' lang='lat'><strong>,</strong></span> <span class='ocrx_word' id='word_1_269' title='bbox 1171 2033 1421 2102; x_wconf 68' lang='lat' dir='ltr'><strong>pharisaei</strong></span> <span class='ocrx_word' id='word_1_270' title='bbox 1460 2034 1736 2103; x_wconf 89' lang='lat' dir='ltr'><strong>postulant</strong></span> <span class='ocrx_word' id='word_1_271' title='bbox 1768 2053 1781 2088; x_wconf 93' lang='lat'>:</span> 
     </span>
    </p>
   </div>
   <div class='ocr_carea' id='block_1_37' title="bbox 183 2124 1784 2198">
    <p class='ocr_par' dir='ltr' id='par_1_37' title="bbox 183 2124 1784 2198">
     <span class='ocr_line' id='line_1_37' title="bbox 183 2124 1784 2198; baseline 0.003 -21"><span class='ocrx_word' id='word_1_272' title='bbox 183 2124 414 2191; x_wconf 74' lang='lat' dir='ltr'><strong>apostoli</strong></span> <span class='ocrx_word' id='word_1_273' title='bbox 462 2134 666 2193; x_wconf 84' lang='lat' dir='ltr'><strong>tacent,</strong></span> <span class='ocrx_word' id='word_1_274' title='bbox 719 2134 773 2180; x_wconf 91' lang='lat' dir='ltr'><strong>et</strong></span> <span class='ocrx_word' id='word_1_275' title='bbox 813 2125 1063 2191; x_wconf 89' lang='lat' dir='ltr'><strong>credunt,</strong></span> <span class='ocrx_word' id='word_1_276' title='bbox 1111 2134 1165 2181; x_wconf 91' lang='lat' dir='ltr'><strong>et</strong></span> <span class='ocrx_word' id='word_1_277' title='bbox 1199 2135 1515 2198; x_wconf 91' lang='lat' dir='ltr'><strong>sequuntur.</strong></span> <span class='ocrx_word' id='word_1_278' title='bbox 1551 2126 1617 2181; x_wconf 84' lang='lat' dir='ltr'><strong>Et</strong></span> <span class='ocrx_word' id='word_1_279' title='bbox 1658 2142 1784 2197; x_wconf 92' lang='lat' dir='ltr'><strong>pro-</strong></span> 
     </span>
    </p>
   </div>
   <div class='ocr_carea' id='block_1_38' title="bbox 184 2219 1783 2291">
    <p class='ocr_par' dir='ltr' id='par_1_38' title="bbox 184 2219 1783 2291">
     <span class='ocr_line' id='line_1_38' title="bbox 184 2219 1783 2291; baseline 0.001 -17"><span class='ocrx_word' id='word_1_280' title='bbox 184 2230 368 2287; x_wconf 87' lang='lat' dir='ltr'><strong>pterea</strong></span> <span class='ocrx_word' id='word_1_281' title='bbox 401 2235 508 2274; x_wconf 93' lang='lat' dir='ltr'><strong>non</strong></span> <span class='ocrx_word' id='word_1_282' title='bbox 558 2222 888 2283; x_wconf 89' lang='lat' dir='ltr'><strong>mirandum,</strong></span> <span class='ocrx_word' id='word_1_283' title='bbox 936 2220 1079 2289; x_wconf 90' lang='lat' dir='ltr'><strong>quod</strong></span> <span class='ocrx_word' id='word_1_284' title='bbox 1120 2219 1297 2276; x_wconf 89' lang='lat' dir='ltr'><strong>divina</strong></span> <span class='ocrx_word' id='word_1_285' title='bbox 1328 2222 1499 2275; x_wconf 87' lang='lat' dir='ltr'><strong>virtus</strong></span> <span class='ocrx_word' id='word_1_286' title='bbox 1528 2232 1783 2291; x_wconf 85' lang='lat' dir='ltr'><strong>operatur</strong></span> 
     </span>
    </p>
   </div>
   <div class='ocr_carea' id='block_1_39' title="bbox 183 2312 1782 2384">
    <p class='ocr_par' dir='ltr' id='par_1_39' title="bbox 183 2312 1782 2384">
     <span class='ocr_line' id='line_1_39' title="bbox 183 2312 1782 2384; baseline 0.003 -17"><span class='ocrx_word' id='word_1_287' title='bbox 183 2328 283 2379; x_wconf 82' lang='lat' dir='ltr'><strong>per</strong></span> <span class='ocrx_word' id='word_1_288' title='bbox 300 2313 547 2383; x_wconf 87' lang='lat' dir='ltr'><strong>sepulcra</strong></span> <span class='ocrx_word' id='word_1_289' title='bbox 567 2324 896 2377; x_wconf 89' lang='lat' dir='ltr'><strong>sanctorum,</strong></span> <span class='ocrx_word' id='word_1_290' title='bbox 922 2312 1063 2383; x_wconf 86' lang='lat' dir='ltr'><strong>quod</strong></span> <span class='ocrx_word' id='word_1_291' title='bbox 1099 2329 1195 2368; x_wconf 93' lang='lat' dir='ltr'><strong>nec</strong></span> <span class='ocrx_word' id='word_1_292' title='bbox 1227 2314 1307 2368; x_wconf 90' lang='lat' dir='ltr'><strong>his</strong></span> <span class='ocrx_word' id='word_1_293' title='bbox 1334 2313 1589 2369; x_wconf 90' lang='lat' dir='ltr'><strong>remediis</strong></span> <span class='ocrx_word' id='word_1_294' title='bbox 1611 2318 1782 2384; x_wconf 86' lang='lat' dir='ltr'><strong>potuit</strong></span> 
     </span>
    </p>
   </div>
   <div class='ocr_carea' id='block_1_40' title="bbox 191 2404 1781 2477">
    <p class='ocr_par' dir='ltr' id='par_1_40' title="bbox 191 2404 1781 2477">
     <span class='ocr_line' id='line_1_40' title="bbox 191 2404 1781 2477; baseline 0.004 -22"><span class='ocrx_word' id='word_1_295' title='bbox 191 2404 446 2460; x_wconf 69' lang='lat' dir='ltr'><strong>haeretica</strong></span> <span class='ocrx_word' id='word_1_296' title='bbox 474 2419 629 2460; x_wconf 90' lang='lat' dir='ltr'><strong>mens</strong></span> <span class='ocrx_word' id='word_1_297' title='bbox 656 2406 854 2473; x_wconf 92' lang='lat' dir='ltr'><strong>curari,</strong></span> <span class='ocrx_word' id='word_1_298' title='bbox 879 2416 937 2459; x_wconf 91' lang='lat' dir='ltr'><strong>ut</strong></span> <span class='ocrx_word' id='word_1_299' title='bbox 968 2406 1054 2460; x_wconf 90' lang='lat' dir='ltr'><strong>vel</strong></span> <span class='ocrx_word' id='word_1_300' title='bbox 1086 2406 1297 2460; x_wconf 92' lang='lat' dir='ltr'><strong>tandem</strong></span> <span class='ocrx_word' id='word_1_301' title='bbox 1322 2408 1634 2477; x_wconf 81' lang='lat' dir='ltr'><strong>episcOpum</strong></span> <span class='ocrx_word' id='word_1_302' title='bbox 1660 2424 1781 2462; x_wconf 91' lang='lat' dir='ltr'><strong>eum</strong></span> 
     </span>
    </p>
   </div>
   <div class='ocr_carea' id='block_1_41' title="bbox 187 2498 1782 2569">
    <p class='ocr_par' dir='ltr' id='par_1_41' title="bbox 187 2498 1782 2569">
     <span class='ocr_line' id='line_1_41' title="bbox 187 2498 1782 2569; baseline 0.002 -18"><span class='ocrx_word' id='word_1_303' title='bbox 187 2508 530 2567; x_wconf 66' lang='lat' dir='ltr'><strong>sequeretur,</strong></span> <span class='ocrx_word' id='word_1_304' title='bbox 586 2498 673 2552; x_wconf 92' lang='lat' dir='ltr'><strong>cui</strong></span> <span class='ocrx_word' id='word_1_305' title='bbox 717 2498 1116 2553; x_wconf 86' lang='lat' dir='ltr'><strong>communicare</strong></span> <span class='ocrx_word' id='word_1_306' title='bbox 1153 2499 1311 2554; x_wconf 90' lang='lat' dir='ltr'><strong>etiam</strong></span> <span class='ocrx_word' id='word_1_307' title='bbox 1363 2507 1628 2569; x_wconf 89' lang='lat' dir='ltr'><strong>martyres</strong></span> <span class='ocrx_word' id='word_1_308' title='bbox 1668 2499 1782 2567; x_wconf 89' lang='lat' dir='ltr'><strong>ipsa</strong></span> 
     </span>
    </p>
   </div>
   <div class='ocr_carea' id='block_1_42' title="bbox 187 2590 1775 2659">
    <p class='ocr_par' dir='ltr' id='par_1_42' title="bbox 187 2590 1775 2659">
     <span class='ocr_line' id='line_1_42' title="bbox 187 2590 1775 2659; baseline 0.002 -16"><span class='ocrx_word' id='word_1_309' title='bbox 187 2591 519 2644; x_wconf 81' lang='lat' dir='ltr'><strong>revelatione</strong></span> <span class='ocrx_word' id='word_1_310' title='bbox 564 2605 781 2644; x_wconf 89' lang='lat' dir='ltr'><strong>suarum</strong></span> <span class='ocrx_word' id='word_1_311' title='bbox 836 2590 1089 2644; x_wconf 88' lang='lat' dir='ltr'><strong>virtutum</strong></span> <span class='ocrx_word' id='word_1_312' title='bbox 1135 2590 1446 2659; x_wconf 77' lang='lat' dir='ltr'><strong>dignatione</strong></span> <span class='ocrx_word' id='word_1_313' title='bbox 1495 2590 1775 2648; x_wconf 85' lang='lat' dir='ltr'><strong>vidissent.</strong></span> 
     </span>
    </p>
   </div>
   <div class='ocr_carea' id='block_1_43' title="bbox 264 2679 1782 2752">
    <p class='ocr_par' dir='ltr' id='par_1_43' title="bbox 264 2679 1782 2752">
     <span class='ocr_line' id='line_1_43' title="bbox 264 2679 1782 2752; baseline 0.004 -17"><span class='ocrx_word' id='word_1_314' title='bbox 264 2679 409 2736; x_wconf 77' lang='lat' dir='ltr'><strong>XIX.</strong></span> <span class='ocrx_word' id='word_1_315' title='bbox 441 2681 596 2735; x_wconf 72' lang='lat' dir='ltr'><strong>Nunc</strong></span> <span class='ocrx_word' id='word_1_316' title='bbox 624 2682 691 2736; x_wconf 91' lang='lat' dir='ltr'><strong>ad</strong></span> <span class='ocrx_word' id='word_1_317' title='bbox 723 2681 1129 2738; x_wconf 88' lang='lat' dir='ltr'><strong>meditationem</strong></span> <span class='ocrx_word' id='word_1_318' title='bbox 1174 2683 1397 2752; x_wconf 74' lang='lat' dir='ltr'><strong>perfecti</strong></span> <span class='ocrx_word' id='word_1_319' title='bbox 1435 2683 1670 2740; x_wconf 86' lang='lat' dir='ltr'><strong>hominis</strong></span> <span class='ocrx_word' id='word_1_320' title='bbox 1696 2702 1782 2741; x_wconf 91' lang='lat' dir='ltr'><strong>re-</strong></span> 
     </span>
    </p>
   </div>
   <div class='ocr_carea' id='block_1_44' title="bbox 190 2774 1780 2848">
    <p class='ocr_par' dir='ltr' id='par_1_44' title="bbox 190 2774 1780 2848">
     <span class='ocr_line' id='line_1_44' title="bbox 190 2774 1780 2848; baseline 0.008 -25"><span class='ocrx_word' id='word_1_321' title='bbox 190 2774 412 2827; x_wconf 71' lang='lat' dir='ltr'><strong>deamus</strong></span> <span class='ocrx_word' id='word_1_322' title='bbox 447 2791 461 2827; x_wconf 92' lang='lat'><strong>:</strong></span> <span class='ocrx_word' id='word_1_323' title='bbox 489 2791 555 2829; x_wconf 81' lang='lat' dir='ltr'><strong>ex</strong></span> <span class='ocrx_word' id='word_1_324' title='bbox 585 2790 687 2845; x_wconf 90' lang='lat' dir='ltr'><strong>qua</strong></span> <span class='ocrx_word' id='word_1_325' title='bbox 711 2775 960 2830; x_wconf 91' lang='lat' dir='ltr'><strong>cumulus</strong></span> <span class='ocrx_word' id='word_1_326' title='bbox 992 2777 1093 2831; x_wconf 81' lang='lat' dir='ltr'><strong>iSIe</strong></span> <span class='ocrx_word' id='word_1_327' title='bbox 1132 2778 1304 2846; x_wconf 90' lang='lat' dir='ltr'><strong>prius,</strong></span> <span class='ocrx_word' id='word_1_328' title='bbox 1336 2794 1496 2848; x_wconf 83' lang='lat' dir='ltr'><strong>quam</strong></span> <span class='ocrx_word' id='word_1_329' title='bbox 1530 2795 1780 2835; x_wconf 86' lang='lat' dir='ltr'><strong>mensura</strong></span> 
     </span>
    </p>
   </div>
   <div class='ocr_carea' id='block_1_45' title="bbox 193 2865 1783 2941">
    <p class='ocr_par' dir='ltr' id='par_1_45' title="bbox 193 2865 1783 2941">
     <span class='ocr_line' id='line_1_45' title="bbox 193 2865 1783 2941; baseline 0.007 -24"><span class='ocrx_word' id='word_1_330' title='bbox 193 2865 334 2919; x_wconf 77' lang='lat' dir='ltr'><strong>illius</strong></span> <span class='ocrx_word' id='word_1_331' title='bbox 370 2865 714 2935; x_wconf 80' lang='lat' dir='ltr'><strong>expleretur,</strong></span> <span class='ocrx_word' id='word_1_332' title='bbox 756 2867 1019 2923; x_wconf 80' lang='lat' dir='ltr'><strong>excrevit.</strong></span> <span class='ocrx_word' id='word_1_333' title='bbox 1070 2868 1137 2922; x_wconf 81' lang='lat' dir='ltr'><strong>Et</strong></span> <span class='ocrx_word' id='word_1_334' title='bbox 1190 2866 1306 2923; x_wconf 77' lang='lat' dir='ltr'><strong>haec</strong></span> <span class='ocrx_word' id='word_1_335' title='bbox 1357 2870 1652 2941; x_wconf 88' lang='lat' dir='ltr'><strong>disputatio</strong></span> <span class='ocrx_word' id='word_1_336' title='bbox 1699 2881 1783 2928; x_wconf 90' lang='lat' dir='ltr'><strong>est</strong></span> 
     </span>
    </p>
   </div>
   <div class='ocr_carea' id='block_1_46' title="bbox 192 2958 1782 3034">
    <p class='ocr_par' dir='ltr' id='par_1_46' title="bbox 192 2958 1782 3034">
     <span class='ocr_line' id='line_1_46' title="bbox 192 2958 1782 3034; baseline 0.008 -25"><span class='ocrx_word' id='word_1_337' title='bbox 192 2958 427 3021; x_wconf 63' lang='lat' dir='ltr'><strong>ipsarum</strong></span> <span class='ocrx_word' id='word_1_338' title='bbox 458 2960 871 3015; x_wconf 89' lang='lat' dir='ltr'><strong>meditationum</strong></span> <span class='ocrx_word' id='word_1_339' title='bbox 913 2962 979 3016; x_wconf 92' lang='lat' dir='ltr'><strong>de</strong></span> <span class='ocrx_word' id='word_1_340' title='bbox 1006 2961 1203 3032; x_wconf 89' lang='lat' dir='ltr'><strong>quibus</strong></span> <span class='ocrx_word' id='word_1_341' title='bbox 1233 2963 1400 3019; x_wconf 88' lang='lat' dir='ltr'><strong>David</strong></span> <span class='ocrx_word' id='word_1_342' title='bbox 1433 2966 1564 3020; x_wconf 92' lang='lat' dir='ltr'><strong>dicit</strong></span> <span class='ocrx_word' id='word_1_343' title='bbox 1592 2985 1606 3020; x_wconf 90' lang='lat'><strong>:</strong></span> <span class='ocrx_word' id='word_1_344' title='bbox 1638 2967 1782 3034; x_wconf 83' lang='lat' dir='ltr'><strong>Quo-</strong></span> 
     </span>
    </p>
   </div>
   <div class='ocr_carea' id='block_1_47' title="bbox 193 3049 1783 3125">
    <p class='ocr_par' dir='ltr' id='par_1_47' title="bbox 193 3049 1783 3125">
     <span class='ocr_line' id='line_1_47' title="bbox 193 3049 1783 3125; baseline 0.008 -23"><span class='ocrx_word' id='word_1_345' title='bbox 193 3054 336 3103; x_wconf 63' lang='lat' dir='ltr'><strong>niam</strong></span> <span class='ocrx_word' id='word_1_346' title='bbox 370 3049 550 3105; x_wconf 83' lang='lat' dir='ltr'><strong>beatus</strong></span> <span class='ocrx_word' id='word_1_347' title='bbox 587 3054 676 3123; x_wconf 89' lang='lat' dir='ltr'><strong>qui</strong></span> <span class='ocrx_word' id='word_1_348' title='bbox 708 3053 761 3105; x_wconf 82' lang='lat' dir='ltr'><strong>in</strong></span> <span class='ocrx_word' id='word_1_349' title='bbox 801 3054 909 3125; x_wconf 86' lang='lat' dir='ltr'><strong>lege</strong></span> <span class='ocrx_word' id='word_1_350' title='bbox 959 3053 1170 3108; x_wconf 82' lang='lat' dir='ltr'><strong>Domini</strong></span> <span class='ocrx_word' id='word_1_351' title='bbox 1225 3057 1553 3111; x_wconf 78' lang='lat' dir='ltr'><strong>meditabitur</strong></span> <span class='ocrx_word' id='word_1_352' title='bbox 1598 3058 1683 3113; x_wconf 83' lang='lat' dir='ltr'><strong>die</strong></span> <span class='ocrx_word' id='word_1_353' title='bbox 1722 3079 1783 3115; x_wconf 83' lang='lat' dir='ltr'><strong>ac</strong></span> 
     </span>
    </p>
   </div>
   <div class='ocr_carea' id='block_1_48' title="bbox 1886 1840 3473 1915">
    <p class='ocr_par' dir='ltr' id='par_1_48' title="bbox 1886 1840 3473 1915">
     <span class='ocr_line' id='line_1_48' title="bbox 1886 1840 3473 1915; baseline 0.008 -21"><span class='ocrx_word' id='word_1_354' title='bbox 1886 1852 2023 1907; x_wconf 90' lang='lat' dir='ltr'><strong>utar,</strong></span> <span class='ocrx_word' id='word_1_355' title='bbox 2052 1840 2279 1912; x_wconf 80' lang='lat' dir='ltr'><strong>frigidus</strong></span> <span class='ocrx_word' id='word_1_356' title='bbox 2320 1844 2541 1915; x_wconf 81' lang='lat' dir='ltr'><strong>sanguis</strong></span> <span class='ocrx_word' id='word_1_357' title='bbox 2580 1845 2826 1900; x_wconf 90' lang='lat' dir='ltr'><strong>includit.</strong></span> <span class='ocrx_word' id='word_1_358' title='bbox 2858 1846 3049 1901; x_wconf 85' lang='lat' dir='ltr'><strong>Adhuc</strong></span> <span class='ocrx_word' id='word_1_359' title='bbox 3092 1847 3253 1904; x_wconf 86' lang='lat' dir='ltr'><strong>homo</strong></span> <span class='ocrx_word' id='word_1_360' title='bbox 3290 1858 3473 1906; x_wconf 86' lang='lat' dir='ltr'><strong>noster</strong></span> 
     </span>
    </p>
   </div>
   <div class='ocr_carea' id='block_1_49' title="bbox 1886 1933 3478 2013">
    <p class='ocr_par' dir='ltr' id='par_1_49' title="bbox 1886 1933 3478 2013">
     <span class='ocr_line' id='line_1_49' title="bbox 1886 1933 3478 2013; baseline 0.007 -25"><span class='ocrx_word' id='word_1_361' title='bbox 1886 1940 1942 1988; x_wconf 92' lang='lat' dir='ltr'><strong>et</strong></span> <span class='ocrx_word' id='word_1_362' title='bbox 1972 1933 2138 1988; x_wconf 91' lang='lat' dir='ltr'><strong>Deum</strong></span> <span class='ocrx_word' id='word_1_363' title='bbox 2170 1934 2373 2001; x_wconf 91' lang='lat' dir='ltr'><strong>colere,</strong></span> <span class='ocrx_word' id='word_1_364' title='bbox 2410 1937 2764 2008; x_wconf 86' lang='lat' dir='ltr'><strong>principalem</strong></span> <span class='ocrx_word' id='word_1_365' title='bbox 2787 1939 2891 1995; x_wconf 91' lang='lat' dir='ltr'><strong>scit</strong></span> <span class='ocrx_word' id='word_1_366' title='bbox 2917 1956 3039 1996; x_wconf 90' lang='lat' dir='ltr'><strong>esse</strong></span> <span class='ocrx_word' id='word_1_367' title='bbox 3064 1944 3478 2013; x_wconf 87' lang='lat' dir='ltr'><strong>sapientiam,et</strong></span> 
     </span>
    </p>
   </div>
   <div class='ocr_carea' id='block_1_50' title="bbox 1886 2029 3471 2107">
    <p class='ocr_par' dir='ltr' id='par_1_50' title="bbox 1886 2029 3471 2107">
     <span class='ocr_line' id='line_1_50' title="bbox 1886 2029 3471 2107; baseline 0.008 -28"><span class='ocrx_word' id='word_1_368' title='bbox 1886 2040 2069 2079; x_wconf 87' lang='lat' dir='ltr'><strong>rerum</strong></span> <span class='ocrx_word' id='word_1_369' title='bbox 2112 2040 2305 2080; x_wconf 90' lang='lat' dir='ltr'><strong>causas</strong></span> <span class='ocrx_word' id='word_1_370' title='bbox 2338 2041 2643 2096; x_wconf 89' lang='lat' dir='ltr'><strong>compertas</strong></span> <span class='ocrx_word' id='word_1_371' title='bbox 2672 2029 2838 2085; x_wconf 89' lang='lat' dir='ltr'><strong>habet</strong></span> <span class='ocrx_word' id='word_1_372' title='bbox 2870 2048 2883 2083; x_wconf 90' lang='lat'><strong>:</strong></span> <span class='ocrx_word' id='word_1_373' title='bbox 2916 2048 3019 2086; x_wconf 92' lang='lat' dir='ltr'><strong>non</strong></span> <span class='ocrx_word' id='word_1_374' title='bbox 3050 2036 3240 2101; x_wconf 69' lang='lat' dir='ltr'><strong>qumrit</strong></span> <span class='ocrx_word' id='word_1_375' title='bbox 3268 2051 3332 2091; x_wconf 83' lang='lat' dir='ltr'><strong>ex</strong></span> <span class='ocrx_word' id='word_1_376' title='bbox 3365 2036 3471 2107; x_wconf 86' lang='lat' dir='ltr'><strong>Sy-</strong></span> 
     </span>
    </p>
   </div>
   <div class='ocr_carea' id='block_1_51' title="bbox 1886 2118 3473 2193">
    <p class='ocr_par' dir='ltr' id='par_1_51' title="bbox 1886 2118 3473 2193">
     <span class='ocr_line' id='line_1_51' title="bbox 1886 2118 3473 2193; baseline 0.009 -22"><span class='ocrx_word' id='word_1_377' title='bbox 1886 2120 2095 2173; x_wconf 84' lang='lat' dir='ltr'><strong>racosia</strong></span> <span class='ocrx_word' id='word_1_378' title='bbox 2138 2118 2350 2175; x_wconf 87' lang='lat' dir='ltr'><strong>ratione</strong></span> <span class='ocrx_word' id='word_1_379' title='bbox 2390 2121 2571 2176; x_wconf 67' lang='lat' dir='ltr'><strong>saeculi</strong></span> <span class='ocrx_word' id='word_1_380' title='bbox 2617 2122 2875 2193; x_wconf 87' lang='lat' dir='ltr'><strong>sapientis</strong></span> <span class='ocrx_word' id='word_1_381' title='bbox 2924 2125 3201 2181; x_wconf 86' lang='lat' dir='ltr'><strong>eminere:</strong></span> <span class='ocrx_word' id='word_1_382' title='bbox 3242 2128 3337 2184; x_wconf 89' lang='lat' dir='ltr'><strong>sed</strong></span> <span class='ocrx_word' id='word_1_383' title='bbox 3382 2130 3473 2187; x_wconf 91' lang='lat' dir='ltr'><strong>illo</strong></span> 
     </span>
    </p>
   </div>
   <div class='ocr_carea' id='block_1_52' title="bbox 1886 2209 3458 2291">
    <p class='ocr_par' dir='ltr' id='par_1_52' title="bbox 1886 2209 3458 2291">
     <span class='ocr_line' id='line_1_52' title="bbox 1886 2209 3458 2291; baseline 0.008 -27"><span class='ocrx_word' id='word_1_384' title='bbox 1886 2209 2138 2277; x_wconf 84' lang='lat' dir='ltr'><strong>docente,</strong></span> <span class='ocrx_word' id='word_1_385' title='bbox 2171 2226 2327 2282; x_wconf 89' lang='lat' dir='ltr'><strong>quem</strong></span> <span class='ocrx_word' id='word_1_386' title='bbox 2346 2214 2496 2281; x_wconf 91' lang='lat' dir='ltr'><strong>colit,</strong></span> <span class='ocrx_word' id='word_1_387' title='bbox 2530 2229 2689 2284; x_wconf 89' lang='lat' dir='ltr'><strong>quem</strong></span> <span class='ocrx_word' id='word_1_388' title='bbox 2720 2226 2846 2271; x_wconf 89' lang='lat' dir='ltr'><strong>ante</strong></span> <span class='ocrx_word' id='word_1_389' title='bbox 2872 2216 3150 2288; x_wconf 89' lang='lat' dir='ltr'><strong>inquisivit</strong></span> <span class='ocrx_word' id='word_1_390' title='bbox 3176 2235 3336 2291; x_wconf 91' lang='lat' dir='ltr'><strong>quam</strong></span> <span class='ocrx_word' id='word_1_391' title='bbox 3368 2237 3458 2277; x_wconf 89' lang='lat' dir='ltr'><strong>re-</strong></span> 
     </span>
    </p>
   </div>
   <div class='ocr_carea' id='block_1_53' title="bbox 1886 2309 3470 2381">
    <p class='ocr_par' dir='ltr' id='par_1_53' title="bbox 1886 2309 3470 2381">
     <span class='ocr_line' id='line_1_53' title="bbox 1886 2309 3470 2381; baseline 0.006 -20"><span class='ocrx_word' id='word_1_392' title='bbox 1886 2322 2003 2361; x_wconf 89' lang='lat' dir='ltr'><strong>rum</strong></span> <span class='ocrx_word' id='word_1_393' title='bbox 2034 2322 2224 2364; x_wconf 88' lang='lat' dir='ltr'><strong>causas</strong></span> <span class='ocrx_word' id='word_1_394' title='bbox 2256 2328 2271 2364; x_wconf 91' lang='lat'>:</span> <span class='ocrx_word' id='word_1_395' title='bbox 2300 2309 2554 2378; x_wconf 87' lang='lat' dir='ltr'><strong>quoniam</strong></span> <span class='ocrx_word' id='word_1_396' title='bbox 2582 2326 2670 2365; x_wconf 90' lang='lat' dir='ltr'><strong>res</strong></span> <span class='ocrx_word' id='word_1_397' title='bbox 2708 2312 2855 2381; x_wconf 92' lang='lat' dir='ltr'><strong>ipsas</strong></span> <span class='ocrx_word' id='word_1_398' title='bbox 2886 2328 3071 2368; x_wconf 90' lang='lat' dir='ltr'><strong>rerum</strong></span> <span class='ocrx_word' id='word_1_399' title='bbox 3095 2314 3347 2371; x_wconf 90' lang='lat' dir='ltr'><strong>conditor</strong></span> <span class='ocrx_word' id='word_1_400' title='bbox 3370 2332 3470 2371; x_wconf 87' lang='lat' dir='ltr'><strong>an-</strong></span> 
     </span>
    </p>
   </div>
   <div class='ocr_carea' id='block_1_54' title="bbox 1886 2398 3483 2475">
    <p class='ocr_par' dir='ltr' id='par_1_54' title="bbox 1886 2398 3483 2475">
     <span class='ocr_line' id='line_1_54' title="bbox 1886 2398 3483 2475; baseline 0.006 -23"><span class='ocrx_word' id='word_1_401' title='bbox 1886 2398 2085 2453; x_wconf 80' lang='lat' dir='ltr'><strong>tecedit</strong></span> <span class='ocrx_word' id='word_1_402' title='bbox 2115 2417 2127 2452; x_wconf 88' lang='lat'>:</span> <span class='ocrx_word' id='word_1_403' title='bbox 2157 2401 2246 2471; x_wconf 92' lang='lat' dir='ltr'><strong>qui</strong></span> <span class='ocrx_word' id='word_1_404' title='bbox 2272 2400 2419 2455; x_wconf 89' lang='lat' dir='ltr'><strong>illum</strong></span> <span class='ocrx_word' id='word_1_405' title='bbox 2453 2402 2681 2468; x_wconf 85' lang='lat' dir='ltr'><strong>monuit,</strong></span> <span class='ocrx_word' id='word_1_406' title='bbox 2710 2420 2834 2473; x_wconf 70' lang='lat' dir='ltr'><strong>qua:</strong></span> <span class='ocrx_word' id='word_1_407' title='bbox 2863 2404 3059 2475; x_wconf 91' lang='lat' dir='ltr'><strong>quibus</strong></span> <span class='ocrx_word' id='word_1_408' title='bbox 3081 2416 3266 2462; x_wconf 88' lang='lat' dir='ltr'><strong>essent</strong></span> <span class='ocrx_word' id='word_1_409' title='bbox 3292 2418 3483 2463; x_wconf 84' lang='lat' dir='ltr'><strong>ventu-</strong></span> 
     </span>
    </p>
   </div>
   <div class='ocr_carea' id='block_1_55' title="bbox 1884 2492 3477 2573">
    <p class='ocr_par' dir='ltr' id='par_1_55' title="bbox 1884 2492 3477 2573">
     <span class='ocr_line' id='line_1_55' title="bbox 1884 2492 3477 2573; baseline 0.008 -29"><span class='ocrx_word' id='word_1_410' title='bbox 1884 2504 1941 2544; x_wconf 88' lang='lat' dir='ltr'><strong>ra</strong></span> <span class='ocrx_word' id='word_1_411' title='bbox 1981 2492 2330 2562; x_wconf 86' lang='lat' dir='ltr'><strong>temporibus.</strong></span> <span class='ocrx_word' id='word_1_412' title='bbox 2376 2494 2544 2563; x_wconf 90' lang='lat' dir='ltr'><strong>Cujus</strong></span> <span class='ocrx_word' id='word_1_413' title='bbox 2585 2494 3025 2565; x_wconf 83' lang='lat' dir='ltr'><strong>dispositionem,</strong></span> <span class='ocrx_word' id='word_1_414' title='bbox 3074 2499 3193 2554; x_wconf 91' lang='lat' dir='ltr'><strong>sine</strong></span> <span class='ocrx_word' id='word_1_415' title='bbox 3234 2500 3351 2568; x_wconf 88' lang='lat' dir='ltr'><strong>ipso</strong></span> <span class='ocrx_word' id='word_1_416' title='bbox 3385 2502 3477 2573; x_wconf 89' lang='lat' dir='ltr'><strong>qui</strong></span> 
     </span>
    </p>
   </div>
   <div class='ocr_carea' id='block_1_56' title="bbox 1885 2583 3478 2664">
    <p class='ocr_par' dir='ltr' id='par_1_56' title="bbox 1885 2583 3478 2664">
     <span class='ocr_line' id='line_1_56' title="bbox 1885 2583 3478 2664; baseline 0.008 -27"><span class='ocrx_word' id='word_1_417' title='bbox 1885 2583 2170 2653; x_wconf 79' lang='lat' dir='ltr'><strong>diSposuit,</strong></span> <span class='ocrx_word' id='word_1_418' title='bbox 2206 2586 2384 2640; x_wconf 90' lang='lat' dir='ltr'><strong>nullus</strong></span> <span class='ocrx_word' id='word_1_419' title='bbox 2426 2589 2655 2658; x_wconf 84' lang='lat' dir='ltr'><strong>agnovit</strong></span> <span class='ocrx_word' id='word_1_420' title='bbox 2688 2606 2700 2641; x_wconf 91' lang='lat'>:</span> <span class='ocrx_word' id='word_1_421' title='bbox 2733 2590 2989 2661; x_wconf 90' lang='lat' dir='ltr'><strong>quoniam</strong></span> <span class='ocrx_word' id='word_1_422' title='bbox 3031 2607 3191 2647; x_wconf 89' lang='lat' dir='ltr'><strong>nemo</strong></span> <span class='ocrx_word' id='word_1_423' title='bbox 3228 2594 3331 2648; x_wconf 90' lang='lat' dir='ltr'><strong>scit</strong></span> <span class='ocrx_word' id='word_1_424' title='bbox 3359 2610 3478 2664; x_wconf 73' lang='lat' dir='ltr'><strong>qua:</strong></span> 
     </span>
    </p>
   </div>
   <div class='ocr_carea' id='block_1_57' title="bbox 1883 2675 3476 2755">
    <p class='ocr_par' dir='ltr' id='par_1_57' title="bbox 1883 2675 3476 2755">
     <span class='ocr_line' id='line_1_57' title="bbox 1883 2675 3476 2755; baseline 0.008 -25"><span class='ocrx_word' id='word_1_425' title='bbox 1883 2675 1979 2730; x_wconf 88' lang='lat' dir='ltr'><strong>Dei</strong></span> <span class='ocrx_word' id='word_1_426' title='bbox 2028 2685 2172 2743; x_wconf 90' lang='lat' dir='ltr'><strong>sunt,</strong></span> <span class='ocrx_word' id='word_1_427' title='bbox 2206 2678 2308 2733; x_wconf 93' lang='lat' dir='ltr'><strong>nisi</strong></span> <span class='ocrx_word' id='word_1_428' title='bbox 2346 2678 2581 2749; x_wconf 86' lang='lat' dir='ltr'><strong>Spiritus</strong></span> <span class='ocrx_word' id='word_1_429' title='bbox 2626 2680 2743 2736; x_wconf 90' lang='lat' dir='ltr'><strong>Dei.</strong></span> <span class='ocrx_word' id='word_1_430' title='bbox 2776 2681 2885 2737; x_wconf 86' lang='lat' dir='ltr'><strong>Nos</strong></span> <span class='ocrx_word' id='word_1_431' title='bbox 2922 2698 3054 2740; x_wconf 85' lang='lat' dir='ltr'><strong>vero</strong></span> <span class='ocrx_word' id='word_1_432' title='bbox 3084 2692 3146 2739; x_wconf 90' lang='lat' dir='ltr'><strong>ut</strong></span> <span class='ocrx_word' id='word_1_433' title='bbox 3182 2685 3476 2755; x_wconf 86' lang='lat' dir='ltr'><strong>Apostolus</strong></span> 
     </span>
    </p>
   </div>
   <div class='ocr_carea' id='block_1_58' title="bbox 1883 2767 3479 2851">
    <p class='ocr_par' dir='ltr' id='par_1_58' title="bbox 1883 2767 3479 2851">
     <span class='ocr_line' id='line_1_58' title="bbox 1883 2767 3479 2851; baseline 0.008 -30"><span class='ocrx_word' id='word_1_434' title='bbox 1883 2769 1995 2822; x_wconf 86' lang='lat' dir='ltr'><strong>ait:</strong></span> <span class='ocrx_word' id='word_1_435' title='bbox 2030 2767 2153 2823; x_wconf 82' lang='lat' dir='ltr'><strong>Non</strong></span> <span class='ocrx_word' id='word_1_436' title='bbox 2189 2769 2424 2842; x_wconf 79' lang='lat' dir='ltr'><strong>spiritum</strong></span> <span class='ocrx_word' id='word_1_437' title='bbox 2451 2771 2608 2845; x_wconf 80' lang='lat' dir='ltr'><strong>hujus</strong></span> <span class='ocrx_word' id='word_1_438' title='bbox 2646 2774 2826 2827; x_wconf 84' lang='lat' dir='ltr'><strong>mundi</strong></span> <span class='ocrx_word' id='word_1_439' title='bbox 2857 2778 3171 2848; x_wconf 74' lang='lat' dir='ltr'><strong>accepimus,</strong></span> <span class='ocrx_word' id='word_1_440' title='bbox 3197 2778 3287 2833; x_wconf 81' lang='lat' dir='ltr'><strong>sed</strong></span> <span class='ocrx_word' id='word_1_441' title='bbox 3322 2781 3479 2851; x_wconf 72' lang='lat' dir='ltr'><strong>spiri-</strong></span> 
     </span>
    </p>
   </div>
   <div class='ocr_carea' id='block_1_59' title="bbox 1886 2863 3477 2945">
    <p class='ocr_par' dir='ltr' id='par_1_59' title="bbox 1886 2863 3477 2945">
     <span class='ocr_line' id='line_1_59' title="bbox 1886 2863 3477 2945; baseline 0.011 -32"><span class='ocrx_word' id='word_1_442' title='bbox 1886 2870 1994 2915; x_wconf 85' lang='lat' dir='ltr'><strong>tum</strong></span> <span class='ocrx_word' id='word_1_443' title='bbox 2026 2864 2115 2935; x_wconf 83' lang='lat' dir='ltr'><strong>qui</strong></span> <span class='ocrx_word' id='word_1_444' title='bbox 2144 2879 2208 2920; x_wconf 79' lang='lat' dir='ltr'><strong>ea:</strong></span> <span class='ocrx_word' id='word_1_445' title='bbox 2231 2863 2338 2919; x_wconf 88' lang='lat' dir='ltr'><strong>Deo</strong></span> <span class='ocrx_word' id='word_1_446' title='bbox 2360 2874 2432 2921; x_wconf 81' lang='lat' dir='ltr'><strong>est</strong></span> <span class='ocrx_word' id='word_1_447' title='bbox 2456 2865 2503 2937; x_wconf 90' lang='grc' dir='ltr'><strong>(Ι</strong></span> <span class='ocrx_word' id='word_1_448' title='bbox 2522 2865 2641 2922; x_wconf 85' lang='lat' dir='ltr'><strong>Cor.</strong></span> <span class='ocrx_word' id='word_1_449' title='bbox 2675 2884 2734 2935; x_wconf 80' lang='grc' dir='ltr'><strong>ιι,</strong></span> <span class='ocrx_word' id='word_1_450' title='bbox 2762 2868 2851 2940; x_wconf 76' lang='grc'><strong>12)</strong></span> <span class='ocrx_word' id='word_1_451' title='bbox 2886 2888 2898 2923; x_wconf 88' lang='lat'>:</span> <span class='ocrx_word' id='word_1_452' title='bbox 2924 2879 2980 2925; x_wconf 90' lang='lat' dir='ltr'><strong>et</strong></span> <span class='ocrx_word' id='word_1_453' title='bbox 3006 2871 3127 2928; x_wconf 91' lang='lat' dir='ltr'><strong>ideo</strong></span> <span class='ocrx_word' id='word_1_454' title='bbox 3152 2889 3273 2945; x_wconf 76' lang='lat' dir='ltr'><strong>qua:</strong></span> <span class='ocrx_word' id='word_1_455' title='bbox 3302 2874 3477 2945; x_wconf 89' lang='lat' dir='ltr'><strong>ipsius</strong></span> 
     </span>
    </p>
   </div>
   <div class='ocr_carea' id='block_1_60' title="bbox 1884 2959 3477 3037">
    <p class='ocr_par' dir='ltr' id='par_1_60' title="bbox 1884 2959 3477 3037">
     <span class='ocr_line' id='line_1_60' title="bbox 1884 2959 3477 3037; baseline 0.008 -26"><span class='ocrx_word' id='word_1_456' title='bbox 1884 2966 2036 3020; x_wconf 83' lang='lat' dir='ltr'><strong>Sunt,</strong></span> <span class='ocrx_word' id='word_1_457' title='bbox 2071 2972 2175 3012; x_wconf 92' lang='lat' dir='ltr'><strong>non</strong></span> <span class='ocrx_word' id='word_1_458' title='bbox 2210 2959 2385 3014; x_wconf 91' lang='lat' dir='ltr'><strong>cdocti</strong></span> <span class='ocrx_word' id='word_1_459' title='bbox 2414 2959 2663 3015; x_wconf 64' lang='lat' dir='ltr'><strong>humanae</strong></span> <span class='ocrx_word' id='word_1_460' title='bbox 2684 2964 2968 3032; x_wconf 65' lang='lat' dir='ltr'><strong>sapientiae</strong></span> <span class='ocrx_word' id='word_1_461' title='bbox 3000 2966 3205 3037; x_wconf 82' lang='lat' dir='ltr'><strong>verbis,</strong></span> <span class='ocrx_word' id='word_1_462' title='bbox 3235 2966 3329 3021; x_wconf 91' lang='lat' dir='ltr'><strong>sed</strong></span> <span class='ocrx_word' id='word_1_463' title='bbox 3354 2965 3477 3037; x_wconf 87' lang='lat' dir='ltr'><strong>Spi-</strong></span> 
     </span>
    </p>
   </div>
   <div class='ocr_carea' id='block_1_61' title="bbox 1885 3045 3477 3125">
    <p class='ocr_par' dir='ltr' id='par_1_61' title="bbox 1885 3045 3477 3125">
     <span class='ocr_line' id='line_1_61' title="bbox 1885 3045 3477 3125; baseline 0.01 -26"><span class='ocrx_word' id='word_1_464' title='bbox 1885 3045 1991 3100; x_wconf 91' lang='lat' dir='ltr'><strong>ritu</strong></span> <span class='ocrx_word' id='word_1_465' title='bbox 2026 3047 2139 3112; x_wconf 89' lang='lat' dir='ltr'><strong>Dei,</strong></span> <span class='ocrx_word' id='word_1_466' title='bbox 2165 3056 2221 3103; x_wconf 89' lang='lat' dir='ltr'><strong>et</strong></span> <span class='ocrx_word' id='word_1_467' title='bbox 2258 3048 2374 3118; x_wconf 84' lang='lat' dir='ltr'><strong>ejus</strong></span> <span class='ocrx_word' id='word_1_468' title='bbox 2422 3052 2708 3119; x_wconf 81' lang='lat' dir='ltr'><strong>superfusa</strong></span> <span class='ocrx_word' id='word_1_469' title='bbox 2755 3052 2913 3108; x_wconf 91' lang='lat' dir='ltr'><strong>nobis</strong></span> <span class='ocrx_word' id='word_1_470' title='bbox 2952 3053 3267 3125; x_wconf 85' lang='lat' dir='ltr'><strong>dignatione</strong></span> <span class='ocrx_word' id='word_1_471' title='bbox 3312 3058 3477 3115; x_wconf 87' lang='lat' dir='ltr'><strong>calle-</strong></span> 
     </span>
    </p>
   </div>
   <div class='ocr_carea' id='block_1_62' title="bbox 195 3140 3478 3223">
    <p class='ocr_par' dir='ltr' id='par_1_62' title="bbox 195 3140 3478 3223">
     <span class='ocr_line' id='line_1_62' title="bbox 195 3140 3478 3223; baseline 0.007 -39"><span class='ocrx_word' id='word_1_472' title='bbox 195 3153 339 3197; x_wconf 67' lang='grc' dir='ltr'><strong>,εοειε</strong></span> <span class='ocrx_word' id='word_1_473' title='bbox 370 3141 544 3213; x_wconf 71' lang='grc' dir='ltr'><strong>(Ρδαι,</strong></span> <span class='ocrx_word' id='word_1_474' title='bbox 585 3160 625 3209; x_wconf 70' lang='grc' dir='ltr'><strong>ι,</strong></span> <span class='ocrx_word' id='word_1_475' title='bbox 655 3144 738 3215; x_wconf 66' lang='grc' dir='ltr'><strong>ε),</strong></span> <span class='ocrx_word' id='word_1_476' title='bbox 773 3145 840 3200; x_wconf 61' lang='lat' dir='ltr'><strong>Et</strong></span> <span class='ocrx_word' id='word_1_477' title='bbox 868 3161 999 3202; x_wconf 68' lang='lat' dir='ltr'><strong>sane</strong></span> <span class='ocrx_word' id='word_1_478' title='bbox 1028 3146 1248 3203; x_wconf 74' lang='lat' dir='ltr'><strong>difﬁcile</strong></span> <span class='ocrx_word' id='word_1_479' title='bbox 1279 3158 1382 3214; x_wconf 70' lang='grc' dir='ltr'><strong>εει,</strong></span> <span class='ocrx_word' id='word_1_480' title='bbox 1411 3150 1601 3205; x_wconf 61' lang='lat' dir='ltr'><strong>silvam</strong></span> <span class='ocrx_word' id='word_1_481' title='bbox 1650 3151 1783 3223; x_wconf 64' lang='lat' dir='ltr'><strong>legis</strong></span> <span class='ocrx_word' id='word_1_482' title='bbox 1810 3140 1856 3205; x_wconf 86' lang='lat' dir='ltr'><strong><em>C</em></strong></span> <span class='ocrx_word' id='word_1_483' title='bbox 1888 3155 2026 3195; x_wconf 89' lang='lat' dir='ltr'><strong>mus.</strong></span> <span class='ocrx_word' id='word_1_484' title='bbox 2053 3140 2176 3196; x_wconf 82' lang='lat' dir='ltr'><strong>Haec</strong></span> <span class='ocrx_word' id='word_1_485' title='bbox 2206 3152 2288 3198; x_wconf 90' lang='lat' dir='ltr'><strong>est</strong></span> <span class='ocrx_word' id='word_1_486' title='bbox 2318 3143 2407 3198; x_wconf 87' lang='lat' dir='ltr'><strong>illa</strong></span> <span class='ocrx_word' id='word_1_487' title='bbox 2430 3146 2659 3199; x_wconf 86' lang='lat' dir='ltr'><strong>stultitia</strong></span> <span class='ocrx_word' id='word_1_488' title='bbox 2682 3147 3053 3213; x_wconf 79' lang='lat' dir='ltr'><strong>saecularium,</strong></span> <span class='ocrx_word' id='word_1_489' title='bbox 3078 3147 3197 3203; x_wconf 69' lang='lat' dir='ltr'><strong>haec</strong></span> <span class='ocrx_word' id='word_1_490' title='bbox 3212 3150 3478 3220; x_wconf 85' lang='lat' dir='ltr'><strong>sapientia</strong></span> 
     </span>
    </p>
   </div>
   <div class='ocr_carea' id='block_1_63' title="bbox 193 3235 1783 3318">
    <p class='ocr_par' dir='ltr' id='par_1_63' title="bbox 193 3235 1783 3318">
     <span class='ocr_line' id='line_1_63' title="bbox 193 3235 1783 3318; baseline 0.009 -29"><span class='ocrx_word' id='word_1_491' title='bbox 193 3235 465 3306; x_wconf 50' lang='lat' dir='ltr'><strong>ingresso,</strong></span> <span class='ocrx_word' id='word_1_492' title='bbox 493 3239 822 3309; x_wconf 81' lang='lat' dir='ltr'><strong>singularum</strong></span> <span class='ocrx_word' id='word_1_493' title='bbox 866 3242 1222 3310; x_wconf 66' lang='lat' dir='ltr'><strong>quaestionum</strong></span> <span class='ocrx_word' id='word_1_494' title='bbox 1273 3244 1550 3299; x_wconf 82' lang='lat' dir='ltr'><strong>materiam</strong></span> <span class='ocrx_word' id='word_1_495' title='bbox 1601 3261 1783 3318; x_wconf 84' lang='lat' dir='ltr'><strong>segre-</strong></span> 
     </span>
    </p>
   </div>
   <div class='ocr_carea' id='block_1_64' title="bbox 200 3332 1779 3410">
    <p class='ocr_par' dir='ltr' id='par_1_64' title="bbox 200 3332 1779 3410">
     <span class='ocr_line' id='line_1_64' title="bbox 200 3332 1779 3410; baseline 0.009 -29"><span class='ocrx_word' id='word_1_496' title='bbox 200 3343 336 3397; x_wconf 56' lang='lat' dir='ltr'><strong>gare</strong></span> <span class='ocrx_word' id='word_1_497' title='bbox 362 3348 375 3381; x_wconf 85' lang='lat'><strong>:</strong></span> <span class='ocrx_word' id='word_1_498' title='bbox 406 3344 526 3385; x_wconf 90' lang='lat' dir='ltr'><strong>cum</strong></span> <span class='ocrx_word' id='word_1_499' title='bbox 553 3332 718 3386; x_wconf 85' lang='lat' dir='ltr'><strong>altera</strong></span> <span class='ocrx_word' id='word_1_500' title='bbox 743 3332 968 3388; x_wconf 91' lang='lat' dir='ltr'><strong>alteram</strong></span> <span class='ocrx_word' id='word_1_501' title='bbox 997 3334 1163 3389; x_wconf 89' lang='lat' dir='ltr'><strong>veluti</strong></span> <span class='ocrx_word' id='word_1_502' title='bbox 1194 3335 1415 3391; x_wconf 88' lang='lat' dir='ltr'><strong>ramulis</strong></span> <span class='ocrx_word' id='word_1_503' title='bbox 1436 3339 1779 3410; x_wconf 82' lang='lat' dir='ltr'><strong>quibusdam,</strong></span> 
     </span>
    </p>
   </div>
   <div class='ocr_carea' id='block_1_65' title="bbox 195 3420 1783 3496">
    <p class='ocr_par' dir='ltr' id='par_1_65' title="bbox 195 3420 1783 3496">
     <span class='ocr_line' id='line_1_65' title="bbox 195 3420 1783 3496; baseline 0.01 -25"><span class='ocrx_word' id='word_1_504' title='bbox 195 3421 271 3473; x_wconf 87' lang='lat' dir='ltr'><strong>ita</strong></span> <span class='ocrx_word' id='word_1_505' title='bbox 312 3420 568 3477; x_wconf 76' lang='lat' dir='ltr'><strong>societate</strong></span> <span class='ocrx_word' id='word_1_506' title='bbox 612 3425 993 3493; x_wconf 64' lang='lat' dir='ltr'><strong>praeceptionis</strong></span> <span class='ocrx_word' id='word_1_507' title='bbox 1020 3425 1268 3496; x_wconf 83' lang='lat' dir='ltr'><strong>attingat,</strong></span> <span class='ocrx_word' id='word_1_508' title='bbox 1304 3436 1362 3482; x_wconf 93' lang='lat' dir='ltr'><strong>ut</strong></span> <span class='ocrx_word' id='word_1_509' title='bbox 1398 3429 1514 3484; x_wconf 91' lang='lat' dir='ltr'><strong>sine</strong></span> <span class='ocrx_word' id='word_1_510' title='bbox 1559 3433 1783 3487; x_wconf 84' lang='lat' dir='ltr'><strong>alterius</strong></span> 
     </span>
    </p>
   </div>
   <div class='ocr_carea' id='block_1_66' title="bbox 197 3514 1784 3591">
    <p class='ocr_par' dir='ltr' id='par_1_66' title="bbox 197 3514 1784 3591">
     <span class='ocr_line' id='line_1_66' title="bbox 197 3514 1784 3591; baseline 0.009 -24"><span class='ocrx_word' id='word_1_511' title='bbox 197 3514 566 3585; x_wconf 87' lang='lat' dir='ltr'><strong>inchoatione,</strong></span> <span class='ocrx_word' id='word_1_512' title='bbox 597 3529 771 3589; x_wconf 69' lang='lat' dir='ltr'><strong>empta</strong></span> <span class='ocrx_word' id='word_1_513' title='bbox 803 3534 910 3573; x_wconf 88' lang='lat' dir='ltr'><strong>non</strong></span> <span class='ocrx_word' id='word_1_514' title='bbox 956 3520 1129 3574; x_wconf 85' lang='lat' dir='ltr'><strong>valeat</strong></span> <span class='ocrx_word' id='word_1_515' title='bbox 1174 3523 1451 3591; x_wconf 80' lang='lat' dir='ltr'><strong>explicari.</strong></span> <span class='ocrx_word' id='word_1_516' title='bbox 1498 3525 1636 3580; x_wconf 84' lang='lat' dir='ltr'><strong>Ecce</strong></span> <span class='ocrx_word' id='word_1_517' title='bbox 1668 3525 1784 3581; x_wconf 73' lang='lat' dir='ltr'><strong>hrec</strong></span> 
     </span>
    </p>
   </div>
   <div class='ocr_carea' id='block_1_67' title="bbox 198 3607 1781 3689">
    <p class='ocr_par' dir='ltr' id='par_1_67' title="bbox 198 3607 1781 3689">
     <span class='ocr_line' id='line_1_67' title="bbox 198 3607 1781 3689; baseline 0.01 -30"><span class='ocrx_word' id='word_1_518' title='bbox 198 3607 311 3676; x_wconf 87' lang='lat' dir='ltr'><strong>ipsa</strong></span> <span class='ocrx_word' id='word_1_519' title='bbox 344 3608 619 3664; x_wconf 85' lang='lat' dir='ltr'><strong>hominem</strong></span> <span class='ocrx_word' id='word_1_520' title='bbox 654 3611 802 3665; x_wconf 90' lang='lat' dir='ltr'><strong>illum</strong></span> <span class='ocrx_word' id='word_1_521' title='bbox 828 3622 1070 3667; x_wconf 90' lang='lat' dir='ltr'><strong>nostrum</strong></span> <span class='ocrx_word' id='word_1_522' title='bbox 1097 3628 1280 3681; x_wconf 89' lang='lat' dir='ltr'><strong>nosse,</strong></span> <span class='ocrx_word' id='word_1_523' title='bbox 1311 3632 1470 3685; x_wconf 88' lang='lat' dir='ltr'><strong>quam</strong></span> <span class='ocrx_word' id='word_1_524' title='bbox 1496 3618 1781 3689; x_wconf 90' lang='lat' dir='ltr'><strong>pulchrum</strong></span> 
     </span>
    </p>
   </div>
   <div class='ocr_carea' id='block_1_68' title="bbox 197 3701 1784 3781">
    <p class='ocr_par' dir='ltr' id='par_1_68' title="bbox 197 3701 1784 3781">
     <span class='ocr_line' id='line_1_68' title="bbox 197 3701 1784 3781; baseline 0.009 -28"><span class='ocrx_word' id='word_1_525' title='bbox 197 3709 297 3765; x_wconf 87' lang='lat' dir='ltr'><strong>cst,</strong></span> <span class='ocrx_word' id='word_1_526' title='bbox 324 3701 499 3755; x_wconf 89' lang='lat' dir='ltr'><strong>solum</strong></span> <span class='ocrx_word' id='word_1_527' title='bbox 530 3702 583 3756; x_wconf 92' lang='lat' dir='ltr'><strong>in</strong></span> <span class='ocrx_word' id='word_1_528' title='bbox 634 3704 829 3757; x_wconf 88' lang='lat' dir='ltr'><strong>talibus</strong></span> <span class='ocrx_word' id='word_1_529' title='bbox 871 3720 977 3758; x_wconf 92' lang='lat' dir='ltr'><strong>non</strong></span> <span class='ocrx_word' id='word_1_530' title='bbox 1010 3715 1252 3775; x_wconf 85' lang='lat' dir='ltr'><strong>stupere,</strong></span> <span class='ocrx_word' id='word_1_531' title='bbox 1286 3722 1408 3763; x_wconf 89' lang='lat' dir='ltr'><strong>cum</strong></span> <span class='ocrx_word' id='word_1_532' title='bbox 1442 3710 1666 3781; x_wconf 87' lang='lat' dir='ltr'><strong>reliquis</strong></span> <span class='ocrx_word' id='word_1_533' title='bbox 1692 3728 1784 3767; x_wconf 87' lang='lat' dir='ltr'><strong>so-</strong></span> 
     </span>
    </p>
   </div>
   <div class='ocr_carea' id='block_1_69' title="bbox 200 3794 1784 3870">
    <p class='ocr_par' dir='ltr' id='par_1_69' title="bbox 200 3794 1784 3870">
     <span class='ocr_line' id='line_1_69' title="bbox 200 3794 1784 3870; baseline 0.009 -25"><span class='ocrx_word' id='word_1_534' title='bbox 200 3794 313 3847; x_wconf 85' lang='lat' dir='ltr'><strong>lum</strong></span> <span class='ocrx_word' id='word_1_535' title='bbox 341 3795 492 3864; x_wconf 87' lang='lat' dir='ltr'><strong>quasi</strong></span> <span class='ocrx_word' id='word_1_536' title='bbox 533 3795 862 3866; x_wconf 71' lang='lat' dir='ltr'><strong>quibusdam</strong></span> <span class='ocrx_word' id='word_1_537' title='bbox 910 3797 1146 3855; x_wconf 77' lang='lat' dir='ltr'><strong>fortuitis</strong></span> <span class='ocrx_word' id='word_1_538' title='bbox 1185 3816 1293 3857; x_wconf 88' lang='lat' dir='ltr'><strong>non</strong></span> <span class='ocrx_word' id='word_1_539' title='bbox 1336 3803 1566 3870; x_wconf 86' lang='lat' dir='ltr'><strong>moveri,</strong></span> <span class='ocrx_word' id='word_1_540' title='bbox 1592 3804 1784 3859; x_wconf 85' lang='lat' dir='ltr'><strong>distin-</strong></span> 
     </span>
    </p>
   </div>
   <div class='ocr_carea' id='block_1_70' title="bbox 195 3886 1787 3964">
    <p class='ocr_par' dir='ltr' id='par_1_70' title="bbox 195 3886 1787 3964">
     <span class='ocr_line' id='line_1_70' title="bbox 195 3886 1787 3964; baseline 0.011 -28"><span class='ocrx_word' id='word_1_541' title='bbox 195 3899 364 3952; x_wconf 73' lang='lat' dir='ltr'><strong>gnere</strong></span> <span class='ocrx_word' id='word_1_542' title='bbox 392 3886 767 3957; x_wconf 78' lang='lat' dir='ltr'><strong>Operathnum</strong></span> <span class='ocrx_word' id='word_1_543' title='bbox 793 3892 1025 3959; x_wconf 88' lang='lat' dir='ltr'><strong>species.</strong></span> <span class='ocrx_word' id='word_1_544' title='bbox 1052 3889 1123 3946; x_wconf 80' lang='lat' dir='ltr'><strong>Et</strong></span> <span class='ocrx_word' id='word_1_545' title='bbox 1145 3893 1268 3962; x_wconf 90' lang='lat' dir='ltr'><strong>quia</strong></span> <span class='ocrx_word' id='word_1_546' title='bbox 1296 3903 1351 3949; x_wconf 87' lang='lat' dir='ltr'><strong>et</strong></span> <span class='ocrx_word' id='word_1_547' title='bbox 1381 3895 1481 3964; x_wconf 92' lang='lat' dir='ltr'><strong>ipsi</strong></span> <span class='ocrx_word' id='word_1_548' title='bbox 1509 3897 1787 3953; x_wconf 84' lang='lat' dir='ltr'><strong>daemones</strong></span> 
     </span>
    </p>
   </div>
   <div class='ocr_carea' id='block_1_71' title="bbox 197 3979 1789 4060">
    <p class='ocr_par' dir='ltr' id='par_1_71' title="bbox 197 3979 1789 4060">
     <span class='ocr_line' id='line_1_71' title="bbox 197 3979 1789 4060; baseline 0.011 -32"><span class='ocrx_word' id='word_1_549' title='bbox 197 3990 518 4047; x_wconf 78' lang='lat' dir='ltr'><strong>operantur,</strong></span> <span class='ocrx_word' id='word_1_550' title='bbox 554 3979 858 4052; x_wconf 87' lang='lat' dir='ltr'><strong>intelligere</strong></span> <span class='ocrx_word' id='word_1_551' title='bbox 896 3993 1139 4049; x_wconf 85' lang='lat' dir='ltr'><strong>naturas,</strong></span> <span class='ocrx_word' id='word_1_552' title='bbox 1172 4001 1290 4054; x_wconf 69' lang='lat' dir='ltr'><strong>qua:</strong></span> <span class='ocrx_word' id='word_1_553' title='bbox 1331 4001 1461 4041; x_wconf 91' lang='lat' dir='ltr'><strong>vera</strong></span> <span class='ocrx_word' id='word_1_554' title='bbox 1508 3989 1637 4055; x_wconf 89' lang='lat' dir='ltr'><strong>sint,</strong></span> <span class='ocrx_word' id='word_1_555' title='bbox 1668 4005 1789 4060; x_wconf 70' lang='lat' dir='ltr'><strong>qua:</strong></span> 
     </span>
    </p>
   </div>
   <div class='ocr_carea' id='block_1_72' title="bbox 198 4071 1786 4151">
    <p class='ocr_par' dir='ltr' id='par_1_72' title="bbox 198 4071 1786 4151">
     <span class='ocr_line' id='line_1_72' title="bbox 198 4071 1786 4151; baseline 0.011 -29"><span class='ocrx_word' id='word_1_556' title='bbox 198 4071 357 4139; x_wconf 78' lang='lat' dir='ltr'><strong>falsa,</strong></span> <span class='ocrx_word' id='word_1_557' title='bbox 379 4090 497 4144; x_wconf 67' lang='lat' dir='ltr'><strong>qua:</strong></span> <span class='ocrx_word' id='word_1_558' title='bbox 526 4075 765 4143; x_wconf 84' lang='lat' dir='ltr'><strong>novisse,</strong></span> <span class='ocrx_word' id='word_1_559' title='bbox 798 4089 879 4131; x_wconf 91' lang='lat' dir='ltr'><strong>est</strong></span> <span class='ocrx_word' id='word_1_560' title='bbox 928 4086 1034 4133; x_wconf 86' lang='lat' dir='ltr'><strong>non</strong></span> <span class='ocrx_word' id='word_1_561' title='bbox 1076 4078 1274 4149; x_wconf 85' lang='lat' dir='ltr'><strong>decipi,</strong></span> <span class='ocrx_word' id='word_1_562' title='bbox 1307 4097 1413 4136; x_wconf 91' lang='lat' dir='ltr'><strong>non</strong></span> <span class='ocrx_word' id='word_1_563' title='bbox 1450 4097 1654 4151; x_wconf 91' lang='lat' dir='ltr'><strong>errare,</strong></span> <span class='ocrx_word' id='word_1_564' title='bbox 1681 4099 1786 4139; x_wconf 89' lang='lat' dir='ltr'><strong>non</strong></span> 
     </span>
    </p>
   </div>
   <div class='ocr_carea' id='block_1_73' title="bbox 197 4164 1787 4243">
    <p class='ocr_par' dir='ltr' id='par_1_73' title="bbox 197 4164 1787 4243">
     <span class='ocr_line' id='line_1_73' title="bbox 197 4164 1787 4243; baseline 0.009 -27"><span class='ocrx_word' id='word_1_565' title='bbox 197 4164 419 4221; x_wconf 80' lang='lat' dir='ltr'><strong>inimico</strong></span> <span class='ocrx_word' id='word_1_566' title='bbox 442 4166 725 4238; x_wconf 87' lang='lat' dir='ltr'><strong>assignare</strong></span> <span class='ocrx_word' id='word_1_567' title='bbox 749 4182 873 4236; x_wconf 79' lang='lat' dir='ltr'><strong>quae</strong></span> <span class='ocrx_word' id='word_1_568' title='bbox 893 4166 991 4225; x_wconf 89' lang='lat' dir='ltr'><strong>Dei</strong></span> <span class='ocrx_word' id='word_1_569' title='bbox 1020 4179 1167 4237; x_wconf 89' lang='lat' dir='ltr'><strong>sunt,</strong></span> <span class='ocrx_word' id='word_1_570' title='bbox 1186 4186 1285 4226; x_wconf 92' lang='lat' dir='ltr'><strong>nec</strong></span> <span class='ocrx_word' id='word_1_571' title='bbox 1310 4173 1421 4228; x_wconf 92' lang='lat' dir='ltr'><strong>Deo</strong></span> <span class='ocrx_word' id='word_1_572' title='bbox 1450 4174 1787 4243; x_wconf 89' lang='lat' dir='ltr'><strong>adjudicare,</strong></span> 
     </span>
    </p>
   </div>
   <div class='ocr_carea' id='block_1_74' title="bbox 196 4262 1791 4341">
    <p class='ocr_par' dir='ltr' id='par_1_74' title="bbox 196 4262 1791 4341">
     <span class='ocr_line' id='line_1_74' title="bbox 196 4262 1791 4341; baseline 0.011 -35"><span class='ocrx_word' id='word_1_573' title='bbox 196 4271 331 4325; x_wconf 73' lang='lat' dir='ltr'><strong>qua:</strong></span> <span class='ocrx_word' id='word_1_574' title='bbox 361 4270 479 4315; x_wconf 90' lang='lat' dir='ltr'><strong>sunt</strong></span> <span class='ocrx_word' id='word_1_575' title='bbox 522 4262 830 4316; x_wconf 69' lang='lat' dir='ltr'><strong>daemonum</strong></span> <span class='ocrx_word' id='word_1_576' title='bbox 865 4281 877 4315; x_wconf 89' lang='lat'>:</span> <span class='ocrx_word' id='word_1_577' title='bbox 912 4263 1053 4320; x_wconf 89' lang='lat' dir='ltr'><strong>scire</strong></span> <span class='ocrx_word' id='word_1_578' title='bbox 1101 4275 1366 4335; x_wconf 89' lang='lat' dir='ltr'><strong>tempora,</strong></span> <span class='ocrx_word' id='word_1_579' title='bbox 1399 4268 1547 4337; x_wconf 89' lang='lat' dir='ltr'><strong>signa</strong></span> <span class='ocrx_word' id='word_1_580' title='bbox 1586 4284 1791 4341; x_wconf 81' lang='lat' dir='ltr'><strong>cogno-</strong></span> 
     </span>
    </p>
   </div>
   <div class='ocr_carea' id='block_1_75' title="bbox 200 4354 1789 4427">
    <p class='ocr_par' dir='ltr' id='par_1_75' title="bbox 200 4354 1789 4427">
     <span class='ocr_line' id='line_1_75' title="bbox 200 4354 1789 4427; baseline 0.007 -21"><span class='ocrx_word' id='word_1_581' title='bbox 200 4368 381 4418; x_wconf 59' lang='lat' dir='ltr'><strong>scere,</strong></span> <span class='ocrx_word' id='word_1_582' title='bbox 408 4354 607 4411; x_wconf 89' lang='lat' dir='ltr'><strong>habere</strong></span> <span class='ocrx_word' id='word_1_583' title='bbox 647 4354 861 4411; x_wconf 87' lang='lat' dir='ltr'><strong>Domini</strong></span> <span class='ocrx_word' id='word_1_584' title='bbox 888 4358 1157 4427; x_wconf 85' lang='lat' dir='ltr'><strong>cognitam</strong></span> <span class='ocrx_word' id='word_1_585' title='bbox 1200 4358 1528 4415; x_wconf 87' lang='lat' dir='ltr'><strong>voluntatem</strong></span> <span class='ocrx_word' id='word_1_586' title='bbox 1564 4379 1576 4414; x_wconf 92' lang='lat'>:</span> <span class='ocrx_word' id='word_1_587' title='bbox 1605 4372 1660 4417; x_wconf 88' lang='lat' dir='ltr'><strong>et</strong></span> <span class='ocrx_word' id='word_1_588' title='bbox 1686 4364 1789 4417; x_wconf 87' lang='lat' dir='ltr'><strong>alia</strong></span> 
     </span>
    </p>
   </div>
   <div class='ocr_carea' id='block_1_76' title="bbox 208 4448 1790 4521">
    <p class='ocr_par' dir='ltr' id='par_1_76' title="bbox 208 4448 1790 4521">
     <span class='ocr_line' id='line_1_76' title="bbox 208 4448 1790 4521; baseline 0.01 -24"><span class='ocrx_word' id='word_1_589' title='bbox 208 4448 304 4500; x_wconf 72' lang='grc' dir='ltr'><strong>υ(ιὶ</strong></span> <span class='ocrx_word' id='word_1_590' title='bbox 333 4449 600 4505; x_wconf 87' lang='lat' dir='ltr'><strong>mirabilia</strong></span> <span class='ocrx_word' id='word_1_591' title='bbox 640 4465 763 4505; x_wconf 90' lang='lat' dir='ltr'><strong>cum</strong></span> <span class='ocrx_word' id='word_1_592' title='bbox 804 4454 1099 4521; x_wconf 83' lang='lat' dir='ltr'><strong>gratiarum</strong></span> <span class='ocrx_word' id='word_1_593' title='bbox 1145 4455 1357 4510; x_wconf 88' lang='lat' dir='ltr'><strong>actione</strong></span> <span class='ocrx_word' id='word_1_594' title='bbox 1388 4456 1653 4521; x_wconf 87' lang='lat' dir='ltr'><strong>venerari,</strong></span> <span class='ocrx_word' id='word_1_595' title='bbox 1686 4458 1790 4514; x_wconf 89' lang='lat' dir='ltr'><strong>alia</strong></span> 
     </span>
    </p>
   </div>
   <div class='ocr_carea' id='block_1_77' title="bbox 1887 3237 3479 3307">
    <p class='ocr_par' dir='ltr' id='par_1_77' title="bbox 1887 3237 3479 3307">
     <span class='ocr_line' id='line_1_77' title="bbox 1887 3237 3479 3307; baseline 0.006 -21"><span class='ocrx_word' id='word_1_596' title='bbox 1887 3244 2224 3301; x_wconf 88' lang='lat' dir='ltr'><strong>vocatorum,</strong></span> <span class='ocrx_word' id='word_1_597' title='bbox 2258 3237 2499 3306; x_wconf 85' lang='lat' dir='ltr'><strong>cogitare</strong></span> <span class='ocrx_word' id='word_1_598' title='bbox 2528 3253 2745 3307; x_wconf 89' lang='lat' dir='ltr'><strong>semper</strong></span> <span class='ocrx_word' id='word_1_599' title='bbox 2782 3239 2837 3293; x_wconf 92' lang='lat' dir='ltr'><strong>in</strong></span> <span class='ocrx_word' id='word_1_600' title='bbox 2882 3239 3049 3295; x_wconf 88' lang='lat' dir='ltr'><strong>corde</strong></span> <span class='ocrx_word' id='word_1_601' title='bbox 3084 3257 3099 3296; x_wconf 90' lang='lat'><strong>:</strong></span> <span class='ocrx_word' id='word_1_602' title='bbox 3135 3239 3275 3307; x_wconf 83' lang='lat' dir='ltr'><strong>Quid</strong></span> <span class='ocrx_word' id='word_1_603' title='bbox 3322 3245 3479 3297; x_wconf 81' lang='lat' dir='ltr'><strong>retri-</strong></span> 
     </span>
    </p>
   </div>
   <div class='ocr_carea' id='block_1_78' title="bbox 1892 3324 3473 3405">
    <p class='ocr_par' dir='ltr' id='par_1_78' title="bbox 1892 3324 3473 3405">
     <span class='ocr_line' id='line_1_78' title="bbox 1892 3324 3473 3405; baseline 0.005 -25"><span class='ocrx_word' id='word_1_604' title='bbox 1892 3324 2044 3381; x_wconf 83' lang='lat' dir='ltr'><strong>buam</strong></span> <span class='ocrx_word' id='word_1_605' title='bbox 2078 3325 2301 3382; x_wconf 86' lang='lat' dir='ltr'><strong>Domino</strong></span> <span class='ocrx_word' id='word_1_606' title='bbox 2332 3345 2425 3401; x_wconf 88' lang='lat' dir='ltr'><strong>pro</strong></span> <span class='ocrx_word' id='word_1_607' title='bbox 2453 3331 2685 3384; x_wconf 79' lang='lat' dir='ltr'><strong>omnibus</strong></span> <span class='ocrx_word' id='word_1_608' title='bbox 2717 3347 2831 3401; x_wconf 72' lang='lat' dir='ltr'><strong>qum</strong></span> <span class='ocrx_word' id='word_1_609' title='bbox 2868 3332 3106 3386; x_wconf 80' lang='lat' dir='ltr'><strong>retribuit</strong></span> <span class='ocrx_word' id='word_1_610' title='bbox 3136 3332 3265 3387; x_wconf 84' lang='lat' dir='ltr'><strong>mihi</strong></span> <span class='ocrx_word' id='word_1_611' title='bbox 3296 3332 3473 3405; x_wconf 79' lang='lat' dir='ltr'><strong>(Paul.</strong></span> 
     </span>
    </p>
   </div>
   <div class='ocr_carea' id='block_1_79' title="bbox 1886 3419 3479 3495">
    <p class='ocr_par' dir='ltr' id='par_1_79' title="bbox 1886 3419 3479 3495">
     <span class='ocr_line' id='line_1_79' title="bbox 1886 3419 3479 3495; baseline 0.005 -21"><span class='ocrx_word' id='word_1_612' title='bbox 1886 3433 2034 3487; x_wconf 82' lang='lat' dir='ltr'><strong>cxvi,</strong></span> <span class='ocrx_word' id='word_1_613' title='bbox 2070 3419 2198 3489; x_wconf 65' lang='lat'><strong>1‘2)?</strong></span> <span class='ocrx_word' id='word_1_614' title='bbox 2229 3420 2409 3489; x_wconf 89' lang='lat' dir='ltr'><strong>Ipsum</strong></span> <span class='ocrx_word' id='word_1_615' title='bbox 2456 3421 2656 3476; x_wconf 88' lang='lat' dir='ltr'><strong>habere</strong></span> <span class='ocrx_word' id='word_1_616' title='bbox 2705 3435 2925 3491; x_wconf 90' lang='lat' dir='ltr'><strong>semper</strong></span> <span class='ocrx_word' id='word_1_617' title='bbox 2961 3422 3019 3478; x_wconf 88' lang='lat' dir='ltr'><strong>in</strong></span> <span class='ocrx_word' id='word_1_618' title='bbox 3062 3439 3185 3489; x_wconf 91' lang='lat' dir='ltr'><strong>ore,</strong></span> <span class='ocrx_word' id='word_1_619' title='bbox 3220 3426 3479 3495; x_wconf 88' lang='lat' dir='ltr'><strong>quoniam</strong></span> 
     </span>
    </p>
   </div>
   <div class='ocr_carea' id='block_1_80' title="bbox 1886 3511 3484 3588">
    <p class='ocr_par' dir='ltr' id='par_1_80' title="bbox 1886 3511 3484 3588">
     <span class='ocr_line' id='line_1_80' title="bbox 1886 3511 3484 3588; baseline 0.006 -24"><span class='ocrx_word' id='word_1_620' title='bbox 1886 3511 2114 3565; x_wconf 85' lang='lat' dir='ltr'><strong>verbum</strong></span> <span class='ocrx_word' id='word_1_621' title='bbox 2142 3520 2228 3565; x_wconf 90' lang='lat' dir='ltr'><strong>est</strong></span> <span class='ocrx_word' id='word_1_622' title='bbox 2260 3529 2271 3562; x_wconf 90' lang='lat'>:</span> <span class='ocrx_word' id='word_1_623' title='bbox 2297 3512 2507 3567; x_wconf 85' lang='lat' dir='ltr'><strong>esurire</strong></span> <span class='ocrx_word' id='word_1_624' title='bbox 2536 3527 2683 3577; x_wconf 91' lang='lat' dir='ltr'><strong>eum,</strong></span> <span class='ocrx_word' id='word_1_625' title='bbox 2707 3513 2963 3579; x_wconf 87' lang='lat' dir='ltr'><strong>quoniam</strong></span> <span class='ocrx_word' id='word_1_626' title='bbox 2996 3515 3152 3585; x_wconf 90' lang='lat' dir='ltr'><strong>panis</strong></span> <span class='ocrx_word' id='word_1_627' title='bbox 3175 3526 3277 3572; x_wconf 81' lang='lat' dir='ltr'><strong>est.</strong></span> <span class='ocrx_word' id='word_1_628' title='bbox 3312 3517 3484 3588; x_wconf 89' lang='lat' dir='ltr'><strong>Ipsius</strong></span> 
     </span>
    </p>
   </div>
   <div class='ocr_carea' id='block_1_81' title="bbox 1888 3600 3486 3679">
    <p class='ocr_par' dir='ltr' id='par_1_81' title="bbox 1888 3600 3486 3679">
     <span class='ocr_line' id='line_1_81' title="bbox 1888 3600 3486 3679; baseline 0.009 -24"><span class='ocrx_word' id='word_1_629' title='bbox 1888 3601 2083 3671; x_wconf 88' lang='lat' dir='ltr'><strong>spiritu</strong></span> <span class='ocrx_word' id='word_1_630' title='bbox 2111 3602 2276 3656; x_wconf 86' lang='lat' dir='ltr'><strong>etiam</strong></span> <span class='ocrx_word' id='word_1_631' title='bbox 2308 3600 2490 3656; x_wconf 88' lang='lat' dir='ltr'><strong>ebrios</strong></span> <span class='ocrx_word' id='word_1_632' title='bbox 2523 3612 2707 3659; x_wconf 91' lang='lat' dir='ltr'><strong>mente</strong></span> <span class='ocrx_word' id='word_1_633' title='bbox 2746 3604 3035 3674; x_wconf 77' lang='lat' dir='ltr'><strong>excedere,</strong></span> <span class='ocrx_word' id='word_1_634' title='bbox 3068 3608 3194 3679; x_wconf 89' lang='lat' dir='ltr'><strong>quia</strong></span> <span class='ocrx_word' id='word_1_635' title='bbox 3230 3609 3373 3665; x_wconf 83' lang='lat' dir='ltr'><strong>calix</strong></span> <span class='ocrx_word' id='word_1_636' title='bbox 3400 3624 3486 3669; x_wconf 85' lang='lat' dir='ltr'><strong>est</strong></span> 
     </span>
    </p>
   </div>
   <div class='ocr_carea' id='block_1_82' title="bbox 1890 3693 3482 3776">
    <p class='ocr_par' dir='ltr' id='par_1_82' title="bbox 1890 3693 3482 3776">
     <span class='ocr_line' id='line_1_82' title="bbox 1890 3693 3482 3776; baseline 0.008 -29"><span class='ocrx_word' id='word_1_637' title='bbox 1890 3694 2012 3747; x_wconf 86' lang='lat' dir='ltr'><strong>novi</strong></span> <span class='ocrx_word' id='word_1_638' title='bbox 2044 3693 2469 3760; x_wconf 88' lang='lat' dir='ltr'><strong>Tcstarnenti,et</strong></span> <span class='ocrx_word' id='word_1_639' title='bbox 2496 3696 2679 3751; x_wconf 87' lang='lat' dir='ltr'><strong>vinum</strong></span> <span class='ocrx_word' id='word_1_640' title='bbox 2703 3697 2771 3753; x_wconf 92' lang='lat' dir='ltr'><strong>de</strong></span> <span class='ocrx_word' id='word_1_641' title='bbox 2794 3698 2972 3766; x_wconf 90' lang='lat' dir='ltr'><strong>vinea,</strong></span> <span class='ocrx_word' id='word_1_642' title='bbox 2992 3716 3151 3769; x_wconf 87' lang='lat' dir='ltr'><strong>quam</strong></span> <span class='ocrx_word' id='word_1_643' title='bbox 3178 3704 3245 3758; x_wconf 91' lang='lat' dir='ltr'><strong>de</strong></span> <span class='ocrx_word' id='word_1_644' title='bbox 3272 3701 3482 3776; x_wconf 64' lang='lat' dir='ltr'><strong>Egyp-</strong></span> 
     </span>
    </p>
   </div>
   <div class='ocr_carea' id='block_1_83' title="bbox 1891 3789 3479 3861">
    <p class='ocr_par' dir='ltr' id='par_1_83' title="bbox 1891 3789 3479 3861">
     <span class='ocr_line' id='line_1_83' title="bbox 1891 3789 3479 3861; baseline 0.008 -22"><span class='ocrx_word' id='word_1_645' title='bbox 1891 3793 1945 3839; x_wconf 93' lang='lat' dir='ltr'><strong>to</strong></span> <span class='ocrx_word' id='word_1_646' title='bbox 1972 3795 2097 3839; x_wconf 89' lang='lat' dir='ltr'><strong>ante</strong></span> <span class='ocrx_word' id='word_1_647' title='bbox 2123 3789 2497 3853; x_wconf 86' lang='lat' dir='ltr'><strong>transtulerat,</strong></span> <span class='ocrx_word' id='word_1_648' title='bbox 2531 3803 2653 3859; x_wconf 73' lang='lat' dir='ltr'><strong>quae</strong></span> <span class='ocrx_word' id='word_1_649' title='bbox 2687 3789 2843 3844; x_wconf 87' lang='lat' dir='ltr'><strong>vinea</strong></span> <span class='ocrx_word' id='word_1_650' title='bbox 2879 3792 3110 3861; x_wconf 89' lang='lat' dir='ltr'><strong>populus</strong></span> <span class='ocrx_word' id='word_1_651' title='bbox 3141 3794 3303 3851; x_wconf 90' lang='lat' dir='ltr'><strong>Israel</strong></span> <span class='ocrx_word' id='word_1_652' title='bbox 3332 3792 3434 3852; x_wconf 80' lang='lat' dir='ltr'><strong>fuit</strong></span> <span class='ocrx_word' id='word_1_653' title='bbox 3465 3816 3479 3853; x_wconf 92' lang='lat'><strong>:</strong></span> 
     </span>
    </p>
   </div>
   <div class='ocr_carea' id='block_1_84' title="bbox 1888 3880 3481 3950">
    <p class='ocr_par' dir='ltr' id='par_1_84' title="bbox 1888 3880 3481 3950">
     <span class='ocr_line' id='line_1_84' title="bbox 1888 3880 3481 3950; baseline 0.008 -18"><span class='ocrx_word' id='word_1_654' title='bbox 1888 3889 2121 3949; x_wconf 86' lang='lat' dir='ltr'><strong>quorum</strong></span> <span class='ocrx_word' id='word_1_655' title='bbox 2161 3887 2363 3948; x_wconf 83' lang='lat' dir='ltr'><strong>patres,</strong></span> <span class='ocrx_word' id='word_1_656' title='bbox 2393 3893 2459 3935; x_wconf 81' lang='lat' dir='ltr'><strong>ex</strong></span> <span class='ocrx_word' id='word_1_657' title='bbox 2500 3882 2696 3950; x_wconf 87' lang='lat' dir='ltr'><strong>quibus</strong></span> <span class='ocrx_word' id='word_1_658' title='bbox 2741 3880 3003 3939; x_wconf 89' lang='lat' dir='ltr'><strong>Dominus</strong></span> <span class='ocrx_word' id='word_1_659' title='bbox 3033 3883 3191 3941; x_wconf 84' lang='lat' dir='ltr'><strong>Jesus</strong></span> <span class='ocrx_word' id='word_1_660' title='bbox 3229 3885 3481 3945; x_wconf 82' lang='lat' dir='ltr'><strong>Christus</strong></span> 
     </span>
    </p>
   </div>
   <div class='ocr_carea' id='block_1_85' title="bbox 1890 3970 3481 4048">
    <p class='ocr_par' dir='ltr' id='par_1_85' title="bbox 1890 3970 3481 4048">
     <span class='ocr_line' id='line_1_85' title="bbox 1890 3970 3481 4048; baseline 0.008 -23"><span class='ocrx_word' id='word_1_661' title='bbox 1890 3970 2187 4025; x_wconf 84' lang='lat' dir='ltr'><strong>secundum</strong></span> <span class='ocrx_word' id='word_1_662' title='bbox 2226 3985 2444 4027; x_wconf 88' lang='lat' dir='ltr'><strong>carnem</strong></span> <span class='ocrx_word' id='word_1_663' title='bbox 2476 3974 2764 4042; x_wconf 88' lang='lat' dir='ltr'><strong>processit.</strong></span> <span class='ocrx_word' id='word_1_664' title='bbox 2790 3975 2941 4029; x_wconf 92' lang='lat' dir='ltr'><strong>Illum</strong></span> <span class='ocrx_word' id='word_1_665' title='bbox 2976 3976 3121 4048; x_wconf 88' lang='lat' dir='ltr'><strong>loqui</strong></span> <span class='ocrx_word' id='word_1_666' title='bbox 3169 3981 3318 4035; x_wconf 90' lang='lat' dir='ltr'><strong>omni</strong></span> <span class='ocrx_word' id='word_1_667' title='bbox 3348 3990 3481 4037; x_wconf 82' lang='lat' dir='ltr'><strong>tem-</strong></span> 
     </span>
    </p>
   </div>
   <div class='ocr_carea' id='block_1_86' title="bbox 1893 4064 3487 4143">
    <p class='ocr_par' dir='ltr' id='par_1_86' title="bbox 1893 4064 3487 4143">
     <span class='ocr_line' id='line_1_86' title="bbox 1893 4064 3487 4143; baseline 0.01 -28"><span class='ocrx_word' id='word_1_668' title='bbox 1893 4076 2025 4133; x_wconf 88' lang='lat' dir='ltr'><strong>pore</strong></span> <span class='ocrx_word' id='word_1_669' title='bbox 2070 4065 2373 4134; x_wconf 87' lang='lat' dir='ltr'><strong>:quoniam</strong></span> <span class='ocrx_word' id='word_1_670' title='bbox 2416 4064 2625 4135; x_wconf 87' lang='lat' dir='ltr'><strong>linguas</strong></span> <span class='ocrx_word' id='word_1_671' title='bbox 2670 4067 2828 4123; x_wconf 90' lang='lat' dir='ltr'><strong>nobis</strong></span> <span class='ocrx_word' id='word_1_672' title='bbox 2876 4083 3045 4125; x_wconf 89' lang='lat' dir='ltr'><strong>novas</strong></span> <span class='ocrx_word' id='word_1_673' title='bbox 3083 4068 3325 4141; x_wconf 89' lang='lat' dir='ltr'><strong>Spiritus</strong></span> <span class='ocrx_word' id='word_1_674' title='bbox 3366 4075 3487 4143; x_wconf 80' lang='lat' dir='ltr'><strong>eius</strong></span> 
     </span>
    </p>
   </div>
   <div class='ocr_carea' id='block_1_87' title="bbox 1891 4153 3485 4236">
    <p class='ocr_par' dir='ltr' id='par_1_87' title="bbox 1891 4153 3485 4236">
     <span class='ocr_line' id='line_1_87' title="bbox 1891 4153 3485 4236; baseline 0.009 -29"><span class='ocrx_word' id='word_1_675' title='bbox 1891 4154 2127 4209; x_wconf 82' lang='lat' dir='ltr'><strong>advexit.</strong></span> <span class='ocrx_word' id='word_1_676' title='bbox 2150 4153 2281 4223; x_wconf 85' lang='lat' dir='ltr'><strong>Quae</strong></span> <span class='ocrx_word' id='word_1_677' title='bbox 2301 4167 2427 4212; x_wconf 85' lang='lat' dir='ltr'><strong>sunt</strong></span> <span class='ocrx_word' id='word_1_678' title='bbox 2447 4166 2632 4213; x_wconf 87' lang='lat' dir='ltr'><strong>autem</strong></span> <span class='ocrx_word' id='word_1_679' title='bbox 2655 4158 2773 4215; x_wconf 71' lang='lat' dir='ltr'><strong>ista:</strong></span> <span class='ocrx_word' id='word_1_680' title='bbox 2795 4161 2988 4232; x_wconf 59' lang='lat' dir='ltr'><strong>linguae</strong></span> <span class='ocrx_word' id='word_1_681' title='bbox 3010 4178 3186 4231; x_wconf 80' lang='lat' dir='ltr'><strong>novae,</strong></span> <span class='ocrx_word' id='word_1_682' title='bbox 3215 4165 3319 4219; x_wconf 88' lang='lat' dir='ltr'><strong>nisi</strong></span> <span class='ocrx_word' id='word_1_683' title='bbox 3343 4166 3485 4236; x_wconf 71' lang='lat' dir='ltr'><strong>istaz,</strong></span> 
     </span>
    </p>
   </div>
   <div class='ocr_carea' id='block_1_88' title="bbox 1891 4250 3481 4321">
    <p class='ocr_par' dir='ltr' id='par_1_88' title="bbox 1891 4250 3481 4321">
     <span class='ocr_line' id='line_1_88' title="bbox 1891 4250 3481 4321; baseline 0.01 -16"><span class='ocrx_word' id='word_1_684' title='bbox 1891 4250 1945 4305; x_wconf 89' lang='lat' dir='ltr'><strong>in</strong></span> <span class='ocrx_word' id='word_1_685' title='bbox 1968 4254 2167 4308; x_wconf 65' lang='lat' dir='ltr'><strong>siccqu</strong></span> <span class='ocrx_word' id='word_1_686' title='bbox 2196 4268 2339 4320; x_wconf 89' lang='lat' dir='ltr'><strong>esse,</strong></span> <span class='ocrx_word' id='word_1_687' title='bbox 2363 4264 2417 4310; x_wconf 91' lang='lat' dir='ltr'><strong>et</strong></span> <span class='ocrx_word' id='word_1_688' title='bbox 2445 4270 2753 4313; x_wconf 89' lang='lat' dir='ltr'><strong>sermonem</strong></span> <span class='ocrx_word' id='word_1_689' title='bbox 2784 4258 2851 4315; x_wconf 89' lang='lat' dir='ltr'><strong>de</strong></span> <span class='ocrx_word' id='word_1_690' title='bbox 2872 4261 3075 4317; x_wconf 67' lang='lat' dir='ltr'><strong>saeculo</strong></span> <span class='ocrx_word' id='word_1_691' title='bbox 3108 4277 3215 4319; x_wconf 90' lang='lat' dir='ltr'><strong>non</strong></span> <span class='ocrx_word' id='word_1_692' title='bbox 3247 4264 3481 4321; x_wconf 88' lang='lat' dir='ltr'><strong>habere:</strong></span> 
     </span>
    </p>
   </div>
   <div class='ocr_carea' id='block_1_89' title="bbox 1892 4346 3487 4431">
    <p class='ocr_par' dir='ltr' id='par_1_89' title="bbox 1892 4346 3487 4431">
     <span class='ocr_line' id='line_1_89' title="bbox 1892 4346 3487 4431; baseline 0.012 -32"><span class='ocrx_word' id='word_1_693' title='bbox 1892 4346 2013 4400; x_wconf 82' lang='lat' dir='ltr'><strong>aliis</strong></span> <span class='ocrx_word' id='word_1_694' title='bbox 2045 4347 2239 4418; x_wconf 79' lang='lat' dir='ltr'><strong>linguis</strong></span> <span class='ocrx_word' id='word_1_695' title='bbox 2277 4349 2423 4421; x_wconf 92' lang='lat' dir='ltr'><strong>loqui</strong></span> <span class='ocrx_word' id='word_1_696' title='bbox 2463 4354 2685 4421; x_wconf 90' lang='lat' dir='ltr'><strong>populo,</strong></span> <span class='ocrx_word' id='word_1_697' title='bbox 2719 4370 2881 4424; x_wconf 89' lang='lat' dir='ltr'><strong>quam</strong></span> <span class='ocrx_word' id='word_1_698' title='bbox 2925 4355 3071 4428; x_wconf 90' lang='lat' dir='ltr'><strong>loqui</strong></span> <span class='ocrx_word' id='word_1_699' title='bbox 3118 4361 3357 4431; x_wconf 88' lang='lat' dir='ltr'><strong>p0pulus</strong></span> <span class='ocrx_word' id='word_1_700' title='bbox 3399 4375 3487 4417; x_wconf 88' lang='lat' dir='ltr'><strong>se-</strong></span> 
     </span>
    </p>
   </div>
   <div class='ocr_carea' id='block_1_90' title="bbox 1892 4439 3488 4522">
    <p class='ocr_par' dir='ltr' id='par_1_90' title="bbox 1892 4439 3488 4522">
     <span class='ocr_line' id='line_1_90' title="bbox 1892 4439 3488 4522; baseline 0.01 -31"><span class='ocrx_word' id='word_1_701' title='bbox 1892 4452 2015 4492; x_wconf 88' lang='lat' dir='ltr'><strong>cum</strong></span> <span class='ocrx_word' id='word_1_702' title='bbox 2044 4439 2159 4509; x_wconf 81' lang='lat' dir='ltr'><strong>ipse</strong></span> <span class='ocrx_word' id='word_1_703' title='bbox 2184 4443 2511 4496; x_wconf 77' lang='lat' dir='ltr'><strong>consuevit?</strong></span> <span class='ocrx_word' id='word_1_704' title='bbox 2537 4443 2810 4500; x_wconf 69' lang='lat' dir='ltr'><strong>Prmterea</strong></span> <span class='ocrx_word' id='word_1_705' title='bbox 2833 4455 2886 4501; x_wconf 92' lang='lat' dir='ltr'><strong>et</strong></span> <span class='ocrx_word' id='word_1_706' title='bbox 2918 4449 3059 4503; x_wconf 82' lang='lat' dir='ltr'><strong>iStud</strong></span> <span class='ocrx_word' id='word_1_707' title='bbox 3089 4459 3173 4505; x_wconf 88' lang='lat' dir='ltr'><strong>est</strong></span> <span class='ocrx_word' id='word_1_708' title='bbox 3199 4452 3341 4522; x_wconf 89' lang='lat' dir='ltr'><strong>loqui</strong></span> <span class='ocrx_word' id='word_1_709' title='bbox 3364 4451 3488 4507; x_wconf 88' lang='lat' dir='ltr'><strong>aliis</strong></span> 
     </span>
    </p>
   </div>
   <div class='ocr_carea' id='block_1_91' title="bbox 204 4530 1783 4613">
    <p class='ocr_par' dir='ltr' id='par_1_91' title="bbox 204 4542 1783 4611">
     <span class='ocr_line' id='line_1_91' title="bbox 204 4542 1783 4611; baseline 0.01 -20"><span class='ocrx_word' id='word_1_710' title='bbox 204 4556 328 4594; x_wconf 79' lang='lat' dir='ltr'><strong>cum</strong></span> <span class='ocrx_word' id='word_1_711' title='bbox 378 4542 536 4611; x_wconf 83' lang='lat' dir='ltr'><strong>digna</strong></span> <span class='ocrx_word' id='word_1_712' title='bbox 588 4546 940 4599; x_wconf 83' lang='lat' dir='ltr'><strong>execratione</strong></span> <span class='ocrx_word' id='word_1_713' title='bbox 984 4547 1174 4601; x_wconf 83' lang='lat' dir='ltr'><strong>vitare.</strong></span> <span class='ocrx_word' id='word_1_714' title='bbox 1202 4546 1384 4603; x_wconf 87' lang='lat' dir='ltr'><strong>Talem</strong></span> <span class='ocrx_word' id='word_1_715' title='bbox 1424 4551 1597 4605; x_wconf 90' lang='lat' dir='ltr'><strong>virum</strong></span> <span class='ocrx_word' id='word_1_716' title='bbox 1628 4550 1783 4607; x_wconf 83' lang='lat' dir='ltr'><strong>etiam</strong></span> 
     </span>
    </p>
   </div>
   <div class='ocr_carea' id='block_1_92' title="bbox 1889 4530 3488 4613">
    <p class='ocr_par' dir='ltr' id='par_1_92' title="bbox 1895 4530 3488 4613">
     <span class='ocr_line' id='line_1_92' title="bbox 1895 4530 3488 4613; baseline 0.009 -28"><span class='ocrx_word' id='word_1_717' title='bbox 1895 4530 2113 4602; x_wconf 86' lang='lat' dir='ltr'><strong>linguis,</strong></span> <span class='ocrx_word' id='word_1_718' title='bbox 2148 4534 2313 4590; x_wconf 90' lang='lat' dir='ltr'><strong>Deum</strong></span> <span class='ocrx_word' id='word_1_719' title='bbox 2343 4537 2592 4593; x_wconf 89' lang='lat' dir='ltr'><strong>conliteri</strong></span> <span class='ocrx_word' id='word_1_720' title='bbox 2622 4554 2808 4601; x_wconf 89' lang='lat' dir='ltr'><strong>unum.</strong></span> <span class='ocrx_word' id='word_1_721' title='bbox 2838 4540 2905 4595; x_wconf 93' lang='lat' dir='ltr'><strong>ab</strong></span> <span class='ocrx_word' id='word_1_722' title='bbox 2928 4556 2994 4595; x_wconf 90' lang='lat' dir='ltr'><strong>eo</strong></span> <span class='ocrx_word' id='word_1_723' title='bbox 3022 4543 3113 4611; x_wconf 91' lang='lat' dir='ltr'><strong>qui</strong></span> <span class='ocrx_word' id='word_1_724' title='bbox 3143 4543 3331 4613; x_wconf 90' lang='lat' dir='ltr'><strong>plures</strong></span> <span class='ocrx_word' id='word_1_725' title='bbox 3347 4544 3488 4601; x_wconf 88' lang='lat' dir='ltr'><strong>Deos</strong></span> 
     </span>
    </p>
   </div>
   <div class='ocr_carea' id='block_1_93' title="bbox 206 4634 1567 4711">
    <p class='ocr_par' dir='ltr' id='par_1_93' title="bbox 206 4634 1567 4711">
     <span class='ocr_line' id='line_1_93' title="bbox 206 4634 1567 4711; baseline 0.01 -27"><span class='ocrx_word' id='word_1_726' title='bbox 206 4634 391 4690; x_wconf 80' lang='lat' dir='ltr'><strong>s:cculi</strong></span> <span class='ocrx_word' id='word_1_727' title='bbox 420 4635 673 4691; x_wconf 90' lang='lat' dir='ltr'><strong>homines</strong></span> <span class='ocrx_word' id='word_1_728' title='bbox 699 4637 1009 4703; x_wconf 89' lang='lat' dir='ltr'><strong>laudavere,</strong></span> <span class='ocrx_word' id='word_1_729' title='bbox 1044 4638 1259 4695; x_wconf 86' lang='lat' dir='ltr'><strong>dicente</strong></span> <span class='ocrx_word' id='word_1_730' title='bbox 1300 4638 1528 4711; x_wconf 84' lang='lat' dir='ltr'><strong>Virgilio</strong></span> <span class='ocrx_word' id='word_1_731' title='bbox 1558 4662 1567 4694; x_wconf 91' lang='lat'>:</span> 
     </span>
    </p>
   </div>
   <div class='ocr_carea' id='block_1_94' title="bbox 387 4790 1545 4859">
    <p class='ocr_par' dir='ltr' id='par_1_94' title="bbox 387 4790 1545 4859">
     <span class='ocr_line' id='line_1_94' title="bbox 387 4790 1545 4859; baseline 0.006 -17"><span class='ocrx_word' id='word_1_732' title='bbox 387 4790 530 4844; x_wconf 79' lang='lat' dir='ltr'><strong>Felix</strong></span> <span class='ocrx_word' id='word_1_733' title='bbox 556 4794 641 4857; x_wconf 88' lang='lat' dir='ltr'><strong>qui</strong></span> <span class='ocrx_word' id='word_1_734' title='bbox 661 4794 819 4857; x_wconf 88' lang='lat' dir='ltr'><strong>potuit</strong></span> <span class='ocrx_word' id='word_1_735' title='bbox 840 4808 1004 4845; x_wconf 88' lang='lat' dir='ltr'><strong>rerum</strong></span> <span class='ocrx_word' id='word_1_736' title='bbox 1028 4808 1330 4859; x_wconf 79' lang='lat' dir='ltr'><strong>cognoscere</strong></span> <span class='ocrx_word' id='word_1_737' title='bbox 1360 4810 1545 4849; x_wconf 85' lang='lat' dir='ltr'><strong>causas.</strong></span> 
     </span>
    </p>
   </div>
   <div class='ocr_carea' id='block_1_95' title="bbox 212 4908 1793 4983">
    <p class='ocr_par' dir='ltr' id='par_1_95' title="bbox 212 4908 1793 4983">
     <span class='ocr_line' id='line_1_95' title="bbox 212 4908 1793 4983; baseline 0.005 -22"><span class='ocrx_word' id='word_1_738' title='bbox 212 4909 356 4965; x_wconf 74' lang='lat' dir='ltr'><strong>nona</strong></span> <span class='ocrx_word' id='word_1_739' title='bbox 395 4908 695 4974; x_wconf 81' lang='lat' dir='ltr'><strong>sententia,</strong></span> <span class='ocrx_word' id='word_1_740' title='bbox 728 4910 773 4963; x_wconf 90' lang='lat' dir='ltr'><strong>si</strong></span> <span class='ocrx_word' id='word_1_741' title='bbox 807 4908 874 4964; x_wconf 87' lang='lat' dir='ltr'><strong>ad</strong></span> <span class='ocrx_word' id='word_1_742' title='bbox 905 4924 1023 4964; x_wconf 90' lang='lat' dir='ltr'><strong>eam</strong></span> <span class='ocrx_word' id='word_1_743' title='bbox 1065 4926 1164 4965; x_wconf 92' lang='lat' dir='ltr'><strong>suo</strong></span> <span class='ocrx_word' id='word_1_744' title='bbox 1205 4910 1400 4966; x_wconf 87' lang='lat' dir='ltr'><strong>itinere</strong></span> <span class='ocrx_word' id='word_1_745' title='bbox 1446 4914 1705 4983; x_wconf 89' lang='lat' dir='ltr'><strong>venisset,</strong></span> <span class='ocrx_word' id='word_1_746' title='bbox 1735 4923 1793 4970; x_wconf 91' lang='lat' dir='ltr'><strong>ut</strong></span> 
     </span>
    </p>
   </div>
   <div class='ocr_carea' id='block_1_96' title="bbox 212 5004 1795 5075">
    <p class='ocr_par' dir='ltr' id='par_1_96' title="bbox 212 5004 1795 5075">
     <span class='ocr_line' id='line_1_96' title="bbox 212 5004 1795 5075; baseline 0.004 -17"><span class='ocrx_word' id='word_1_747' title='bbox 212 5026 221 5053; x_wconf 83' lang='lat'><strong>:</strong></span> <span class='ocrx_word' id='word_1_748' title='bbox 247 5013 466 5073; x_wconf 78' lang='lat' dir='ltr'><strong>ppareat</strong></span> <span class='ocrx_word' id='word_1_749' title='bbox 488 5004 639 5059; x_wconf 88' lang='lat' dir='ltr'><strong>illum</strong></span> <span class='ocrx_word' id='word_1_750' title='bbox 669 5004 949 5074; x_wconf 83' lang='lat' dir='ltr'><strong>ignorasse</strong></span> <span class='ocrx_word' id='word_1_751' title='bbox 975 5005 1116 5073; x_wconf 86' lang='lat' dir='ltr'><strong>quod</strong></span> <span class='ocrx_word' id='word_1_752' title='bbox 1158 5006 1337 5060; x_wconf 88' lang='lat' dir='ltr'><strong>laudat</strong></span> <span class='ocrx_word' id='word_1_753' title='bbox 1369 5021 1384 5059; x_wconf 88' lang='lat'><strong>:</strong></span> <span class='ocrx_word' id='word_1_754' title='bbox 1416 5008 1606 5075; x_wconf 89' lang='lat' dir='ltr'><strong>primis</strong></span> <span class='ocrx_word' id='word_1_755' title='bbox 1629 5009 1795 5064; x_wconf 87' lang='lat' dir='ltr'><strong>omis-</strong></span> 
     </span>
    </p>
   </div>
   <div class='ocr_carea' id='block_1_97' title="bbox 214 5098 1796 5170">
    <p class='ocr_par' dir='ltr' id='par_1_97' title="bbox 214 5098 1796 5170">
     <span class='ocr_line' id='line_1_97' title="bbox 214 5098 1796 5170; baseline 0.005 -20"><span class='ocrx_word' id='word_1_756' title='bbox 214 5102 312 5163; x_wconf 64' lang='lat' dir='ltr'><strong>sis,</strong></span> <span class='ocrx_word' id='word_1_757' title='bbox 362 5114 482 5170; x_wconf 71' lang='lat' dir='ltr'><strong>qua:</strong></span> <span class='ocrx_word' id='word_1_758' title='bbox 533 5108 661 5155; x_wconf 82' lang='lat' dir='ltr'><strong>sunt</strong></span> <span class='ocrx_word' id='word_1_759' title='bbox 710 5098 968 5164; x_wconf 88' lang='lat' dir='ltr'><strong>secunda,</strong></span> <span class='ocrx_word' id='word_1_760' title='bbox 995 5098 1313 5154; x_wconf 87' lang='lat' dir='ltr'><strong>celebravit.</strong></span> <span class='ocrx_word' id='word_1_761' title='bbox 1343 5099 1472 5154; x_wconf 90' lang='lat' dir='ltr'><strong>Nam</strong></span> <span class='ocrx_word' id='word_1_762' title='bbox 1512 5110 1567 5156; x_wconf 90' lang='lat' dir='ltr'><strong>et</strong></span> <span class='ocrx_word' id='word_1_763' title='bbox 1610 5104 1796 5159; x_wconf 91' lang='lat' dir='ltr'><strong>ordine</strong></span> 
     </span>
    </p>
   </div>
   <div class='ocr_carea' id='block_1_98' title="bbox 216 5193 1796 5263">
    <p class='ocr_par' dir='ltr' id='par_1_98' title="bbox 216 5193 1796 5263">
     <span class='ocr_line' id='line_1_98' title="bbox 216 5193 1796 5263; baseline 0.005 -18"><span class='ocrx_word' id='word_1_764' title='bbox 216 5204 543 5261; x_wconf 57' lang='lat' dir='ltr'><strong>iirmpostero</strong></span> <span class='ocrx_word' id='word_1_765' title='bbox 571 5193 734 5249; x_wconf 81' lang='lat' dir='ltr'><strong>etiam</strong></span> <span class='ocrx_word' id='word_1_766' title='bbox 765 5193 1024 5263; x_wconf 88' lang='lat' dir='ltr'><strong>sapientis</strong></span> <span class='ocrx_word' id='word_1_767' title='bbox 1051 5195 1215 5248; x_wconf 90' lang='lat' dir='ltr'><strong>vertit</strong></span> <span class='ocrx_word' id='word_1_768' title='bbox 1244 5193 1505 5261; x_wconf 83' lang='lat' dir='ltr'><strong>ofﬁcium,</strong></span> <span class='ocrx_word' id='word_1_769' title='bbox 1541 5194 1667 5251; x_wconf 91' lang='lat' dir='ltr'><strong>dum</strong></span> <span class='ocrx_word' id='word_1_770' title='bbox 1692 5213 1796 5252; x_wconf 92' lang='lat' dir='ltr'><strong>non</strong></span> 
     </span>
    </p>
   </div>
   <div class='ocr_carea' id='block_1_99' title="bbox 217 5286 1797 5359">
    <p class='ocr_par' dir='ltr' id='par_1_99' title="bbox 217 5286 1797 5359">
     <span class='ocr_line' id='line_1_99' title="bbox 217 5286 1797 5359; baseline 0.003 -19"><span class='ocrx_word' id='word_1_771' title='bbox 217 5302 397 5342; x_wconf 80' lang='lat' dir='ltr'><strong>rerum</strong></span> <span class='ocrx_word' id='word_1_772' title='bbox 436 5303 636 5355; x_wconf 63' lang='lat' dir='ltr'><strong>causae,</strong></span> <span class='ocrx_word' id='word_1_773' title='bbox 663 5286 757 5343; x_wconf 90' lang='lat' dir='ltr'><strong>sed</strong></span> <span class='ocrx_word' id='word_1_774' title='bbox 806 5303 987 5342; x_wconf 91' lang='lat' dir='ltr'><strong>rerum</strong></span> <span class='ocrx_word' id='word_1_775' title='bbox 1034 5296 1247 5343; x_wconf 89' lang='lat' dir='ltr'><strong>creator</strong></span> <span class='ocrx_word' id='word_1_776' title='bbox 1295 5287 1648 5358; x_wconf 87' lang='lat' dir='ltr'><strong>inquirendus</strong></span> <span class='ocrx_word' id='word_1_777' title='bbox 1692 5299 1797 5359; x_wconf 88' lang='lat' dir='ltr'><strong>est,</strong></span> 
     </span>
    </p>
   </div>
   <div class='ocr_carea' id='block_1_100' title="bbox 217 5379 1797 5452">
    <p class='ocr_par' dir='ltr' id='par_1_100' title="bbox 217 5379 1797 5452">
     <span class='ocr_line' id='line_1_100' title="bbox 217 5379 1797 5452; baseline 0.003 -18"><span class='ocrx_word' id='word_1_778' title='bbox 217 5396 319 5448; x_wconf 78' lang='lat' dir='ltr'><strong>per</strong></span> <span class='ocrx_word' id='word_1_779' title='bbox 342 5396 495 5452; x_wconf 87' lang='lat' dir='ltr'><strong>quem</strong></span> <span class='ocrx_word' id='word_1_780' title='bbox 546 5381 613 5437; x_wconf 86' lang='lat' dir='ltr'><strong>ad</strong></span> <span class='ocrx_word' id='word_1_781' title='bbox 660 5392 852 5436; x_wconf 79' lang='lat' dir='ltr'><strong>‘causas</strong></span> <span class='ocrx_word' id='word_1_782' title='bbox 904 5396 1108 5447; x_wconf 88' lang='lat' dir='ltr'><strong>rerum,</strong></span> <span class='ocrx_word' id='word_1_783' title='bbox 1136 5382 1181 5436; x_wconf 91' lang='lat' dir='ltr'><strong>si</strong></span> <span class='ocrx_word' id='word_1_784' title='bbox 1222 5379 1397 5451; x_wconf 90' lang='lat' dir='ltr'><strong>ipsum</strong></span> <span class='ocrx_word' id='word_1_785' title='bbox 1428 5380 1797 5451; x_wconf 80' lang='lat' dir='ltr'><strong>didicerimus,</strong></span> 
     </span>
    </p>
   </div>
   <div class='ocr_carea' id='block_1_101' title="bbox 215 5476 1797 5542">
    <p class='ocr_par' dir='ltr' id='par_1_101' title="bbox 215 5476 1797 5542">
     <span class='ocr_line' id='line_1_101' title="bbox 215 5476 1797 5542; baseline 0.003 -13"><span class='ocrx_word' id='word_1_786' title='bbox 215 5477 554 5533; x_wconf 69' lang='lat' dir='ltr'><strong>intrabimus.</strong></span> <span class='ocrx_word' id='word_1_787' title='bbox 622 5477 892 5533; x_wconf 75' lang='lat' dir='ltr'><strong>Czrterum</strong></span> <span class='ocrx_word' id='word_1_788' title='bbox 943 5476 1036 5532; x_wconf 92' lang='lat' dir='ltr'><strong>illo</strong></span> <span class='ocrx_word' id='word_1_789' title='bbox 1087 5478 1308 5542; x_wconf 76' lang='lat' dir='ltr'><strong>omissn,</strong></span> <span class='ocrx_word' id='word_1_790' title='bbox 1376 5492 1564 5534; x_wconf 83' lang='lat' dir='ltr'><strong>causas</strong></span> <span class='ocrx_word' id='word_1_791' title='bbox 1619 5495 1797 5534; x_wconf 82' lang='lat' dir='ltr'><strong>rerum</strong></span> 
     </span>
    </p>
   </div>
   <div class='ocr_carea' id='block_1_102' title="bbox 218 5570 1819 5643">
    <p class='ocr_par' dir='ltr' id='par_1_102' title="bbox 218 5570 1819 5643">
     <span class='ocr_line' id='line_1_102' title="bbox 218 5570 1819 5643; baseline 0.004 -24"><span class='ocrx_word' id='word_1_792' title='bbox 218 5571 444 5639; x_wconf 70' lang='lat' dir='ltr'><strong>qualiter</strong></span> <span class='ocrx_word' id='word_1_793' title='bbox 472 5572 715 5643; x_wconf 82' lang='lat' dir='ltr'><strong>cognitas</strong></span> <span class='ocrx_word' id='word_1_794' title='bbox 748 5570 949 5626; x_wconf 87' lang='lat' dir='ltr'><strong>habere</strong></span> <span class='ocrx_word' id='word_1_795' title='bbox 992 5572 1313 5642; x_wconf 89' lang='lat' dir='ltr'><strong>poterimus,</strong></span> <span class='ocrx_word' id='word_1_796' title='bbox 1343 5586 1466 5628; x_wconf 88' lang='lat' dir='ltr'><strong>cum</strong></span> <span class='ocrx_word' id='word_1_797' title='bbox 1497 5574 1620 5642; x_wconf 90' lang='lat' dir='ltr'><strong>quis</strong></span> <span class='ocrx_word' id='word_1_798' title='bbox 1652 5574 1819 5642; x_wconf 30' lang='lat' dir='ltr'><strong>prius,</strong></span> 
     </span>
    </p>
   </div>
   <div class='ocr_carea' id='block_1_103' title="bbox 224 5663 1803 5733">
    <p class='ocr_par' dir='ltr' id='par_1_103' title="bbox 224 5663 1803 5733">
     <span class='ocr_line' id='line_1_103' title="bbox 224 5663 1803 5733; baseline 0.003 -19"><span class='ocrx_word' id='word_1_799' title='bbox 224 5664 346 5716; x_wconf 55' lang='lat' dir='ltr'><strong>tunc</strong></span> <span class='ocrx_word' id='word_1_800' title='bbox 380 5666 581 5730; x_wconf 81' lang='lat' dir='ltr'><strong>fecerit,</strong></span> <span class='ocrx_word' id='word_1_801' title='bbox 615 5663 811 5720; x_wconf 85' lang='lat' dir='ltr'><strong>deinde</strong></span> <span class='ocrx_word' id='word_1_802' title='bbox 840 5679 1008 5733; x_wconf 89' lang='lat' dir='ltr'><strong>quare</strong></span> <span class='ocrx_word' id='word_1_803' title='bbox 1047 5664 1258 5727; x_wconf 82' lang='lat' dir='ltr'><strong>iecerit,</strong></span> <span class='ocrx_word' id='word_1_804' title='bbox 1286 5664 1355 5718; x_wconf 90' lang='lat' dir='ltr'><strong>sit</strong></span> <span class='ocrx_word' id='word_1_805' title='bbox 1384 5664 1803 5733; x_wconf 87' lang='lat' dir='ltr'><strong>inquirendum?</strong></span> 
     </span>
    </p>
   </div>
   <div class='ocr_carea' id='block_1_104' title="bbox 220 5757 1805 5833">
    <p class='ocr_par' dir='ltr' id='par_1_104' title="bbox 220 5757 1805 5833">
     <span class='ocr_line' id='line_1_104' title="bbox 220 5757 1805 5833; baseline 0 -21"><span class='ocrx_word' id='word_1_806' title='bbox 220 5758 418 5816; x_wconf 71' lang='lat' dir='ltr'><strong>Verum</strong></span> <span class='ocrx_word' id='word_1_807' title='bbox 442 5770 661 5833; x_wconf 89' lang='lat' dir='ltr'><strong>reperto</strong></span> <span class='ocrx_word' id='word_1_808' title='bbox 689 5774 876 5817; x_wconf 89' lang='lat' dir='ltr'><strong>rerum</strong></span> <span class='ocrx_word' id='word_1_809' title='bbox 902 5767 1145 5828; x_wconf 89' lang='lat' dir='ltr'><strong>auctore,</strong></span> <span class='ocrx_word' id='word_1_810' title='bbox 1175 5772 1357 5815; x_wconf 90' lang='lat' dir='ltr'><strong>rerum</strong></span> <span class='ocrx_word' id='word_1_811' title='bbox 1398 5760 1610 5829; x_wconf 85' lang='lat' dir='ltr'><strong>quoque</strong></span> <span class='ocrx_word' id='word_1_812' title='bbox 1654 5757 1805 5814; x_wconf 76' lang='lat' dir='ltr'><strong>inve-</strong></span> 
     </span>
    </p>
   </div>
   <div class='ocr_carea' id='block_1_105' title="bbox 1899 4625 3489 4702">
    <p class='ocr_par' dir='ltr' id='par_1_105' title="bbox 1899 4625 3489 4702">
     <span class='ocr_line' id='line_1_105' title="bbox 1899 4625 3489 4702; baseline 0.008 -23"><span class='ocrx_word' id='word_1_813' title='bbox 1899 4625 2097 4679; x_wconf 76' lang='lat' dir='ltr'><strong>solitus.</strong></span> <span class='ocrx_word' id='word_1_814' title='bbox 2114 4638 2236 4682; x_wconf 80' lang='lat' dir='ltr'><strong>erat</strong></span> <span class='ocrx_word' id='word_1_815' title='bbox 2267 4628 2510 4685; x_wconf 74' lang='lat' dir='ltr'><strong>confiteri</strong></span> <span class='ocrx_word' id='word_1_816' title='bbox 2544 4642 2636 4686; x_wconf 90' lang='lat' dir='ltr'><strong>:et</strong></span> <span class='ocrx_word' id='word_1_817' title='bbox 2671 4632 2848 4702; x_wconf 87' lang='lat' dir='ltr'><strong>ipsum</strong></span> <span class='ocrx_word' id='word_1_818' title='bbox 2881 4631 2935 4685; x_wconf 91' lang='lat' dir='ltr'><strong>in</strong></span> <span class='ocrx_word' id='word_1_819' title='bbox 2968 4640 3153 4687; x_wconf 90' lang='lat' dir='ltr'><strong>nostra</strong></span> <span class='ocrx_word' id='word_1_820' title='bbox 3196 4634 3303 4690; x_wconf 78' lang='lat' dir='ltr'><strong>ﬁde</strong></span> <span class='ocrx_word' id='word_1_821' title='bbox 3334 4635 3489 4692; x_wconf 85' lang='lat' dir='ltr'><strong>novis</strong></span> 
     </span>
    </p>
   </div>
   <div class='ocr_carea' id='block_1_106' title="bbox 1899 4718 3484 4793">
    <p class='ocr_par' dir='ltr' id='par_1_106' title="bbox 1899 4718 3484 4793">
     <span class='ocr_line' id='line_1_106' title="bbox 1899 4718 3484 4793; baseline 0.008 -20"><span class='ocrx_word' id='word_1_822' title='bbox 1899 4718 2097 4790; x_wconf 85' lang='lat' dir='ltr'><strong>linguis</strong></span> <span class='ocrx_word' id='word_1_823' title='bbox 2122 4739 2284 4777; x_wconf 92' lang='lat' dir='ltr'><strong>unum</strong></span> <span class='ocrx_word' id='word_1_824' title='bbox 2319 4724 2463 4793; x_wconf 90' lang='lat' dir='ltr'><strong>l0qni</strong></span> <span class='ocrx_word' id='word_1_825' title='bbox 2502 4736 2557 4779; x_wconf 88' lang='lat' dir='ltr'><strong>et</strong></span> <span class='ocrx_word' id='word_1_826' title='bbox 2588 4727 2855 4793; x_wconf 80' lang='lat' dir='ltr'><strong>proﬁteri,</strong></span> <span class='ocrx_word' id='word_1_827' title='bbox 2885 4735 2942 4782; x_wconf 88' lang='lat' dir='ltr'><strong>et</strong></span> <span class='ocrx_word' id='word_1_828' title='bbox 2979 4727 3203 4781; x_wconf 91' lang='lat' dir='ltr'><strong>credere</strong></span> <span class='ocrx_word' id='word_1_829' title='bbox 3243 4727 3484 4785; x_wconf 86' lang='lat' dir='ltr'><strong>Trinita-</strong></span> 
     </span>
    </p>
   </div>
   <div class='ocr_carea' id='block_1_107' title="bbox 1900 4815 3483 4889">
    <p class='ocr_par' dir='ltr' id='par_1_107' title="bbox 1900 4815 3483 4889">
     <span class='ocr_line' id='line_1_107' title="bbox 1900 4815 3483 4889; baseline 0.008 -20"><span class='ocrx_word' id='word_1_830' title='bbox 1900 4821 2029 4869; x_wconf 88' lang='lat' dir='ltr'><strong>tem.</strong></span> <span class='ocrx_word' id='word_1_831' title='bbox 2050 4815 2202 4872; x_wconf 91' lang='lat' dir='ltr'><strong>Illum</strong></span> <span class='ocrx_word' id='word_1_832' title='bbox 2227 4832 2439 4887; x_wconf 90' lang='lat' dir='ltr'><strong>quoque</strong></span> <span class='ocrx_word' id='word_1_833' title='bbox 2459 4833 2661 4883; x_wconf 89' lang='lat' dir='ltr'><strong>amare,</strong></span> <span class='ocrx_word' id='word_1_834' title='bbox 2689 4820 2813 4889; x_wconf 86' lang='lat' dir='ltr'><strong>quia</strong></span> <span class='ocrx_word' id='word_1_835' title='bbox 2839 4818 3148 4888; x_wconf 86' lang='lat' dir='ltr'><strong>interpellat</strong></span> <span class='ocrx_word' id='word_1_836' title='bbox 3174 4836 3272 4889; x_wconf 91' lang='lat' dir='ltr'><strong>pro</strong></span> <span class='ocrx_word' id='word_1_837' title='bbox 3297 4822 3483 4881; x_wconf 90' lang='lat' dir='ltr'><strong>nobis:</strong></span> 
     </span>
    </p>
   </div>
   <div class='ocr_carea' id='block_1_108' title="bbox 1901 4913 3491 4983">
    <p class='ocr_par' dir='ltr' id='par_1_108' title="bbox 1901 4913 3491 4983">
     <span class='ocr_line' id='line_1_108' title="bbox 1901 4913 3491 4983; baseline 0.006 -16"><span class='ocrx_word' id='word_1_838' title='bbox 1901 4923 2165 4979; x_wconf 87' lang='lat' dir='ltr'><strong>metuere,</strong></span> <span class='ocrx_word' id='word_1_839' title='bbox 2199 4914 2323 4983; x_wconf 89' lang='lat' dir='ltr'><strong>quia</strong></span> <span class='ocrx_word' id='word_1_840' title='bbox 2350 4913 2511 4968; x_wconf 89' lang='lat' dir='ltr'><strong>Pater</strong></span> <span class='ocrx_word' id='word_1_841' title='bbox 2537 4929 2699 4968; x_wconf 89' lang='lat' dir='ltr'><strong>omne</strong></span> <span class='ocrx_word' id='word_1_842' title='bbox 2735 4913 3000 4982; x_wconf 92' lang='lat' dir='ltr'><strong>judicium</strong></span> <span class='ocrx_word' id='word_1_843' title='bbox 3037 4914 3188 4970; x_wconf 90' lang='lat' dir='ltr'><strong>dedit</strong></span> <span class='ocrx_word' id='word_1_844' title='bbox 3227 4917 3388 4974; x_wconf 91' lang='lat' dir='ltr'><strong>Filio.</strong></span> <span class='ocrx_word' id='word_1_845' title='bbox 3422 4920 3491 4976; x_wconf 90' lang='lat' dir='ltr'><strong>Il-</strong></span> 
     </span>
    </p>
   </div>
   <div class='ocr_carea' id='block_1_109' title="bbox 1904 5006 3494 5083">
    <p class='ocr_par' dir='ltr' id='par_1_109' title="bbox 1904 5006 3494 5083">
     <span class='ocr_line' id='line_1_109' title="bbox 1904 5006 3494 5083; baseline -0.001 -22"><span class='ocrx_word' id='word_1_846' title='bbox 1904 5007 2014 5061; x_wconf 88' lang='lat' dir='ltr'><strong>lum</strong></span> <span class='ocrx_word' id='word_1_847' title='bbox 2058 5009 2345 5059; x_wconf 76' lang='lat' dir='ltr'><strong>mowentis</strong></span> <span class='ocrx_word' id='word_1_848' title='bbox 2392 5006 2645 5061; x_wconf 89' lang='lat' dir='ltr'><strong>omnibus</strong></span> <span class='ocrx_word' id='word_1_849' title='bbox 2681 5006 2931 5074; x_wconf 88' lang='lat' dir='ltr'><strong>adorare,</strong></span> <span class='ocrx_word' id='word_1_850' title='bbox 2966 5007 3035 5063; x_wconf 88' lang='lat' dir='ltr'><strong>ab</strong></span> <span class='ocrx_word' id='word_1_851' title='bbox 3058 5007 3153 5063; x_wconf 90' lang='lat' dir='ltr'><strong>illo</strong></span> <span class='ocrx_word' id='word_1_852' title='bbox 3186 5027 3372 5083; x_wconf 82' lang='lat' dir='ltr'><strong>petere</strong></span> <span class='ocrx_word' id='word_1_853' title='bbox 3397 5032 3494 5073; x_wconf 73' lang='lat' dir='ltr'><strong>ne-</strong></span> 
     </span>
    </p>
   </div>
   <div class='ocr_carea' id='block_1_110' title="bbox 1904 5098 3493 5178">
    <p class='ocr_par' dir='ltr' id='par_1_110' title="bbox 1904 5098 3493 5178">
     <span class='ocr_line' id='line_1_110' title="bbox 1904 5098 3493 5178; baseline 0.006 -20"><span class='ocrx_word' id='word_1_854' title='bbox 1904 5098 2136 5157; x_wconf 85' lang='lat' dir='ltr'><strong>cessaria</strong></span> <span class='ocrx_word' id='word_1_855' title='bbox 2161 5098 2338 5164; x_wconf 89' lang='lat' dir='ltr'><strong>nobis,</strong></span> <span class='ocrx_word' id='word_1_856' title='bbox 2368 5110 2422 5154; x_wconf 89' lang='lat' dir='ltr'><strong>et</strong></span> <span class='ocrx_word' id='word_1_857' title='bbox 2450 5101 2552 5168; x_wconf 88' lang='lat' dir='ltr'><strong>ipsi</strong></span> <span class='ocrx_word' id='word_1_858' title='bbox 2588 5100 2784 5169; x_wconf 90' lang='lat' dir='ltr'><strong>placita</strong></span> <span class='ocrx_word' id='word_1_859' title='bbox 2818 5117 2831 5154; x_wconf 89' lang='lat'><strong>:</strong></span> <span class='ocrx_word' id='word_1_860' title='bbox 2861 5103 2951 5171; x_wconf 90' lang='lat' dir='ltr'><strong>qui</strong></span> <span class='ocrx_word' id='word_1_861' title='bbox 2986 5107 3091 5174; x_wconf 91' lang='lat' dir='ltr'><strong>peti</strong></span> <span class='ocrx_word' id='word_1_862' title='bbox 3116 5122 3173 5162; x_wconf 89' lang='lat' dir='ltr'><strong>se</strong></span> <span class='ocrx_word' id='word_1_863' title='bbox 3196 5110 3331 5178; x_wconf 90' lang='lat' dir='ltr'><strong>vult,</strong></span> <span class='ocrx_word' id='word_1_864' title='bbox 3355 5111 3493 5167; x_wconf 86' lang='lat' dir='ltr'><strong>adeo</strong></span> 
     </span>
    </p>
   </div>
   <div class='ocr_carea' id='block_1_111' title="bbox 1905 5190 3496 5272">
    <p class='ocr_par' dir='ltr' id='par_1_111' title="bbox 1905 5190 3496 5272">
     <span class='ocr_line' id='line_1_111' title="bbox 1905 5190 3496 5272; baseline 0.006 -23"><span class='ocrx_word' id='word_1_865' title='bbox 1905 5203 1964 5249; x_wconf 92' lang='lat' dir='ltr'><strong>ut</strong></span> <span class='ocrx_word' id='word_1_866' title='bbox 2005 5190 2248 5262; x_wconf 87' lang='lat' dir='ltr'><strong>poscenti</strong></span> <span class='ocrx_word' id='word_1_867' title='bbox 2290 5190 2453 5245; x_wconf 90' lang='lat' dir='ltr'><strong>verba</strong></span> <span class='ocrx_word' id='word_1_868' title='bbox 2496 5192 2611 5246; x_wconf 67' lang='lat' dir='ltr'><strong>haec</strong></span> <span class='ocrx_word' id='word_1_869' title='bbox 2648 5192 3006 5252; x_wconf 89' lang='lat' dir='ltr'><strong>demonstret.</strong></span> <span class='ocrx_word' id='word_1_870' title='bbox 3062 5199 3164 5265; x_wconf 89' lang='lat' dir='ltr'><strong>Qui</strong></span> <span class='ocrx_word' id='word_1_871' title='bbox 3215 5202 3361 5272; x_wconf 90' lang='lat' dir='ltr'><strong>quod</strong></span> <span class='ocrx_word' id='word_1_872' title='bbox 3410 5212 3496 5258; x_wconf 89' lang='lat' dir='ltr'><strong>est</strong></span> 
     </span>
    </p>
   </div>
   <div class='ocr_carea' id='block_1_112' title="bbox 1906 5284 3493 5359">
    <p class='ocr_par' dir='ltr' id='par_1_112' title="bbox 1906 5284 3493 5359">
     <span class='ocr_line' id='line_1_112' title="bbox 1906 5284 3493 5359; baseline 0.008 -19"><span class='ocrx_word' id='word_1_873' title='bbox 1906 5301 2103 5342; x_wconf 90' lang='lat' dir='ltr'><strong>novum</strong></span> <span class='ocrx_word' id='word_1_874' title='bbox 2136 5284 2278 5338; x_wconf 90' lang='lat' dir='ltr'><strong>inter</strong></span> <span class='ocrx_word' id='word_1_875' title='bbox 2298 5296 2420 5346; x_wconf 91' lang='lat' dir='ltr'><strong>nos,</strong></span> <span class='ocrx_word' id='word_1_876' title='bbox 2452 5284 2601 5337; x_wconf 85' lang='lat' dir='ltr'><strong>solus</strong></span> <span class='ocrx_word' id='word_1_877' title='bbox 2642 5294 2891 5354; x_wconf 87' lang='lat' dir='ltr'><strong>petentes</strong></span> <span class='ocrx_word' id='word_1_878' title='bbox 2919 5303 2979 5344; x_wconf 93' lang='lat' dir='ltr'><strong>se</strong></span> <span class='ocrx_word' id='word_1_879' title='bbox 3007 5302 3171 5345; x_wconf 88' lang='lat' dir='ltr'><strong>amat.</strong></span> <span class='ocrx_word' id='word_1_880' title='bbox 3204 5293 3305 5359; x_wconf 86' lang='lat' dir='ltr'><strong>Qui</strong></span> <span class='ocrx_word' id='word_1_881' title='bbox 3332 5296 3493 5351; x_wconf 89' lang='lat' dir='ltr'><strong>etiam</strong></span> 
     </span>
    </p>
   </div>
   <div class='ocr_carea' id='block_1_113' title="bbox 1909 5375 3498 5452">
    <p class='ocr_par' dir='ltr' id='par_1_113' title="bbox 1909 5375 3498 5452">
     <span class='ocr_line' id='line_1_113' title="bbox 1909 5375 3498 5452; baseline 0.007 -18"><span class='ocrx_word' id='word_1_882' title='bbox 1909 5380 2081 5445; x_wconf 88' lang='lat' dir='ltr'><strong>solus,</strong></span> <span class='ocrx_word' id='word_1_883' title='bbox 2114 5378 2255 5449; x_wconf 90' lang='lat' dir='ltr'><strong>quod</strong></span> <span class='ocrx_word' id='word_1_884' title='bbox 2288 5375 2532 5432; x_wconf 83' lang='lat' dir='ltr'><strong>mirabile</strong></span> <span class='ocrx_word' id='word_1_885' title='bbox 2573 5388 2674 5445; x_wconf 88' lang='lat' dir='ltr'><strong>est,</strong></span> <span class='ocrx_word' id='word_1_886' title='bbox 2712 5378 2986 5444; x_wconf 88' lang='lat' dir='ltr'><strong>irascitur,</strong></span> <span class='ocrx_word' id='word_1_887' title='bbox 3018 5384 3123 5438; x_wconf 86' lang='lat' dir='ltr'><strong>nisi</strong></span> <span class='ocrx_word' id='word_1_888' title='bbox 3153 5396 3387 5452; x_wconf 88' lang='lat' dir='ltr'><strong>petatur.</strong></span> <span class='ocrx_word' id='word_1_889' title='bbox 3415 5392 3498 5445; x_wconf 93' lang='lat' dir='ltr'><strong>ln-</strong></span> 
     </span>
    </p>
   </div>
   <div class='ocr_carea' id='block_1_114' title="bbox 1908 5470 3497 5541">
    <p class='ocr_par' dir='ltr' id='par_1_114' title="bbox 1908 5470 3497 5541">
     <span class='ocr_line' id='line_1_114' title="bbox 1908 5470 3497 5541; baseline 0.008 -13"><span class='ocrx_word' id='word_1_890' title='bbox 1908 5473 2137 5528; x_wconf 83' lang='lat' dir='ltr'><strong>lidelitas</strong></span> <span class='ocrx_word' id='word_1_891' title='bbox 2165 5470 2307 5526; x_wconf 90' lang='lat' dir='ltr'><strong>enim</strong></span> <span class='ocrx_word' id='word_1_892' title='bbox 2349 5479 2456 5538; x_wconf 89' lang='lat' dir='ltr'><strong>est,</strong></span> <span class='ocrx_word' id='word_1_893' title='bbox 2489 5472 2623 5525; x_wconf 89' lang='lat' dir='ltr'><strong>nihil</strong></span> <span class='ocrx_word' id='word_1_894' title='bbox 2657 5476 3067 5541; x_wconf 71' lang='lat' dir='ltr'><strong>prmstunpsisse</strong></span> <span class='ocrx_word' id='word_1_895' title='bbox 3096 5474 3164 5530; x_wconf 91' lang='lat' dir='ltr'><strong>de</strong></span> <span class='ocrx_word' id='word_1_896' title='bbox 3192 5478 3321 5533; x_wconf 91' lang='lat' dir='ltr'><strong>Deo.</strong></span> <span class='ocrx_word' id='word_1_897' title='bbox 3354 5481 3497 5540; x_wconf 83' lang='lat' dir='ltr'><strong>Nihil</strong></span> 
     </span>
    </p>
   </div>
   <div class='ocr_carea' id='block_1_115' title="bbox 1913 5563 3501 5648">
    <p class='ocr_par' dir='ltr' id='par_1_115' title="bbox 1913 5563 3501 5648">
     <span class='ocr_line' id='line_1_115' title="bbox 1913 5563 3501 5648; baseline 0.005 -28"><span class='ocrx_word' id='word_1_898' title='bbox 1913 5566 2059 5620; x_wconf 91' lang='lat' dir='ltr'><strong>illum</strong></span> <span class='ocrx_word' id='word_1_899' title='bbox 2089 5563 2263 5618; x_wconf 89' lang='lat' dir='ltr'><strong>credit</strong></span> <span class='ocrx_word' id='word_1_900' title='bbox 2289 5576 2468 5632; x_wconf 91' lang='lat' dir='ltr'><strong>posse,</strong></span> <span class='ocrx_word' id='word_1_901' title='bbox 2502 5564 2592 5633; x_wconf 89' lang='lat' dir='ltr'><strong>qui</strong></span> <span class='ocrx_word' id='word_1_902' title='bbox 2629 5565 2768 5634; x_wconf 88' lang='lat' dir='ltr'><strong>quod</strong></span> <span class='ocrx_word' id='word_1_903' title='bbox 2793 5564 3001 5634; x_wconf 86' lang='lat' dir='ltr'><strong>judicat</strong></span> <span class='ocrx_word' id='word_1_904' title='bbox 3045 5581 3227 5635; x_wconf 89' lang='lat' dir='ltr'><strong>posse,</strong></span> <span class='ocrx_word' id='word_1_905' title='bbox 3262 5586 3368 5627; x_wconf 90' lang='lat' dir='ltr'><strong>non</strong></span> <span class='ocrx_word' id='word_1_906' title='bbox 3404 5592 3501 5648; x_wconf 87' lang='lat' dir='ltr'><strong>po-</strong></span> 
     </span>
    </p>
   </div>
   <div class='ocr_carea' id='block_1_116' title="bbox 1913 5658 3501 5739">
    <p class='ocr_par' dir='ltr' id='par_1_116' title="bbox 1913 5658 3501 5739">
     <span class='ocr_line' id='line_1_116' title="bbox 1913 5658 3501 5739; baseline 0.008 -23"><span class='ocrx_word' id='word_1_907' title='bbox 1913 5662 2036 5716; x_wconf 87' lang='lat' dir='ltr'><strong>scit.</strong></span> <span class='ocrx_word' id='word_1_908' title='bbox 2061 5658 2188 5714; x_wconf 72' lang='lat' dir='ltr'><strong>IIaec</strong></span> <span class='ocrx_word' id='word_1_909' title='bbox 2224 5666 2306 5713; x_wconf 90' lang='lat' dir='ltr'><strong>est</strong></span> <span class='ocrx_word' id='word_1_910' title='bbox 2334 5658 2449 5726; x_wconf 90' lang='lat' dir='ltr'><strong>illa,</strong></span> <span class='ocrx_word' id='word_1_911' title='bbox 2486 5659 2560 5714; x_wconf 84' lang='lat' dir='ltr'><strong>liti</strong></span> <span class='ocrx_word' id='word_1_912' title='bbox 2589 5658 2966 5727; x_wconf 90' lang='lat' dir='ltr'><strong>dilectissime,</strong></span> <span class='ocrx_word' id='word_1_913' title='bbox 2999 5672 3225 5733; x_wconf 81' lang='lat' dir='ltr'><strong>angusta</strong></span> <span class='ocrx_word' id='word_1_914' title='bbox 3259 5668 3367 5739; x_wconf 88' lang='lat' dir='ltr'><strong>via,</strong></span> <span class='ocrx_word' id='word_1_915' title='bbox 3399 5672 3501 5728; x_wconf 89' lang='lat' dir='ltr'><strong>hoc</strong></span> 
     </span>
    </p>
   </div>
   <div class='ocr_carea' id='block_1_117' title="bbox 1914 5751 3501 5832">
    <p class='ocr_par' dir='ltr' id='par_1_117' title="bbox 1914 5751 3501 5832">
     <span class='ocr_line' id='line_1_117' title="bbox 1914 5751 3501 5832; baseline 0.004 -20"><span class='ocrx_word' id='word_1_916' title='bbox 1914 5755 2045 5812; x_wconf 87' lang='lat' dir='ltr'><strong>illud</strong></span> <span class='ocrx_word' id='word_1_917' title='bbox 2059 5766 2188 5810; x_wconf 92' lang='lat' dir='ltr'><strong>acus</strong></span> <span class='ocrx_word' id='word_1_918' title='bbox 2216 5754 2480 5825; x_wconf 80' lang='lat' dir='ltr'><strong>foramen,</strong></span> <span class='ocrx_word' id='word_1_919' title='bbox 2498 5770 2595 5828; x_wconf 86' lang='lat' dir='ltr'><strong>per</strong></span> <span class='ocrx_word' id='word_1_920' title='bbox 2617 5751 2759 5828; x_wconf 88' lang='lat' dir='ltr'><strong>quod</strong></span> <span class='ocrx_word' id='word_1_921' title='bbox 2787 5768 2897 5810; x_wconf 90' lang='lat' dir='ltr'><strong>non</strong></span> <span class='ocrx_word' id='word_1_922' title='bbox 2920 5754 3197 5814; x_wconf 82' lang='lat' dir='ltr'><strong>introeunt</strong></span> <span class='ocrx_word' id='word_1_923' title='bbox 3220 5765 3501 5832; x_wconf 83' lang='lat' dir='ltr'><strong>sarcinati,</strong></span> 
     </span>
    </p>
   </div>
  </div>
