3998 6198
521 146 628 208 105

1561 146 1622 204 S.
1662 141 2048 204 HlERONYMl
2084 140 2369 204 OPERUM
2409 136 2777 204 MANTISSA.

3706 147 3811 208 104

521 272 617 321 aut
642 260 894 319 animalia
932 257 1262 332 ponderibus
1303 256 1863 328 attributa.Quoniam
1899 258 2112 329 angusti
2140 262 2189 321 A
2217 273 2381 315 carne
2405 260 2660 328 vestivit,
2704 258 2849 332 quod
2876 256 3103 318 stultum
3134 268 3220 317 est
3259 277 3273 315 :
3305 256 3471 317 vitam
3511 273 3670 318 suam
3698 265 3807 335 pati

520 365 576 413 et
600 356 785 429 pusilli
811 354 1009 421 aditus,
1031 368 1136 408 non
1158 351 1332 407 solum
1355 351 1602 407 informia
1634 350 1749 406 hzec
1778 366 1902 407 cum
1932 350 2115 407 oneri-

522 450 627 505 bus
645 452 891 520 jumenta
918 462 1025 502 non
1048 446 1288 517 capiunt,
1303 460 1489 500 verum
1519 445 1677 499 etiam
1710 443 1885 515 ipsum
1903 454 2116 500 nostro-

524 554 647 594 rum
668 538 973 600 oculorum,
993 536 1037 591 si
1056 534 1395 591 multimodis
1416 534 1768 602 distrahatur,
1792 535 2117 591 frustrantur

524 631 796 687 obtutum.
829 628 983 686 Unde
1003 638 1059 684 et
1090 629 1352 684 Dominus
1384 644 1479 699 per
1508 629 1837 699 PrOphetam
1862 629 1939 683 ait
1966 648 1977 683 :
2018 629 2120 684 Va-

524 735 657 789 cate,
682 734 729 778 et
755 723 918 778 uidete
950 722 1127 793 (Psal.
1153 739 1303 788 vat,
1332 722 1386 794 9)
1415 746 1430 777 :
1452 730 1507 778 et
1531 723 1747 793 quando
1778 724 1883 779 erit
1910 734 1966 778 ut
1987 740 2114 794 pos-

521 816 593 871 sit
638 815 851 882 intrari,
886 814 1029 887 quod
1072 831 1168 885 per
1212 816 1595 886 occupationes
1636 816 1821 871 sa:culi
1882 816 2113 873 necdum

524 920 761 979 coeptum
793 919 878 965 est
908 910 1162 965 inveniri.

592 1001 716 1058 XX.
739 1001 1089 1073 Implevimus
1117 1002 1478 1059 divisionibus
1500 1003 1612 1058 suis
1638 1003 1949 1074 propositas
1969 1019 2116 1075 qua:-

528 1096 759 1165 stiones,
788 1097 1118 1153 exteriorem
1165 1094 1440 1150 hominem
1490 1097 1916 1168 interioremque
1964 1112 2120 1151 mon-

527 1189 773 1257 strando,
804 1204 927 1246 cum
972 1190 1161 1255 vitam,
1185 1202 1305 1258 qua:
1328 1188 1399 1241 sit
1424 1200 1630 1254 sancta,
1666 1195 1720 1243 et
1756 1186 1806 1241 in
1850 1203 1955 1258 quo
1993 1196 2117 1242 actu

525 1286 726 1357 posita,
755 1300 863 1356 quo
892 1283 1073 1340 studio
1113 1290 1387 1346 teneatur,
1419 1296 1522 1352 qua
1566 1281 1873 1336 substantia
1903 1292 2118 1352 vegete-

525 1389 635 1447 tur,
666 1379 1009 1436 ostendimus
1044 1396 1057 1430 :
1098 1384 1381 1446 totumque
1426 1391 1641 1431 cursum
1693 1376 1811 1445 ejus
1856 1375 2113 1444 breviter,

522 1474 648 1530 licet
678 1473 909 1529 saltibus
957 1471 1138 1542 potius
1167 1469 1213 1525 si
1246 1470 1350 1525 dici
1400 1479 1601 1540 potest,
1635 1485 1794 1541 quam
1845 1471 2113 1540 passibus,

524 1582 625 1637 pro
657 1564 1004 1621 festinatione
1035 1564 1100 1619 ad
1148 1564 1309 1620 ﬁnem
1340 1577 1510 1634 usque
1560 1562 1929 1632 perduximus.
1960 1561 2114 1617 Nunc

2219 366 2435 408 crucem
2477 351 2643 421 fecit,
2686 352 2829 425 quod
2867 368 3012 408 mors
3042 363 3145 409 est.
3187 352 3279 409 Sic
3306 353 3553 410 adversis
3576 353 3808 413 adversa

2220 443 2514 509 destruxit,
2548 454 2602 501 et
2629 461 2725 516 per
2755 445 3049 503 dissimiles
3074 456 3201 502 ante
3228 445 3426 502 szecula
3456 447 3809 517 operationes

2217 537 2417 607 ingenii
2464 537 2688 594 artiﬁcis
2732 539 2877 594 illius
2921 538 3201 613 machinas
3240 540 3429 606 elisit,
3472 548 3533 596 ut
3565 540 3810 611 partibus

2218 628 2537 699 quibusdam
2590 630 2919 686 salutaribus
2972 632 3257 703 vestigiis,
3317 631 3447 688 licet
3496 632 3805 704 impressa,

2218 723 2498 778 mortifera
2518 723 2661 780 illius
2683 725 2933 797 stigmata
2959 726 3293 783 delerentur.
3315 725 3422 783 Sed
3447 726 3550 783 hoc
3572 729 3808 786 studium

2221 816 2324 871 nisi
2352 817 2786 889 c0ncupierimus
2810 868 2825 889 ,
2865 823 3108 890 quoniam
3146 823 3285 895 quod
3316 829 3533 878 stultum
3560 834 3633 880 est
3664 822 3765 881 Dei
3790 869 3807 893 ,

2218 911 2504 981 sapientius
2527 920 2599 965 est
2621 911 2911 969 hominibus
2938 915 2981 986 (Ι
3002 914 3123 971 Cor.
3148 930 3186 983 ι,
3208 916 3321 987 27),
3347 917 3670 987 sapientiam
3693 918 3809 988 ejus

2220 1016 2327 1057 non
2356 1002 2681 1059 tenebimus.
2734 1005 2884 1061 Hanc
2923 1016 3184 1074 mortem,
3217 1008 3364 1078 quod
3392 1023 3525 1064 crux
3550 1019 3664 1077 est,
3706 1011 3809 1067 nisi

2220 1095 2603 1162 amaverimus,
2627 1103 2881 1167 quoniam
2904 1099 3055 1169 quod
3071 1101 3342 1155 infirmum
3369 1109 3454 1156 est
3472 1101 3589 1172 Dei,
3616 1102 3809 1160 fortius

2220 1194 2306 1243 est
2334 1187 2638 1243 hominibus
2684 1208 2695 1242 :
2743 1190 2906 1246 vitam
2944 1192 3062 1263 ejus
3102 1210 3209 1249 non
3252 1194 3549 1265 poterimus
3578 1196 3807 1255 intrare.

2219 1280 2359 1350 Quid
2380 1282 2545 1355 igitur
2565 1285 2836 1356 sequitur,
2856 1286 2958 1342 nisi
2982 1298 3038 1343 ut
3057 1288 3244 1345 relicta
3266 1289 3446 1344 sazculi
3466 1300 3519 1346 et
3538 1292 3810 1361 sapientia

2219 1382 2277 1429 et
2303 1376 2409 1430 vita
2430 1417 2445 1442 ,
2474 1387 2528 1432 et
2555 1377 2752 1432 stultos
2782 1394 2882 1435 nos
2912 1378 3099 1436 haberi
3134 1386 3423 1451 patiamur,
3454 1391 3507 1439 et
3535 1383 3675 1438 mori
3706 1399 3811 1439 nos

2219 1480 2340 1522 cum
2376 1468 2603 1524 Domino
2634 1486 2852 1543 semper
2878 1483 3128 1542 optemus
3176 1493 3188 1527 :
3242 1482 3304 1530 ut
3331 1476 3383 1530 in
3417 1490 3514 1547 spe
3539 1476 3810 1533 adventus

2220 1562 2359 1631 ejus,
2386 1564 2473 1633 qui
2500 1565 2778 1636 utriusque
2800 1566 2906 1621 erit
2927 1568 3003 1623 rei
3027 1568 3313 1639 revelatio,
3337 1580 3546 1641 partem
3571 1571 3809 1642 aliquam

523 1674 693 1732 quare
741 1673 847 1713 non
880 1656 949 1712 ab
979 1656 1291 1712 hominibus
1320 1657 1481 1712 etiam
1520 1656 1679 1711 istius
1719 1655 1905 1711 mundi
1936 1655 2118 1710 videa-
2147 1652 2194 1712 B
2221 1653 2426 1713 habere
2453 1658 2793 1714 mereamur?
2823 1660 2977 1717 Tunc
2998 1662 3141 1717 enim
3173 1663 3363 1719 scissis
3383 1662 3640 1719 omnibus
3665 1665 3809 1721 vela-

529 1764 634 1821 tur,
668 1754 856 1824 accipe
885 1752 1152 1808 rationem
1189 1771 1199 1806 :
1232 1751 1662 1822 quandoquidem
1697 1762 1749 1805 te
1769 1766 1885 1805 mea
1916 1750 2116 1805 verbo-

527 1851 661 1907 sitas
683 1848 940 1916 delectat,
964 1863 1121 1917 quam
1144 1847 1504 1916 negligentius
1524 1843 1755 1914 judicas,
1784 1844 1911 1899 dum
1940 1852 2116 1898 atten-

525 1941 610 1999 dis
634 1940 931 1998 studiosius
956 1941 1022 1995 ad
1054 1938 1262 1994 divina.
1296 1934 1428 1993 Cum
1463 1937 1553 1992 ille
1588 1936 1676 2007 qui
1718 1936 1921 2006 primus
1962 1934 2118 1990 nobis

527 2033 720 2089 mortis
771 2046 956 2088 semen
1007 2030 1238 2097 invexit,
1263 2028 1523 2084 mundum
1560 2029 1743 2095 istum,
1777 2027 1828 2082 id
1859 2036 1965 2095 est,
1998 2040 2119 2097 pas-

525 2127 731 2183 sionem
786 2124 1055 2190 hominis,
1106 2124 1250 2179 victo
1304 2123 1407 2179 sibi
1459 2122 1678 2177 homine
1742 2120 2116 2192 subjugasset,

524 2236 861 2293 regnumque
900 2220 1050 2275 illius
1079 2218 1199 2291 ipso
1230 2235 1356 2290 rege
1395 2217 1504 2289 jam
1544 2229 1725 2286 capto,
1753 2216 1853 2272 sub
1891 2215 2120 2288 pedibus

524 2316 641 2371 suis
666 2325 722 2370 et
746 2313 952 2369 ditione
981 2312 1215 2383 cepisset
1251 2330 1262 2365 :
1288 2327 1458 2383 eaque
1484 2311 1661 2366 omnia
1689 2325 1809 2381 qua:
1836 2311 1889 2365 in
1917 2308 2121 2365 mundo

524 2416 671 2472 sunt,
716 2406 866 2463 velut
906 2407 1020 2462 suis
1063 2406 1295 2477 peculis,
1327 2416 1381 2461 et
1419 2406 1665 2460 victoria:
1701 2420 1812 2459 suzc
1852 2404 2120 2461 manubiis

526 2510 806 2557 uteretur:
838 2515 906 2555 ne
935 2498 1156 2570 quando
1178 2498 1341 2571 homo
1362 2498 1613 2553 amissam
1646 2500 1994 2568 sapientiam,
2028 2508 2122 2556 aut

524 2594 767 2651 debitum
798 2593 900 2647 sibi
932 2593 1059 2646 vita:
1089 2600 1354 2662 qtuererct
1379 2599 1786 2658 testamentum,
1813 2591 1892 2644 sic
1913 2591 2121 2646 cunctis

525 2689 663 2745 fucis
694 2702 804 2742 sua:
830 2686 962 2741 artis
984 2685 1191 2751 infecit,
1215 2694 1273 2740 ut
1294 2693 1351 2740 et
1371 2684 1656 2740 stultitiam
1670 2686 1949 2755 sapientia:
1969 2684 2120 2741 colo-

532 2796 593 2837 re
617 2778 863 2846 vestiret,
886 2786 940 2834 et
962 2787 1191 2833 mortem
1215 2778 1453 2833 mentita:
1481 2777 1604 2833 vita:
1633 2778 1917 2834 lenociniis
1929 2778 2121 2833 obum-

528 2877 714 2932 braret
762 2883 865 2929 :ut
906 2874 1048 2928 mala
1093 2884 1197 2927 non
1244 2871 1515 2943 fugerent,
1548 2871 1639 2943 qui
1682 2887 1792 2928 non
1830 2864 2120 2929 cernerent

529 2969 775 3041 opposita
808 2968 1062 3024 meliora.
1095 2967 1343 3038 Denique
1369 2983 1437 3023 ex
1467 2968 1560 3023 illo
1604 2976 1845 3036 tempore
1886 2966 1962 3022 sic
1999 2982 2119 3037 pas-

2223 1746 2444 1814 mentis,
2485 1749 2611 1803 talia
2645 1751 2821 1820 qualia
2853 1761 2980 1807 sunt
3009 1752 3240 1824 singula,
3269 1768 3460 1811 cuneta
3486 1765 3806 1824 cernentur,

2221 1838 2273 1895 id
2300 1849 2404 1911 est,
2439 1850 2494 1895 et
2520 1841 2751 1898 stultitia
2785 1843 3076 1900 mundialis
3104 1844 3258 1900 falsae
3285 1846 3564 1916 sapientia:
3593 1846 3807 1903 involu-

2221 1931 2327 1987 cris
2358 1934 2626 1990 denudata
2657 1936 2898 2006 sistetur,
2932 1948 2985 1993 et
3017 1954 3163 1994 mors
3192 1940 3433 1996 mentita:
3454 1939 3807 1997 beatitudinis

2222 2014 2481 2098 deoperta
2511 2030 2776 2086 velamine
2802 2074 2816 2099 ,
2862 2031 3101 2089 inhianle
3128 2048 3345 2105 semper
3380 2049 3478 2090 ore
3505 2043 3563 2090 et
3591 2047 3809 2104 patente

2222 2118 2277 2175 in
2318 2120 2642 2193 profundum
2671 2132 2930 2195 gutture,
2977 2127 3222 2182 vitalium
3262 2126 3484 2183 inimica
3525 2129 3807 2199 prodetur.

2221 2210 2375 2269 Tunc
2405 2223 2458 2268 et
2483 2215 2724 2271 etelestis
2752 2216 3041 2286 sapientia,
3076 2236 3197 2289 qua:
3222 2221 3558 2278 sceculariter
3584 2223 3810 2278 stultitia

2224 2306 2575 2375 nominatur,
2621 2308 2946 2379 interposita
2994 2311 3335 2367 altitudinem
3380 2314 3623 2369 scientia:
3669 2314 3808 2380 Dei,

2222 2399 2340 2455 sine
2385 2398 2615 2469 alicujus
2661 2400 2848 2456 labore
2885 2401 3306 2458 elucubrationis
3329 2402 3575 2472 intrabit,
3599 2412 3657 2460 et
3686 2421 3811 2462 vera

2223 2494 2329 2546 vita
2376 2492 2538 2548 nullis
2580 2491 2773 2548 mortis
2815 2495 3056 2550 tenebris
3095 2494 3379 2552 obscurata
3421 2496 3666 2565 lucebit,
3718 2513 3814 2568 per

2226 2585 2511 2641 Dominum
2549 2598 2793 2642 nostrum
2819 2587 3005 2643 Jesum
3033 2589 3305 2644 Christum
3337 2630 3352 2657 ,
3393 2589 3480 2646 cui
3519 2599 3604 2645 est
3639 2590 3815 2647 honor

2223 2680 2278 2735 in
2308 2680 2506 2735 saecula
2533 2682 2877 2737 smculorum.
2903 2684 3096 2739 Amen.

2294 2772 2438 2828 XXI.
2482 2774 2672 2845 Vides,
2709 2791 2741 2830 o
2773 2776 2883 2842 fili,
2924 2793 3027 2848 qua
3079 2776 3387 2835 valetudine
3436 2778 3651 2834 laborat
3696 2780 3815 2835 ani-

2222 2881 2342 2922 mus
2395 2870 2675 2938 suspecti,
2727 2870 2818 2940 qui
2871 2870 2971 2926 ista
3029 2886 3136 2926 non
3189 2871 3410 2942 cogitat.
3469 2872 3814 2943 Corpusculo

2222 2960 2447 3017 adhibui
2472 2962 2835 3031 palpamenta,
2869 2961 3015 3034 quod
3038 2965 3083 3019 si
3107 2965 3455 3036 negligerem,
3482 2966 3668 3020 anima
3695 2967 3814 3037 plus

525 3062 628 3118 sim
672 3062 967 3118 humanum
1005 3076 1179 3131 genus
1205 3059 1446 3130 graditur
1480 3078 1493 3113 :
1525 3060 1751 3115 stultitia
1783 3075 1881 3129 pro
1913 3061 2121 3130 sapien-
2143 3048 2192 3113 C
2225 3057 2453 3122 valeret,
2485 3074 2605 3130 qua:
2635 3070 2765 3116 tunc
2795 3061 3126 3123 infirmatur,
3167 3077 3287 3118 cum
3315 3061 3558 3117 exterior
3584 3061 3812 3117 robora-

529 3155 600 3212 tia
655 3154 921 3221 habetur,
970 3152 1186 3209 dicente
1233 3153 1557 3209 Psalmista:
1589 3152 1849 3221 Quoniam
1880 3154 2125 3209 laudatur

525 3258 763 3321 peccator
792 3250 846 3302 in
874 3247 1144 3303 desideriis
1171 3247 1361 3301 animae
1394 3262 1523 3311 θυαε,
1554 3256 1600 3300 et
1626 3246 1832 3311 iniquus
1867 3245 2125 3302 benedici-

527 3351 610 3395 tur
641 3339 833 3415 (lbid.,
858 3358 913 3410 x,
940 3339 1016 3413 5).
1051 3338 1203 3395 Tunc
1244 3340 1353 3395 vita
1400 3346 1619 3410 putatur
1656 3353 1779 3394 esse
1820 3355 1941 3410 qua:
1978 3355 2123 3395 mors

525 3446 612 3492 est
646 3455 657 3491 :
692 3448 744 3493 et
772 3434 876 3493 sub
906 3436 1090 3507 specie
1124 3434 1248 3490 boni
1284 3434 1421 3489 mala
1447 3433 1747 3505 decipiunt,
1780 3449 1902 3489 cum
1934 3432 2000 3487 ad
2041 3434 2122 3488 in-

527 3532 838 3604 telligentia:
878 3531 1144 3599 fraudem,
1182 3530 1313 3586 dolo
1355 3529 1620 3585 bonorum
1672 3528 1914 3583 omnium
1953 3526 2124 3583 virtus

529 3627 795 3696 operitur.
830 3623 962 3679 Nam
1010 3624 1212 3678 divitia:
1262 3638 1369 3676 non
1405 3630 1672 3677 secutura:
1720 3630 1841 3691 post
1888 3620 2124 3676 hominis

530 3728 764 3775 mortem
809 3728 1077 3771 amantur.
1112 3716 1297 3771 Honor
1343 3715 1594 3783 fascium,
1633 3714 1723 3783 qui
1770 3730 1866 3784 per
1906 3729 2124 3770 succes-

529 3828 712 3870 sorem
761 3811 1054 3877 exolescat,
1107 3809 1345 3865 ambitur
1389 3826 1401 3862 :
1457 3807 1705 3879 injuriam
1752 3808 1947 3865 fecisse
2017 3808 2124 3863 vir-

526 3905 660 3962 tutis
690 3912 774 3961 est
821 3921 835 3958 :
887 3904 1062 3959 aliena
1097 3902 1399 3973 possidere,
1428 3901 1683 3973 potentia:
1709 3911 1792 3956 est
1822 3918 1836 3954 :
1867 3901 2124 3957 innocen-

525 4009 634 4057 tem
659 3998 1076 4065 circumvenire,
1102 3997 1314 4051 astutize
1336 4006 1452 4052 est:
1478 4011 1583 4052 non
1610 3994 1882 4052 Christum
1905 4011 2120 4067 sapere,

527 4093 815 4164 sapientia:
840 4100 924 4146 est
956 4108 971 4144 :
1005 4088 1330 4160 Prophetam
1364 4087 1613 4153 horrere,
1646 4089 1973 4160 eloquentia:
1999 4099 2119 4145 est:

526 4186 607 4242 sic
640 4186 798 4257 plena
826 4195 957 4242 sunt
980 4184 1159 4239 omnia
1184 4184 1485 4250 erroribus,
1514 4185 1592 4239 sic
1621 4184 1793 4239 infusa
1825 4200 1920 4254 per
1949 4183 2123 4239 homi-

529 4296 654 4337 num
685 4291 897 4337 mentes
920 4277 1170 4350 caligine,
1203 4277 1370 4333 alium
1394 4278 1505 4333 alio
1529 4279 1858 4347 iucursante,
1891 4278 2123 4334 mundus

529 4372 843 4442 involvitur,
875 4381 928 4427 et
956 4370 1019 4426 ad
1048 4369 1151 4425 hoc
1180 4384 1352 4441 usque
1379 4370 1581 4425 veritas
1610 4370 1948 4435 obscuratur,
1982 4378 2042 4425 ut
2068 4372 2119 4425 in

2226 3158 2334 3207 tur.
2369 3152 2475 3209 Sed
2509 3157 2664 3210 istam
2692 3170 2854 3226 quam
2882 3155 2991 3210 dixi
3026 3154 3261 3210 animam
3287 3196 3303 3223 ,
3347 3154 3537 3212 morbo
3566 3155 3813 3210 stultitia:

2224 3245 2491 3313 vitiatam,
2508 3250 2815 3303 orationum
2839 3256 3050 3304 tuarum
3067 3249 3438 3319 frequentatus
3455 3259 3611 3304 sanet
3628 3266 3641 3301 :
3657 3248 3814 3319 cujus

2226 3341 2405 3396 anima
2436 3342 2620 3398 sa:culi
2651 3343 2974 3398 intemerata
3006 3342 3222 3414 ﬂagitiis
3251 3351 3432 3414 potest
3459 3342 3583 3399 aliis
3611 3342 3812 3399 subve-

2226 3434 2362 3490 nire.
2410 3434 2526 3491 Non
2571 3436 2713 3493 enim
2755 3453 2902 3508 aeger
2945 3436 3138 3492 salutis
3179 3451 3291 3492 suae
3329 3436 3591 3493 adhibere
3631 3446 3815 3507 potest

2227 3529 2496 3586 medelam
2523 3532 2881 3603 aegrotatione
2909 3530 3175 3588 confossis
3208 3549 3221 3587 :
3253 3542 3309 3588 et
3336 3531 3599 3588 anhelans
3627 3533 3815 3591 altitu-

2224 3622 2405 3679 dinem
2450 3625 2728 3697 plagarum
2753 3667 2769 3693 ,
2811 3625 3127 3681 vulneribus
3164 3641 3274 3680 non
3313 3624 3560 3681 medetur
3593 3626 3810 3683 alienis.

2226 3715 2403 3772 Sanus
2425 3715 2516 3785 qui
2548 3717 2640 3785 sit,
2674 3728 2822 3773 certe
2850 3716 3065 3773 curabit
3087 3716 3398 3785 infirmum,
3432 3718 3680 3773 oculatus
3707 3735 3814 3775 ca:-

2223 3824 2344 3864 cum
2382 3824 2477 3879 per
2511 3810 2803 3881 praecipitia
2840 3809 3011 3866 ducit.
3051 3809 3134 3864 Tu
3178 3809 3362 3881 itaque
3388 3818 3448 3865 ut
3492 3819 3550 3866 et
3595 3810 3814 3882 sapiens

2226 3900 2454 3956 Domino
2479 3902 2745 3972 supplica,
2778 3910 2838 3957 ut
2863 3900 3009 3973 quod
3040 3916 3145 3957 non
3174 3904 3330 3972 sapui
3361 3904 3593 3974 sapiam,
3625 3912 3683 3958 et
3708 3904 3815 3958 tuis

2223 3993 2492 4065 suffragiis
2527 3995 2681 4050 velut
2707 3994 3034 4064 quibusdam
3067 3994 3325 4052 remediis
3368 4012 3454 4051 me
3492 3995 3579 4052 fac
3603 3998 3812 4053 sanari.

2224 4084 2607 4159 Reprehendat
2629 4088 2851 4159 aliquis,
2880 4088 3027 4160 quod
3058 4090 3326 4145 intantum
3359 4089 3670 4146 delectabili
3698 4091 3814 4146 dis-

2224 4181 2504 4252 putatione
2530 4183 2890 4249 processerim
2916 4223 2930 4249 ,
2962 4192 3019 4237 ut
3042 4182 3358 4238 meritorum
3392 4198 3634 4239 meorum
3665 4185 3811 4239 resi-

2225 4276 2542 4347 piscentiam
2574 4293 2678 4332 non
2704 4276 2982 4341 haberem,
3011 4286 3105 4333 aut
3129 4277 3309 4333 subito
3333 4289 3614 4349 augustam
3642 4278 3812 4351 Moysi

2224 4369 2537 4426 cathedram
2582 4369 2833 4442 indignus
2872 4371 3062 4426 talium
3098 4372 3404 4442 disputator
3445 4375 3809 4433 ascenderim.

528 4468 726 4525 mortis
754 4468 965 4537 gremio
984 4465 1245 4536 jacuisse,
1278 4463 1557 4520 beatitudo
1586 4463 1819 4519 dicatur.
1848 4462 2000 4531 Quod
2025 4464 2113 4519 ubi
2144 4451 2197 4513 D
2222 4461 2329 4520 Sed
2365 4480 2493 4520 vere
2521 4480 2708 4519 amore
2747 4464 2799 4519 id
2832 4465 2914 4537 egi
2948 4474 3041 4521 tuo
3066 4511 3081 4533 ,
3124 4480 3232 4522 non
3272 4469 3622 4538 usurpatione
3665 4484 3809 4525 mea.

526 4562 619 4621 ille
648 4562 814 4631 Deus,
852 4577 952 4616 nos
982 4575 1200 4629 semper
1226 4559 1474 4630 cogitans
1510 4566 1565 4613 et
1603 4567 1821 4623 nostra,
1854 4556 1991 4611 vidit
2017 4572 2114 4626 per

524 4658 849 4728 sapientiam
879 4655 1063 4711 mundi
1089 4696 1105 4722 ,
1151 4668 1254 4725 qua
1286 4653 1391 4708 sibi
1417 4651 1652 4708 mundus
1678 4651 1919 4706 collusor
1947 4650 2114 4707 inter-

525 4752 800 4823 polatores
828 4749 1117 4805 invenerat
1147 4764 1159 4799 :
1189 4761 1343 4800 suam
1375 4745 1701 4816 sapientiam
1733 4743 1898 4798 fuisse
1924 4741 2112 4799 deser-

527 4854 635 4899 tam
664 4885 680 4911 ,
727 4844 931 4915 placuit
964 4842 1125 4897 etiam
1158 4841 1207 4896 ei
1237 4839 1546 4895 econtrario
1572 4837 1834 4893 adversus
1860 4838 2111 4893 astutiam

524 4938 846 4992 veteratoris
873 4976 889 5003 ,
930 4933 1213 5005 sapientia:
1254 4948 1366 4988 sua:
1400 4931 1601 4987 divitiis
1631 4930 2115 4987 innumerabilibus

526 5034 605 5087 uti
636 5072 652 5098 ,
696 5040 750 5086 et
792 5029 1033 5085 scientia:
1073 5027 1448 5096 altitudinem,
1497 5042 1655 5099 quam
1704 5026 1884 5082 nullus
1914 5027 2118 5096 poterit

528 5125 863 5195 investigare
889 5140 904 5176 :
936 5122 1097 5177 sicuti
1124 5131 1230 5187 est,
1259 5130 1315 5177 et
1338 5136 1493 5177 suam
1534 5120 1853 5190 sapientiam
1883 5119 2114 5173 stultitia

527 5219 716 5277 velare
743 5261 758 5288 ,
803 5225 857 5273 et
900 5215 1066 5271 vitam
1105 5230 1261 5270 suam
1306 5216 1495 5270 mortis
1529 5213 1760 5286 quadam
1786 5211 2117 5268 obscuritate

525 5314 733 5381 celare,
785 5320 843 5365 ut
872 5308 939 5364 ad
968 5307 1295 5379 sapientiam
1327 5308 1613 5380 pervenire
1641 5321 1747 5362 non
1777 5316 1988 5377 posset,
2022 5307 2113 5376 qui

523 5406 577 5462 in
611 5407 715 5461 hoc
746 5400 950 5459 sazculo
978 5400 1293 5471 Opinionem
1334 5398 1578 5455 stultitia:
1616 5398 1848 5470 fugisset
1892 5414 1903 5449 :
1954 5406 2009 5451 et
2046 5396 2114 5453 ad

522 5499 688 5553 vitam
735 5496 854 5567 ejus
905 5509 1012 5550 non
1063 5491 1393 5561 accederet,
1444 5493 1535 5564 qui
1588 5507 1692 5547 non
1742 5497 2114 5560 contemptum

523 5588 719 5647 mortis
766 5587 1069 5642 habuisset.
1120 5583 1364 5655 Namque
1412 5584 1492 5640 sic
1534 5584 1730 5639 Filium
1778 5582 2111 5639 Salvatorcm

525 5691 768 5742 nostrum
796 5679 947 5737 misit
974 5679 1029 5734 in
1057 5676 1356 5746 hominem,
1384 5676 1441 5737 id
1472 5687 1576 5747 est,
1615 5675 1932 5750 sapientiam
1961 5692 2110 5737 suam

2220 4554 2353 4612 Nam
2379 4572 2481 4627 ego
2505 4556 2708 4613 dictum
2743 4557 2982 4627 legeram
3010 4560 3282 4628 peccatori
3313 4600 3327 4627 ,
3369 4575 3439 4616 ne
3468 4561 3686 4616 Domini
3715 4577 3811 4618 au-

2219 4649 2377 4705 deret
2410 4665 2633 4705 narrare
2659 4651 2899 4720 justitias
2931 4667 3029 4721 per
3058 4666 3120 4706 os
3148 4666 3325 4707 suum.
3358 4652 3511 4721 Quod
3539 4654 3586 4709 si
3617 4663 3805 4711 contra

2220 4743 2564 4800 interdictum
2599 4760 2697 4809 pro
2724 4751 2814 4798 tua
2841 4742 3131 4800 dilectione
3163 4745 3501 4817 praesumpsi,
3535 4745 3588 4801 in
3619 4762 3686 4803 eo
3712 4757 3804 4803 tua

2218 4839 2391 4911 gratia
2424 4853 2778 4908 compensare
2802 4837 3111 4909 dignabitur
3140 4857 3151 4891 :
3184 4847 3243 4894 ut
3266 4840 3559 4906 litterulas,
3591 4855 3714 4910 qua:
3736 4840 3805 4896 ad

2220 4933 2443 5005 plenum
2479 4933 2780 4990 emendatte
2817 4948 2924 4989 non
2964 4943 3093 4990 sunt
3137 4934 3321 5008 (sicut
3351 4934 3484 5004 ipsis
3512 4934 3762 5005 apicibus
3785 4978 3799 5001 ,

2218 5027 2412 5098 quibus
2437 5037 2730 5083 exarantur
2751 5027 3046 5098 apparet),
3097 5037 3205 5082 tam
3244 5027 3402 5083 facile
3427 5028 3494 5083 ad
3526 5028 3802 5099 publicum

2219 5135 2326 5176 non
2358 5120 2623 5193 perducas
2648 5138 2662 5177 :
2690 5130 2745 5177 et
2767 5121 2814 5176 si
2837 5134 2937 5192 ego
2957 5119 3296 5177 verecundus
3316 5135 3417 5190 pro
3437 5135 3525 5175 me
3545 5135 3675 5177 esse
3698 5137 3805 5177 non

2220 5215 2394 5283 potui,
2429 5222 2486 5268 ut
2512 5212 2697 5279 debui,
2728 5212 2812 5269 vel
2846 5222 2933 5267 tua
2964 5212 3228 5267 modestia
3256 5212 3599 5268 verecundia:
3622 5224 3808 5284 parcat

2220 5323 2374 5363 metu.
2403 5307 2470 5361 Et
2498 5309 2621 5378 quia
2647 5308 2716 5364 de
2748 5322 2834 5362 me
2860 5296 3061 5363 habent
3082 5306 3222 5377 quod
3250 5306 3390 5361 male
3412 5305 3634 5376 scripta:
3654 5316 3804 5375 sunt,

2218 5400 2287 5457 de
2316 5409 2369 5455 te
2392 5398 2630 5454 habeant
2648 5400 2790 5471 quod
2813 5400 3094 5456 ctelentur.
3125 5398 3276 5466 Vale,
3297 5408 3353 5454 et
3372 5412 3472 5453 nos
3491 5398 3549 5454 in
3573 5398 3808 5456 Domino

2216 5494 2409 5568 dilige,
2441 5492 2492 5545 in
2525 5508 2633 5561 quo
2662 5493 2905 5565 diligeris
2932 5508 2962 5549 a
2994 5493 3175 5550 nobis.

2358 5581 2669 5639 MONITUM
2700 5584 2767 5640 IN
2794 5584 3181 5642 EPISTOLAM
3217 5581 3659 5652 SEQUENTEM.

2292 5678 2618 5747 Quamquam
2658 5679 2702 5737 si
2735 5678 2966 5739 divinare
3004 5689 3133 5738 esset
3152 5680 3377 5748 animus,
3407 5682 3709 5740 occurrebat
3745 5698 3809 5741 ex
