3998 6198
128 261 229 320 105

960 260 1294 321 EPISTOLA
1335 260 1450 319 VII.
1492 261 1585 319 AD
1625 261 1914 333 AMICUM,
1954 260 2047 317 DE
2089 262 2317 322 DIVINA
2359 264 2565 323 LEGEI.

3311 272 3416 330 £06

127 378 283 457 quinti
319 380 505 435 steculi
530 381 824 435 auctoribus
849 420 865 443 ,
911 381 997 450 qui
1034 382 1089 457 id
1118 398 1281 457 genus
1308 381 1553 457 epistolas
1578 397 1703 457 con-
1730 384 1777 444 Α
1805 381 2094 453 probabile
2118 390 2224 452 est,
2260 384 2607 438 manifestum
2634 386 2718 437 est
2745 379 3111 438 obedientiam
3143 392 3213 439 ex
3239 386 3409 445 animi

127 452 471 524 scripserunt,
516 468 651 505 unus
684 460 730 503 et
758 458 891 506 alter
915 493 929 515 ,
969 454 1049 505 cui
1062 452 1181 506 non
1209 452 1493 524 incongrue
1529 455 1705 507 istha’c

128 521 436 577 tribueretur
479 540 496 574 :
542 524 705 575 visum
738 532 904 577 tamen
934 534 1009 577 est
1035 526 1199 578 satius
1226 565 1241 587 ,
1268 521 1501 590 illa'ipsa
1531 525 1707 578 lectori

126 592 323 665 erudito
356 603 658 665 argumenta
696 610 978 665 proponere
1005 636 1019 659 ,
1071 612 1161 664 per
1185 609 1301 664 qua?
1324 596 1557 665 feticiore
1586 612 1707 649 usus

120 663 320 737 judicio
343 663 788 734 (quandoquidem
814 663 1125 737 Hieronymi
1152 663 1266 721 eam
1294 663 1399 719 non
1424 684 1555 731 esse,
1585 668 1710 722 satis

127 735 323 808 abunde
339 744 656 807 compertum
680 737 803 806 est),
825 736 888 789 de
912 735 1030 790 vero
1053 740 1167 806 ejus
1193 746 1404 791 auctore
1425 738 1703 808 disquirat.

126 802 326 878 Iudicat
353 802 493 878 totus
520 802 809 871 contextus,
837 808 906 859 ad
931 824 1045 861 eum
1070 802 1244 872 scribi,
1275 810 1366 878 qui
1391 802 1709 863 cum'satculi

126 876 457 944 dignitatibus
502 879 1031 948 fuissetqperfunctus
1058 920 1073 942 ,
1119 876 1296 933 recens
1336 879 1404 931 ad
1430 878 1616 933 Christi
1659 898 1712 935 se

122 948 277 1015 fidem
318 946 515 1015 recepit
542 989 556 1009 ,
601 956 648 1000 et
691 946 948 1017 baptismo
977 950 1209 1004 initiatus
1236 960 1331 1004 est.
1364 948 1713 1018 Compellatur

121 1018 251 1071 adeo
281 1026 372 1072 nec
400 1023 558 1072 semet
582 1034 699 1070 cum
724 1018 937 1073 honoris
963 1021 1112 1073 titulo
1130 1061 1144 1081 ,
1177 1021 1524 1075 Prudentiam
1562 1031 1707 1076 tuam

118 1104 355 1159 precor,
399 1099 506 1144 etc.
558 1088 657 1151 Et,
698 1088 852 1149 Tibi.
887 1092 1217 1145 honorabilis
1256 1106 1318 1145 ae
1360 1091 1709 1147 dilectissime

116 1175 344 1228 parens,
377 1176 478 1229 per
499 1174 689 1213 novam
712 1160 942 1228 gratiam
965 1161 1142 1214 omnis
1166 1161 1521 1229 lacrymarum
1544 1175 1705 1217 causa

115 1231 338 1285 detersa
367 1242 472 1285 est.
508 1230 572 1283 Et
601 1233 778 1283 statim
802 1232 973 1293 initio,
1007 1231 1084 1285 Ne
1108 1231 1566 1298 contemplatione
1592 1247 1705 1287 meo

114 1301 430 1355 diocritatis
460 1315 595 1355 meae
619 1341 633 1363 ,
680 1300 889 1353 Domini
919 1300 1083 1354 verba
1112 1300 1381 1370 despicias
1402 1342 1417 1365 ,
1460 1317 1580 1368 qua:
1613 1305 1703 1370 pio

116 1371 315 1425 all'ectn
350 1372 466 1437 tibi,
504 1386 645 1424 nunc
668 1370 925 1425 Ecclesia:
947 1372 1193 1440 parvulo,
1221 1372 1288 1425 ad
1311 1371 1701 1427 conlovendam

114 1442 357 1497 inlantice
385 1442 712 1503 novitatem.
756 1442 931 1495 lactea
975 1442 1187 1496 interim
1221 1442 1586 1511 porriguntur.
1622 1443 1703 1498 Eo

115 1516 275 1569 etiam
303 1512 484 1565 recidit
511 1554 525 1576 ,
566 1512 705 1582 quod
731 1512 826 1566 sub
858 1513 1012 1581 ﬁnem
1042 1514 1267 1578 dicitur,
1315 1513 1457 1567 lilius
1487 1531 1499 1567 :
1531 1515 1705 1569 subdit

117 1587 255 1639 enim
283 1592 467 1638 auctor
493 1583 753 1644 continuo.
787 1582 898 1637 Nec
927 1582 992 1636 ad
1029 1584 1131 1638 hoc
1157 1585 1461 1653 loquimur,
1501 1595 1556 1639 ut
1596 1586 1702 1640 liu-

119 1671 313 1711 manas
338 1655 611 1710 amicitias
644 1668 1007 1721 aucupernur,
1046 1666 1153 1710 etc.
1192 1655 1411 1709 Videtur
1440 1665 1487 1710 et
1518 1673 1701 1712 mona-

118 1728 271 1781 chum
293 1729 381 1780 ille
406 1726 635 1798 proﬁteri
661 1724 900 1791 voluisse,
931 1728 1095 1796 pergit
1121 1729 1257 1781 enim
1284 1736 1473 1794 noster,
1510 1727 1623 1798 Ego
1653 1738 1704 1783 te

116 1796 487 1853 Christianum
516 1796 638 1850 volo
668 1810 812 1862 esse,
846 1811 951 1851 non
984 1798 1309 1852 monachum
1341 1798 1469 1863 dici,
1505 1796 1700 1853 et'vir-

117 1878 288 1923 tutem
324 1868 554 1938 propr-im
586 1866 759 1939 laudis
787 1868 1069 1939 possidere
1107 1869 1279 1939 magis
1313 1882 1473 1939 quam
1508 1883 1703 1923 nomen

116 1942 382 2003 alienum,
410 1937 552 2008 quod
582 1937 777 1991 frustra
809 1955 836 1991 a
866 1938 1076 1993 Latinis
1104 1940 1154 1993 in
1183 1937 1347 1995 turba
1366 1954 1710 1995 commoran-

119 2011 267 2065 tibus
308 2012 605 2075 imponitur
632 2050 647 2075 ,
690 2024 815 2064 cum
846 2026 876 2063 a
899 2010 1104 2066 Graecis
1132 2010 1373 2066 solitario
1402 2009 1708 2066 viventibus

115 2082 360 2153 legitime
390 2082 692 2151 deputetur.
722 2080 948 2153 Tempus
975 2082 1113 2149 quod
1144 2091 1345 2149 spectat
1370 2122 1402 2153 ,γ
1430 2084 1603 2145 quinti
1639 2084 1707 2135 ad

118 2152 275 2222 finem
301 2154 554 2236 vergentis
580 2152 757 2236 srequli
779 2194 793 2218 ,
845 2169 959 2206 cum
990 2153 1096 2236 alia
1114 2195 1147 2235 ,.
1172 2163 1283 2235 tum
1312 2152 1492 2236 ist/uec
1518 2154 1707 2207 indicio

117 2234 236 2277 sunt
279 2242 299 2279 :
343 2223 609 2279 Vindictae
650 2223 771 2277 dies
808 2234 864 2277 et
903 2224 1275 2278 retributionis
1315 2224 1607 2279 imminens
1644 2239 1707 2279 ac

119 2298 333 2352 vicinus
361 2311 483 2351 esse
509 2337 525 2361 ,
566 2303 622 2348 et
658 2294 844 2349 saeculi
884 2294 1056 2349 ruinis
1096 2296 1337 2365 undique
1376 2310 1708 2350 concurren-

119 2368 299 2435 tibus,
343 2376 398 2422 et
426 2366 829 2435 Scripturarum
860 2366 1259 2436 contestatione
1290 2366 1569 2436 probatur.
1604 2367 1707 2420 De-

117 2440 271 2509 nique
290 2448 341 2493 et
362 2437 777 2509 nonnullasunt,
808 2453 921 2507 qua:
942 2435 1304 2508 Pelagianam,
1329 2454 1435 2507 qua
1456 2438 1707 2491 imbutum

118 2507 277 2580 fuisse
296 2520 590 2580 auctorem,
604 2507 951 2580 Bellarminus
974 2507 1257 2574 contendit,
1281 2510 1567 2562 doctrinam
1585 2513 1706 2563 sub-

120 2584 332 2636 oleant:
363 2581 505 2635 Dicit
528 2579 723 2648 aliquis
746 2620 762 2643 ,
806 2579 851 2633 si
886 2589 1055 2633 totum
1084 2596 1150 2635 ex
1177 2588 1364 2635 nostro
1391 2580 1577 2635 labore
1608 2596 1705 2635 ex-

117 2662 413 2722 spectatur,
444 2665 576 2719 ergo
601 2653 769 2720 gratia
803 2651 935 2705 nihil
970 2661 1189 2719 prmstat
1220 2691 1233 2704 .
1263 2688 1278 2704 .
1312 2692 1325 2706 .
1366 2692 1388 2722 ,ν
1412 2690 1427 2705 .
1458 2691 1472 2706 .
1503 2690 1517 2705 .
1549 2692 1562 2705 .
1597 2651 1704 2707 Sed

118 2721 286 2793 gratia
313 2722 534 2793 quidem
562 2723 735 2792 gratis
767 2730 988 2790 peccata
1021 2722 1267 2793 dimittit,
1301 2721 1396 2777 sed
1425 2736 1546 2793 cum
1575 2737 1708 2777 con-

118 2792 281 2850 Sensu
315 2792 375 2851 et
409 2794 686 2847 voluntate
729 2794 1020 2847 credentis.
1071 2792 1205 2846 Tum
1240 2792 1373 2847 illud
1399 2832 1414 2858 ,
1457 2792 1703 2848 Ecclesia

121 2869 305 2937 utique
338 2880 438 2923 nos
464 2878 675 2937 sumus,
707 2865 751 2918 si
782 2865 1105 2937 tam_en_sine
1136 2866 1269 2937 vitio
1298 2872 1353 2920 et
1381 2865 1614 2937 macula,
1647 2873 1708 2919 ut

116 2924 464 3005 praicipitur,
506 2935 822 2990 vixerimus.
854 2924 1073 3001 Fallor,
1104 2948 1192 2989 aut
1221 2936 1330 2989 haec
1360 2934 1535 2989 omnia
1560 2924 1708 2989 Fau-

116 3017 251 3062 stum
279 3007 877 3080 Regiensemdesignant
896 3049 911 3073 ,
945 3008 1032 3077 qui
1055 3052 1069 3074 ,
1101 3017 1229 3080 geste
1257 3006 1558 3080 Gennadio,
1588 3023 1703 3079 cap.

117 3080 223 3145 85,
272 3077 607 3149 ejtrscemodi
658 3078 943 3147 epistolam
991 3080 1059 3133 ad
1100 3077 1336 3135 Felicem
1386 3077 1703 3147 praefectum

116 3152 359 3221 prietorii
397 3151 639 3221 scripsit.

676 3243 1018 3301 EPlSTOLA
1047 3243 1160 3300 Vll.

304 3336 539 3394 Instituit
568 3337 796 3392 amicum
832 3338 888 3391 in
928 3338 1145 3392 scientia
1170 3336 1357 3391 divina:
1389 3336 1533 3407 legis.

189 3432 235 3487 l.
280 3430 774 3502 Praesumptionem
811 3444 992 3485 meam
1034 3444 1310 3485 excusare
1351 3442 1622 3494 conarer,
1668 3426 1717 3482 si

123 3542 210 3584 me
246 3541 361 3583 non
394 3536 448 3582 et
478 3534 696 3596 tempus
723 3532 780 3581 et
800 3539 962 3580 causa
982 3566 999 3593 ,
1047 3523 1322 3593 simulque
1352 3530 1639 3577 tuerentur
1666 3528 1721 3575 et

116 3620 359 3677 charitas
377 3638 391 3675 :
407 3629 464 3677 et
484 3620 530 3676 si
555 3634 699 3675 nunc
720 3617 943 3691 propria
967 3618 1141 3689 magis
1161 3616 1330 3671 verba
1352 3630 1510 3686 quam
1534 3614 1719 3669 divina

119 3718 318 3774 vellem
348 3717 455 3773 tuis
482 3715 711 3772 auribus
741 3716 1024 3770 intimare.
1052 3711 1300 3783 :Accedit
1326 3710 1550 3779 insuper
1573 3708 1718 3779 quod

117 3812 436 3867 exhortatio
465 3815 657 3865 nostra
687 3807 854 3864 habet
884 3820 953 3862 ex
982 3804 1333 3877 simplicitate
1364 3801 1635 3867 ﬁduciam,
1664 3809 1721 3858 et

114 3918 179 3959 ex
214 3907 454 3962 veritate
476 3902 742 3957 virtutem
778 3919 791 3955 :
837 3900 963 3972 quia
990 3899 1195 3954 nonde
1221 3898 1565 3953 immunditia
1594 3907 1677 3953 est
1700 3936 1717 3962 ,

116 4012 298 4070 neque
328 3998 394 4053 de
424 4010 638 4062 errore,
671 3986 939 4064 neque'de
968 3991 1099 4046 dolo
1126 4009 1140 4046 :
1176 3992 1277 4047 hoc
1305 3992 1465 4061 plane
1489 4003 1721 4062 praemo-

116 4105 238 4157 neo,
276 4105 354 4145 ne
381 4086 854 4159 contemplatione
888 4084 1284 4140 mediocritatis
1315 4097 1473 4150 meae,
1507 4080 1720 4136 Domini

115 4183 290 4238 verba
329 4182 624 4252 despicias,
654 4194 776 4249 quae
804 4176 899 4248 pio
919 4175 1117 4231 affectu
1143 4174 1260 4239 tibi,
1294 4188 1440 4229 nunc
1463 4172 1719 4229 Ecclesia:

121 4276 384 4344 parvulo,
415 4273 481 4327 ad
506 4268 901 4327 confovendam
925 4265 1169 4322 infantiae
1193 4264 1512 4328 novitatem,
1547 4262 1719 4318 lactea

115 4369 346 4425 interim
375 4367 737 4438 porriguntur
767 4380 780 4417 :
810 4362 988 4419 donec
1017 4368 1109 4416 aut
1137 4376 1237 4431 per
1265 4368 1319 4415 te
1346 4358 1716 4429 postmodum,

118 4470 207 4515 aut
230 4475 342 4532 per
370 4460 511 4514 alios
537 4456 787 4514 eruditus
814 4456 867 4509 in
892 4456 1071 4509 virum
1097 4452 1427 4523 perlectum,
1460 4452 1601 4507 escis
1632 4465 1721 4505 so-

1806 474 2045 530 consilio
2074 515 2087 539 ,
2132 489 2240 529 non
2275 490 2342 530 ex
2376 474 2622 544 corporis
2653 473 2874 529 materia
2908 475 3231 543 procedere.
3287 480 3405 546 Qua

1807 567 2022 622 ratione
2047 566 2356 637 colligimus
2376 567 2715 623 vocationem
2746 576 2991 621 nostram
3014 567 3175 636 juxta
3206 584 3408 629 vocan-

1812 658 1882 713 tis
1912 658 2316 730 dignationem,
2350 659 2511 713 etiam
2540 669 2744 714 nostra:
2770 657 3069 714 voluntatis
3102 668 3246 716 stare
3277 678 3406 719 con-

1813 767 1979 809 sensu
2010 771 2024 807 :
2059 754 2132 808 ita
2163 762 2222 808 ut
2252 753 2530 807 lavacrum
2554 752 2695 821 quod
2726 766 2925 824 corpus
2952 752 3227 808 credentis
3253 770 3406 812 acce-

1814 847 1978 916 perit,
2013 845 2209 901 auimre
2234 845 2405 916 magis
2429 844 2693 899 beneﬁcio
2714 855 3101 916 consequatur,
3133 856 3191 906 et
3215 848 3409 906 utrius~

1812 953 1918 1008 que
1948 938 2269 993 substantia:
2301 936 2677 1008 purgationem
2704 978 2720 1003 ,
2765 952 2884 1007 qua:
2930 938 2984 991 in
3028 952 3166 1009 aqua
3197 951 3409 998 constat

1812 1040 1867 1085 et
1897 1029 2071 1085 verbo
2095 1074 2109 1098 ,
2154 1029 2351 1083 merito
2394 1034 2596 1087 mentis
2624 1031 2827 1087 debeat
2865 1030 3080 1087 atl'erre.
3122 1031 3321 1089 Verum
3356 1046 3412 1091 ut

1808 1134 1870 1176 ea
1902 1136 2027 1191 quae
2068 1121 2307 1177 diximus
2333 1162 2349 1187 ,
2396 1124 2688 1179 manifesta
2733 1123 3054 1193 probatione
3081 1123 3371 1183 ﬁrmemus
3394 1174 3409 1195 ,

1806 1214 2083 1270 evidentia
2111 1215 2180 1269 de
2210 1214 2513 1286 Scripturis
2542 1218 2791 1287 exempla
2823 1234 3110 1288 ponamus.
3134 1221 3410 1291 Scriptum

1806 1316 1889 1362 est
1923 1308 1976 1360 in
2010 1307 2277 1377 Apostolo
2314 1326 2324 1360 :
2371 1309 2460 1363 Sic
2486 1307 2724 1365 Christus
2764 1312 2946 1367 dilexit
2974 1313 3273 1369 Ecclesium
3296 1355 3313 1381 ,
3365 1325 3413 1370 et

1808 1398 2026 1451 tradidit
2056 1401 2383 1471 semetipsum
2407 1417 2500 1469 pro
2524 1417 2607 1463 ea,
2640 1412 2695 1455 ut
2718 1419 2831 1456 eam
2858 1406 3231 1476 sanctiﬁcaret,
3261 1423 3413 1461 mun-

1805 1494 1936 1547 dans
1966 1494 2175 1548 lavacro
2198 1510 2347 1563 aqua:
2374 1495 2427 1548 in
2457 1496 2608 1549 verbo
2628 1495 2765 1562 vitte,
2796 1505 2853 1550 ut
2878 1498 3135 1553 exhiberet
3166 1515 3281 1553 eam
3310 1501 3413 1554 sibi

1804 1586 2087 1657 gloriosam
2112 1594 2161 1641 et
2187 1586 2577 1641 immaculatum
2608 1587 2790 1660 (Eph.
2831 1606 2863 1643 v
2887 1635 2901 1657 ,
2941 1590 3012 1646 25
3042 1607 3181 1662 seqq.
3208 1590 3253 1661 ).
3304 1591 3410 1647 Per

1807 1689 2005 1745 aquam
2035 1685 2091 1732 et
2106 1678 2334 1733 verbum
2360 1676 2613 1733 mundari
2636 1677 2775 1733 dixit
2800 1678 3137 1747 Ecclesium;
3162 1680 3407 1737 Ecclesia

1735 1759 1785 1819 B
1813 1768 2001 1838 utique
2031 1784 2131 1823 nos
2157 1784 2371 1836 sumus,
2405 1770 2450 1825 si
2484 1780 2666 1824 tamen
2692 1769 2814 1827 sine
2838 1769 2974 1826 vitio
3002 1782 3056 1827 et
3081 1773 3325 1842 macula,
3353 1782 3413 1827 ut

1813 1860 2154 1930 prtecipitur,
2186 1859 2511 1914 vixerimus.
2536 1857 2857 1929 Corporalia
2886 1863 3261 1933 corporalibus
3289 1905 3306 1930 ,
3358 1872 3414 1919 et

1813 1951 2119 2021 spiritualia
2149 1951 2530 2021 spiritualibus
2561 1960 2881 2021 purgantur.
2915 1952 3112 2009 Anima
3154 1957 3331 2012 verbo
3357 1965 3412 2013 et

1813 2057 1991 2112 aqua,
2042 2057 2241 2113 corpus
2288 2056 2429 2113 aqua
2476 2043 2823 2097 solummodo
2874 2044 3089 2099 videtur
3134 2049 3408 2104 ablutum.

1813 2136 2026 2188 Anima:
2079 2134 2412 2189 intrinsecus
2463 2133 2710 2203 pristinis
2747 2134 2803 2188 in
2846 2135 3099 2191 sordibus
3130 2146 3188 2193 et
3213 2152 3416 2194 concu-

1812 2227 2099 2298 piscentiis
2144 2228 2409 2283 residenti
2436 2271 2451 2295 ,
2498 2227 2868 2298 Evangelista:
2898 2236 2985 2284 est
3014 2230 3254 2287 timenda
3285 2247 3417 2288 sen-

1813 2321 2003 2387 tentia,
2036 2320 2273 2376 dicentis
2318 2338 2332 2375 :
2382 2320 2650 2376 Phariswe
2679 2338 2839 2391 ctece,
2874 2324 3069 2378 munda
3098 2327 3244 2397 prius
3274 2328 3415 2397 quod

1812 2414 1955 2468 intus
1979 2423 2074 2478 est,
2109 2422 2167 2467 ut
2193 2414 2286 2483 ﬁat
2312 2415 2569 2468 mundum
2595 2424 2642 2467 et
2670 2415 2727 2468 id
2753 2417 2893 2485 quod
2920 2418 3049 2489 foris
3077 2428 3151 2474 est
3179 2420 3198 2489 (
3222 2418 3415 2475 Matth.

1810 2522 1963 2570 xxur,
1986 2506 2104 2577 26).
2134 2508 2203 2561 Et
2232 2522 2422 2563 revera
2455 2508 2501 2562 si
2532 2522 2767 2580 corpora
2798 2517 2984 2565 nostra
2998 2526 3125 2567 vasa
3149 2512 3418 2567 suntani-

1810 2612 2048 2664 marum,
2084 2607 2213 2654 tunc
2244 2606 2405 2654 erunt
2435 2613 2566 2671 vere
2600 2599 2798 2655 munda
2822 2641 2837 2667 ,
2867 2601 2916 2655 si
2953 2601 3101 2657 intus
3131 2602 3418 2660 sincerum

1809 2690 2047 2746 habeant
2095 2704 2404 2761 purumque
2459 2691 2752 2761 liquorem.
2818 2690 3088 2748 Craterum
3152 2696 3409 2765 quamvis

1808 2784 1953 2839 calix
1984 2799 2182 2840 aureus
2210 2784 2303 2852 sit,
2337 2792 2393 2840 et
2422 2795 2616 2840 ornatu
2644 2800 2984 2856 gemmarum
3016 2802 3079 2843 ac
3114 2789 3410 2860 splendore

1809 2875 2219 2947 pulcherrimus
2264 2895 2277 2929 :
2332 2877 2379 2932 si
2420 2878 2473 2932 iu
2514 2893 2575 2933 se
2606 2893 2813 2935 venena
2854 2880 3180 2950 contineat,
3226 2898 3413 2941 nonne

1810 2966 2213 3038 pretiositatem
2260 2968 2607 3024 metallorum
2636 2970 2850 3026 lsthalis
2894 2973 3075 3041 poculi
3123 2974 3273 3031 virus
3315 2976 3415 3032 ob-

1812 3058 2013 3125 luscat,
2045 3068 2101 3116 et
2127 3061 2418 3117 micantem
2448 3062 2756 3132 specierum
2788 3063 3019 3120 nitorem
3047 3066 3319 3122 violabit?

1887 3151 1955 3207 Il.
1996 3152 2103 3209 Sed
2135 3168 2203 3209 ne
2232 3169 2261 3208 a
2293 3154 2573 3225 proposito
2598 3155 2815 3227 longius
2845 3172 2981 3213 mese
3012 3158 3417 3228 pollicitationis

1820 3244 2077 3300 excedam
2096 3286 2113 3313 ,
2152 3245 2581 3317 prsel'atiunculae
2607 3262 2745 3302 mea:
2774 3249 2940 3304 verba
2965 3291 2980 3315 ,
3015 3249 3200 3305 verbis
3233 3250 3419 3306 Domi-

1818 3338 1955 3394 nicis
1988 3339 2232 3409 probabo
2268 3358 2282 3396 :
2313 3349 2373 3394 ut
2414 3340 2519 3397 hoc
2558 3340 2705 3410 quod
2734 3339 2858 3395 dico
2886 3382 2901 3408 ,
2933 3355 3042 3396 non
3073 3356 3139 3397 ex
3172 3342 3417 3399 humano

1818 3444 1981 3485 sensu
2023 3430 2303 3487 inventum
2332 3471 2349 3497 ,
2395 3440 2489 3485 aut
2518 3429 2740 3500 ingenio
2778 3431 3006 3500 proprio
3048 3432 3418 3504 excogitatum

1820 3531 2060 3594 putetur,
2093 3524 2191 3579 sed
2222 3522 2423 3577 divinis
2446 3523 2731 3578 sententiis
2752 3524 3005 3579 videatur
3022 3540 3143 3582 esse
3165 3538 3419 3585 constru-

1819 3624 1986 3691 ctum.
2038 3614 2094 3669 In
2140 3612 2437 3685 Evangelio
2462 3613 2689 3669 Joannis
2718 3614 2981 3671 Dominus
3019 3618 3085 3672 ad
3118 3618 3416 3691 discipulos

1818 3708 1937 3764 ait:
1974 3707 2081 3762 Vos
2126 3718 2298 3761 autem
2332 3710 2450 3780 jam
2496 3708 2677 3762 mundi
2722 3709 2843 3763 estis
2884 3720 3095 3782 propter
3124 3728 3415 3768 sermonem

1821 3819 1992 3857 meum
2016 3818 2165 3873 quem
2189 3800 2411 3856 audistis
2445 3799 2626 3867 (Joan.
2651 3816 2771 3871 xm,
2806 3800 2924 3873 10).
2952 3801 3070 3858 Non
3101 3803 3255 3873 dixit,
3288 3820 3418 3877 pro-

1820 3905 1942 3966 pter
1964 3893 2107 3966 quod
2136 3894 2231 3948 loti
2259 3894 2389 3949 estis
2422 3902 2632 3949 tantum
2662 3912 2673 3946 :
2708 3894 2803 3950 sed
2829 3936 2845 3959 ,
2892 3906 3103 3967 propter
3126 3914 3416 3955 sermonem

1820 4005 1989 4044 meum
2015 4003 2168 4059 quem
2194 3988 2433 4055 audistis,
2466 3988 2677 4056 ideoque
2701 3988 2880 4042 mundi
2901 3991 3041 4045 estis.
3071 3990 3273 4048 Omnes
3299 3995 3420 4063 qui-

1820 4084 1945 4139 dem
1977 4080 2185 4137 sciebat
2219 4081 2362 4135 lotos
2389 4093 2511 4135 esse
2557 4097 2569 4133 :
2612 4080 2707 4136 sed
2737 4095 2847 4136 non
2880 4082 3123 4138 omnium
3156 4084 3417 4141 interiora

1822 4175 2021 4231 munda
2052 4189 2172 4230 esse
2198 4173 2471 4245 probavit,
2502 4172 2625 4243 quia
2654 4173 2798 4231 inter
2827 4184 3055 4232 caeteros
3081 4186 3199 4233 erat
3222 4177 3414 4245 ludas,

1822 4270 1912 4339 qui
1940 4276 2063 4339 post
2092 4282 2245 4337 aquae
2276 4265 2680 4337 purgationem,
2706 4267 2874 4321 animi
2900 4268 3105 4323 malitia
3133 4268 3411 4325 sordebat.

1823 4362 2052 4432 Propter
2080 4359 2226 4431 quod
2257 4359 2507 4429 quamvis
2537 4374 2657 4414 cum
2702 4359 2824 4414 aliis
2852 4359 2993 4415 lotus
3023 4370 3147 4416 ante
3178 4359 3369 4417 fuisset
3396 4380 3413 4416 :

1824 4452 2134 4509 immundus
2157 4460 2332 4506 tamen
2355 4450 2571 4506 Domini
2593 4450 2860 4508 sententia
2882 4452 3229 4522 perhibetur:
3250 4453 3413 4524 Cujus

117 4550 413 4610 lidioribus
440 4552 746 4608 roboreris.
770 4548 853 4605 Ad
887 4549 1106 4619 plenum
1132 4561 1263 4617 ergo
1287 4553 1341 4602 te
1362 4546 1506 4601 scire
1530 4544 1717 4614 cupio,
1747 4537 1797 4597 Ι)
1822 4547 2072 4617 exemplo
2098 4543 2393 4617 [evidenter
2434 4542 2830 4615 manifesteque
2870 4553 3226 4613 monstratur,
3260 4544 3416 4599 illum

118 4648 264 4715 quod
298 4663 370 4702 ex
403 4654 563 4717 parte
592 4657 757 4699 nosse
785 4652 837 4698 te
859 4641 1026 4698 credo
1050 4681 1065 4707 ,
1108 4640 1177 4697 ob
1208 4641 1314 4694 hoc
1345 4639 1632 4695 Dominum
1664 4645 1721 4693 et

121 4738 213 4795 Dei
238 4740 490 4797 Verbum
517 4736 873 4795 descendisse
899 4734 965 4790 de
987 4732 1143 4789 caelis
1170 4774 1185 4799 ,
1232 4744 1291 4787 ut
1315 4741 1596 4802 assumpto
1624 4746 1720 4786 na-

120 4840 252 4889 tura:
290 4842 501 4889 nostra:
546 4831 771 4887 homine
797 4869 813 4896 ,
858 4828 1157 4883 humanum
1202 4841 1411 4896 genus,
1466 4825 1609 4896 quod
1652 4825 1719 4881 ab

120 4925 293 4981 Adam
339 4925 564 4996 jacebat
592 4963 608 4988 ,
662 4920 969 4990 erigeretur
999 4919 1051 4973 in
1082 4916 1345 4973 Christo:
1402 4924 1720 4987 tantumque

120 5031 258 5073 novo
284 5016 507 5073 homini
543 5030 641 5085 per
681 5012 1046 5069 obedientiam
1091 5020 1442 5081 prrestaretur
1485 5012 1675 5066 salutis
1699 5052 1714 5079 ,

119 5123 386 5180 quantum
419 5110 599 5167 veteri
632 5123 729 5180 per
764 5106 1195 5163 inobedientiam
1226 5104 1548 5175 perditionis
1579 5102 1719 5158 acci-

121 5203 293 5259 derat.
326 5203 537 5260 Verum
582 5201 839 5272 quoniam
880 5200 997 5255 sive
1034 5197 1346 5254 obedientia
1378 5196 1493 5251 sive
1531 5194 1722 5250 inobe-

118 5294 352 5365 dientia,
382 5293 650 5353 vocabula
688 5293 780 5348 illa
806 5336 820 5360 ,
858 5300 927 5347 ut
945 5292 1079 5347 mihi
1123 5290 1361 5357 videtur,
1399 5290 1721 5358 incorporea

117 5400 279 5457 sunt,
312 5406 426 5448 non
458 5390 705 5447 materia:
731 5387 1038 5458 corporalis
1065 5404 1078 5440 :
1108 5394 1164 5443 et
1191 5384 1317 5455 quia
1350 5381 1721 5453 incorporalia

118 5499 180 5539 ex
210 5486 604 5557 corporalibus
628 5482 883 5556 generari
910 5482 1139 5537 omnino
1175 5494 1281 5535 non
1307 5485 1577 5550 possunt,
1611 5490 1725 5531 ma-

117 5578 393 5635 nifestum
434 5587 520 5635 est
544 5621 559 5646 ,
613 5579 934 5647 incorporea
963 5590 1032 5631 ex
1059 5572 1500 5644 incorporalibus
1528 5569 1675 5623 nasci
1703 5582 1725 5626 :

114 5684 164 5726 et
194 5674 244 5728 si
278 5671 661 5729 obedientiam
693 5668 1093 5739 incorporalem
1123 5707 1138 5733 ,
1179 5682 1300 5739 quae
1335 5658 1726 5719 inobedientite

118 5765 441 5823 remedium
468 5772 553 5820 est
574 5804 590 5831 ,
621 5777 694 5817 ex
724 5760 1056 5830 incorporali
1084 5760 1262 5816 anima
1287 5758 1434 5832 gigni
1465 5754 1683 5815 ratione
1708 5791 1725 5823 ,

451 5860 732 5923 Psrnon.
779 5854 1003 5918 XXX.

1823 4640 1876 4695 in
1904 4640 2133 4695 veritate
2163 4638 2256 4693 Dei
2282 4638 2511 4709 gratiam
2540 4637 2843 4707 percipere,
2871 4638 2963 4706 qni
2987 4652 3107 4692 eam
3134 4651 3200 4692 eo
3223 4636 3417 4693 ordine

1820 4748 1927 4806 quo
1954 4732 2235 4803 Scriptura
2266 4731 2534 4797 docuerit,
2568 4738 2950 4800 consequatur.
2979 4728 3113 4783 Nam
3146 4730 3191 4783 si
3223 4729 3419 4802 aliquis

1821 4841 2047 4897 corpore
2077 4833 2235 4881 tenus
2263 4832 2509 4879 renatum
2541 4836 2662 4878 esse
2685 4836 2746 4877 se
2774 4820 2966 4876 credat
2992 4836 3087 4889 per
3114 4836 3329 4891 aquam,
3362 4834 3419 4882 et

1821 4918 1991 4974 verbo
2020 4932 2127 4972 non
2155 4916 2229 4969 sit
2258 4922 2611 4985 regeneratus
2635 4912 2689 4966 in
2720 4912 2937 4980 spiritu,
2966 4925 3062 4966 sua
3094 4912 3269 4971 salute
3299 4914 3417 4973 fru-

1820 5017 2049 5076 Stratur,
2072 5007 2195 5077 quia
2220 5007 2460 5062 caelestis
2486 5002 2739 5060 novitatis
2761 5003 2877 5059 haec
2898 5018 3063 5060 causa
3087 5015 3191 5076 est,
3210 5018 3269 5066 ut
3288 5025 3419 5069 cor-

1822 5104 1971 5174 poris
1996 5096 2253 5169 qualitate
2272 5101 2545 5160 manente,
2573 5092 2738 5148 homo
2766 5102 2923 5151 vetus
2951 5096 3003 5151 in
3028 5112 3222 5156 novam
3250 5105 3420 5161 animi

1826 5203 2067 5252 mutetur
2088 5188 2444 5246 voluntatem.
2478 5189 2744 5244 Cancrum
2775 5191 3048 5263 quomodo
3074 5208 3272 5266 corpus
3302 5213 3422 5253 sor-

1828 5287 2037 5354 didum,
2061 5284 2106 5340 si
2136 5295 2272 5352 aqua
2303 5295 2412 5336 non
2441 5287 2526 5335 est
2544 5277 2808 5352 ablutum,
2827 5284 3165 5355 permanebit
3187 5288 3422 5345 immun-

1830 5380 1958 5437 dum
1998 5392 2012 5430 ;
2059 5377 2131 5431 ita
2171 5372 2351 5427 anima
2390 5371 2493 5427 nisi
2533 5370 2703 5426 verbo
2732 5374 2891 5432 fuerit
2927 5373 3183 5430 mundata
3213 5377 3421 5448 divino,

1830 5471 2084 5531 sordibus
2125 5466 2378 5522 vitiorum
2423 5472 2677 5532 corrupta
2722 5468 2982 5522 manebit.
3028 5465 3170 5533 Ergo
3214 5471 3260 5524 si
3306 5472 3428 5542 eius

1826 5564 2053 5623 consilio
2081 5572 2277 5628 corpus
2316 5573 2451 5630 aqua
2483 5554 2794 5625 mundat”,
2826 5573 2929 5629 (11³³
2966 5556 3181 5611 “mne
3211 5566 3424 5628 sperni‘

1826 5666 1915 5713 tur
1940 5652 2081 5725 quod
2108 5650 2282 5720 majus
2307 5659 2410 5718 est,
2452 5650 2499 5705 si
2522 5646 2664 5718 quod
2693 5651 2870 5706 minus
2893 5658 3002 5718 est,
3026 5648 3141 5717 jam
3174 5656 3431 5713 tenetur?

1832 5745 2068 5806 Stultitia
2082 5749 2165 5801 est
2184 5740 2230 5799 si
2254 5755 2322 5797 ex
2351 5750 2506 5820 parte
2532 5738 2728 5797 salvari
2750 5742 2918 5814 cupit,
2944 5739 3041 5813 qui
3070 5752 3139 5793 ex
3170 5748 3288 5798 toto
3314 5763 3435 5819 per.

2834 5834 2875 5901 ιδ
