4000 6306
592 286 698 345 107

1622 276 1679 333 S.
1723 266 2105 330 HIERONYMI
2145 264 2431 323 OPERUM
2471 260 2841 321 MANTISSA.

3803 251 3904 312 108

597 403 677 457 iit.
711 397 814 465 Qui
845 408 965 450 cum
1016 392 1281 462 integram
1312 387 1510 447 habeat
1548 390 1599 444 in
1632 392 1903 458 potestate
1932 382 2183 447 salutem,
2216 381 2267 441 Α
2294 385 2399 442 tur,
2431 380 2572 432 sicut
2610 376 2869 446 scriptum
2900 381 2986 431 est
3019 390 3033 428 :
3068 371 3206 439 Quia
3236 378 3289 428 tu
3325 368 3599 427 scientiam
3630 370 3904 442 repulisti,

601 494 778 551 media
822 489 953 545 velit
991 502 1112 543 esse
1153 496 1437 541 contentus
1469 503 1479 537 :
1511 493 1564 539 et
1590 489 1777 538 contra
1808 478 1925 547 jura
1960 486 2186 539 naturre,

602 597 752 659 putet
782 584 899 639 solo
927 595 1157 650 Corpore
1187 595 1246 635 se
1276 580 1564 643 salvatum,
1597 591 1719 631 cum
1756 570 2065 642 possibilius
2096 569 2185 635 sit,

603 691 727 735 ante
755 673 1171 732 resurrectionis
1201 681 1412 741 tempus
1437 671 1675 726 animam
1704 669 1824 722 sine
1850 677 2078 732 corpore
2106 660 2154 713 vi
2172 690 2187 699 -

600 787 747 837 vere,
780 784 939 841 quam
968 782 1167 838 corpus
1194 767 1311 821 sine
1338 767 1513 819 anima
1544 774 1712 837 stare.
1742 759 1800 815 Si
1830 758 1949 827 quis
1968 754 2189 809 duobus

598 866 792 929 oculis,
813 862 1132 930 duobusque
1154 859 1357 913 laboret
1380 856 1626 927 pedibus,
1647 863 1701 909 et
1723 853 2000 919 utriusque
2023 862 2192 901 mem-

597 957 680 1012 bri
712 954 906 1009 habeat
936 953 987 1005 in
1018 938 1285 1021 potesthte
1334 946 1683 1010 medicinam,
1716 952 1773 998 et
1801 956 1906 996 uno
1936 938 2073 1009 pede
2105 934 2191 989 vel

595 1049 753 1105 oculo
793 1062 903 1100 uno
944 1053 1165 1110 sanato,
1217 1041 1286 1095 ab
1320 1040 1545 1095 alterius
1582 1052 1711 1092 cura
1750 1034 1882 1090 velit
1921 1029 2190 1087 medicum

598 1141 887 1214 prohibere
910 1182 924 1206 ,
954 1154 1133 1193 nonne
1163 1150 1374 1191 vesana:
1406 1132 1630 1197 mentis,
1660 1138 1715 1185 et
1744 1125 1937 1183 medici
1966 1121 2191 1193 judicio,

601 1212 655 1292 et
680 1234 921 1289 omnium
963 1231 1240 1285 hominum
1270 1227 1375 1282 erit
1408 1223 1677 1280 sententia
1706 1212 2194 1276 condemnandus?

597 1330 703 1388 Sed
728 1328 861 1384 dicit
890 1326 1111 1395 aliquis,
1137 1322 1182 1376 si
1207 1333 1377 1375 totum
1399 1334 1464 1374 ex
1494 1328 1681 1373 nostro
1704 1314 1894 1369 labore
1916 1318 2199 1379 eXSpecta-

596 1433 705 1490 tur,
746 1434 875 1491 ergo
910 1418 1081 1487 gratia
1123 1414 1254 1469 nihil
1286 1420 1524 1483 prmstat.
1554 1409 1693 1465 Nolo
1722 1407 2007 1480 quisquam
2040 1403 2196 1470 igno-

598 1513 788 1568 rantia:
818 1510 973 1565 titulo
1003 1506 1230 1578 gratiam
1261 1504 1356 1559 Dei
1386 1512 1590 1559 temere
1617 1499 1778 1554 faciat
1802 1498 2065 1565 ingratam
2091 1506 2105 1545 :
2132 1504 2199 1544 nc

600 1607 760 1660 tidem
786 1619 937 1657 suam
970 1610 1139 1654 vertat
1166 1598 1219 1653 in
1242 1596 1578 1660 scandalum,
1600 1602 1653 1649 et
1679 1592 1769 1646 liat
1800 1591 1849 1643 ei
1875 1599 2036 1642 causa
2059 1583 2199 1643 salu-

601 1700 692 1761 tis,
726 1695 977 1750 interitus
1002 1702 1057 1746 et
1084 1688 1407 1761 perditionis
1436 1685 1671 1741 occasio.
1694 1681 1864 1751 Cujus
1889 1677 1969 1735 rei
1994 1676 2131 1732 ratio
2152 1674 2196 1731 si

2291 470 2540 539 repellam
2572 478 2616 523 et
2641 485 2733 543 ego
2765 479 2813 522 te
2836 467 2985 541 (οδε.
3011 483 3084 536 ιν,
3112 464 3189 537 ti).
3211 465 3368 521 Nullo
3391 465 3559 535 igitur
3583 463 3752 517 modo
3783 478 3904 534 pas-

2293 560 2393 615 sim
2427 576 2524 615 nos
2550 571 2736 616 nostro
2758 559 2963 630 judicio
2990 556 3416 625 committamtts,
3441 571 3508 611 ne
3532 554 3697 610 nobis
3720 554 3901 610 excla-

2294 668 2402 715 met
2438 658 2603 714 Isaias
2635 676 2645 710 :
2688 656 2778 712 Va:
2807 655 3191 726 quiprudentes
3225 663 3345 709 sunt
3373 651 3513 722 apud
3547 650 3861 719 semetipsos
3882 693 3893 714 ,

2292 762 2339 805 et
2368 750 2423 803 in
2451 759 2725 819 conspectu
2750 765 2842 801 suo
2872 748 3022 819 periti
3053 745 3184 815 (lsa.
3215 763 3269 811 v,
3292 746 3406 812 2|).
3441 743 3595 798 llnde
3621 755 3675 798 et
3704 742 3899 796 Paulus

2294 844 2575 912 apostolus
2604 844 2681 895 ait
2716 859 2728 894 :
2760 840 2821 895 Si
2851 841 2966 911 quis
2996 839 3093 894 sibi
3120 840 3325 893 videtur
3354 838 3562 909 sapiens
3585 852 3695 890 esse
3724 836 3776 889 in
3805 834 3899 889 hoc

2294 934 2517 999 swculo,
2550 934 2735 987 stultus
2765 933 2878 1000 ﬁat,
2911 941 2965 985 ut
2995 932 3058 987 sit
3086 933 3296 1001 sapiens
3324 930 3366 1002 (ι
3395 931 3513 984 Cor.
3550 944 3629 997 ιιι,
3653 929 3748 996 68)
3774 944 3789 993 ;
3821 943 3900 981 sa—

2295 1028 2495 1098 pientia
2527 1028 2670 1080 enim
2704 1026 2865 1093 hujus
2908 1025 3094 1079 mundi
3126 1025 3353 1079 stultitia
3389 1036 3475 1079 est
3510 1023 3656 1092 apud
3702 1021 3896 1077 Deum.

2298 1120 2530 1190 Propter
2556 1118 2698 1189 quod
2730 1119 2793 1171 ad
2820 1133 2996 1188 regem
3019 1118 3147 1189 Tyri
3171 1118 3388 1185 dicitur,
3420 1115 3653 1170 humana
3684 1113 3900 1186 sapien-

2301 1213 2373 1269 tia
2419 1210 2768 1282 gloriantem,
2816 1210 3088 1281 Sapientes
3131 1212 3265 1264 enim
3305 1226 3408 1262 non
3440 1208 3673 1263 erudient
3713 1214 3763 1259 te
3800 1223 3820 1259 :
3853 1207 3898 1261 id

2300 1315 2404 1372 est,
2451 1305 2709 1361 doctrinae
2746 1305 3014 1371 cmlestes,
3060 1314 3113 1359 et
3149 1304 3412 1374 sapientia
3457 1302 3571 1358 Dei.
3605 1303 3697 1357 Est
3732 1310 3791 1356 et
3819 1316 3898 1355 sa-

2302 1399 2501 1469 pientia
2533 1398 2837 1464 hominum,
2873 1413 2977 1451 non
3009 1412 3267 1469 negamus
3305 1416 3315 1449 :
3347 1398 3441 1453 sed
3478 1411 3575 1450 una
3604 1396 3804 1449 suadet
3842 1397 3900 1451 ad

2303 1493 2489 1558 vitam,
2529 1490 2630 1545 alia
2667 1490 2905 1560 impellit
2935 1490 3001 1551 ad
3045 1501 3275 1546 mortem
3307 1508 3320 1543 :
3352 1490 3474 1560 quia
3504 1488 3778 1558 sapientia
3807 1488 3901 1543 hu-

2304 1602 2464 1643 mana
2486 1601 2607 1656 quae
2628 1586 2853 1642 stultitia
2881 1585 3313 1655 reprehenditur,
3338 1585 3481 1640 etab
3502 1582 3769 1655 Apostolo
3790 1582 3903 1653 Spi-

2305 1680 2411 1733 ritu
2442 1688 2631 1733 sancto
2662 1678 2941 1748 delinitur,
2966 1678 3131 1747 janna
3152 1678 3364 1739 mortis,
3389 1686 3441 1729 et
3464 1674 3688 1729 materia
3714 1684 3838 1729 {l‘lCl
3856 1674 3897 1727 nl

598 1805 721 1845 cum
751 1785 1125 1841 moderatione
1155 1788 1451 1851 quaeratur,
1482 1786 1593 1832 tum
1624 1775 1844 1831 demum
1866 1768 2110 1840 proﬁciet
2133 1766 2197 1820 ad

2315 1774 2555 1829 interitus
2578 1774 2927 1843 approbatur.
2949 1774 3097 1828 Sicut
3117 1773 3376 1842 scriptum
3401 1781 3484 1826 est
3506 1772 3556 1826 in
3583 1771 3893 1840 PrOpbeta:

599 1881 787 1945 vitam,
833 1890 953 1946 qua:
992 1888 1090 1944 per
1128 1869 1608 1943 praisumptionem
1643 1866 1783 1919 forte
1812 1859 2201 1931 praecipitasset

600 1975 667 2030 ad
701 1980 952 2027 mortem.
985 1968 1091 2023 Sed
1123 1964 1298 2037 gratia
1323 1964 1543 2034 quidem
1575 1959 1741 2031 gratis
1773 1965 1991 2027 peccata
2020 1952 2202 2008 dimit-

601 2070 688 2131 tit,
731 2063 824 2119 scd
867 2076 987 2116 cum
1020 2074 1291 2115 consensu
1338 2066 1391 2110 et
1421 2056 1698 2109 voluntate
1725 2049 2016 2105 credentis.
2050 2046 2201 2101 Sicut

601 2159 881 2227 Philippus
921 2152 1171 2207 eunucho
1222 2151 1273 2203 in
1318 2148 1549 2204 Actibus
1590 2143 1961 2214 apostolorum
2008 2138 2203 2208 probat

598 2252 786 2305 dicens
818 2266 831 2300 :
863 2247 922 2301 Si
951 2246 1118 2299 credis
1147 2260 1207 2297 ea:
1236 2252 1338 2295 toto
1365 2240 1541 2304 corde,
1570 2240 1683 2291 licet
1716 2245 1761 2289 te
1784 2231 2061 2304 baptizari.
2085 2230 2202 2294 Quo

601 2342 914 2397 tes.imonio
944 2335 1290 2406 intelligitur,
1320 2349 1425 2386 non
1455 2332 1633 2384 minus
1666 2327 1962 2397 periculum
1988 2336 2131 2385 esse,
2158 2321 2201 2375 si

599 2434 905 2505 baptizetnr
937 2428 1275 2491 incredulus,
1300 2439 1462 2494 quam
1495 2421 1541 2476 si
1570 2435 1698 2474 vere
1726 2416 1971 2472 credenti
2001 2416 2202 2483 baptis-

600 2542 748 2582 mum
783 2526 1104 2591 denegetur.
1137 2516 1379 2572 Credens
1408 2526 1589 2567 autem
1633 2510 1727 2565 ille
1758 2518 1842 2563 est
1867 2509 2017 2575 juxta
2048 2505 2200 2562 Scri-

602 2632 809 2690 pturas,
852 2616 943 2684 qui
980 2631 1044 2667 ex
1083 2621 1199 2665 toto
1238 2608 1404 2664 corde
1446 2605 1763 2661 crediderit.
1807 2604 1875 2657 Et
1912 2602 1957 2656 si
1998 2616 2063 2655 ex
2094 2609 2203 2654 tota

602 2708 786 2763 cordis
816 2721 942 2760 arce
970 2701 1305 2759 credendum
1332 2708 1437 2764 est,
1464 2711 1520 2753 ut
1548 2714 1614 2754 ex
1644 2694 1988 2753 credulitatis
2010 2694 2204 2748 merito

604 2801 933 2870 baptismmn
978 2796 1105 2851 ﬁdei
1144 2795 1321 2861 detur,
1352 2810 1492 2864 aqua
1526 2809 1633 2848 non
1662 2790 1864 2847 sufﬁcit
1903 2787 2202 2861 baptiznto,

607 2907 730 2962 quze
760 2890 1034 2945 credentis
1064 2888 1302 2943 animum
1344 2887 1395 2940 in
1426 2885 1590 2942 corde
1617 2900 1723 2939 non
1769 2883 2003 2951 attingit.
2041 2881 2109 2935 Et
2140 2896 2205 2937 ne

612 2984 958 3057 periclitetur
988 2981 1238 3037 meritum
1267 2979 1470 3043 cordis,
1499 2978 1722 3034 verbum
1753 2992 1858 3047 quo
1885 2974 2123 3044 contingi
2152 2984 2205 3029 et

609 3077 861 3135 mundari
898 3092 993 3131 cor
1030 3074 1222 3143 possit,
1269 3072 1499 3141 accipiat
1539 3079 1773 3140 oportet.
1814 3068 1949 3136 Quia
1992 3069 2035 3121 si
2067 3080 2205 3135 aqua

2304 1866 2478 1920 Simul
2502 1866 2747 1936 insipiens
2775 1874 2822 1919 et
2850 1866 3039 1920 stultus
3057 1862 3477 1936 peribunt(Psal.
3508 1878 3657 1930 ηιξ,
3682 1861 3796 1931 Η).
3826 1862 3896 1916 ln—

2304 1956 2509 2026 sipiens
2532 1957 2623 2025 qui
2653 1956 2795 2010 dixit
2821 1956 2872 2009 in
2895 1957 3061 2010 corde
3084 1971 3183 2010 suo
3205 1972 3218 2009 :
3247 1956 3364 2010 Non
3384 1964 3465 2009 est
3486 1955 3659 2019 Deus;
3694 1964 3752 2010 et
3774 1955 3896 2009 stuic

2308 2058 2394 2104 tus
2426 2052 2672 2119 quamvis
2714 2048 2879 2103 Demn
2910 2064 3006 2104 ore
3036 2052 3263 2103 fateatur
3293 2048 3345 2102 in
3373 2049 3594 2102 actione
3622 2050 3895 2119 prtesentis

2303 2144 2452 2208 vitar,
2500 2140 2552 2196 in
2594 2150 2913 2211 perpetuum
2957 2158 3064 2197 non
3104 2142 3413 2212 prOSpexit,
3456 2140 3596 2197 sicut
3640 2142 3894 2212 scriptum

2303 2246 2386 2288 est
2412 2251 2426 2287 :
2456 2233 2645 2287 Melior
2674 2243 2749 2287 est
2780 2251 2906 2303 puer
2937 2251 3136 2303 pauper
3158 2244 3205 2286 et
3231 2236 3458 2305 sapiens,
3482 2251 3635 2304 quam
3660 2252 3757 2289 rex
3782 2236 3895 2289 stul-

2303 2333 2387 2379 tus
2428 2336 2473 2379 et
2504 2341 2682 2391 senex,
2723 2326 2811 2396 qui
2852 2327 3011 2379 nescit
3053 2326 3104 2379 in
3147 2336 3406 2396 posterum
3436 2326 3709 2397 providere
3738 2325 3896 2398 (Eccl.

2303 2434 2382 2479 tv.
2423 2416 2533 2489 15).
2582 2418 2790 2472 Bonum
2820 2428 2903 2473 est
2942 2418 3159 2489 quidem
3195 2419 3398 2473 homini
3429 2433 3644 2489 sapere,
3681 2419 3728 2474 si
3759 2420 3894 2488 juxta

2306 2511 2615 2579 Scripturas
2645 2511 2713 2566 ad
2745 2512 2845 2566 hoc
2868 2513 3065 2581 sapiat,
3094 2521 3151 2567 ut
3180 2513 3577 2583 providentiam
3606 2514 3811 2569 habeat
3837 2517 3897 2568 lu-

2305 2612 2547 2657 turorum
2584 2621 2596 2655 :
2630 2603 2977 2658 mortalitatis
3019 2613 3241 2672 statum,
3273 2619 3372 2676 per
3400 2605 3642 2677 quotidie
3676 2609 3900 2660 morien-

2307 2696 2439 2749 tium
2470 2694 2750 2750 hominum
2788 2698 2989 2763 exitus,
3020 2705 3076 2752 et
3107 2701 3269 2753 totius
3300 2699 3481 2753 stt-culi
3526 2698 3789 2769 paulatim
3822 2714 3901 2770 per

2305 2786 2637 2853 detrimenta
2682 2788 2913 2844 labentis
2958 2789 3166 2843 ruinam
3213 2788 3592 2845 considerans.
3636 2789 3897 2845 Czeterum

2307 2880 2351 2934 si
2379 2879 2501 2950 quis
2531 2889 2800 2949 usurpata:
2830 2879 2999 2935 semel
3045 2881 3359 2935 intentionis
3398 2881 3627 2935 ducatur
3670 2883 3898 2937 intuitu:

2308 2982 2363 3026 et
2393 2989 2486 3026 sua
2518 2988 2575 3028 se
2608 2975 2797 3043 magis,
2829 2988 2987 3046 quam
3020 2973 3117 3029 Dei
3143 2973 3269 3028 velit
3290 2974 3578 3044 gubernari
3622 2976 3899 3039 sententia,

2309 3067 2596 3138 divinaque
2626 3068 2749 3138 lege
2779 3070 3077 3137 postposita
3100 3113 3113 3137 ,
3144 3071 3365 3138 propria
3401 3069 3626 3123 consilia
3661 3069 3756 3125 Dei
3790 3086 3903 3125 cou-

607 3178 900 3227 eontentus
931 3170 1004 3222 sit
1030 3168 1144 3232 ille,
1179 3167 1271 3236 qui
1301 3162 1604 3229 credidisse
1631 3176 1690 3217 se
1716 3160 1870 3222 dicit,
1904 3173 2007 3240 qua
2041 3172 2209 3212 men;—

2316 3160 2450 3215 siliis
2482 3170 2800 3231 anteponat,
2830 3161 2965 3214 hanc
2998 3162 3276 3230 ρνυιιιιειευ
3305 3162 3590 3215 clamantis
3614 3164 3802 3215 timeat
3825 3176 3904 3215 vo-

615 3266 711 3320 bra
742 3263 1087 3318 extrinsecus
1114 3260 1415 3320 diluuntur,
1450 3266 1506 3311 et
1532 3254 1781 3320 verbum,
1811 3266 1917 3323 quo
1947 3250 2209 3321 gloriatur

608 3361 809 3421 anima,
855 3369 962 3409 non
1010 3351 1241 3422 requirit
1286 3367 1299 3402 :
1339 3349 1452 3419 jam
1483 3362 1593 3402 non
1622 3343 1895 3401 videbitur
1925 3357 1991 3396 es
2021 3340 2204 3407 corde,

611 3459 671 3504 ut
709 3447 919 3515 debuit,
962 3444 1058 3500 sed
1098 3460 1165 3498 ex
1208 3456 1442 3511 corpore
1469 3437 1793 3501 credidisse,
1825 3433 1968 3504 quod
2006 3447 2208 3503 nequa-

610 3558 771 3612 quam
803 3540 921 3595 lieri
952 3552 1111 3609 posse
1132 3538 1345 3591 ratione
1376 3534 1483 3589 ulla
1505 3531 1847 3596 conceditur,
1877 3529 2070 3585 utsine
2092 3542 2214 3582 sen-

616 3639 783 3695 tentia
823 3633 1021 3687 mentis
1058 3632 1259 3694 solum,
1296 3644 1498 3699 corpus
1530 3625 1861 3697 peculiarem
1908 3622 2216 3693 intelligen-

620 3727 746 3781 tiam
780 3726 977 3779 habere
1000 3722 1141 3793 judit
1156 3735 1299 3777 etur.

688 3814 778 3871 ιιι.
810 3814 965 3869 Unde
992 3812 1274 3868 conﬁdens
1300 3810 1367 3864 de
1396 3809 1681 3879 prudentia
1709 3819 1820 3876 tua,
1849 3822 1970 3876 qua:
2000 3821 2096 3876 pro
2123 3804 2218 3860 be-

622 3904 995 3978 nignitatesibi
1015 3904 1199 3969 insita,
1230 3910 1618 3973 praeposterum
1639 3898 1928 3972 quidquam
1956 3898 2093 3963 ﬁeri,
2121 3913 2219 3953 nec

622 4001 717 4057 alii
749 3998 956 4055 homini
989 3994 1269 4067 pateretur
1303 4015 1315 4048 :
1350 4010 1480 4066 rogo
1510 4006 1567 4051 ut
1602 3995 1667 4049 ad
1710 3992 2064 4050 institutionis
2100 3991 2218 4060 ple-

621 4094 949 4156 nitudinem,
980 4090 1206 4145 verbum
1238 4087 1477 4153 Domini,
1506 4089 1610 4143 hoc
1636 4094 1740 4154 est,
1772 4087 2123 4156 Evangelium
2143 4085 2221 4139 di—

626 4184 877 4257 ligentius
926 4184 1073 4253 legas
1118 4199 1131 4234 :
1175 4196 1238 4236 ex
1279 4196 1386 4251 quo
1426 4180 1709 4237 scientiam
1748 4180 2064 4249 ampliorem
2102 4177 2223 4246 ejus

623 4295 788 4350 quam
820 4275 1100 4333 credidisti
1134 4274 1269 4329 lucis
1298 4274 1563 4342 excipias,
1596 4282 1653 4327 ut
1684 4271 1859 4341 possis
1888 4271 1940 4325 in
1970 4270 2221 4325 onmibns

628 4386 794 4428 nosse
811 4369 940 4440 quid
968 4368 1209 4423 facturus
1232 4368 1328 4422 sis.
1354 4365 1487 4422 Nam
1516 4367 1636 4419 sine
1658 4365 1854 4419 divinae
1875 4363 2007 4432 legis
2034 4371 2087 4418 et
2112 4364 2223 4417 dis-

624 4464 840 4533 ciplina:
875 4460 1115 4516 caelestis
1159 4458 1424 4523 scientia,
1462 4456 1686 4511 difﬁcile
1725 4470 1849 4512 esse
1896 4470 2219 4526 quemquam

2311 3268 2427 3307 com
2463 3270 2475 3307 :
2511 3251 2604 3307 Va:
2627 3254 3027 3325 despicientibus
3047 3254 3206 3324 legem
3229 3252 3586 3324 Domini(Jer.
3614 3269 3803 3317 xxviii,
3830 3254 3901 3321 ﬁ);

2317 3346 2497 3412 timor,
2533 3346 2707 3411 fovea,
2739 3357 2792 3399 et
2824 3346 3046 3415 laqueus
3075 3362 3237 3416 super
3267 3362 3410 3401 eum.
3442 3346 3593 3401 Sicut
3618 3346 3803 3416 pluvia
3829 3363 3906 3399 va-

2318 3440 2423 3494 lida
2470 3440 2673 3494 inutilis
2714 3449 2798 3495 est
2827 3458 2840 3493 :
2873 3440 2943 3494 ita
2974 3442 3064 3511 qui
3110 3440 3419 3511 relinquunt
3460 3441 3659 3509 legem,
3698 3441 3907 3496 laudant

2318 3534 2629 3602 impietates
2671 3550 2687 3587 ε
2727 3533 2822 3603 qui
2862 3545 3039 3588 autem
3079 3533 3307 3605 diligunt
3346 3536 3543 3603 legem,
3575 3536 3906 3589 circumdant

2318 3625 2425 3679 sibi
2454 3641 2691 3680 murum.
2722 3624 2912 3681 Beatus
2940 3628 3016 3680 vir
3046 3630 3133 3698 qui
3161 3628 3217 3680 in
3248 3625 3358 3699 lege
3384 3625 3597 3680 Domini
3628 3628 3712 3681 die
3739 3641 3907 3682 noctu-

2318 3733 2417 3787 que
2447 3717 2724 3772 meditatur
2746 3716 2919 3787 (Psal.
2956 3734 2990 3783 ι,
3014 3718 3071 3790 Ξ)
3100 3736 3110 3770 :
3143 3717 3299 3785 cujus
3319 3718 3532 3773 animus
3552 3718 3698 3773 aliud
3720 3720 3903 3783 nescit,

2318 3824 2479 3879 quam
2511 3808 2780 3864 sermonis
2810 3810 2899 3864 Dei
2924 3811 3135 3879 eloquia
3161 3820 3478 3867 retractare.
3512 3811 3732 3879 Quanto
3753 3829 3783 3866 a
3812 3824 3909 3869 ter-

2321 3919 2450 3958 rena
2494 3903 2822 3973 cogitatione
2867 3904 3127 3958 remotior
3156 3914 3260 3968 est,
3285 3911 3434 3959 tanto
3466 3903 3578 3958 Deo
3606 3905 3842 3961 vicinior
3867 3914 3913 3959 et

2322 3998 2461 4052 t-mlo
2492 4008 2595 4052 est.
2628 3998 2798 4064 Quem
2830 4013 2937 4052 non
2970 3996 3245 4053 immerito
3273 3996 3488 4055 divinus
3516 4013 3702 4053 sermo
3727 4008 3783 4054 et
3810 4000 3910 4055 col-

2322 4089 2526 4154 laudat,
2567 4100 2620 4144 et
2658 4105 2787 4145 vere
2817 4090 3069 4145 ditiorem
3100 4090 3362 4146 divitibus
3404 4091 3650 4161 praafert,
3680 4092 3869 4149 dicens
3898 4108 3906 4143 :

2323 4180 2517 4236 Beatus
2551 4183 2702 4237 homo
2732 4183 2819 4253 qui
2850 4182 3042 4236 invenit
3075 4182 3407 4250 sapientiam.
3452 4181 3646 4238 Melius
3674 4193 3750 4239 est
3786 4185 3910 4239 enim

2324 4294 2438 4330 eam
2468 4277 2707 4341 mercari,
2742 4293 2898 4345 quam
2926 4276 3043 4329 auri
3072 4284 3118 4327 et
3146 4277 3349 4346 argenti
3386 4277 3657 4330 thesauros
3686 4291 3705 4330 :
3734 4277 3914 4346 pretio-

2324 4370 2430 4421 sior
2462 4378 2535 4421 est
2555 4367 2815 4435 lapidibus
2837 4366 3095 4437 pretiosis.
3120 4365 3253 4423 Item
3280 4384 3295 4421 :
3321 4366 3481 4421 Omne
3500 4384 3686 4422 aurum
3706 4370 3763 4423 in
3778 4384 3911 4425 cost-

2327 4460 2604 4532 paratione
2638 4459 2781 4513 illius
2821 4476 2980 4514 arena
3015 4470 3089 4514 est
3129 4462 3345 4532 exigua,
3387 4472 3433 4516 et
3456 4471 3722 4532 tamquam
3758 4464 3913 4518 lutum

628 4571 787 4627 pOSse
813 4554 1033 4620 salvari,
1070 4566 1174 4606 non
1215 4566 1386 4615 meus,
1420 4548 1519 4604 sed
1562 4548 1777 4603 divinus
1806 4564 1987 4603 sermo
2020 4550 2215 4618 proba-
2250 4558 2301 4616 D
2326 4553 2709 4609 existimabitur
2744 4564 3016 4625 argentum
3053 4556 3116 4609 ab
3158 4554 3253 4609 illa
3285 4554 3468 4626 (Prov.
3514 4572 3595 4621 Ill,
3639 4557 3708 4612 f5
3732 4558 3912 4628 seqq.)

628 4652 726 4707 bit.
758 4650 852 4705 Ait
882 4650 1046 4703 Isaias
1085 4645 1347 4716 propheta
1385 4660 1399 4697 :
1436 4642 1534 4709 Qui
1566 4659 1669 4696 non
1699 4643 1939 4697 didicerit
1960 4644 2221 4714 justitiam

631 4743 751 4808 Dei,
791 4742 1052 4796 veritatem
1092 4753 1195 4792 non
1224 4735 1376 4806 faciet
1405 4732 1541 4805 (Isa.
1576 4749 1720 4800 χχιιι,
1752 4734 1830 4805 9).
1865 4732 1995 4790 Item
2027 4736 2096 4792 de
2122 4735 2225 4792 hoc

633 4836 753 4904 ipso
789 4836 840 4887 in
885 4834 1025 4887 libro
1062 4827 1364 4898 Sapientiae
1409 4844 1420 4879 :
1464 4825 1530 4879 Et
1571 4827 1684 4896 quis
1721 4829 1813 4881 erit
1845 4841 2225 4883 consummatus

634 4931 766 4981 inter
795 4927 930 4994 filios
957 4924 1259 4981 hominum?
1288 4922 1332 4974 si
1358 4920 1584 4989 abfuerit
1610 4920 1671 4974 ab
1700 4919 1795 4973 illo
1823 4922 2075 4993 sapientia
2105 4922 2225 4991 Dei,

635 5021 689 5073 in
712 5020 931 5072 nihilum
954 5014 1352 5087 computabitur.
1394 5012 1524 5068 ναιιὶ
1554 5022 1667 5068 sunt
1697 5015 1832 5068 enim
1861 5030 2034 5069 omnes
2061 5015 2227 5070 homi-

636 5128 747 5174 nes,
785 5111 972 5180 quibus
1009 5126 1113 5163 nou
1151 5118 1224 5164 est
1263 5107 1474 5163 scientia
1505 5108 1629 5175 legis
1659 5106 1757 5161 Dei
1787 5107 1945 5178 (Sap.
1982 5124 2078 5173 vtt,
2110 5107 2220 5177 19).

644 5201 796 5259 Unde
838 5201 1098 5257 Dominus
1129 5201 1185 5255 in
1223 5200 1516 5271 Evangelio
1542 5200 1611 5255 ad
1638 5214 1734 5256 eos
1760 5200 1852 5270 qui
1881 5202 2039 5255 aliter
2064 5214 2222 5269 quam

636 5312 701 5355 se
729 5296 934 5353 veritas
960 5293 1172 5362 habeat,
1203 5294 1542 5365 suspicantes
1569 5301 1743 5358 erant,
1769 5292 2051 5362 respondit
2076 5311 2087 5344 :
2126 5292 2227 5347 Er-

634 5390 764 5444 ratis
791 5388 1067 5444 nescientes
1092 5386 1388 5458 Scripturas
1410 5386 1589 5458 (Matt.
1619 5401 1749 5455 χιιι,
1775 5385 1873 5453 29)
1902 5404 1913 5437 :
1938 5385 2229 5442 ostendens

635 5484 690 5539 in
721 5498 930 5539 summa
958 5496 1139 5537 rerum
1177 5480 1494 5537 salutarium
1524 5480 1718 5536 nebula
1749 5488 1804 5533 et
1834 5478 2073 5532 tenebris
2102 5493 2231 5533 con-

630 5578 855 5634 stitutos
884 5591 998 5641 eos,
1024 5576 1116 5646 qui
1144 5575 1478 5646 spiritualem
1506 5574 1807 5639 lucernam,
1832 5572 1885 5627 id
1909 5582 2012 5638 est,
2036 5572 2230 5626 divina:

633 5670 771 5741 legis
796 5672 1079 5727 scientiam
1114 5669 1314 5725 habere
1341 5668 1549 5723 nollent
1579 5682 1886 5724 accensam.
1911 5666 2083 5734 Quam
2114 5668 2231 5735 qui—

633 5761 756 5821 dam
783 5763 1133 5835 repellentes,
1160 5776 1254 5834 per
1284 5760 1611 5832 Prophetam
1641 5777 1671 5818 a
1701 5759 1935 5819 Domino
1962 5759 2236 5833 repellun-

2401 4646 2487 4702 lV.
2518 4646 2625 4701 Sed
2656 4646 2782 4700 dum
2816 4647 2867 4701 in
2896 4646 3270 4703 exhortatione
3291 4647 3574 4717 sapientiae
3594 4648 3801 4704 diutius
3825 4652 3913 4703 int-

2330 4756 2605 4795 morantur
2637 4759 2647 4792 :
2684 4758 2751 4795 ne
2781 4742 2868 4807 qui
2903 4739 3038 4794 forte
3063 4741 3337 4796 existimet
3360 4756 3460 4797 nos
3480 4752 3671 4797 contra
3696 4748 3917 4813 Aposto-

2330 4833 2462 4897 lum,
2491 4832 2771 4888 doctorem
2800 4832 2932 4902 legis
2962 4832 3219 4903 prmi’erre
3245 4833 3457 4898 factori.
3490 4850 3591 4892 suo
3619 4835 3819 4892 ordine
3849 4851 3917 4891 te-

2330 4923 2743 4992 spondebimus,
2780 4932 3033 4993 oportere
3065 4924 3215 4993 prius
3248 4940 3407 4982 nosse
3438 4927 3566 4997 quid
3593 4928 3806 4996 jussum
3836 4930 3914 4993 sit,

2331 5017 2525 5085 quidve
2571 5016 2913 5086 prohibitum,
2950 5026 3007 5071 ut
3032 5018 3270 5073 scientes
3298 5028 3591 5089 utrumque
3617 5035 3912 5077 servemus.

2331 5110 2582 5180 Alioquin
2605 5120 2729 5166 ante
2751 5112 3032 5167 scientiam
3056 5113 3293 5168 mandati
3316 5114 3653 5185 impossibile
3674 5129 3759 5173 est
3771 5132 3918 5173 nosse

2334 5202 2461 5273 quid
2494 5203 2600 5258 ﬁat.
2638 5204 3008 5259 Temerarium
3040 5206 3170 5260 satis
3197 5216 3302 5272 est,
3329 5208 3377 5262 si
3409 5218 3610 5264 nostra:
3636 5212 3918 5266 voluntatis

2335 5296 2507 5369 legem
2531 5296 2686 5352 nobis
2703 5306 2956 5367 putemus
2979 5313 3136 5368 posse
3157 5298 3433 5361 sufﬁcere.
3453 5317 3574 5357 cum
3598 5304 3771 5360 etiam
3790 5306 3921 5373 Apo-

2334 5390 2533 5444 stolum
2558 5392 2799 5459 legamus
2823 5391 2989 5447 fuisse
3014 5396 3113 5449 sub
3138 5396 3275 5465 lege,
3296 5396 3413 5466 ipso
3437 5398 3691 5454 dicente:
3716 5401 3824 5455 His
3843 5399 3919 5470 qui

2337 5485 2445 5539 sine
2487 5483 2597 5553 lege
2629 5495 2797 5552 erant,
2837 5490 2983 5556 quasi
3016 5490 3125 5543 sine
3160 5488 3271 5559 lege
3311 5508 3491 5559 essem,
3524 5510 3644 5546 cum
3680 5495 3794 5549 sine
3824 5494 3921 5563 lege

2336 5573 2434 5627 Dei
2456 5592 2555 5628 non
2602 5593 2784 5642 essem,
2823 5579 2913 5632 sed
2936 5582 2987 5634 in
3016 5580 3124 5653 lege
3144 5580 3333 5637 Christi
3354 5586 3574 5656 essem(l
3596 5587 3715 5642 Cor.
3750 5605 3827 5653 Ix,
3851 5588 3918 5653 εὶ).

2338 5666 2405 5720 Ει
2438 5666 2564 5721 alibi
2598 5685 2612 5721 :
2643 5666 2866 5727 Invicem
2897 5689 3055 5727 onera
3082 5685 3251 5728 vestra
3288 5684 3495 5744 portate
3515 5718 3531 5744 ,
3561 5688 3607 5733 et
3636 5682 3713 5734 sic
3743 5682 3921 5753 imple-

2337 5760 2453 5816 bitis
2493 5763 2658 5836 legem
2692 5762 2882 5822 Christi
2911 5764 3053 5837 (Gal.
3091 5783 3166 5837 vr,
3207 5766 3286 5844 2).
3316 5769 3419 5841 Qui
3462 5778 3691 5845 paterna
3728 5774 3923 5848 pietate
