3998 6198
156 246 261 304 109

1015 249 1352 310 EPISTOLA
1388 248 1504 307 VII.
1545 247 1638 305 AD
1674 246 1938 306 AMICUM
1960 289 1975 318 ,
2015 247 2104 305 DE
2144 246 2378 307 DIVINA
2414 250 2619 311 LEGE.

3346 259 3449 317 H0

153 364 352 423 Christi
392 367 649 440 passione
684 367 948 439 redempti
996 379 1141 436 sunt,
1188 379 1242 425 et
1282 368 1374 440 qui
1416 367 1481 422 ad
1528 366 1630 421 hoc
1658 381 1744 421 re—
1769 366 1818 428 Δ
1845 364 1956 419 lum
1989 364 2274 422 imminere
2321 377 2594 439 putemus,
2635 368 3046 429 reminiscamur
3086 373 3352 431 Ananiam
3395 388 3451 434 et

153 459 355 530 dempti
386 471 531 528 sunt,
562 472 621 517 ut
642 463 1005 535 redemptoris
1031 464 1151 535 jura
1178 472 1461 519 servantes
1487 460 1553 514 ad
1584 460 1746 513 vitam

153 568 213 608 se
245 555 300 608 in
331 556 468 611 coelo
496 556 789 626 repositam
820 568 1130 630 praeparent
1156 575 1170 612 :
1196 557 1265 613 ad
1297 572 1456 628 quam
1485 553 1750 624 redempti

151 644 275 700 licet
304 648 451 701 nullo
480 648 643 703 modo
673 651 957 721 pervenire
990 652 1267 712 dicantur,
1292 650 1401 705 nisi
1426 663 1489 703 ea
1520 662 1641 719 quae
1666 645 1755 715 ju-

150 734 346 792 bentur
388 739 636 811 obsequii
686 744 1126 812 competentibus
1169 749 1570 813 exsequantur,
1614 738 1757 793 sicut

149 829 410 898 scriptum
450 842 535 886 est
565 848 580 887 :
608 831 671 888 Si
708 833 786 886 ris
808 834 875 887 ad
897 835 1055 888 vitam
1080 833 1301 905 ingredi,
1336 848 1480 887 serva
1505 838 1758 903 praecepta

150 917 368 987 (Matth.
413 936 529 986 ιιι,
563 920 677 994 i9),
707 922 813 977 hoc
848 933 953 990 est,
987 924 1055 978 ab
1085 925 1233 978 omni
1272 923 1461 978 illicito
1490 937 1598 993 quo
1628 937 1756 991 pro-

145 1010 376 1078 hiberis,
420 1013 668 1081 recedas,
708 1022 765 1072 et
804 1015 871 1070 ad
899 1031 1063 1072 omne
1104 1017 1302 1071 bonum
1348 1014 1490 1085 quod
1524 1013 1755 1083 iuberis.

140 1116 437 1175 promptus
474 1107 706 1163 accedas
745 1125 759 1164 :
811 1124 880 1167 ne
921 1109 975 1164 in
1018 1109 1261 1179 priStinis
1294 1106 1601 1162 vitiositatis
1624 1122 1756 1162 con-

144 1196 512 1267 cupiscentiis
540 1212 917 1269 perseverans,
952 1198 1111 1253 ﬁdem
1141 1215 1247 1269 qua
1273 1196 1569 1263 credidisti,
1600 1205 1748 1253 vete-

137 1290 217 1341 ris
253 1290 464 1356 peccati
492 1288 720 1363 alicujus
744 1289 923 1344 adhuc
942 1304 1128 1344 amore
1150 1304 1493 1359 corrumpas,
1519 1298 1572 1344 et
1600 1289 1751 1359 agni-

144 1382 220 1434 tio
259 1379 381 1443 Dei,
421 1394 543 1451 qua:
588 1396 687 1450 per
724 1396 920 1436 novam
961 1382 1196 1452 gratiam
1236 1381 1475 1438 revelata
1516 1390 1621 1449 est,
1652 1396 1750 1451 per

140 1475 346 1529 delicta
396 1474 652 1540 violetur,
699 1476 920 1535 dicente
967 1479 1283 1548 PrOpheta:
1331 1478 1662 1535 Mendacium
1700 1491 1749 1535 et

142 1586 247 1625 non
277 1570 407 1637 fides
426 1570 695 1641 prcevaluit
720 1588 877 1641 super
902 1581 1091 1628 terram
1112 1588 1129 1625 .'
1151 1576 1277 1644 quia
1298 1590 1329 1627 a
1350 1574 1499 1630 malis
1520 1576 1587 1627 ad
1610 1574 1748 1629 mala

141 1664 484 1728 transierunt,
521 1673 570 1720 et
617 1681 695 1721 me
734 1683 839 1721 non
879 1676 1245 1738 cognouerunt,
1291 1668 1415 1722 dicit
1461 1666 1741 1722 Dominus.

1850 456 2175 526 Sapliiram,
2206 474 2311 513 non
2344 460 2411 516 de
2450 462 2624 517 aliena
2664 464 2902 534 appetita
2939 467 3201 538 pecunia,
3240 469 3336 525 sed
3375 470 3445 527 de

1852 563 1948 603 sua
1992 550 2177 605 timide
2214 560 2433 622 erogam
2466 554 2749 611 damnatos
2777 555 2913 628 (Act.
2948 573 2999 622 v,
3034 557 3110 632 5).
3147 559 3298 631 Rogo
3325 573 3449 633 post

1855 649 1936 695 tot
1964 640 2316 710 documenta,
2350 654 2404 699 et
2442 654 2521 701 tot
2544 657 2767 713 mortes,
2799 649 2944 705 unde
2973 650 3025 704 in
3070 652 3222 709 nobis
3249 655 3446 710 crescit

1857 732 2149 805 impunitas
2177 736 2560 806 delinquendi?
2588 741 2719 807 Quis
2750 741 2840 798 hic
2865 747 3311 815 praesumptionis
3340 749 3448 818 spi-

1857 827 2019 895 ritus,
2040 830 2129 898 qui
2154 837 2356 885 tantam
2380 832 2433 885 in
2456 832 2633 887 animo
2660 843 2847 889 nostro
2868 845 3123 906 operatur
3144 838 3447 906 audaciam.

1858 927 1918 974 ιιι
1951 935 2072 974 cum
2102 931 2319 977 sanctos
2350 924 2598 981 homines
2636 925 2704 982 de
2742 926 2951 983 levibus
2973 929 3138 989 etiam
3166 931 3341 1005 culpis
3373 934 3451 989 vi-

1856 1010 2084 1067 deamus
2112 1029 2233 1069 esse
2260 1016 2498 1084 punitos,
2528 1027 2583 1072 et
2613 1032 2715 1075 nos
2740 1019 2985 1093 quotidie
3007 1021 3061 1077 in
3083 1023 3381 1094 majoribus
3400 1035 3453 1091 et

1852 1102 2094 1172 pluribus
2121 1104 2525 1177 delinquentes,
2553 1117 2793 1167 internas
2818 1114 2871 1167 in
2900 1113 3078 1181 media
3100 1116 3454 1187 damnatione

1848 1191 1968 1261 fore
1994 1194 2299 1252 credamus.

1923 1284 1990 1341 γ.
2030 1286 2365 1360 Quamquam
2416 1291 2541 1352 leve
2592 1310 2887 1367 numquam
2927 1298 3018 1366 sit,
3067 1298 3239 1359 Deum
3289 1304 3454 1369 etiam

1849 1376 1903 1433 in
1945 1380 2136 1450 exigua
2171 1392 2549 1452 contemnere,
2597 1387 2689 1458 qui
2734 1404 2840 1443 non
2875 1399 3080 1449 tantum
3122 1394 3188 1449 ad
3220 1396 3461 1464 qualitas

1851 1482 1959 1528 tem
1986 1473 2196 1543 peccati
2217 1476 2464 1545 respicit,
2514 1478 2610 1534 sed
2654 1480 2719 1534 ad
2768 1495 3012 1552 persona:
3052 1494 3447 1556 contemptum.

1848 1564 2077 1639 Propter
2116 1568 2259 1639 quod
2305 1569 2509 1626 homini
2550 1588 2656 1628 non
2701 1575 2876 1630 solum
2922 1576 3312 1636 intendendum
3340 1590 3448 1648 est,

1848 1661 2007 1731 quale
2051 1663 2120 1717 sit
2164 1663 2306 1732 quod
2352 1664 2611 1735 jubetur,
2672 1669 2767 1724 sed
2818 1679 3052 1741 quantus
3099 1674 3173 1729 sit
3218 1674 3311 1731 ille
3357 1677 3449 1747 qui

144 1755 301 1811 Unde
323 1765 377 1811 et
399 1758 590 1813 beatus
630 1760 908 1828 apostolus
936 1758 1173 1815 Joannes
1206 1761 1353 1830 paria
1384 1770 1640 1827 testatur,
1670 1760 1753 1816 di-

1859 1753 2022 1824 iubet.
2066 1757 2385 1813 Escluditur
2425 1760 2529 1818 hoc
2570 1761 2691 1817 loco
2734 1763 2973 1835 vulgaris
3017 1767 3109 1822 illa
3154 1773 3450 1838 sententia.

144 1862 279 1903 cens
315 1864 330 1903 :
368 1848 471 1914 Qui
507 1850 629 1904 dicit
659 1867 714 1905 se
746 1867 895 1907 nosse
934 1850 1125 1917 Deum,
1158 1861 1205 1906 et
1244 1853 1491 1906 mandata
1515 1854 1625 1924 ejus
1649 1869 1751 1907 non

141 1947 389 2014 custodit,
413 1947 639 2002 mendae~
658 1956 753 2016 est,
769 1956 816 2003 et
838 1949 893 2001 in
913 1947 1013 2002 hoc
1027 1951 1211 2003 veritas
1231 1964 1331 2003 non
1354 1957 1427 2003 est
1450 1947 1664 2020 (Iloan.
1691 1964 1751 2017 ιι,

143 2037 224 2108 4).
250 2036 319 2095 Et
342 2040 538 2095 iterum
567 2058 579 2094 :
603 2038 783 2095 Omnis
799 2040 888 2111 qui
913 2048 1112 2110 peccat,
1140 2056 1241 2095 non
1267 2040 1401 2095 videt
1428 2038 1627 2107 Deum,
1660 2056 1756 2096 nec

145 2132 387 2204 cognouit
425 2147 542 2189 eum
568 2130 759 2205 (Ibid.,
804 2147 885 2198 ιιι,
906 2130 983 2204 6).
1015 2131 1083 2186 Et
1113 2141 1389 2202 peccatum
1421 2148 1528 2188 non
1556 2133 1610 2188 in
1643 2147 1755 2188 uno

144 2232 354 2276 tantum
381 2222 757 2279 mandatorum
782 2236 1003 2294 genere,
1030 2221 1127 2277 sed
1150 2222 1203 2277 in
1225 2233 1459 2293 utroque
1480 2222 1749 2279 consistit.

147 2313 341 2369 Peccat
368 2314 591 2385 quidem
623 2315 717 2372 ille
744 2315 833 2385 qui
866 2316 1128 2384 imperata
1161 2315 1486 2385 neglexerit,
1515 2315 1610 2371 sed
1633 2315 1756 2387 plus

145 2415 337 2476 peccat
375 2407 465 2477 qui
507 2405 799 2465 interdicta
844 2422 950 2463 non
992 2418 1196 2462 servat.
1237 2406 1516 2463 Sacrificia
1547 2422 1601 2465 et
1630 2418 1753 2462 vota

150 2500 594 2572 reprobabuntur
616 2501 976 2569 oblationum,
1001 2503 1103 2557 nisi
1127 2516 1292 2573 purus
1314 2513 1367 2558 et
1393 2511 1613 2558 sanctus
1634 2501 1752 2559 fue-

145 2593 217 2649 rit
240 2593 459 2649 animus
506 2593 784 2651 offerentis
817 2613 829 2648 :
864 2604 922 2653 et
960 2594 1357 2655 immaculatam
1414 2594 1644 2652 hostiam
1676 2596 1755 2653 fa-

146 2687 301 2740 ciunt
324 2687 598 2756 indignam
622 2686 924 2756 praecordia
948 2686 1232 2752 maculata,
1249 2687 1463 2742 dicente
1484 2686 1752 2744 Domino:

147 2778 211 2832 Si
241 2777 401 2847 oﬁers
422 2795 613 2835 munus
637 2791 782 2835 tuum
802 2779 873 2833 ad
898 2780 1090 2846 altare,
1113 2788 1161 2835 et
1184 2780 1296 2833 illic
1317 2778 1616 2833 recordatus
1642 2779 1755 2848 fue-

146 2872 223 2927 ris
248 2873 374 2943 quia
399 2872 565 2942 frater
595 2882 713 2926 tuus
738 2871 890 2925 habet
920 2871 1121 2941 aliquid
1150 2870 1399 2926 adversus
1426 2879 1495 2939 te,
1525 2869 1757 2941 relinque

150 2964 259 3020 illic
281 2982 474 3020 munus
496 2977 661 3029 tuum,
686 2971 793 3019 etc.
826 2962 1041 3033 (Matth.
1066 2978 1119 3029 ν,
1148 2961 1265 3034 24).
1294 2962 1453 3020 Omni
1482 2961 1755 3018 oblatione

148 3067 203 3111 et
232 3056 411 3113 hostia
453 3056 744 3127 pretiosior
772 3056 1201 3125 obtemperantia
1234 3054 1634 3122 mandatorum,
1670 3055 1756 3109 dio

148 3157 311 3206 cente
338 3149 646 3220 Propheta:
678 3149 810 3202 Ecce
829 3148 967 3213 dico,
993 3147 1280 3201 obedientia
1302 3148 1486 3203 melior
1505 3157 1582 3202 est
1603 3164 1755 3219 quam

146 3242 378 3303 victima,
404 3253 449 3295 et
482 3240 771 3306 obauditio,
794 3256 948 3304 quam
974 3239 1134 3305 adeps
1162 3240 1382 3295 arietum
1410 3240 1451 3309 (Ι
1485 3239 1634 3297 Sam.
1664 3254 1753 3306 xv,

147 3334 270 3406 ΕΞ).
301 3334 373 3388 Et
400 3333 525 3390 alibi
554 3350 569 3390 :
600 3331 822 3388 Initium
847 3333 990 3388 bona:
1016 3333 1111 3386 vice
1138 3334 1305 3404 facere
1322 3334 1495 3403 jussa,
1526 3348 1641 3404 quce
1663 3349 1756 3388 ac-

148 3436 301 3499 cepta
334 3436 453 3481 sunt
490 3427 630 3499 apud
669 3425 836 3480 Deum
876 3426 1041 3499 magis
1068 3442 1221 3496 quam
1263 3425 1533 3480 immolare
1560 3427 1757 3482 hostias

152 3518 336 3591 (Prov.
372 3533 485 3583 nt,
522 3519 600 3589 5).
633 3518 701 3573 Et
728 3518 855 3573 alibi
891 3535 904 3570 :
940 3518 1040 3583 Qui
1069 3527 1333 3574 conservat
1362 3518 1542 3591 legem,
1574 3520 1757 3576 multi-

151 3615 310 3686 plicat
337 3612 669 3669 oblationem.
699 3611 1038 3669 Sacrificium
1071 3612 1306 3666 salutare
1336 3620 1446 3680 est,
1472 3611 1755 3669 attendere

153 3708 450 3775 mandatis,
484 3720 539 3763 et
566 3706 852 3763 discedere
878 3706 945 3763 ab
972 3705 1123 3761 omni
1155 3705 1461 3776 iniquitate,
1492 3714 1546 3761 et
1573 3705 1754 3776 propi-

160 3803 442 3859 tiationem
474 3802 630 3858 litare
682 3802 930 3857 sacriﬁcii
954 3815 1117 3871 super
1141 3799 1426 3871 injustitia.
1452 3797 1569 3855 Non
1598 3798 1755 3855 nobis

153 3894 386 3951 blandiri
418 3894 684 3950 debemus
709 3894 764 3949 in
798 3892 953 3948 factis
973 3894 1273 3963 jussorum,
1294 3890 1340 3948 si
1371 3892 1424 3947 in
1457 3890 1754 3963 prohibito-

151 4002 275 4043 rum
304 3986 797 4058 transgressionem
825 4000 1133 4055 peccemus,
1158 4000 1280 4041 cum
1304 3984 1756 4056 transgressionis

152 4079 359 4135 crimen
389 4077 661 4135 benefacti
685 4077 936 4133 meritum
967 4078 1143 4132 tollat.
1175 4075 1327 4147 Quod
1360 4090 1468 4133 non
1496 4078 1601 4133 mei
1631 4091 1756 4133 sen-

152 4186 245 4227 sus
273 4170 531 4239 assertio,
559 4170 655 4227 sed
686 4169 968 4240 utriusque
998 4167 1316 4225 testamenti
1346 4168 1594 4239 exempla
1622 4182 1753 4241 pro-

150 4263 287 4319 bant
328 4281 344 4319 :
388 4265 478 4319 ubi
524 4264 837 4319 invenimus
880 4264 1041 4318 etiam
1089 4262 1183 4318 Dei
1232 4263 1438 4317 amicos
1484 4262 1555 4318 ob
1592 4260 1754 4318 unius

153 4365 497 4428 contemptus
523 4371 793 4426 errorem,
826 4356 1094 4416 bonorum
1129 4355 1542 4411 retrofactorum
1576 4355 1753 4410 muni-

156 4449 425 4505 ﬁcentiam
469 4450 793 4520 perdidisse.
837 4448 929 4505 Sic
974 4448 1144 4505 Adam
1181 4462 1305 4503 cum
1351 4447 1565 4505 diabolo
1596 4447 1752 4504 facile

1859 1862 1961 1915 qna
1996 1848 2153 1914 mihi,
2187 1864 2284 1906 suo
2310 1852 2513 1920 judicio
2562 1855 2824 1926 religiosi,
2855 1867 2910 1913 et
2938 1860 3029 1929 qui
3073 1861 3350 1933 sapientes
3380 1865 3455 1921 si-

1858 1936 2029 1993 bimet
2048 1939 2322 2007 videntur,
2352 1943 2533 1999 dicere
2557 1946 2739 2001 solent
2772 1948 3021 2007 :Sulficit
3050 1954 3226 2020 nobis,
3264 1966 3452 2019 utnon

1859 2027 2164 2084 criminalia
2204 2043 2423 2101 peccata
2464 2044 2519 2087 et
2564 2036 2772 2106 majora
2820 2038 3100 2108 faciamus,
3148 2043 3320 2101 facilis
3369 2057 3456 2105 est

1858 2122 2001 2177 enim
2025 2123 2248 2179 omissio
2269 2124 2536 2182 minorum
2566 2126 2916 2186 delictorum.
2944 2132 3045 2200 Qui
3077 2134 3203 2195 dum
3232 2137 3455 2195 animali

1857 2215 2122 2286 sapientia
2142 2228 2412 2287 occupant
2432 2219 2664 2287 animos,
2687 2223 3022 2292 spiritualem
3044 2225 3455 2299 intelligentiam

1857 2317 1914 2365 et
1952 2312 2401 2377 consuetudinem
2444 2312 2645 2368 divinae
2680 2314 2817 2385 legis
2844 2316 3097 2388 ignorant
3125 2337 3137 2372 :
3164 2335 3285 2393 qua:
3312 2336 3457 2393 saepe

1858 2411 2138 2471 peccatum
2195 2402 2454 2472 ostendit,
2499 2404 2644 2475 quod
2699 2406 2861 2462 nobis
2909 2424 3018 2464 non
3073 2410 3287 2469 videtur
3334 2426 3461 2473 esse

1856 2501 2139 2564 peccatum
2173 2513 2186 2549 :
2218 2503 2275 2552 et
2295 2510 2417 2565 quae
2444 2495 2554 2551 illic
2585 2497 2841 2566 pietatem
2867 2498 3018 2567 facit,
3066 2501 3157 2559 ubi
3191 2518 3289 2563 nos
3318 2520 3456 2576 opus

1856 2585 2150 2656 impietatis
2178 2587 2537 2644 ostendimus.
2569 2588 2701 2645 Saul
2727 2598 2781 2645 et
2809 2589 3072 2661 Josaphat
3124 2609 3283 2665 reges
3334 2598 3455 2653 lue-

1856 2685 1981 2733 runt
2008 2676 2404 2747 p0pulilsrael,
2436 2688 2491 2735 et
2536 2678 2665 2734 dum
2708 2680 3139 2740 misericordiam
3185 2684 3269 2741 bis
3315 2703 3454 2757 quos

1860 2767 2005 2824 Deus
2030 2767 2241 2835 oderat,
2291 2771 2682 2841 praestiterunt,
2728 2772 2823 2830 Dei
2872 2772 3134 2833 offensam
3176 2778 3230 2835 in
3281 2793 3452 2851 opere

1855 2862 2075 2933 pietatis
2102 2863 2405 2920 incurrunt.
2430 2864 2473 2919 Ε
2495 2866 2775 2922 contrario
2797 2865 3053 2941 Phinees,
3079 2870 3280 2943 filiique
3296 2873 3452 2943 Levi,

1856 2955 2084 3026 gratiam
2119 2956 2211 3011 Dei
2240 2958 2473 3012 humana
2504 2958 2652 3015 cede
2680 2967 2734 3015 et
2757 2973 2981 3018 suorum
3011 2965 3307 3034 parricidio
3336 2984 3452 3025 me.

1859 3059 2103 3105 ruerunt.
2153 3049 2314 3106 Vides
2351 3060 2606 3123 quantum
2647 3052 2716 3109 ab
2762 3053 3011 3112 humanis
3050 3060 3303 3116 sensibus
3356 3080 3455 3133 per

1784 3125 1829 3189 C
1860 3152 2097 3197 nostram
2122 3142 2447 3213 imperitiam
2477 3144 2750 3216 discrepat
2809 3148 2987 3204 divina
3034 3153 3303 3208 sententia
3323 3125 3370 3217 ,τ
3396 3168 3454 3211 ut

1859 3233 2015 3291 nobis
2041 3234 2311 3291 interdum
2356 3236 2598 3293 cmlestis
2624 3238 2825 3309 judicis
2849 3240 3316 3310 dispensationem
3350 3261 3448 3301 ne-

1857 3327 2190 3400 scientibus,
2245 3329 2444 3400 injusta
2493 3331 2817 3404 videantur,
2865 3350 2987 3406 quae
3040 3351 3138 3407 per
3162 3352 3452 3397 causarum

1855 3421 2139 3478 scientiam
2182 3422 2331 3494 juste
2358 3423 2491 3478 satis
2520 3434 2574 3479 et
2591 3435 2742 3481 recte
2766 3425 2907 3481 facta
2931 3427 3267 3499 probantur?
3310 3431 3455 3488 Rur-

1858 3529 1975 3569 sum
2007 3528 2068 3571 ea
2108 3530 2229 3585 qua:
2275 3524 2467 3571 nostro
2507 3514 2714 3586 judicio
2743 3516 2886 3573 bona
2944 3520 3263 3593 probantur,
3308 3526 3451 3597 apud

1857 3607 2027 3664 Deum
2051 3608 2371 3680 plerumque
2400 3609 2631 3679 reproba
2660 3621 2715 3666 et
2744 3611 2954 3687 ingrata
2994 3615 3265 3676 videntur.
3318 3618 3453 3689 Quis

1858 3698 2020 3758 hodie
2034 3700 2200 3771 patris
2213 3700 2448 3757 Abrahae
2468 3702 2741 3775 exemplo,
2768 3702 3047 3764 innoxium
3071 3710 3262 3767 volens
3281 3714 3450 3773 lilium

1856 3794 2150 3865 trucidare,
2204 3797 2440 3852 humano
2461 3795 2666 3867 judicio
2715 3813 2825 3856 non
2853 3801 3168 3859 crederetur
3188 3805 3454 3867 insanus?

1856 3889 1900 3945 E
1930 3898 2141 3959 contra,
2181 3888 2302 3959 quis
2342 3887 2397 3944 in
2423 3897 2569 3945 tactu
2607 3905 2751 3949 arcae
2794 3891 2991 3949 divina:
3021 3894 3263 3957 imitatus
3285 3903 3451 3960 Uzam

1855 3979 2136 4039 hominum
2175 3982 2445 4039 sententia
2493 3982 2885 4042 damnaretur?
2924 3986 3229 4063 Episcopus
3270 3994 3454 4065 Ephe-

1854 4074 2062 4131 siorum
2094 4074 2318 4145 angelus
2342 4074 2395 4129 in
2427 4075 2756 4147 Apocalypsi
2782 4087 3146 4150 nuncupatus,
3170 4082 3264 4155 qui
3285 4098 3451 4141 causa

1856 4165 2098 4221 nominis
2135 4162 2341 4221 Christi
2381 4164 2694 4237 passionum
2733 4167 3025 4224 multarum
3073 4172 3266 4228 merita
3310 4173 3452 4232 intra

1854 4258 2241 4315 conscientiam
2267 4257 2562 4329 retinebat,
2608 4258 2735 4330 quia
2776 4261 2830 4316 in
2876 4262 3005 4333 ipsis
3055 4266 3451 4336 passionibusa

1854 4352 2033 4425 primo
2062 4352 2487 4409 conversationis
2515 4351 2729 4409 fervore
2763 4362 3034 4424 tepuerat,
3065 4372 3190 4415 eum
3207 4358 3452 4417 calorem

1856 4444 2134 4514 paululum
2166 4452 2558 4515 temperasset,
2610 4446 2677 4501 ad
2708 4447 3083 4516 ptenitentiam
3140 4461 3450 4521 revocatur,

153 4541 382 4613 credidit
410 4541 719 4605 seducenti,
745 4550 865 4609 post
888 4536 1319 4595 familiaritatem
1341 4546 1397 4592 et
1417 4538 1746 4609 colloquium
1779 4523 1835 4587 D
1859 4536 2073 4593 dicente
2094 4536 2399 4608 Scriptura:
2419 4536 2560 4593 Novi
2580 4554 2741 4610 opera
2761 4548 2871 4606 tua,
2890 4550 2939 4596 et
2958 4542 3266 4613 patientiam
3288 4554 3452 4615 tuam,

156 4632 275 4698 Dei,
305 4634 467 4689 unius
494 4633 643 4704 pomi
675 4632 968 4702 cupiditate
993 4642 1305 4701 superatus,
1337 4629 1569 4700 perdidit
1598 4644 1754 4700 para-

161 4727 351 4796 disum,
396 4738 453 4783 et
492 4726 616 4799 quia
665 4742 761 4797 per
810 4724 1296 4797 transgressionem
1342 4737 1509 4777 unum
1555 4722 1759 4779 habere

160 4820 524 4892 praesumpsit,
563 4820 735 4876 multa
772 4819 930 4874 simul
972 4818 1112 4875 bona
1153 4817 1333 4872 amisit
1369 4814 1527 4890 (Gen.
1568 4816 1632 4890 ι).
1668 4817 1760 4873 Sic

160 4913 461 4985 uxorbLotlt
492 4920 623 4984 post
646 4913 961 4983 angelorum
993 4909 1275 4981 obsequia,
1303 4918 1494 4966 contra
1527 4907 1760 4965 interdi-

161 5014 301 5061 ctum
340 5014 495 5062 retro
537 5004 872 5075 respiciens,
914 5006 968 5058 in
1010 5003 1321 5072 ﬁgmentum
1363 5001 1493 5057 salis
1534 5012 1761 5071 repente

162 5106 357 5154 mutata
380 5108 470 5155 est
505 5096 699 5169 (Ibid.,
736 5096 997 5170 313926).
1034 5095 1127 5152 Sic
1153 5096 1397 5157 Sameias
1426 5093 1613 5149 eadem
1646 5093 1757 5161 die,

166 5206 262 5260 qua
295 5193 567 5248 mirabilia
600 5190 808 5247 fecerat
846 5192 1017 5262 gratia
1048 5188 1380 5260 prophetali,
1412 5203 1444 5243 a
1475 5188 1631 5244 leone
1659 5186 1760 5244 de-

161 5281 323 5350 jectus
344 5285 619 5341 occiditur
639 5282 684 5355 (Ι
708 5282 838 5355 Reg.
862 5283 1001 5355 xm).
1026 5282 1118 5338 Sic
1142 5281 1547 5341 infelicissimus
1570 5280 1756 5349 ludas,

169 5386 280 5442 post
298 5378 586 5439 electionis
613 5378 894 5443 meritum,
919 5387 1037 5447 post
1058 5376 1337 5443 signorum
1360 5372 1615 5444 gloriam,
1640 5381 1764 5443 post

163 5476 510 5542 apostolicam
553 5471 900 5543 dignitatem,
936 5471 1144 5541 exigam
1181 5470 1337 5539 stipis
1372 5483 1558 5525 amore
1601 5466 1765 5525 dece-

167 5570 298 5631 plus,
325 5567 409 5622 cui
440 5563 689 5621 tribunal
722 5562 1142 5632 promittebatur
1170 5562 1222 5617 in
1253 5561 1416 5627 C(BIO,
1448 5557 1645 5629 laqueo
1674 5573 1768 5615 ca-

168 5666 281 5727 ptus
316 5672 394 5723 est
434 5665 490 5719 in
540 5670 687 5715 terra
727 5655 944 5729 (Matth.
985 5671 1110 5722 xxv,
1148 5655 1226 5728 5).
1259 5655 1330 5710 Et
1364 5670 1433 5709 ne
1477 5653 1634 5708 nobis
1667 5665 1766 5725 per

169 5749 447 5813 alienarum
488 5750 843 5810 solummodo
884 5764 1059 5805 rerum
1094 5746 1508 5803 fraudulentiam
1550 5746 1768 5816 pericu-

1860 4640 1908 4687 et
1932 4632 2055 4702 quia
2082 4640 2224 4701 potes
2270 4633 2522 4687 sustinere
2551 4632 2714 4686 malos
2742 4632 2871 4687 :sed
2908 4631 3070 4688 habeo
3113 4635 3358 4690 adversus
3404 4646 3454 4693 te

1859 4739 2048 4797 pauca,
2079 4724 2201 4794 quia
2248 4725 2552 4779 charitatem
2580 4730 2721 4777 tuam
2750 4724 3020 4795 pristinam
3048 4724 3322 4795 reliquisti.
3346 4726 3459 4787 Μι-

1861 4826 2033 4870 mento
2078 4816 2214 4871 unde
2259 4815 2536 4878 excideris,
2568 4823 2616 4869 et
2639 4829 2735 4883 age
2777 4812 3175 4887 paenitentiam(
3202 4816 3364 4890 Apoc.
3392 4836 3452 4892 ιι,

1861 4908 1918 4973 2,
1946 4910 2002 4974 5,
2029 4906 2087 4975 4,
2118 4907 2152 4961 5
2178 4906 2219 4977 ).
2251 4904 2673 4962 Consideremus
2699 4915 2931 4975 quantus
2968 4919 3127 4964 casus
3152 4911 3223 4966 sit
3253 4920 3459 4974 temere

1865 4999 2286 5063 contemnentis,
2315 5014 2437 5054 cum
2469 5008 2616 5053 tanta
2644 4998 2798 5053 ruina
2825 5012 2948 5054 esse
2975 5000 3180 5060 dicitur
3209 5006 3265 5062 in
3289 5012 3464 5082 negli.

1865 5090 2049 5163 gentia
2069 5089 2414 5157 obsequentis
2434 5105 2447 5143 :
2466 5087 2554 5143 vel
2583 5101 2745 5159 quam
2770 5087 3176 5153 damnationem
3202 5114 3462 5173 excepta.

1867 5200 1961 5242 ros
2001 5183 2275 5240 credimus
2304 5196 2425 5237 esse
2452 5179 2756 5248 indevotos,
2784 5196 2906 5239 cum
2933 5193 3132 5246 tantam
3164 5197 3466 5265 exprobra.

1870 5280 2071 5335 tionem
2099 5276 2327 5331 devotus
2355 5273 2662 5344 exceperit?
2715 5274 2979 5349 Tepidum
3006 5281 3331 5356 discipulum
3356 5302 3466 5345 non

1868 5382 2015 5433 amat
2061 5366 2328 5431 Christus.
2394 5364 2495 5431 Qui
2523 5364 2632 5419 uult
2673 5381 2812 5422 meus
2860 5370 3148 5442 discipulus
3188 5392 3321 5445 esse,
3359 5380 3460 5449 ait,

1869 5462 2080 5533 abneget
2107 5459 2436 5528 semetipsum
2463 5456 2584 5527 sibi,
2608 5467 2655 5513 et
2696 5459 2845 5513 tollat
2874 5477 3079 5518 crucem
3097 5482 3246 5523 suam
3289 5479 3336 5525 et
3380 5490 3465 5533 κ.

1869 5565 2057 5627 quatur
2091 5570 2170 5609 me
2197 5551 2217 5625 (
2248 5550 2439 5609 Matth.
2468 5567 2580 5622 xvi,
2609 5551 2679 5607 24
2701 5552 2743 5622 ).
2776 5552 2992 5625 Oportet
3019 5574 3107 5614 vos
3138 5577 3231 5631 per
3277 5571 3466 5631 manu

1872 5646 2224 5702 “mutationes
2245 5646 2460 5701 introire
2478 5647 2534 5700 in
2554 5662 2767 5719 regnum
2783 5647 3028 5703 cmlorum
3048 5652 3185 5723 (Act.
3212 5673 3327 5731 xlv,
3347 5666 3466 5737 ει).

1876 5736 2021 5794 Beati
2042 5736 2159 5792 estis
2179 5752 2295 5792 cum
2318 5752 2404 5794 vos
2438 5736 2803 5796 maledixerint
2833 5740 3084 5815 hantines,
3119 5756 3168 5804 et
3210 5736 3475 5820 persecuti
