4000 6302
558 216 660 277 Ml

1605 204 1663 262 S.
1705 192 2088 258 IlIERONYMI
2123 189 2408 253 OPERUM
2447 190 2811 251 MANTISSA.

3772 182 3872 239 H9.

559 328 772 402 fuerint,
803 331 851 379 et
875 322 1095 379 dixerint
1119 335 1266 376 omne
1297 320 1488 376 malum
1510 319 1755 373 adversus
1780 332 1866 369 ros
1895 331 1913 369 :
1943 312 2162 385 gaudete
2189 310 2241 373 Δ
2269 308 2496 383 (ιΜαηΙι.
2530 325 2603 375 tv,
2636 308 2725 373 l8;
2756 305 2907 361 Deut.
2942 317 3016 370 vt,
3052 297 3150 402 15;:
3169 314 3225 402 ,
3254 297 3361 402 2-0)
3385 296 3560 402 aliis
3586 297 3874 402 innocen-

564 431 612 475 et
664 418 932 485 exsultate,
964 416 1086 485 quia
1137 430 1333 469 merces
1384 423 1550 467 vestra
1602 408 1763 464 multa
1818 415 1892 461 est
1936 407 1989 460 in
2017 404 2155 459 cwlis

566 514 585 583 (
629 510 821 565 Matth.
846 526 900 575 v,
934 507 1021 573 Η,
1048 504 1168 575 12).

2259 404 2354 467 tia,
2386 398 2779 464 misericordia,
2813 396 3084 459 castitate,
3125 392 3356 462 jejunio,
3385 391 3498 446 Deo
3529 389 3775 445 fideliter
3817 402 3867 446 et

2259 494 2381 549 sine
2403 492 2708 549 ces<atinne
2766 486 3292 544 servientibusmos
3339 482 3494 538 nobis
3550 481 3863 551 adulteros,

640 603 729 658 Vl.
766 601 983 656 Futura:
1015 597 1137 652 vita:
1166 598 1339 669 gloria
1368 596 1654 667 prmsentis
1689 595 1815 649 vita:
1854 593 2161 649 incommo-
2260 588 2456 657 quibus
2511 584 2719 641 servire
2766 582 3039 644 volumus,
3085 577 3355 650 eligimus.
3386 575 3667 648 Siquidem
3712 575 3866 646 juxta

570 695 654 750 dis
680 698 1045 762 comparatur.
1075 689 1402 745 Christianis
1429 688 1621 744 vexilla
1662 686 1839 742 crucis
1864 692 1989 740 sunt
2028 682 2166 738 deli-

567 788 666 841 cize
698 802 712 840 :
740 784 981 854 trophzea
1014 792 1219 837 nostra}
1240 784 1368 835 vita:
1399 794 1504 835 non
1537 778 1771 850 pompis,
1806 775 1901 831 scd
1931 774 2165 830 miseriis

567 884 943 946 reponantur.
995 873 1054 927 In
1080 883 1261 929 nostra
1314 873 1491 927 classe
1534 871 1634 925 viri
1668 869 1835 924 fortes
1872 864 2164 938 opprobria

565 970 749 1023 sciunt
780 975 1022 1038 portare,
1051 981 1157 1020 non
1186 980 1438 1020 munera.
1467 962 1802 1033 Paupertati,
1837 974 1942 1015 non
1968 957 2166 1013 nobili-

565 1060 685 1125 tati,
720 1058 1026 1113 futurorum
1056 1054 1335 1111 beatitudo
1380 1053 1733 1125 promittitur.
1761 1048 2011 1105 Retrahit
2050 1047 2171 1117 qui-

568 1152 697 1205 dem
724 1147 1052 1205 verecundia
1078 1157 1408 1211 senatorem,
1465 1161 1534 1200 ne
1578 1152 1836 1213 sequatur
1881 1154 2170 1211 pauperem

565 1242 868 1307 Christum,
906 1238 1001 1294 sed
1025 1236 1210 1292 audiat
1234 1252 1262 1290 a
1281 1235 1499 1290 Christo
1526 1253 1537 1288 :
1567 1234 1669 1299 Qui
1698 1250 1776 1287 me
1795 1233 2037 1301 confusus
2062 1234 2173 1301 fue-

562 1338 655 1401 rit,
687 1346 736 1390 et
775 1349 889 1387 mea
924 1331 1073 1385 rerba
1122 1330 1177 1383 in
1207 1328 1536 1401 generatione
1591 1327 1688 1379 hac
1718 1326 1955 1379 adultera
1984 1334 2030 1377 et
2060 1338 2169 1395 pec-

565 1429 786 1482 catrice:
809 1435 856 1480 et
874 1422 1043 1477 Filius
1065 1420 1287 1475 hominis
1309 1420 1589 1491 confundet
1611 1434 1727 1472 eunt
1746 1419 1797 1470 in
1811 1417 1977 1491 gloria
1996 1414 2175 1467 Patris

572 1521 655 1575 sui
686 1535 800 1572 cum
839 1515 1036 1587 angelis
1090 1514 1279 1567 sanctis
1307 1513 1327 1582 (
1359 1510 1547 1565 Matth.
1580 1526 1696 1575 vm,
1730 1510 1851 1580 58).
1880 1508 2060 1578 Turpe
2088 1515 2175 1561 est

574 1613 722 1667 inter
749 1620 1005 1682 parentes
1055 1616 1341 1663 senatores
1370 1614 1532 1675 atque
1578 1602 1982 1675 grammaticos,
2017 1600 2175 1655 scho-

2262 678 2541 750 Evangelii
2591 676 2960 733 sententiam:
2998 672 3182 727 Omnis
3238 670 3325 738 qui
3377 668 3503 739 facit
3558 678 3862 740 peccatum,

2266 789 2441 828 seruus
2461 781 2533 826 est
2563 770 2760 841 peccati
2784 769 2803 840 (
2826 766 2984 823 Joan.
3013 780 3130 831 vtu,
3160 762 3229 818 54
3260 762 3300 835 ).
3328 762 3393 816 Et
3417 776 3605 818 revera
3637 763 3685 817 si
3719 777 3865 817 ama-

2267 873 2354 920 tor
2392 862 2637 935 pecuniaz
2660 876 2804 925 sum,
2845 859 2893 915 si
2922 858 3132 929 gloriar,
3165 856 3212 911 si
3266 854 3564 924 superbiae,
3616 855 3663 910 si
3693 855 3867 909 ambi«

2268 958 2433 1013 tionis
2459 965 2553 1012 aut
2580 970 2830 1026 pompre:
2861 952 2989 1007 dum
3036 948 3115 1005 illi
3148 963 3309 1011 omne
3338 947 3579 1004 studium
3610 963 3744 1003 mea:
3776 962 3868 1002 vo.

2270 1049 2491 1105 luntatis
2524 1048 2801 1118 impendo,
2828 1043 3057 1100 Domino
3094 1041 3299 1097 servire
3327 1055 3434 1096 non
3468 1054 3714 1111 possum,
3744 1038 3866 1110 quis

2272 1142 2484 1199 duobus
2537 1140 2773 1197 dominis
2825 1138 3095 1194 neminem
3142 1134 3349 1191 servire
3383 1147 3573 1204 posse,
3604 1132 3867 1202 scriptum

2274 1244 2378 1291 est.
2406 1234 2529 1288 Non
2561 1234 2679 1287 estis
2706 1232 2880 1294 vestri,
2912 1229 3045 1285 dicit
3066 1227 3390 1299 Apostolus:
3414 1225 3573 1298 empti
3588 1226 3730 1280 enim
3753 1226 3869 1279 estis

2275 1330 2439 1403 pretia
2461 1344 2645 1401 magno
2670 1345 2688 1381 .·
2710 1325 3000 1398 gloriﬁcate
3041 1333 3087 1378 et
3116 1330 3317 1395 portate
3344 1318 3507 1376 Deum
3542 1322 3595 1374 in
3649 1335 3868 1393 corpore

2276 1420 2649 1490 restro(ll.‘or.
2676 1434 2754 1486 vi,
2782 1417 2871 1483 l9,
2897 1415 3013 1487 ΞΟ).
3046 1414 3361 1470 Clementer
3388 1413 3616 1483 Spiritus
3644 1420 3870 1467 sanctus

2277 1525 2468 1572 nostro
2496 1515 2620 1585 jure
2648 1527 2748 1567 nos
2776 1511 3053 1575 convenit,
3086 1509 3265 1564 sciens
3294 1508 3469 1564 hocin
3521 1522 3619 1561 usu
3653 1506 3870 1576 publica

2278 1607 2419 1679 apud
2449 1619 2643 1660 omnes
2675 1606 2693 1677 [_
2716 1604 2801 1657 At.
2826 1603 2950 1657 add.
2985 1599 3275 1671 homines]
3302 1597 3599 1655 custodiri:
3634 1606 3697 1653 ut
3731 1608 3868 1653 tanto

566 1704 843 1767 lasticum,
875 1715 973 1772 pro
988 1699 1205 1757 Christo
1222 1697 1520 1753 voluntaria
1546 1695 1858 1751 humilitate
1875 1692 2166 1762 dejectum,
2199 1693 2249 1755 B
2278 1714 2469 1757 servus
2492 1698 2544 1753 in
2565 1711 2735 1769 opere
2768 1694 2980 1750 Domini
3004 1701 3154 1749 esset
3179 1692 3409 1758 cautior,
3440 1698 3645 1763 quanto
3668 1692 3867 1762 majore

565 1796 753 1852 verbis
779 1792 1123 1864 simplicibus
1144 1806 1267 1846 esse
1296 1798 1636 1845 contentum.
1674 1785 1931 1856 Displicet
1950 1781 2167 1848 amicis,

565 1890 613 1944 si
648 1895 773 1957 post
794 1885 1074 1941 ambitiosi
1105 1882 1319 1938 habitus
1341 1880 1568 1949 cultum,
1591 1878 1801 1949 plebeia
1825 1885 1879 1932 et
1908 1873 2169 1947 ignobilia

564 1982 878 2036 indumenta
908 1985 1205 2032 mutentur.
1233 1973 1341 2029 Sed
1360 1974 1404 2025 si
1426 1971 1723 2026 hominibus
1742 1969 1944 2039 placere
1964 1966 2165 2034 vellem,

568 2077 647 2129 ait
675 2071 996 2142 Apostolus,
1029 2068 1222 2124 Christi
1250 2081 1421 2121 servus
1448 2081 1551 2119 non
1581 2080 1740 2119 essem
1769 2060 1923 2133 (Cal.
1954 2076 1993 2128 t,
2024 2059 2092 2115 10
2122 2060 2166 2129 ).

562 2164 629 2219 Et
664 2161 939 2233 Propheta
972 2160 1024 2216 in
1055 2158 1263 2229 psalmo
1294 2173 1309 2211 :
1346 2158 1606 2223 Quoniam
1636 2153 1776 2209 Deus
1808 2153 2022 2223 dissipat
2054 2165 2171 2203 ossa

561 2272 761 2323 eorum,
795 2256 882 2324 qui
912 2251 1208 2306 hominibus
1236 2252 1436 2322 placent
1458 2265 1476 2302 :
1508 2248 1710 2317 confusi
1758 2255 1901 2313 sunt,
1927 2244 2171 2315 quoniam

562 2346 707 2403 Deus
742 2346 931 2419 sprevit
956 2361 1040 2399 eos
1063 2342 1244 2415 (Psal.
1270 2358 1381 2407 LIII,
1409 2339 1485 2412 6).
1506 2340 1776 2409 Quantum
1805 2339 1946 2393 bona
1970 2344 2051 2392 est
2074 2336 2173 2389 hu-

460 2446 467 2451 ’
561 2455 725 2496 mana
757 2436 1009 2503 oﬂ'ettsio,
1038 2451 1134 2505 per
1171 2449 1329 2505 quam
1365 2433 1638 2486 invenitur
1668 2430 1903 2485 servitus
1929 2426 2129 2484 Christi
2155 2443 2168 2479 :

565 2542 777 2589 tantum
824 2528 1136 2602 perniciosa
1193 2533 1279 2580 est
1330 2522 1586 2589 amicitia,
1638 2536 1759 2589 qua:
1810 2521 1905 2575 Dei
1950 2527 2172 2590 prmstat

567 2625 855 2688 olfensam,
902 2620 1044 2674 sicut
1096 2617 1359 2687 scriptum
1411 2624 1535 2670 est:
1570 2614 1671 2681 Qui
1710 2613 1929 2667 voluerit
1976 2612 2171 2667 amicus

566 2715 680 2785 ﬁeri
719 2714 874 2783 hujus
905 2710 1109 2775 mundi,
1138 2708 1377 2761 inimicus
1409 2705 1505 2761 Dei
1533 2706 1872 2759 constituetur
1896 2701 2051 2774 (Jac.
2085 2718 2169 2769 tv,

570 2806 607 2861 4
630 2806 673 2879 ).
706 2805 865 2859 Dicat
893 2801 1267 2871 unusquisque
1322 2800 1464 2870 quod
1500 2796 1668 2854 velit:
1699 2812 1830 2867 ergo
1861 2796 2075 2851 interim
2103 2794 2172 2851 de

567 2912 659 2954 me
689 2912 787 2968 pro
826 2908 1021 2951 sensus
1062 2892 1167 2948 mei
1226 2894 1489 2961 parvitate
1530 2888 1772 2960 judicavi
1825 2888 2020 2944 melius
2050 2900 2171 2943 esse

568 2988 829 3047 confundi
882 3002 1065 3044 coram
1115 2985 1497 3057 peccatoribus
1550 2998 1716 3053 super
1748 2991 1972 3050 terram,
2002 2995 2168 3051 quam

2273 1800 2420 1847 esset
2474 1790 2687 1860 peculio
2730 1794 3077 1855 comparatus
3113 1802 3125 1837 :
3158 1792 3217 1837 ut
3269 1782 3659 1853 intelligamus,
3712 1797 3863 1853 quam

2273 1881 2481 1938 strenui
2507 1895 2629 1936 esse
2650 1878 2887 1935 debeant
2918 1877 2970 1931 in
3001 1889 3170 1945 opere
3201 1873 3295 1930 Dei
3318 1874 3408 1945 qui
3435 1872 3707 1943 redempti
3755 1884 3867 1929 sunt

2272 1976 2538 2048 sanguiue
2564 1973 2766 2031 Christi
2794 1988 2809 2027 :
2841 1972 2925 2029 vel
2946 1986 3107 2043 quam
3139 1970 3419 2026 criminosi
3446 1969 3684 2025 debeant
3736 1968 3867 2039 judi-

2273 2069 2407 2136 cari,
2440 2068 2531 2139 qui
2562 2082 2685 2123 cum
2709 2068 2886 2122 sciant
2930 2080 3033 2137 pro
3074 2065 3253 2136 pretio
3284 2079 3398 2120 sure
3428 2064 3621 2120 salutis
3670 2063 3863 2120 Christi

2273 2162 2592 2233 sanguinem
2623 2160 2832 2227 datum,
2861 2159 3018 2215 alteri
3065 2159 3156 2228 qui
3208 2156 3339 2213 nihil
3371 2158 3647 2229 priestitit,
3704 2156 3867 2227 magis

2273 2254 2555 2326 prmlieant
2600 2253 2941 2309 servitutem.
2998 2250 3151 2321 Rogo
3196 2265 3303 2321 quo
3354 2250 3559 2321 pudore
3602 2250 3865 2321 obsequii,

2274 2356 2365 2401 aut
2409 2347 2609 2402 laboris
2646 2346 2726 2402 sui
2760 2344 3065 2402 mercedem
3089 2386 3104 2411 ,
3144 2344 3381 2415 Sperabit
3413 2345 3466 2399 in
3514 2343 3679 2409 coelo,
3720 2344 3867 2413 cujus

2272 2437 2437 2494 fuerit
2465 2437 2775 2494 sollicitudo
2800 2438 2977 2493 omnis
2995 2437 3049 2492 in
3081 2437 3267 2493 terra?
3295 2437 3666 2492 Mercenarius
3689 2436 3865 2490 sceculi

2274 2547 2379 2587 non
2413 2541 2593 2601 potest
2630 2532 2880 2601 accipere
2921 2530 3203 2601 praemium
3232 2528 3459 2584 Christi.
3493 2528 3684 2584 Omnis
3714 2528 3866 2583 miles

2273 2622 2327 2680 in
2351 2624 2543 2679 castris
2576 2624 2698 2693 jure
2736 2630 2921 2692 sperat
2954 2606 3245 2687 annonam,
3277 2622 3372 2691 qui
3408 2620 3617 2676 fortiter
3647 2619 3703 2675 in
3733 2635 3866 2690 pra:-

2271 2715 2345 2772 lio
2375 2730 2474 2786 pro
2500 2714 2710 2771 civibus
2740 2714 3090 2770 laboraverit.
3123 2712 3325 2786 Dignus
3352 2711 3557 2783 quidem
3586 2720 3659 2764 est
3688 2726 3866 2781 apera-

2273 2808 2381 2862 rius
2402 2806 2634 2860 mercede
2658 2805 2927 2878 sua(Luc.
2966 2821 3021 2873 ι,
3053 2805 3127 2877 7)
3163 2823 3173 2857 :
3200 2804 3293 2859 sed
3312 2814 3366 2859 et
3391 2803 3495 2858 hoc
3514 2802 3735 2872 dignum
3769 2809 3867 2866 est,

2272 2908 2332 2955 ut
2360 2900 2484 2955 inde
2506 2900 2786 2969 praemium
2819 2898 3001 2969 operis
3040 2897 3294 2969 accipiat,
3326 2896 3417 2952 ubi
3444 2896 3611 2952 totius
3644 2910 3865 2967 operam

2273 2993 2475 3047 laberis
2503 2991 2791 3062 impendit.
2826 2990 2995 3046 Nemo
3021 2991 3252 3044 militans
3284 2987 3416 3059 Deo,
3451 2988 3681 3061 implicat
3705 3003 3761 3043 se
3786 3004 3871 3041 ne-

571 3100 757 3142 comm
790 3082 996 3155 angelis
1024 3080 1230 3137 εθηείίδ
1259 3080 1311 3133 in
1341 3078 1502 3141 εωιον
1536 3076 1623 3131 νει
1657 3075 1987 3145 “bicumque
2023 3073 2166 3143 indi'
2199 3069 2245 3135 (ἶ
2275 3087 2428 3159 gotiis
2445 3084 2885 3144 swcularibus:ut
2907 3085 3111 3154 placeat
3134 3084 3202 3151 ei,
3227 3083 3309 3136 cui
3327 3099 3379 3137 se
3402 3079 3865 3152 probavit(llTim.

574 3180 721 3235 cium
754 3192 911 3233 suum
945 3174 1205 3229 Dominus
1224 3171 1456 3227 voluerit
1477 3169 1872 3225 demonstrare.
1897 3166 2062 3224 lsaias
2090 3167 2169 3223 vir

2273 3193 2332 3243 tt,
2363 3178 2395 3232 4
2416 3177 2457 3249 ),
2492 3177 2734 3247 Apostoli
2754 3191 2856 3231 vox
2887 3185 2987 3231 est.
3015 3175 3169 3232 Unde
3194 3176 3327 3230 satis
3357 3175 3523 3230 timeo
3550 3188 3616 3228 ne
3643 3172 3785 3229 forte
3817 3173 3865 3227 in

572 3273 629 3328 in
662 3286 758 3327 sua
807 3276 970 3339 sente
1002 3265 1394 3331 nobilissimus,
1424 3262 1515 3334 qui
1556 3276 1716 3318 socer
1756 3260 1900 3332 regis
1928 3259 2171 3316 Ezechiae
2272 3269 2360 3324 in.
2385 3268 2763 3325 retributionis
2804 3268 2915 3336 die,
2943 3283 3045 3338 qua
3076 3274 3202 3322 ante
3241 3265 3476 3321 tribunal
3517 3262 3722 3320 Christi
3753 3263 3872 3318 uni-

569 3365 740 3420 fuisse
769 3362 1024 3430 refertur,
1064 3360 1217 3430 jussu
1245 3357 1343 3412 Dei
1395 3355 1645 3427 deposito
1673 3354 1852 3409 cilicio
1881 3353 2056 3408 nudus
2086 3353 2170 3409 in-

571 3458 711 3515 cedit
745 3475 759 3512 :
789 3469 890 3512 nec
915 3464 1023 3509 tam
1054 3451 1210 3508 ardui
1233 3450 1495 3523 prazcepti
1522 3446 2039 3519 pudoredelerritus
2066 3453 2171 3513 est,

575 3566 685 3624 quo
715 3550 893 3606 minus
916 3545 1016 3602 Dei
1047 3545 1329 3614 imperium
1362 3549 1683 3613 sequeretur
1712 3556 1728 3596 :
1758 3538 1883 3610 quia
1910 3536 2045 3592 nihil
2070 3535 2171 3592 ho-

582 3646 794 3702 nestius
822 3656 945 3699 esse
970 3639 1200 3707 homini,
1239 3652 1398 3707 quam
1426 3636 1670 3691 Creatori
1706 3648 1806 3689 suo
1834 3646 2045 3703 parere,
2090 3630 2175 3701 ju-

578 3736 819 3793 dicabat.
849 3734 1089 3789 Joannes
1113 3746 1329 3801 quoque
1351 3729 1611 3799 Baptista,
1645 3726 1841 3782 nobilis
1862 3735 1914 3781 et
1936 3725 1989 3780 in
2010 3739 2175 3780 carne

577 3838 636 3887 et
665 3829 718 3883 in
743 3825 933 3896 spiritu
963 3831 1144 3891 natus,
1177 3820 1410 3876 cilicium
1440 3835 1469 3874 a
1494 3818 1725 3889 pueritia
1749 3819 1800 3871 in
1824 3816 2088 3884 habitum,
2120 3824 2175 3871 et

575 3923 821 3980 locustas
844 3916 1006 3987 elegit
1035 3916 1087 3970 in
1115 3914 1295 3969 cibum
1316 3913 1437 3983 :qui
1457 3926 1558 3966 nec
1582 3910 1786 3981 peccati
1812 3909 2171 3978 conscientia,

579 4029 684 4073 nec
711 4009 1049 4085 paupertatis
1070 4008 1272 4077 inopia,
1302 4008 1368 4061 ad
1399 4005 1558 4075 hujus
1580 4004 1809 4076 gloriam
1841 4006 2046 4071 oneris,
2077 4002 2172 4059 sed

580 4109 698 4165 sola
730 4104 899 4161 futuri
929 4101 1117 4158 smculi
1170 4098 1504 4155 beatitudine
1541 4097 1877 4152 trahebatur.
1925 4095 2174 4167 Apostoli

570 4202 688 4272 jam
740 4205 986 4270 sperant,
1036 4204 1091 4250 et
1139 4192 1315 4247 adhuc
1353 4190 1504 4246 stulti
1559 4197 1614 4244 et
1642 4189 1860 4244 inutiles
1914 4196 1969 4243 et
1996 4187 2175 4243 tenuis

577 4292 708 4350 ﬁdei
757 4298 1077 4362 arguuntur.
1136 4284 1259 4340 Non
1291 4292 1407 4339 sunt
1434 4282 1702 4353 condigna:
1731 4281 1991 4350 passiones
2016 4280 2174 4351 hujus

575 4383 821 4455 temporis
852 4382 920 4435 ad
953 4385 1185 4453 futuram
1216 4378 1434 4449 gloriam
1456 4391 1571 4447 qua:
1600 4373 1905 4427 revelabitur
1951 4374 2005 4427 in
2027 4372 2174 4427 nobis

2272 3361 2467 3430 cuique
2491 3361 2788 3415 secundum
2816 3373 2911 3413 sua
2955 3358 3095 3413 facta
3122 3356 3456 3414 reddendum
3501 3367 3619 3412 est:
3652 3357 3737 3413 his
3784 3358 3870 3422 qui

2274 3454 2328 3508 in
2361 3454 2594 3509 terrenis
2626 3452 2796 3522 magis
2826 3450 3077 3522 negotiis,
3107 3465 3268 3521 quam
3297 3451 3348 3506 in
3372 3448 3692 3506 cmlestibus
3720 3448 3871 3506 labo-

2272 3554 2549 3611 raverunt,
2574 3544 2701 3615 justi
2720 3542 2922 3613 judicis
2942 3543 3299 3612 responsione
3326 3542 3533 3598 dicatur
3560 3557 3575 3596 :
3608 3540 3688 3597 [te
3709 3542 3755 3596 si
3786 3558 3873 3612 po-

2276 3640 2461 3695 testis:
2478 3648 2533 3695 et
2551 3637 2660 3693 illic
2674 3638 2762 3693 ubi
2780 3646 2890 3694 tcta
2904 3636 3197 3693 devotione
3220 3636 3545 3705 servivistis,
3562 3634 3872 3693 mercedem

2275 3743 2473 3788 vestra:
2497 3732 2778 3789 servitutis
2806 3731 3029 3802 exigite.
3058 3730 3209 3786 Talis
3228 3745 3388 3786 causa
3410 3739 3496 3786 est
3517 3731 3790 3801 virginum
3811 3730 3875 3785 de

2276 3827 2572 3898 Evangelio
2593 3828 2832 3897 quinque
2861 3825 3175 3890 stultarum,
3210 3840 3333 3894 qua:
3354 3823 3481 3880 dum
3507 3822 3876 3879 sollicitudine

2275 3917 2615 3973 saecularium
2664 3917 2985 3985 vanitatum,
3036 3931 3097 3972 se
3144 3928 3329 3973 contra
3375 3916 3737 3987 professionis
3766 3932 3877 3971 sua:

2275 4009 2523 4065 ordinem
2573 4018 2931 4079 occuparunt,
2962 4009 3139 4065 oleum
3169 4009 3313 4064 unde
3342 4024 3528 4064 verum
3558 4009 3743 4065 lumen
3790 4023 3878 4064 ac-

2275 4102 2605 4168 cenderent,
2628 4120 2735 4159 non
2767 4102 3056 4168 habentes,
3093 4104 3144 4157 in
3179 4102 3419 4159 tenebris
3467 4114 3871 4160 remanserunt.

2348 4195 2460 4251 VII.
2521 4196 2626 4253 Sed
2669 4195 2801 4251 dicit
2844 4196 3081 4266 aliquis:
3121 4195 3222 4250 ista
3255 4195 3502 4266 exempla
3547 4196 3616 4250 ad
3676 4210 3879 4267 pautos

2274 4288 2572 4362 pertinent,
2618 4303 2755 4359 quos
2785 4288 2925 4342 Deus
2954 4287 3018 4341 ad
3048 4287 3148 4341 hoc
3176 4287 3452 4358 peculiare
3473 4286 3715 4343 officium
3734 4289 3881 4345 dele-

2275 4379 2440 4452 gavit,
2466 4379 2592 4450 quia
2623 4381 2884 4449 seriptum
2903 4390 3020 4434 est:
3043 4378 3201 4435 Multi
3226 4389 3347 4435 sunt
3374 4381 3562 4446 vocati,
3586 4382 3742 4451 pauci
3761 4397 3880 4436 vero

578 4451 760 4550 (Rom.
790 4490 906 4541 vttt,
939 4451 1063 4545 i8).
1094 4473 1223 4527 Inde
1250 4470 1470 4533 Paulus,
1529 4467 1689 4523 oculo
1741 4466 1939 4522 mentis
1995 4466 2172 4521 futura
2199 4451 2427 4528 Delecti
2459 4472 2477 4542 (
2506 4469 2700 4527 Matth.
2731 4486 2870 4538 χχιι,
2905 4470 2972 4525 id
3001 4469 3043 4541 ).
3071 4470 3183 4527 lloc
3210 4473 3443 4542 primum
3466 4486 3714 4543 qumrerc
3754 4487 3782 4527 a
3833 4482 3881 4525 te

574 4567 970 4637 contemplans,
993 4564 1211 4621 dicebat
1243 4579 1256 4616 :
1291 4561 1391 4628 Qui
1422 4576 1513 4613 nos
1560 4558 1815 4629 separabit
1843 4575 1875 4611 a
1923 4556 2175 4613 charitate

2277 4574 2332 4619 et
2354 4562 2543 4618 audire
2571 4562 2717 4631 volo,
2741 4564 2988 4634 quisquis
3010 4578 3069 4620 es
3092 4565 3181 4636 qui
3201 4565 3300 4620 ista
3328 4565 3678 4636 proponiszsi
3711 4565 3883 4637 ipsius

575 4658 817 4714 Christi:
851 4655 1145 4723 tribulatio,
1200 4670 1267 4707 an
1298 4651 1573 4723 angustite,
1622 4666 1688 4701 an
1740 4650 2053 4720 persecutio,
2106 4666 2169 4704 an

2276 4656 2370 4711 Dei
2399 4656 2595 4712 electio
2615 4664 2719 4722 est,
2750 4656 2909 4726 cujus
2939 4665 3025 4711 est
3053 4665 3107 4712 et
3128 4657 3361 4723 vacatio,
3394 4657 3521 4724 quid
3549 4656 3722 4711 voluit
3759 4657 3882 4727 plu-

574 4750 763 4823 fames,
784 4766 850 4803 an
881 4748 1192 4819 periculum,
1223 4761 1290 4798 an
1317 4742 1524 4813 gladius
1548 4739 1746 4811 (lbid.,
1773 4740 1911 4810 '56)?
1933 4741 2058 4797 Illos
2080 4757 2172 4812 pe-

571 4842 748 4898 ricula
779 4854 891 4896 non
908 4844 1188 4910 separant,
1211 4848 1309 4889 nos
1338 4832 1664 4902 voluptates.
1697 4831 1776 4885 llli
1807 4842 2028 4887 catenas
2075 4832 2173 4889 ba-

2274 4762 2366 4804 res
2388 4762 2609 4815 vocare,
2636 4747 2728 4816 qui
2771 4761 2973 4817 paucos
3001 4748 3070 4803 de
3117 4749 3363 4819 pluribus
3412 4757 3530 4803 erat
3568 4748 3884 4805 electurus?

2273 4840 2437 4897 Certe
2466 4841 2533 4896 de
2562 4838 2772 4895 duobus
2806 4839 3010 4896 vocatis
3040 4840 3191 4896 illum
3229 4843 3310 4896 vis
3338 4852 3501 4907 stare,
3526 4856 3689 4913 quem
3737 4841 3883 4897 Deus

569 4935 749 5003 julant
796 4935 1116 4989 innocentes
1145 4947 1158 4984 :
1193 4942 1290 4983 nos
1315 4942 1507 4982 aurum
1534 4918 1963 4981 circumferimus
1992 4927 2177 4983 crimi-
2276 4935 2542 4990 electione
2598 4933 2849 4989 statuerit
2881 4952 2892 4985 :
2924 4943 2977 4988 et
3008 4934 3160 4989 illum
3205 4946 3391 4991 contra
3451 4934 3672 5002 cadere,
3718 4950 3881 5005 quem

570 5026 721 5080 nosi.
741 5024 825 5079 illi
846 5025 899 5079 in
919 5023 1234 5080 carceribus
1258 5018 1421 5075 vincti
1437 5033 1451 5075 :
1469 5031 1567 5073 nos
1585 5017 1639 5072 in
1662 5017 1910 5073 tricliniis
1932 5019 2169 5075 delicati.

574 5119 661 5174 llli
692 5119 745 5173 in
783 5134 949 5175 nervo
982 5118 1140 5189 positi
1177 5118 1344 5173 Deum
1376 5130 1514 5187 puro
1551 5112 1717 5169 corde
1746 5122 1802 5169 et
1830 5114 2043 5169 sincera
2074 5129 2169 5171 co-

572 5211 838 5281 gitatione
881 5211 1170 5267 laudantes
1200 5228 1213 5265 :
1248 5227 1347 5267 nos
1403 5211 1453 5264 in
1500 5210 1615 5279 ipsa
1646 5206 1787 5264 forte
1826 5207 2072 5263 Ecclesia
2101 5208 2172 5264 de

560 5300 878 5360 forensibus
919 5301 1213 5357 calumniis
1250 5302 1589 5372 cogitamus;
1638 5306 1695 5354 et
1742 5312 1866 5351 cum
1912 5297 2164 5352 omnibus

563 5394 849 5467 :equaliter
902 5394 1041 5466 legis
1093 5392 1215 5448 data
1248 5393 1318 5447 sit
1344 5392 1540 5463 gratia,
1568 5390 1845 5461 gehenna,
1890 5403 1987 5444 seu
2036 5389 2165 5446 οωιί

561 5503 729 5560 regna
745 5489 1014 5563 promissa
1047 5487 1176 5550 sint,
1207 5484 1381 5541 aliide
1411 5484 1636 5550 divitiis,
1668 5482 1759 5537 alii
1779 5481 1847 5537 de
1868 5481 2161 5539 virtutibus

565 5581 919 5638 meditantur.
942 5581 1184 5652 Cumque
1205 5579 1408 5634 dictum
1431 5578 1499 5632 sit
1520 5575 1849 5647 generaliter
1873 5575 2156 5631 omnibus:

568 5670 847 5735 Dominum
901 5674 1070 5732 Deum
1104 5684 1271 5763 .tuum
1314 5671 1577 5741 adorabis,
1619 5678 1665 5725 et
1707 5670 1788 5725 illi
1828 5668 1927 5727 soli
1975 5670 2160 5727 servies

2274 5026 2417 5083 Dens
2441 5025 2722 5082 electionis
2750 5028 2950 5083 virtute
2972 5042 3080 5083 non
3108 5028 3338 5083 muniat.
3360 5026 3515 5097 Quod
3544 5029 3591 5083 si
3642 5028 3715 5084 ita
3770 5038 3878 5095 est,

2274 5133 2376 5173 nec
2397 5117 2535 5173 bona
2577 5117 2644 5172 ad
2672 5132 2771 5174 nos
2798 5118 3069 5188 pertinent
3088 5118 3188 5175 hac
3216 5119 3448 5187 ratione,
3494 5134 3597 5175 nec
3624 5120 3769 5176 mala
3792 5132 3879 5179 :et

2271 5213 2349 5267 sic
2378 5211 2504 5281 erit,
2528 5218 2589 5266 ut
2618 5225 2718 5267 nec
2747 5211 2903 5281 culpa
2935 5226 3150 5282 plenam
3193 5211 3409 5275 habeat,
3441 5226 3541 5267 nec
3590 5212 3876 5270 benefacta

2269 5304 2578 5359 laudentur.
2597 5302 2705 5358 Sed
2733 5302 2798 5357 ad
2822 5303 2939 5359 haec
2965 5303 3245 5373 respondit
3264 5304 3554 5373 Apostolus
3571 5322 3584 5361 :
3601 5305 3665 5361 Si
3694 5307 3771 5360 ita
3783 5319 3878 5371 est,

2270 5396 2528 5467 quomodo
2552 5392 2695 5449 Deus
2715 5396 2978 5466 judicabit
2999 5396 3135 5452 hunc
3164 5396 3411 5451 mundum
3433 5395 3453 5467 (
3476 5395 3633 5452 Rom.
3672 5413 3757 5465 nt,
3782 5398 3883 5470 6)!

2268 5485 2472 5541 Deinde
2497 5485 2542 5538 si
2570 5486 2901 5557 paucosjAl.
2930 5496 3070 5543 tacet
3077 5485 3297 5557 paucos]
3325 5502 3461 5558 quos
3487 5485 3627 5542 dicis
3640 5488 3875 5557 electos,

2267 5578 2416 5632 solos
2445 5584 2662 5629 sanctos
2716 5577 2994 5633 existimas
3024 5597 3037 5634 :
3066 5580 3156 5649 qui
3209 5579 3383 5635 vocati
3429 5585 3575 5644 sunt,
3612 5580 3885 5651 reprobos

2263 5671 2432 5740 dicis,
2485 5670 2756 5744 quomodo
2810 5673 2953 5736 idem
3005 5676 3283 5751 apostolus
3321 5673 3523 5736 Paulus
3562 5673 3620 5734 in
3678 5675 3888 5752 episto-
