3998 6198
579 309 687 365 “5

1622 286 1683 343 S.
1724 276 2112 341 HIERONYMI
2147 272 2430 334 OPERUM
2469 266 2867 329 ΜΑΝἸἹΒΒΑ.Ἰ

3775 261 3875 319 116

579 419 879 476 ritualitate
909 408 1180 485 proﬁcias.
1206 402 1375 470 Cave,
1403 414 1473 457 ne
1492 397 1636 473 quod
1662 392 1920 464 accepiSti
1946 391 2171 456 bonum,
2198 388 2250 451 Δ
2277 384 2482 442 credidi
2513 381 2881 441 subnectenda
2912 396 2925 436 :
2956 378 3232 483 donecdc
3261 380 3506 482 caeteris,
3534 390 3658 448 quae
3690 385 3749 431 ut
3790 391 3871 431 as-

584 512 833 566 incautus
869 514 925 561 et
953 500 1234 571 negligens
1257 502 1443 553 custos
1470 492 1705 547 amittas.
1746 486 1940 549 Curre,
1977 491 2036 537 ut
2066 495 2173 535 non

586 604 842 673 negligas.
885 594 1129 661 Festina,
1164 597 1223 645 ut
1256 586 1489 645 celerius
1514 571 2174 673 comprehendas..S_iqui.

584 665 707 751 dein
731 665 933 746 I’aulus
970 687 1083 757 jam
1113 680 1318 739 Christi
1349 687 1595 734 catenam
1635 685 1732 742 pro
1758 665 2042 738 Evangelii
2074 681 2175 719 an-

583 784 920 841 nuntiatione
966 775 1388 838 circumferens,
1428 764 1667 824 nondum
1712 778 1773 819 se
1814 758 2177 830 comprehen-

578 878 728 932 disse
747 871 961 927 dicebat
982 867 1153 935 (Phil.
1178 880 1258 932 ιιι,
1286 863 1405 933 l5),
1428 857 1680 931 quamvis
1707 854 1843 909 hora
1871 862 2048 919 sexta,
2073 850 2178 904 hoc

579 976 663 1023 est
689 964 861 1019 media
902 967 1061 1015 celate
1104 954 1320 1013 Domini
1360 953 1577 1008 vineam
1619 954 1971 1019 operaturus,
2022 941 2179 1012 quasi

586 1055 825 1114 fervidus
852 1050 1033 1122 opifex
1058 1057 1115 1106 et
1150 1045 1348 1115 fidelis,
1392 1044 1627 1098 aliorum
1665 1039 1880 1108 longam
1928 1034 2179 1090 dubieta-

582 1160 691 1206 tem
719 1144 1145 1217 languidumque
1194 1139 1438 1194 vinceret
1477 1144 1745 1204 teporem.
1790 1130 1930 1185 Dum
1968 1138 2182 1195 tempus

583 1241 872 1302 habemus,
906 1236 1238 1291 seminemus
1266 1231 1320 1284 in
1344 1227 1563 1298 Spiritu,
1597 1232 1656 1279 ut
1679 1236 1913 1279 messem
1943 1221 1995 1274 in
2025 1218 2185 1288 spiri-

578 1335 815 1392 tualibus
838 1330 1178 1398 colligamus.
1200 1323 1313 1379 Nec
1340 1318 1682 1377 attendamus
1704 1315 1771 1371 ad
1797 1315 1985 1387 paleas
2010 1328 2023 1365 :
2049 1323 2186 1382 quas

581 1424 946 1482 ventilabrum
972 1417 1172 1475 Christi
1201 1415 1467 1472 continuo
1497 1409 1772 1481 separabit
1798 1423 1830 1463 a
1855 1408 2061 1467 tritico,
2090 1404 2187 1459 do-

590 1532 691 1574 nec
719 1516 811 1586 qui
841 1522 1100 1569 venturus
1130 1517 1215 1565 est
1245 1507 1451 1564 veniat.
1490 1504 1558 1560 Et
1588 1504 1740 1574 juxta
1772 1499 2058 1571 Propheta:
2087 1512 2183 1551 va-

592 1609 835 1665 ticinium
863 1606 1203 1661 discernatur
1234 1600 1375 1657 inter
1399 1600 1604 1670 justum
1632 1606 1685 1652 et
1711 1594 1994 1665 injustum,
2024 1600 2081 1646 et
2108 1591 2189 1644 in-

591 1713 674 1757 ter
699 1698 1027 1756 servientem
1059 1696 1171 1749 Deo
1197 1699 1255 1749 et
1281 1706 1388 1747 non
1415 1688 1765 1745 servientem.
1803 1684 1952 1740 Sicut
1980 1690 2035 1736 et
2053 1679 2186 1735 alibi

2278 478 2478 543 solent,
2503 486 2555 532 te
2577 485 2821 543 movent,
2851 487 3092 543 pra-scus
3114 472 3160 527 si
3181 470 3412 541 jusseris
3436 486 3555 524 cum
3583 480 3872 540 praesente,

2279 580 2485 624 remota
2541 568 2689 622 omni
2741 564 3105 621 animositatis
3153 562 3504 617 contentione
3561 570 3871 620 tramemus.

2279 660 2473 715 Dixisti
2504 659 2670 726 enim,
2706 659 2757 713 ni
2786 656 2968 722 fallor,
3001 656 3103 711 hoc
3127 655 3251 725 jure
3285 664 3337 709 te
3378 654 3521 708 mala
3562 655 3723 708 malis
3758 655 3877 707 rell-

2279 757 2430 825 dere,
2475 763 2529 810 et
2580 769 2702 809 cum
2727 750 3038 823 jurantibus
3082 749 3268 819 jurare
3304 747 3528 815 debere,
3579 746 3725 818 quod
3780 746 3875 801 ali-

2280 848 2494 921 quando
2532 847 2734 916 juravit
2767 845 3055 910 Dominus,
3107 851 3198 895 aut
3241 840 3381 895 mala
3422 840 3580 895 malis
3619 838 3871 896 restituit.

2280 943 2407 999 Scio
2438 942 2667 1011 primum
2699 954 2809 994 non
2834 938 3015 993 omnia
3043 935 3199 990 nobis
3222 935 3519 990 convenire
3541 934 3734 999 servis,
3760 948 3875 1005 quae

2285 1036 2512 1092 Domino
2541 1036 2892 1101 conveniunt,
2918 1049 2985 1088 ne
3007 1032 3059 1086 in
3085 1031 3496 1101 comparatione
3519 1028 3870 1093 famulorum,

2284 1127 2497 1183 Domini
2531 1128 2775 1182 videatur
2802 1125 3014 1195 injuria.
3042 1124 3295 1193 Alioquin
3324 1121 3549 1176 forsitan
3580 1119 3795 1175 reclam:
3820 1134 3873 1173 re

2286 1220 2606 1290 incipiamus
2632 1237 2645 1273 :
2673 1234 2771 1275 cur
2818 1233 2926 1272 non
2968 1216 3036 1271 de
3060 1215 3385 1286 virginibus,
3414 1214 3507 1270 sed
3536 1214 3604 1268 de
3633 1212 3875 1268 mulieri-

2287 1315 2387 1371 bus
2413 1313 2767 1383 generamur?
2791 1296 2905 1367 Aut,
2920 1328 3017 1367 cur
3043 1312 3239 1367 mortui
3272 1310 3444 1366 nostri
3465 1310 3553 1365 die
3576 1309 3738 1364 tertia
3769 1322 3873 1364 non

2286 1406 2618 1477 resurgunt?
2646 1405 2876 1472 Juravit,
2902 1405 3035 1467 scio,
3062 1418 3207 1474 saepe
3230 1403 3513 1467 Dominus,
3541 1403 3635 1470 qui
3662 1414 3773 1455 nos
3798 1400 3882 1470 ju-

2286 1514 2409 1554 rare
2435 1496 2729 1569 prohibuit,
2763 1512 2861 1550 nec
2893 1497 3075 1551 statim
3128 1511 3201 1550 ex
3245 1496 3349 1551 hoc
3390 1503 3591 1549 temere
3624 1490 3879 1562 blasphe-

2289 1605 2437 1645 mare
2464 1589 2723 1645 debemus
2752 1604 2901 1657 eum,
2934 1587 3025 1659 qui
3053 1588 3191 1642 alios
3224 1587 3457 1641 vetuerit
3488 1584 3634 1655 quod
3672 1584 3791 1654 ipse
3810 1583 3882 1636 fa-

2290 1684 2466 1738 ciebat
2514 1701 2529 1735 :
2582 1682 2706 1752 quia
2762 1682 2865 1737 dici
2916 1682 3076 1736 nobis
3126 1689 3327 1750 potest,
3366 1680 3571 1751 juravit
3621 1678 3879 1733 Dominus

594 1792 860 1847 Dominus
883 1788 1015 1844 dicit
1042 1805 1053 1841 :
1080 1784 1214 1841 Ecce
1247 1784 1341 1857 qui
1369 1783 1599 1838 serviunt
1634 1778 1760 1831 mihi
1788 1774 2134 1845 epulabantur
2163 1789 2181 1827 :
2213 1779 2261 1841 Β
2286 1777 2442 1847 quasi
2464 1775 2746 1840 Dominus,
2768 1790 2927 1844 quem
2946 1775 3132 1843 jurare
3160 1788 3321 1829 nemo
3351 1771 3674 1842 prohibebat
3699 1770 3880 1825 :nobis

594 1901 679 1938 vos
710 1898 826 1937 vero
856 1878 1108 1935 esurialis.
1144 1876 1277 1930 Ecce
1304 1873 1392 1944 qui
1425 1871 1651 1926 serviunt
1687 1867 1813 1920 mihi
1844 1864 2180 1927 (relabuntur,

594 1993 682 2030 vos
711 1986 879 2029 autem
901 1966 1330 2027 contristabimini
1357 1962 1491 2035 (Isa.
1515 1977 1638 2026 va,
1666 1962 1777 2030 15).
1800 1957 1915 2013 Νοιι
1947 1972 2045 2010 nos
2074 1954 2185 2029 [ΑΙ.

595 2066 715 2140 vos]
749 2069 951 2123 inertes
980 2062 1231 2118 vindictae
1271 2056 1389 2114 dies
1419 2066 1475 2111 et
1503 2051 1881 2111 retributionis
1911 2046 2185 2113 inveniat,

592 2162 683 2235 qui
701 2139 1006 2216 imminens
1036 2170 1100 2210 ac
1129 2153 1341 2207 vicinus
1370 2164 1515 2214 esse,
1546 2156 1601 2203 et
1622 2144 1811 2201 saeculi
1838 2141 2009 2197 ruinis
2030 2139 2191 2194 undi-

593 2233 699 2326 que
735 2247 1209 2313 concurrentibus,
1256 2253 1311 2300 et
1346 2243 1745 2312 Scripturarum
1788 2233 2190 2291 contestatione

594 2325 873 2419 probatur.
914 2339 1336 2398 Consideremus
1371 2332 1517 2406 quod
1548 2334 1601 2387 in
1631 2332 1731 2386 hac
1778 2338 1920 2384 terra
1949 2325 2192 2395 hospites

594 2416 803 2503 sumus,
846 2444 901 2491 et
940 2431 1349 2503 peregrinorum
1397 2440 1550 2480 more
1582 2437 1681 2493 pro
1720 2420 1913 2476 diebus
1954 2416 2192 2472 novissi-

598 2531 702 2586 mis
732 2528 1062 2583 habitamus.
1116 2520 1223 2575 Vos
1254 2518 1391 2574 enim
1440 2516 1503 2569 de
1550 2513 1649 2568 hoc
1680 2512 1874 2566 mundo
1922 2526 2024 2563 non
2075 2506 2193 2561 estis

602 2623 783 2693 (toan.
813 2632 913 2683 sv,
939 2615 1054 2683 19),
1073 2612 1272 2667 dicitur
1292 2608 1470 2664 nobis.
1495 2605 1631 2674 Quid
1653 2618 1783 2673 ergo
1811 2602 1865 2656 in
1888 2600 2061 2693 aliena
2084 2608 2195 2651 sat-

598 2692 843 2783 agimus?
870 2708 994 2779 quid
1022 2702 1334 2760 turbamur?
1362 2699 1530 2755 Nemo
1559 2699 1612 2752 in
1654 2692 1913 2750 deteriori
1936 2701 1987 2747 et
2009 2702 2199 2745 estra-

600 2819 701 2860 nea
734 2802 905 2872 patria
940 2799 1059 2869 plus
1082 2796 1232 2867 eligit
1257 2793 1558 2865 possidere,
1583 2806 1741 2861 quam
1771 2789 1825 2843 in
1860 2802 1981 2842 sua.
2006 2786 2083 2842 De
2114 2784 2198 2841 his

602 2903 811 2949 tantum
830 2888 1251 2947 sollicitudinem
1264 2884 1465 2940 habere
1485 2882 1748 2937 debemus
1770 2888 2051 2943 etcuram,
2075 2890 2195 2948 qua:

605 2986 887 3043 nobiscum
912 2980 1209 3037 transferre
1231 2992 1535 3048 possumus.
1554 2973 1811 3031 Ambiant
1832 2985 2042 3028 terrena
2066 2985 2199 3042 gen-

606 3082 747 3149 tiles,
798 3078 997 3149 quibus
1038 3071 1284 3131 caelestia
1323 3085 1429 3125 nou
1473 3067 1759 3123 debentur.
1794 3052 2198 3132 Concupiscant

2290 1868 2441 1937 quasi
2471 1867 2856 1935 servisjurare
2889 1882 2994 1920 non
3028 1866 3179 1931 licet,
3203 1864 3291 1934 qui
3320 1863 3534 1918 Domini
3564 1862 3742 1917 nostri
3770 1862 3880 1930 lege

2286 1960 2469 2030 jurare
2486 1970 2752 2015 vetamur.
2780 1959 2975 2013 Verum
2996 1973 3063 2012 ne
3082 1958 3137 2012 in
3159 1957 3277 2027 ejus
3297 1956 3549 2025 exemplo
3564 1952 3878 2010 scandalum

2292 2054 2558 2123 patiamur
2584 2071 2597 2106 :
2624 2068 2688 2108 ex
2712 2068 2818 2122 quo
2842 2065 3086 2121 tempore
3103 2050 3290 2121 jurare
3314 2065 3414 2106 nos
3431 2049 3624 2117 noluit,
3654 2061 3757 2103 nec
3773 2046 3882 2116 ipse

2288 2143 2513 2213 juravit.
2536 2143 2603 2198 Et
2625 2142 2857 2213 qualiter
2877 2142 3255 2212 dejuramenti
3272 2155 3436 2196 causa
3458 2139 3613 2194 brevi
3631 2152 3882 2195 sermone

2293 2234 2631 2291 satisfactum
2652 2243 2735 2290 est
2760 2253 2773 2289 :
2794 2235 2870 2289 ita
2891 2236 3054 2290 etiam
3076 2234 3143 2289 ad
3164 2233 3415 2289 vindictae
3439 2233 3725 2301 negotium
3749 2229 3886 2286 hunc

2293 2327 2545 2382 eumdem
2569 2341 2790 2382 sensum
2812 2325 2974 2382 facile
2996 2326 3266 2395 prospicis
3286 2340 3443 2394 posse
3465 2323 3722 2380 sufﬁcere
3738 2341 3751 2376 :
3766 2322 3885 2393 quia

2294 2419 2439 2474 aliud
2464 2433 2607 2475 nunc
2625 2430 2836 2487 tempus
2859 2419 3069 2488 gratim,
3094 2418 3146 2471 in
3170 2433 3277 2488 quo
3295 2415 3575 2487 plenitudo
3603 2414 3887 2485 perfectio-

2294 2517 2378 2570 nis
2406 2515 2623 2571 advenit
2660 2533 2673 2569 :
2697 2514 2843 2569 aliud
2872 2513 2976 2568 fuit
3004 2513 3160 2584 legis,
3192 2513 3338 2567 aliud
3366 2512 3780 2581 prophetarum,
3813 2509 3889 2564 di-

2295 2616 2456 2663 cente
2505 2608 2735 2663 Domino
2787 2624 2801 2661 :
2852 2608 3091 2661 Audistis
3138 2607 3260 2677 quia
3307 2605 3500 2659 dictum
3550 2613 3624 2657 est
3669 2602 3890 2673 antiquis

2296 2701 2515 2772 (Matth.
2540 2717 2593 2769 v,
2617 2700 2733 2770 2i),
2755 2715 2822 2756 ne
2848 2699 3161 2755 occiderent
3193 2716 3207 2754 :
3232 2713 3336 2768 ego
3356 2707 3535 2752 autem
3568 2695 3890 2766 perfectiora

2299 2795 2578 2867 praecipio,
2621 2811 2739 2863 qum
2770 2795 2825 2849 in
2857 2792 3051 2849 ordine
3080 2792 3362 2862 Evangelii
3403 2790 3607 2861 digesta
3642 2803 3746 2845 suo
3777 2789 3891 2844 loco

2298 2890 2471 2945 leCtor
2502 2888 2761 2945 inveniet.
2783 2888 2863 2944 Ex
2892 2903 3001 2958 quo
3032 2886 3176 2942 enim
3206 2885 3381 2941 Filius
3407 2884 3529 2949 Dei,
3554 2883 3697 2938 filius
3726 2882 3895 2938 homi-

2300 2982 2385 3035 nis
2420 2983 2593 3036 factus
2641 2990 2769 3036 est:
2811 2996 2876 3035 ex
2928 2994 3037 3049 quo
3078 2989 3236 3035 vetus
3282 2977 3607 3034 fermentum
3654 2976 3893 3032 iudaice:

2302 3071 2609 3128 traditionis
2629 3070 2932 3127 estfactum
2957 3086 3096 3125 nova
3119 3069 3437 3140 conspersio
3467 3086 3480 3122 :
3509 3084 3575 3123 ex
3596 3082 3707 3138 quo
3728 3082 3893 3138 agnus

603 3171 915 3244 praesentia,
944 3166 1039 3239 qui
1071 3168 1247 3220 futura
1277 3176 1385 3217 non
1415 3158 1666 3215 credunt.
1704 3154 2030 3211 Christianis
2060 3152 2189 3209 divi-

2303 3182 2410 3222 non
2438 3166 2494 3221 in
2525 3164 2711 3236 figura,
2743 3165 2837 3220 sed
2868 3165 2919 3219 in
2943 3165 3172 3221 veritate
3200 3162 3505 3219 comeditur
3532 3179 3545 3215 :
3575 3176 3642 3217 ex
3667 3177 3780 3231 quo
3812 3178 3893 3216 se-

605 3265 694 3320 tiat
722 3270 780 3318 et
805 3258 1117 3324 hzereditas,
1155 3258 1226 3313 sit
1253 3254 1508 3310 divinitas
1536 3249 1761 3305 Christi.
1796 3246 1907 3303 Nec
1931 3247 2074 3302 enim
2102 3246 2199 3302 de-

606 3358 733 3412 bent
760 3368 902 3426 aegre
928 3352 1092 3416 ferre,
1122 3347 1279 3421 quasi
1311 3346 1491 3402 minus
1518 3360 1546 3397 a
1577 3344 1791 3400 caeteris
1824 3340 2077 3405 habeant,
2106 3340 2197 3410 qui

603 3456 881 3502 auctorem
913 3443 1155 3499 omnium
1201 3444 1588 3510 perceperunt.
1632 3435 1913 3502 Superest,
1944 3439 2003 3486 ut
2037 3446 2197 3486 acce-

608 3550 756 3610 ptum
791 3539 843 3593 in
873 3537 1040 3594 corde
1074 3535 1246 3591 Deum
1287 3534 1559 3587 honorent
1600 3528 1899 3599 obsequiis,
1942 3526 2199 3597 operibus

605 3636 807 3701 colant,
831 3646 1083 3688 sermone
1110 3643 1328 3699 semper
1358 3637 1413 3683 et
1440 3625 1771 3696 cogitatiOue
1793 3622 2069 3679 fateantur
2102 3641 2115 3676 :
2142 3631 2200 3679 ut

610 3729 663 3783 in
696 3724 929 3780 adventu
957 3723 1095 3792 ejus,
1129 3736 1237 3776 non
1270 3734 1397 3775 cum
1436 3717 1851 3774 contumacibus
1882 3724 1938 3772 et
1961 3724 2201 3771 contem-

608 3818 854 3890 ptorihns
881 3815 1194 3885 puniantur,
1218 3810 1315 3866 sed
1339 3824 1463 3865 cum
1490 3810 1692 3863 sanctis
1717 3817 1772 3861 et
1800 3808 1967 3863 Deum
2003 3807 2199 3862 timen-

612 3912 756 3967 tibus
801 3916 1151 3965 cnronentur.
1190 3905 1303 3960 Hoc
1345 3917 1478 3958 sane
1514 3902 1854 3972 prudentiam
1891 3912 2035 3955 tuam
2079 3915 2201 3970 pre-

606 4020 725 4071 cor,
758 4017 827 4059 ne
856 4017 942 4056 me
971 4011 1124 4071 putes
1153 3998 1269 4053 haec
1291 3994 1698 4067 superstitionis
1719 3993 1950 4064 alicujus
1977 4009 2201 4064 persua-

604 4098 756 4154 sione
794 4095 1046 4152 dictasse.
1096 4092 1208 4160 ngo
1248 4099 1298 4146 te
1326 4088 1694 4146 Christianum
1735 4088 1859 4143 volo
1901 4102 2044 4152 esse,
2091 4102 2199 4141 non

612 4187 942 4246 monachum
985 4184 1115 4251 dici,
1144 4193 1201 4239 et
1237 4182 1491 4238 virtutem
1522 4180 1759 4251 propria:
1808 4178 1981 4233 laudis
2020 4177 2197 4249 possi-

604 4284 740 4337 dere
770 4280 940 4348 magis
979 4291 1137 4347 quam
1184 4290 1388 4331 nomen
1432 4275 1692 4330 alienum.
1727 4271 1881 4341 Quod
1923 4260 2126 4328 frusira
2167 4285 2198 4327 a

604 4372 811 4428 Latinis
856 4372 909 4426 in
943 4371 1095 4427 turba
1140 4368 1617 4425 commorantihus
1659 4367 1976 4437 imponitur,
2018 4382 2138 4421 cum
2166 4380 2199 4421 a

606 4467 810 4522 ,ἐι-ποις
838 4464 1078 4520 solitarie
1109 4462 1419 4517 viventibus
1464 4461 1704 4530 legitime
1748 4461 2055 4531 deputetur.
2088 4460 2196 4514 Ac-

602 4560 723 4628 cipe
751 4572 902 4627 ergo,
945 4557 1041 4621 liii,
1076 4570 1387 4611 sermonem
1428 4562 1698 4619 nostrum,
1744 4567 1807 4607 ea
1845 4551 2195 4622 simplicitate
2222 4540 2277 4603 Ῑ)

600 4660 658 4705 et
683 4650 909 4705 veritate
936 4662 1038 4719 qua
1066 4646 1305 4701 diximus
1341 4663 1352 4699 :
1385 4644 1514 4715 quia
1553 4658 1659 4698 non
1692 4643 1990 4713 quaerimus
2020 4642 2197 4697 homi-

604 4762 731 4801 num
754 4744 1006 4816 gloriam,
1037 4742 1182 4797 Deus
1217 4740 1369 4797 testis
1401 4756 1415 4795 :
1448 4754 1548 4794 nec
1586 4737 1652 4792 ad
1681 4738 1787 4792 hoc
1818 4737 2104 4805 loquimur,
2137 4746 2196 4791 ut

603 4841 866 4896 humanas
894 4834 1161 4892 amicitias
1187 4848 1544 4903 aucupemur,
1582 4847 1649 4887 ne
1678 4838 1881 4885 nostra:
1921 4830 2191 4885 adulatio.

600 4938 680 4988 nis
708 4948 980 4998 sermone,
1012 4938 1069 4986 et
1090 4944 1188 4984 nos
1217 4936 1272 4984 et
1300 4928 1436 4981 alios
1463 4925 1801 4996 decipiamus
1826 4943 1840 4979 :
1876 4939 1976 4981 nec
2003 4934 2060 4979 ut
2092 4939 2192 4979 nos

596 5025 736 5094 apud
767 5024 1012 5078 homines
1054 5020 1256 5092 aliquid
1293 5018 1595 5085 videamur,
1624 5018 1721 5074 sed
1749 5026 1805 5073 ut
1834 5018 1976 5088 apud
2004 5017 2188 5085 ,Deum

596 5118 847 5171 homines
870 5129 1062 5185 magna
1090 5121 1421 5169 mercantur.

662 5209 730 5265 Χ.
765 5208 842 5264 De
886 5206 1280 5277 quaestionibus
1327 5218 1506 5264 autem
1538 5208 1666 5271 tuis,
1711 5215 1768 5260 ut
1815 5219 1949 5275 pace
1977 5213 2063 5259 tua
2102 5204 2185 5258 Ιο-

588 5318 746 5374 quar,
770 5301 893 5368 quia
919 5298 1279 5355 turbulentius
1322 5298 1687 5369 proponebas,
1725 5311 1826 5366 ego
1866 5295 2186 5364 simpliciter

584 5392 920 5464 respondero
962 5389 1237 5456 nolebam,
1285 5388 1411 5459 quia
1451 5388 1671 5446 bellanti
1712 5387 1991 5442 dexteram
2036 5387 2182 5456 pacis

582 5489 714 5543 dare
737 5500 844 5542 Iron
871 5495 1118 5556 poteram
1148 5501 1161 5536 :
1189 5482 1314 5538 licet
1334 5484 1501 5539 etiam
1527 5491 1917 5555 praeposterum
1948 5479 2086 5536 forte
2109 5484 2186 5537 vi-

580 5584 797 5641 deatur,
828 5577 953 5631 inde
980 5575 1183 5646 aliquid
1217 5577 1270 5630 in
1310 5576 1419 5631 fine
1449 5578 1691 5645 epistola:
1719 5585 2039 5632 retractare.
2073 5573 2181 5631 Sed

583 5672 841 5743 quoniam
886 5670 1027 5737 apud
1066 5670 1403 5725 Christianos
1447 5686 1552 5725 non
1596 5680 1701 5725 tam
1732 5670 1868 5725 ordo
1898 5667 2176 5739 quaeritur,

584 5776 745 5838 quam
770 5759 1066 5831 profectus,
1096 5768 1263 5827 pauca
1292 5774 1414 5829 quae
1437 5758 1531 5817 tibi
1554 5772 1681 5818 reor
1702 5762 1820 5817 fore
1842 5759 2176 5831 necessaria,

2299 3259 2534 3315 cundum
2566 3258 2908 3329 Apostolum,
2940 3269 3109 3314 vetera
3140 3258 3483 3325 transierunt,
3523 3262 3572 3308 et
3600 3256 3751 3329 facta
3775 3265 3894 3309 sunt

2299 3356 2475 3409 omnia
2514 3372 2645 3409 nova
2675 3354 2750 3424 (II
2776 3352 2896 3409 Cor.
2927 3371 2982 3420 v,
3011 3354 3101 3423 i7)
3130 3372 3144 3411 :
3176 3369 3245 3409 ex
3275 3367 3381 3422 quo
3402 3352 3612 3421 jussum
3638 3358 3727 3406 est
3757 3349 3893 3403 ima-

2298 3447 2478 3518 ginem
2503 3447 2703 3502 terreni
2726 3445 2959 3501 hominis
2977 3446 3270 3516 deponere,
3283 3454 3333 3500 et
3358 3456 3638 3497 assumere
3662 3440 3893 3495 formant

2299 3543 2539 3598 ccclesiis
2592 3559 2605 3596 :
2647 3558 2713 3597 ex
2752 3556 2818 3597 eo
2848 3540 3170 3596 commortui
3216 3539 3482 3605 vivimus,
3516 3547 3571 3592 et
3600 3536 3896 3592 virtutibus

2298 3634 2740 3691 consurreximus
2768 3633 2819 3687 in
2850 3632 3089 3687 Christo.

2436 3747 2744 3805 MONITUM
2784 3746 2850 3802 IN
2890 3745 3281 3803 EPISTOLAM
3321 3742 3769 3813 SEQUENTEM.

2376 3861 2521 3928 Non,
2553 3871 2606 3915 ut
2632 3860 2782 3929 vulgo
2824 3862 3071 3926 creditur,
3114 3859 3332 3930 epistola
3367 3858 3475 3913 hau:
3513 3868 3607 3920 est,
3638 3859 3733 3910 sed
3764 3857 3897 3911 affo-

2300 3935 2500 4004 quentia
2532 3936 2582 3985 in
2618 3930 2849 3985 Ecclesia
2880 3935 3129 3999 populum
3169 3931 3422 4004 llontilia,
3468 3946 3557 3983 seu
3588 3938 3848 3983 tractatus
3880 3946 3896 3982 :

2300 4001 2443 4075 quod
2471 4019 2631 4057 unum
2660 4005 2928 4125 manilcsto
2959 4004 3163 4063 evincit,
3210 4001 3589 4072 Hieronymum
3620 4010 3897 4055 auctorem

2302 4093 2403 4125 non
2432 4074 2631 4125 lmbare.
2664 4072 2771 4125 Illu
2838 4090 2953 4125 vero
2982 4084 3087 4125 tum
3116 4091 3177 4125 ex.
3208 4073 3490 4125 continenti
3532 4071 3789 4123 orationis
3821 4089 3897 4124 se-

2302 4071 2403 4129 non
2432 4074 2631 4128 ltllbt’i‘e.
2664 4071 2810 4128 Illud
2838 4090 2953 4127 vero
2982 4084 3087 4127 tum
3116 4091 3177 4126 ex.
3208 4073 3490 4127 continenti
3532 4071 3789 4123 orationis
3821 4089 3898 4124 se-

2303 4147 2395 4209 rie,
2439 4163 2554 4198 cum
2586 4147 2839 4215 pra’cipne
2878 4162 2939 4198 er
2963 4146 3040 4197 Itis
3065 4163 3178 4215 cap.
3218 4145 3273 4197 II
3314 4144 3473 4213 liquet
3504 4142 3708 4215 :“Istius
3747 4143 3897 4195 modi

2302 4213 2595 4284 disputatio
2638 4218 2688 4271 in
2721 4217 2925 4281 psalmo
2958 4213 3365 4285 nuper'incidit,
3412 4224 3464 4268 et
3504 4213 3707 4268 dietunt
3750 4224 3837 4267 est
3870 4230 3896 4264 ιι

2306 4290 2478 4350 nobis,
2527 4288 2799 4356 quomodo
2845 4286 2986 4341 Deus
3026 4286 3275 4339 eduxerit
3324 4286 3491 4340 nubes
3535 4286 3603 4338 ab
3640 4294 3899 4337 extremo

2305 4368 2463 4414 terra:
2491 4376 2505 4417 :
2538 4358 2678 4428 quod
2710 4358 2925 4423 quidem
2956 4372 3097 4428 nunc
3119 4357 3361 4422 cogimur
3386 4371 3599 4410 rursum
3628 4364 3823 4409 tracta:
3842 4370 3896 4417 e,

2304 4438 2361 4483 ut
2389 4440 2442 4483 et
2470 4430 2520 4482 bi
2548 4427 2635 4498 qui
2660 4430 2969 4499 audierunt,
2998 4427 3308 4499 plenissime
3338 4442 3667 4499 eorumnum
3688 4428 3896 4489 sciunt,

2304 4495 2722 4555 reminiscantur
2754 4517 2766 4554 :
2810 4507 2866 4553 et
2894 4498 2945 4551 Ιιί
2978 4495 3066 4568 qui
3104 4507 3194 4551 aut
3236 4513 3339 4552 non
3383 4495 3768 4559 interfuerunt,
3804 4507 3898 4551 aut

2302 4573 2450 4625 nbliti
2500 4579 2645 4635 sunt,
2694 4578 3007 4625 contextum
3047 4572 3313 4623 sermonis
3359 4578 3680 4639 agnoscant,
3728 4584 3897 4635 quem

2300 4657 2441 4697 nunc
2468 4650 2623 4708 prout
2654 4643 2941 4707 valuimus,
2990 4641 3358 4695 exhibuimus.
3396 4639 3652 4705 Equidem
3680 4647 3896 4705 auctor,

2297 4716 2527 4784 quisquis
2554 4712 2646 4766 ille
2690 4713 2865 4781 fuerit.
2913 4711 3201 4784 aequiorum
3242 4722 3374 4784 certe
3412 4712 3565 4781 longo
3606 4709 3899 4784 interuallo

2300 4779 2601 4852 temporum,
2633 4779 2869 4852 quantam
2916 4782 3135 4836 subinde
3163 4797 3225 4835 ea:
3265 4779 3583 4852 Hieronymo
3613 4779 3896 4852 delibauit,

2298 4863 2351 4907 ut
2377 4851 2451 4909 est
2482 4853 2614 4907 illud
2647 4851 2720 4907 de
2758 4853 2890 4909 orbe
2927 4862 3215 4915 terrarum,
3262 4853 3352 4923 qui
3392 4851 3580 4923 Graece
3612 4851 3898 4917 οἰκουμένη

2299 4934 2655 4994 nuncupatur,
2690 4924 2743 4979 id
2785 4934 2890 4987 est,
2931 4923 3227 4994 inhabitata
3261 4922 3351 4977 :et
3383 4922 3523 4991 quod
3556 4925 3899 4991 consequitur

2298 4998 2361 5050 de
2388 4992 2579 5063 Dauid,
2613 4998 2664 5050 itt
2700 4994 2906 5066 psalmo
2949 4992 3311 5050 confessionis
3356 5003 3465 5048 tres
3495 4995 3727 5066 spiritus
3764 5008 3900 5066 ρης-

2298 5066 2523 5132 tulante,
2559 5061 2767 5119 totidem
2810 5068 2913 5133 fere
2960 5066 3123 5119 verbis
3162 5082 3224 5118 ea:
3254 5064 3619 5118 commentario
3657 5064 3719 5136 in,
3758 5061 3897 5136 Epi-

2290 5141 2475 5193 stolam
2532 5137 2600 5191 ad
2641 5132 2853 5192 Galatas
2894 5154 3007 5208 cap.
3070 5152 3133 5197 v,
3193 5136 3259 5199 6,
3308 5150 3627 5208 expressum.
3679 5132 3896 5208 Caetera

2290 5210 2430 5276 quod
2459 5219 2503 5261 et
2537 5209 2754 5261 Erasmo
2782 5203 3013 5261 notatum
3034 5218 3131 5272 est,
3163 5223 3230 5260 ne
3262 5207 3425 5274 pilum
3450 5204 3659 5273 quidem
3690 5203 3900 5259 Hiero-

2288 5282 2544 5405 rﬁ‘miaua:
2567 5281 2808 5334 dictionis
2834 5278 3004 5343 habet,
3040 5294 3130 5332 nec
3163 5280 3324 5332 ullum
3355 5276 3627 5347 uestigium
3662 5278 3901 5347 pectoris

2288 5368 2300 5403 ι
2348 5368 2448 5405 ius.

2286 5368 2448 5405 imus.

2829 5442 3167 5499 EPISTULA
3200 5440 3334 5497 VIII.

2788 5551 2865 5607 De
2892 5555 3056 5609 tribus
3081 5554 3372 5608 virtutibus.

2355 5666 2395 5722 Ι.
2438 5665 2574 5722 Tres
2611 5666 3011 5737 quodammodo
3039 5668 3265 5725 virtutes
3296 5665 3389 5724 Dei
3416 5678 3709 5723 assumens
3741 5668 3899 5727 Pro-

2283 5761 2465 5834 pheta,
2499 5761 2895 5835 fortitudinem,
2926 5762 3272 5836 sapientiam,
3302 5768 3465 5832 atquc
3495 5757 3900 5835 prudentiam,
