3998 6198
145 204 247 261 U7

1074 200 1410 260 EPISTOLA
1453 197 1587 257 Vlll.
1625 200 1715 258 DE
1753 199 2007 260 TRIBUS
2045 194 2489 258 VIRTUTIBUS.

3332 198 3437 256 M8

143 318 434 391 unicuique
470 335 661 377 earum
700 321 920 393 propria
960 332 1123 391 opera
1160 318 1459 375 distribuit.
1492 314 1727 373 Fortitu-
1756 318 1807 379 Α
1832 332 2014 373 rarum
2035 358 2049 381 ,
2097 324 2151 371 et
2204 315 2406 386 indiget
2436 312 2718 370 erectione
2740 351 2755 377 ,
2800 319 2863 367 ut
2908 313 2961 366 in
2988 310 3210 368 Christo
3236 322 3429 368 omnes

143 410 253 466 dini
296 421 524 477 terram,
564 413 844 483 sapientia:
883 412 1070 468 orbem
1105 421 1399 477 terrarum,
1429 408 1736 480 prudentiae

143 505 359 561 eteium.
390 504 530 560 Audi
564 507 765 575 quippe
795 506 1093 576 Scriptura:
1120 504 1369 561 ordinem
1415 521 1429 557 :
1481 502 1737 556 Dominus

141 598 225 667 qui
252 598 377 669 fecit
404 608 597 652 terram
627 600 678 653 in
708 600 1014 668 fortitudine
1043 616 1161 661 sua,
1203 606 1250 651 et
1280 598 1444 653 erexit
1485 594 1656 649 orbem
1684 595 1751 648 in

141 692 399 760 sapientia
441 708 539 747 sua
562 734 576 757 ,
627 703 675 748 et
713 693 995 764 prudentia
1035 691 1260 747 extendit
1293 691 1497 745 caelum.
1533 687 1601 742 Et
1640 700 1738 741 nos

139 786 300 856 igitur
328 786 379 840 in
424 797 609 842 nostra
640 795 793 843 terra
836 788 1063 861 (dictum
1093 798 1175 843 est
1206 786 1403 856 quippe
1446 784 1511 838 ad
1545 782 1739 848 Adam,

140 875 292 949 [Gem
331 892 409 941 nt,
438 876 528 949 i9]
551 888 690 932 terra
717 878 817 949 es),
852 879 1218 935 necessariam
1245 878 1507 932 habemus
1527 875 1742 930 fortitu-

137 969 323 1025 dinem
356 971 477 1037 Dei’,
511 971 638 1042 quia
671 972 878 1042 absque
918 987 981 1026 ea
1013 970 1353 1042 impossibile
1389 978 1472 1025 est
1501 967 1657 1023 nobis
1687 966 1739 1021 id

135 1062 410 1132 exsequi,
454 1063 594 1133 quod
627 1064 776 1118 carni
807 1072 1092 1133 repugnat.
1124 1060 1256 1115 Cum
1285 1067 1465 1113 autem
1510 1057 1737 1111 mortifi-

132 1164 260 1209 cata
312 1154 520 1211 fuerint
565 1155 811 1210 membra
862 1168 1028 1223 super
1078 1162 1312 1216 terram,
1368 1158 1495 1203 tunc
1544 1154 1737 1217 parcnt

133 1248 366 1317 spiritus
408 1248 695 1302 voluntati.
731 1247 1009 1317 Siquidem
1045 1246 1196 1314 juxta
1238 1242 1574 1310 Apostolum,
1609 1239 1737 1309 Spi-

134 1342 235 1394 ritu
268 1349 415 1411 gesta
440 1342 614 1394 carnis
642 1340 1023 1407 mortificamur
1054 1338 1229 1408 (Rom.
1258 1334 1513 1403 "11,15):
1538 1332 1729 1387 Domi-

135 1448 237 1487 nus
265 1442 447 1486 autem
481 1430 609 1485 fecit
639 1441 838 1485 terram
872 1430 925 1483 in
958 1425 1273 1483 fortitudine
1304 1438 1424 1480 sua.
1452 1423 1507 1478 Si
1546 1433 1729 1478 autem

136 1524 201 1579 ad
226 1523 367 1578 bane
397 1531 601 1578 terram
624 1522 833 1585 venias,
869 1530 922 1576 et
944 1518 1262 1575 consideres
1292 1516 1345 1571 id
1376 1512 1520 1586 quod
1550 1516 1603 1569 in
1627 1514 1730 1569 Job

134 1618 397 1687 scriptum
426 1624 511 1673 est
538 1614 682 1687 (Job.
706 1613 875 1685 χιιι),
900 1613 1049 1682 juxta
1080 1610 1523 1667 emendatissima
1546 1617 1728 1661 tamen

1834 408 2191 464 vivificemur.
2241 405 2408 475 Igitur
2453 405 2723 475 duplicem
2785 402 3117 458 intellectum
3167 405 3239 459 de
3290 404 3425 459 orbe

1839 500 2179 557 tradidimus.
2228 498 2439 566 Unum,
2475 496 2747 566 quomodo
2794 495 3022 565 singula:
3070 495 3301 560 animaz,
3334 503 3428 549 aut

1837 594 2155 650 inhabitatte
2195 592 2341 658 sint,
2388 600 2480 646 aut
2506 591 2737 645 deterta:
2784 607 2798 643 :
2845 588 3108 653 alterum,
3155 587 3427 656 quomodo

1839 688 2124 742 universus
2145 685 2291 739 orbis
2319 684 2520 753 pariter
2543 680 2833 737 ceciderit:
2858 689 2913 735 et
2940 682 2992 735 in
3016 695 3113 734 sua
3139 675 3427 749 prudentli

1839 779 2084 834 extendit
2110 774 2327 833 coelum.
2359 776 2476 831 Non
2510 774 2730 829 fortuito
2757 772 3044 843 prudentia
3083 773 3135 827 in
3165 773 3299 828 caeli
3332 790 3427 828 ex-

1840 870 2093 925 tensione
2136 877 2416 938 aSSumpta
2464 876 2568 922 est.
2622 864 2867 920 invenies
2914 874 2968 919 et
3013 864 3067 918 in
3119 864 3429 919 Proverbiis

1841 963 2043 1018 dictum
2075 978 2088 1015 :
2120 959 2371 1013 Dominus
2401 960 2661 1028 sapientia
2697 956 2937 1028 fundavit
2976 966 3190 1021 terram,
3234 972 3435 1026 prmpa-

1838 1056 1969 1107 ravit
1988 1062 2156 1106 autem
2174 1054 2326 1105 caelos
2347 1050 2629 1117 prudentia
2667 1048 2868 1119 (Prov.
2902 1064 2984 1115 tu,
3019 1048 3142 1117 19).
3178 1048 3276 1102 Est
3305 1063 3431 1117 ergo

1835 1146 2013 1214 aliqua
2044 1142 2327 1212 prudentia
2360 1142 2477 1206 Dei,
2516 1156 2677 1211 quam
2719 1142 2846 1195 nolo
2876 1154 2934 1195 ut
2972 1151 3128 1196 extra
3160 1140 3433 1196 Christum

1835 1235 2099 1305 requiras.
2134 1234 2325 1288 Omnia
2354 1234 2556 1303 quippe
2588 1248 2709 1300 qua:
2739 1233 2831 1287 Dei
2862 1242 3007 1299 sunt,
3040 1231 3290 1287 Christus
3330 1241 3435 1287 est.

1834 1326 1955 1396 Ipse
1985 1326 2251 1395 sapientia
2278 1324 2419 1394 ejus,
2455 1324 2569 1391 ipse
2595 1321 2860 1377 fortitudo
2891 1322 3031 1391 ejus,
3062 1324 3178 1391 ipse
3198 1323 3432 1391 justitia,

1834 1420 1954 1488 ipse
2004 1418 2264 1474 sanctitas
2310 1427 2366 1472 et
2410 1416 2737 1485 redemptio,
2791 1414 2906 1484 ipse
2964 1414 3061 1483 (ut
3091 1416 3159 1468 ad
3193 1430 3435 1481 praesens

1834 1511 2071 1580 veniam)
2105 1514 2270 1565 etiam
2305 1508 2612 1578 prudentia.
2648 1506 2756 1562 Sed
2788 1521 2909 1560 cum
2941 1505 3011 1560 sit
3041 1505 3184 1560 idem
3217 1506 3268 1559 in
3300 1506 3431 1558 sub-

1832 1602 2055 1672 jacenti,
2091 1616 2187 1670 pro
2218 1600 2481 1655 varietate
2528 1613 2811 1664 sensuum,
2862 1598 3096 1652 diversis
3152 1597 3427 1652 vocabulis

141 1709 495 1778 exemplaria,
528 1704 807 1778 quomodo
834 1704 1089 1761 statuerit
1119 1718 1238 1757 eam
1268 1715 1436 1768 super
1474 1696 1726 1761 nihilum,
1761 1694 1810 1754 B
1838 1707 2200 1769 nuncupatur.
2235 1697 2396 1753 Aliud
2427 1698 2698 1767 significat
2728 1697 3022 1767 sapientia,
3072 1696 3220 1752 aliud
3266 1694 3428 1765 justi-

138 1802 385 1857 invenies
414 1798 791 1854 fortitudinem
822 1796 917 1852 Dei
934 1797 1002 1857 ,in
1031 1793 1321 1849 medietate
1343 1790 1529 1847 mundi
1570 1799 1733 1843 terra:

137 1893 335 1950 libram
365 1893 666 1947 sustinere.
700 1889 929 1945 Veniam
957 1901 1089 1958 ergo
1126 1886 1193 1940 ad
1221 1886 1409 1939 orbem
1440 1893 1731 1946 terrarum,

136 1987 227 2056 qui
269 1984 462 2041 Graece
498 1985 765 2056 οἰκουμένη
814 1990 1158 2048 nuncupatur
1183 2021 1198 2045 ,
1236 1975 1289 2029 id
1348 1982 1470 2039 est,
1526 1969 1731 2025 inhabi-

138 2085 266 2128 tata.
317 2074 446 2130 Scio
476 2072 715 2127 animam
747 2068 1126 2132 inhabitatum,
1181 2063 1296 2119 scio
1340 2062 1641 2116 desertam.
1679 2057 1737 2114 Si

138 2168 279 2223 enim
315 2179 424 2221 non
456 2164 621 2219 habet
650 2163 816 2218 Deum
845 2160 1059 2215 Patrem
1088 2174 1103 2212 :
1128 2158 1175 2211 si
1208 2171 1314 2211 non
1345 2154 1511 2208 habet
1536 2151 1734 2208 Filium

136 2260 413 2314 dicentem
441 2273 456 2311 :
486 2272 577 2326 ego
609 2264 658 2309 et
682 2253 847 2307 Pater
874 2251 1128 2306 veniemus
1154 2248 1223 2301 ad
1259 2263 1396 2312 eum,
1422 2256 1470 2299 et
1498 2245 1734 2298 mansio-

139 2371 253 2409 nem
292 2351 437 2419 apud
475 2365 593 2405 eum
633 2349 882 2421 faciemus
910 2344 1090 2416 (Joan.
1120 2357 1230 2409 xtv,
1265 2340 1391 2405 25):
1422 2341 1468 2395 si
1499 2354 1607 2393 non
1640 2338 1734 2391 ha-

136 2448 225 2502 bet
250 2446 521 2515 Spiritum
563 2450 834 2503 sanctum,
877 2438 1059 2492 anima
1099 2435 1319 2489 deserta
1342 2442 1447 2488 est.
1483 2431 1735 2486 Habitata

138 2550 319 2594 autem
374 2546 480 2601 est,
532 2534 747 2605 quando
783 2533 941 2603 plena
975 2540 1058 2586 est
1104 2529 1218 2583 Deo
1270 2526 1462 2594 Patre,
1516 2524 1735 2595 quando

140 2630 303 2687 habet
335 2630 613 2686 Chrisutm
642 2626 838 2682 Filium
866 2634 921 2681 et
940 2624 1207 2693 Spiritum
1236 2631 1503 2679 sanctum.
1530 2619 1731 2674 Verum

142 2724 256 2778 haec
286 2722 606 2777 diﬂ‘erenter
646 2728 702 2774 et
732 2718 878 2772 varie
922 2717 973 2771 in
1004 2716 1300 2786 Scripturis
1330 2713 1586 2769 dicuntur
1621 2727 1635 2766 :
1680 2711 1735 2766 in

140 2816 316 2870 anima
351 2812 597 2868 hominis
626 2811 842 2866 Patrem
887 2819 941 2863 et
976 2808 1173 2863 Filium
1216 2816 1269 2862 et
1300 2805 1561 2876 Spiritum
1601 2818 1734 2859 san-

142 2916 283 2961 (tum
315 2904 673 2961 commorari.
721 2902 851 2957 Nam
880 2908 936 2957 et
979 2898 1146 2953 David
1193 2898 1243 2952 in
1285 2898 1493 2967 psalmo
1522 2895 1736 2950 confes—

139 3000 309 3055 sionis
343 3011 459 3053 tres
490 2996 717 3067 Spiritus
751 2995 1008 3063 postulat,
1048 2993 1274 3047 dicens:
1306 2990 1509 3060 Spiritu
1541 2988 1738 3060 princi-

1837 1791 1931 1844 tia.
1974 1789 2206 1855 Quando
2250 1788 2392 1842 enim
2447 1789 2713 1856 sapientia
2766 1786 2983 1855 dicitur,
3040 1784 3339 1857 disciplinis
3373 1793 3425 1837 te

1837 1880 2146 1935 divinarutu
2188 1878 2655 1946 humanarumque
2706 1893 2887 1933 rerum
2917 1877 3169 1932 instituit.
3203 1875 3429 1943 Quando

1832 1972 2065 2043 juStitia,
2101 1970 2423 2026 distributor
2447 1980 2502 2023 et
2524 1969 2687 2037 judex
2715 1969 3035 2023 meritorum
3069 1969 3425 2039 significatur.

1838 2065 2063 2134 Quando
2093 2064 2377 2127 sanctitas,
2412 2062 2502 2116 illa
2531 2062 2708 2116 virtus
2754 2060 3101 2125 describitur,
3142 2076 3266 2130 qua:
3312 2075 3430 2115 cre-

1837 2157 2032 2211 dentes
2062 2154 2196 2222 Deo,
2226 2152 2392 2209 efﬁcit
2421 2164 2659 2207 sanctos.
2692 2152 2765 2205 ita
2797 2166 2927 2222 ergo
2952 2162 3003 2207 et
3034 2153 3165 2206 mihi
3200 2152 3435 2221 pruden-

1840 2251 1966 2306 tiam
1995 2249 2113 2318 ejus
2146 2247 2390 2318 iutellige
2418 2264 2428 2300 :
2454 2261 2574 2301 cum
2605 2246 2855 2301 doctrina
2881 2253 2985 2311 est,
3013 2255 3065 2300 et
3092 2246 3433 2300 demonstra-

1839 2345 1914 2398 tio
1947 2343 2229 2404 bonarum,
2262 2350 2353 2395 aut
2385 2342 2651 2395 malarum
2684 2355 2887 2405 rerum,
2923 2341 3037 2394 sive
3070 2352 3387 2394 neutrorum
3415 2354 3428 2392 :

1837 2448 1996 2506 atque
2047 2436 2098 2489 in
2130 2434 2275 2488 hunc
2308 2435 2525 2487 modum
2560 2433 2876 2488 extendisse
2915 2448 3059 2487 nunc
3090 2432 3291 2487 dicitur
3324 2446 3434 2487 cae-

1837 2528 1948 2581 lum
1981 2528 2031 2581 in
2063 2525 2350 2596 prudentia
2382 2512 2499 2578 sua.
2546 2523 2835 2591 Quomodo
2882 2532 3060 2579 autem
3104 2523 3437 2579 extendatur

1837 2620 2055 2681 caelum,
2108 2616 2442 2670 extendente
2496 2614 2547 2668 id
2599 2615 2925 2683 prudentia,
2976 2614 3428 2683 auditquoniam

1836 2725 1943 2765 non
1972 2708 2216 2764 extendit
2244 2707 2407 2761 verba
2450 2720 2557 2761 non
2598 2706 2949 2760 attendentis.
2982 2705 3192 2760 Asserit
3230 2706 3433 2775 quippe

1836 2800 2215 2857 extensionem
2244 2798 2532 2869 quamdam
2565 2811 2686 2851 esse
2733 2798 3023 2851 verborum
3068 2797 3341 2863 similiter,
3373 2805 3436 2851 ut

1838 2907 1982 2947 nunc
2006 2890 2202 2947 dicitur
2226 2891 2346 2945 cudi
2368 2906 2380 2942 :
2401 2890 2552 2959 juxta
2586 2890 2717 2945 illud
2750 2888 2892 2959 quod
2924 2888 2977 2943 in
3009 2889 3115 2942 alio
3150 2890 3269 2944 loco
3296 2889 3434 2943 scri-

1842 2998 1989 3058 ptum
2016 2996 2139 3041 est:
2172 2986 2274 3053 Qui
2296 2985 2523 3039 extendit
2552 2985 2736 3038 coelum
2755 2995 2807 3037 ut
2839 2982 3025 3053 pellem
3058 2983 3177 3052 (Ps.
3205 2999 3315 3046 cm,
3348 2982 3427 3053 2).

142 3091 247 3160 puli
278 3091 532 3161 conﬁrma
563 3105 673 3142 me:
698 3086 936 3156 spiritum
980 3092 1175 3138 rectum
1204 3083 1395 3136 innova
1423 3082 1477 3134 in
1522 3078 1734 3133 uisceri-
1764 3069 1810 3131 C
1843 3080 2170 3137 Extenditur
2201 3089 2382 3133 autem
2412 3086 2466 3135 et
2491 3079 2673 3133 anima
2702 3088 2909 3143 nostra,
2934 3090 3054 3147 quae
3084 3078 3234 3146 prius
3258 3076 3437 3130 fuerat

140 3185 230 3236 bus
278 3182 408 3235 meis
448 3196 466 3233 :
506 3180 747 3249 spiritum
792 3185 1029 3230 sanctum
1070 3183 1217 3227 tuum
1253 3188 1315 3226 ne
1349 3172 1560 3242 auferas
1601 3184 1634 3223 a
1658 3185 1741 3223 me

139 3273 321 3343 (Psal.
364 3289 426 3337 ι,
457 3270 562 3343 i2).
595 3269 697 3338 Qui
728 3276 857 3324 sunt
888 3266 979 3321 isti
1011 3275 1123 3321 tres
1158 3263 1421 3333 spiritus?
1454 3262 1739 3331 Principa-

140 3368 209 3423 lis
230 3366 485 3434 spiritus,
514 3364 675 3418 Pater
701 3373 817 3417 est:
840 3370 1021 3416 rectus
1049 3358 1299 3429 spiritus,
1324 3355 1575 3411 Christus
1606 3362 1694 3408 est
1722 3370 1734 3406 :

140 3461 374 3531 spiritus
421 3466 645 3513 sanctus
663 3498 691 3533 ,_
728 3453 966 3523 Spiritus
995 3460 1216 3505 sanctus
1263 3458 1368 3503 est.
1405 3448 1515 3501 lloc
1556 3444 1610 3499 in
1644 3460 1739 3513 ap-

142 3553 521 3623 probationem
546 3550 666 3618 ejus
694 3548 768 3602 rei
793 3546 1048 3614 diximus,
1078 3542 1222 3615 quod
1248 3540 1511 3604 habitata,
1545 3536 1599 3591 id
1626 3549 1733 3604 est,

143 3649 289 3703 orbis
321 3657 597 3703 terrarum
620 3685 635 3709 ,
683 3643 735 3698 in
768 3641 1034 3714 sapientia
1066 3643 1158 3697 Dei
1191 3642 1451 3699 fabricata
1494 3644 1591 3700 sit.
1634 3637 1737 3693 Sa-

143 3741 334 3811 pientia
376 3742 573 3811 quippe
609 3735 954 3790 auxiliabitur
969 3738 1138 3807 justo,
1170 3751 1323 3807 super
1352 3737 1524 3790 decem
1554 3738 1741 3791 civita-

145 3843 216 3888 tes
256 3833 469 3888 habenti
514 3838 820 3898 potestatem
867 3828 1051 3900 (Eccl.
1102 3843 1196 3897 vn,
1243 3828 1314 3885 ‘20
1338 3826 1378 3897 ).
1413 3829 1743 3902 Sapientiam

143 3938 313 3981 autem
344 3937 391 3981 et
422 3926 760 3992 disciplinam
789 3924 874 3992 qui
904 3922 1104 3992 objicit,
1137 3922 1327 3994 infelix
1356 3933 1462 3991 est,
1514 3934 1563 3978 et
1608 3942 1741 3981 rana

144 4030 217 4076 est
246 4038 360 4092 spes
390 4021 581 4089 ejus,et
612 4019 811 4071 labores
835 4019 948 4087 ejus
978 4016 1226 4068 insensati
1258 4023 1303 4069 et
1334 4016 1446 4069 sine
1475 4020 1667 4085 fructu,
1697 4026 1743 4070 et

144 4113 354 4166 inutilia
381 4128 539 4183 opera
566 4113 703 4182 ejus,
737 4108 817 4161 ait
843 4105 1121 4176 Sapientia
1144 4151 1156 4173 ,
1200 4121 1323 4175 quae
1354 4106 1513 4160 titulo
1541 4105 1741 4161 inscri-

143 4206 290 4259 bitur
309 4204 619 4259 Salomonis
643 4200 797 4273 (Sap.
833 4214 914 4265 nt,
944 4198 1056 4270 ll).
1089 4198 1296 4254 Idcirco
1324 4209 1527 4269 quanto
1555 4214 1743 4268 possu-

148 4312 270 4350 mus
299 4295 489 4348 labore
521 4294 759 4347 nitamur
799 4306 814 4344 :
862 4299 923 4345 ut
951 4289 1189 4344 habitata
1219 4300 1404 4343 nostra
1428 4330 1442 4354 ,
1470 4292 1741 4360 sapientia

148 4389 244 4444 Dei
273 4388 537 4457 erigatur.
571 4374 784 4439 Cecidit
814 4383 1009 4452 quippe
1038 4392 1091 4437 et
1136 4382 1203 4436 de
1252 4383 1471 4437 sublimi
1504 4385 1739 4452 corruit,

1840 3184 2116 3232 contracta
2142 3214 2158 3239 ,
2210 3181 2267 3228 ut
2293 3173 2467 3244 possit
2507 3186 2677 3242 capax
2706 3185 2829 3226 esse
2859 3170 3139 3239 sapientize
3171 3167 3287 3221 Dei.
3321 3166 3432 3223 Ve-

1840 3285 1981 3331 rum,
2016 3277 2076 3322 ut
2106 3268 2171 3321 ad
2208 3267 2544 3337 propositum
2583 3274 2950 3327 revertamur,
2984 3260 3221 3316 diximus
3244 3258 3313 3313 de
3342 3272 3432 3327 eo,

1840 3360 1980 3433 quod
2016 3360 2294 3424 prudentia
2327 3358 2524 3412 malum
2565 3356 2769 3408 factum
2799 3356 2904 3408 sit:
2930 3363 2987 3407 et
3018 3366 3162 3406 nunc
3189 3350 3434 3404 affirma-

1843 3469 1962 3508 mus
1990 3468 2105 3517 eos,
2140 3451 2228 3520 qui
2259 3449 2544 3503 ctelestem
2588 3446 2861 3500 hominem
2902 3453 3136 3513 portant,
3171 3456 3293 3497 esse
3321 3456 3436 3497 cm-

1844 3545 2030 3599 iestes.
2065 3543 2121 3597 Si
2152 3541 2295 3596 enim
2335 3540 2401 3593 ad
2447 3546 2793 3609 peccatorem
2832 3535 3028 3591 dicitur
3054 3551 3067 3591 :
3093 3534 3255 3589 Terra
3282 3550 3354 3600 es,
3384 3544 3435 3587 et

1846 3637 1895 3690 in
1929 3645 2119 3689 terram
2160 3633 2297 3686 ibis:
2324 3646 2498 3700 quare
2535 3645 2642 3684 non
2682 3628 2897 3683 dicatur
2921 3626 2987 3681 ad
3014 3626 3242 3696 justum,
3273 3626 3435 3693 cujus

1844 3739 1928 3785 est
1956 3740 2179 3796 regnum
2212 3724 2473 3779 caelorum
2502 3738 2516 3779 :
2542 3721 2749 3777 Caelum
2781 3735 2863 3785 es,
2897 3728 2954 3774 et
2979 3719 3030 3773 in
3062 3719 3261 3774 caelum
3290 3717 3434 3772 ibis?

1843 3826 1953 3878 Aut
1981 3821 2027 3875 si
2083 3828 2302 3889 propter
2330 3822 2512 3893 γήίνον,
2546 3816 2599 3871 id
2645 3825 2770 3882 est,
2804 3824 3084 3878 terrenum,
3138 3811 3337 3867 dicitur
3380 3809 3433 3865 ei

1842 3916 1933 3987 qui
1979 3922 2151 3985 portat
2190 3912 2501 3981 imaginem,
2549 3920 2613 3983 γῆ
2643 3906 2708 3973 εἷ,
2742 3908 2791 3962 id
2837 3916 2940 3976 est,
2995 3905 3227 3977 terrafes
3252 3950 3266 3973 ,
3298 3916 3345 3959 et
3376 3907 3431 3959 in

1844 4021 2031 4063 terram
2068 4005 2161 4059 ibis
2202 4003 2354 4074 (Gen.
2383 4018 2460 4069 ιιι,
2486 4002 2724 4066 19):cur
2762 4009 2988 4071 propter
3027 4001 3333 4062 etelestem,
3375 4001 3426 4053 ei

1844 4103 1937 4172 qui
1986 4098 2274 4169 imaginem
2327 4096 2572 4152 cmlestis
2626 4104 2826 4165 portat,
2862 4112 2969 4150 non
2999 4095 3255 4150 convenit
3280 4092 3428 4147 dici:

1844 4196 2052 4251 Caelum
2084 4209 2165 4257 es,
2197 4200 2253 4246 et
2304 4190 2356 4244 in
2402 4189 2598 4245 cmlutn
2645 4188 2788 4242 ibis?
2821 4188 3201 4258 Unusquisque
3248 4193 3431 4239 autem

1847 4300 2113 4349 nostrum,
2147 4297 2239 4340 ant
2268 4284 2511 4339 coelestia
2560 4282 2700 4337 facta
2750 4280 2954 4347 habet,
2986 4291 3079 4335 aut
3110 4289 3344 4334 terrena.
3376 4278 3433 4333 Si

1848 4390 2061 4434 terrena
2094 4378 2230 4433 facta
2262 4386 2422 4443 sunt,
2464 4376 2529 4429 ad
2559 4385 2845 4446 cognatam
2875 4376 2978 4430 sibi
3014 4384 3215 4430 terram
3259 4370 3434 4425 dedu-

147 4479 495 4535 venientibns
526 4477 687 4531 nobis
734 4477 783 4530 in
818 4476 995 4530 locum
1043 4476 1201 4528 istum
1234 4476 1600 4529 miseriarum.
1635 4476 1743 4532 Ce-
1771 4448 1819 4505 Ι)
1848 4484 1979 4527 cunt
2010 4488 2154 4533 eum,
2182 4472 2271 4542 qui
2302 4471 2636 4525 thesaurizat
2665 4484 2729 4523 ca
2769 4469 2821 4522 in
2850 4477 3015 4534 terra,
3048 4479 3101 4522 et
3129 4480 3236 4519 non
3263 4462 3430 4517 caelo.

148 4571 279 4625 cidit
326 4571 569 4625 habitata
617 4576 830 4632 nostra,
880 4575 1164 4636 postquam
1198 4569 1539 4635 peccavimus,
1573 4568 1746 4637 inique

149 4663 384 4733 fecimus,
404 4662 598 4734 injuste
627 4659 1013 4729 egimzts,impie
1037 4659 1289 4730 gessimus
1320 4658 1491 4727 (Psal.
1523 4660 1703 4728 CVI,6)
1728 4676 1741 4714 :

152 4767 204 4810 et
237 4765 361 4826 post
400 4756 617 4809 ruinam
656 4752 865 4822 indiget
891 4756 1184 4806 erectiOne.
1228 4751 1282 4807 Si
1313 4761 1494 4806 autem
1525 4768 1630 4806 non
1662 4751 1745 4806 vis

154 4850 255 4904 ista
284 4848 559 4904 sententia
589 4845 808 4909 adduci,
849 4860 1194 4899 communem
1228 4845 1391 4899 totius
1421 4846 1570 4901 orbis
1597 4860 1745 4916 quae-

152 4958 333 4998 ramus
374 4943 618 5007 ruinam,
666 4948 723 4995 et
776 4948 895 5009 post
942 4954 1129 4995 casum
1173 4938 1291 5009 ejus
1338 4946 1741 5010 consequenter

155 5036 297 5093 Deus
322 5037 534 5107 erigens
568 5033 925 5105 prmdicetur.

218 5126 287 5182 ll.
326 5127 669 5197 Quicumque
698 5135 780 5180 est
828 5125 881 5178 in
926 5125 1061 5180 orbe
1104 5124 1231 5190 isto,
1266 5134 1389 5178 ante
1417 5125 1744 5179 erectionem

154 5220 368 5276 cecidit.
420 5221 479 5276 Si
526 5228 710 5275 autem
761 5216 976 5285 cecidit,
1021 5224 1419 5286 consequenter
1460 5215 1745 5285 erigendus

154 5313 485 5370 fuitzNemo
526 5314 732 5382 quippe
766 5311 882 5365 sine
921 5324 1048 5364 casu
1088 5309 1429 5365 sublevatur.
1464 5308 1521 5362 Si
1563 5314 1743 5361 autem

153 5418 364 5462 erectus
383 5417 491 5476 est,
519 5404 804 5461 videamus
829 5419 949 5474 quae
970 5404 1123 5459 ruina
1157 5402 1499 5473 praecesserit
1517 5419 1529 5455 :
1546 5400 1750 5458 Omnes

154 5506 452 5556 corruimus
485 5514 588 5571 per
616 5506 901 5569 peccatum
952 5495 1006 5550 in
1052 5495 1184 5551 orbe
1218 5502 1509 5550 terrarum.
1549 5495 1614 5549 Et
1638 5494 1748 5548 Do-

156 5593 331 5648 minus
379 5595 469 5665 qui
504 5592 669 5663 erigit
703 5591 906 5657 elisos,
957 5588 1192 5644 elevavit
1239 5603 1339 5645 nos
1382 5590 1649 5658 jacentes.
1693 5587 1750 5640 in

157 5685 322 5746 Adam
350 5704 546 5749 omnes
576 5687 846 5745 morimur
877 5702 891 5740 ς
926 5692 1090 5756 atque
1116 5682 1192 5741 ita
1224 5682 1432 5742 corruit
1457 5680 1609 5741 orbis
1639 5690 1754 5737 ter-

1850 4567 2192 4635 Iiursumque
2241 4563 2356 4618 haec
2404 4579 2524 4632 qum
2572 4562 2727 4631 juxta
2778 4561 3034 4614 virtutem
3081 4569 3231 4627 gesta
3283 4563 3432 4619 sunt,

1851 4660 2332 4715 thesiurizatorem
2363 4671 2518 4711 suum
2549 4653 3073 4723 appropinquantem
3104 4649 3203 4701 sibi
3232 4647 3298 4700 ad
3328 4660 3442 4702 cm-

1849 4756 2023 4809 lorum
2058 4755 2306 4821 regiones
2338 4750 2664 4804 subvehunt.
2701 4744 2767 4798 Et
2797 4745 2977 4796 eduxit
3026 4742 3181 4794 nubes
3232 4744 3295 4794 ab
3344 4757 3437 4794 ex-

1850 4860 2012 4901 tremo
2041 4858 2193 4900 terrm
2222 4843 2394 4915 (Psal.
2428 4855 2637 4907 cxxxv,
2668 4836 2748 4905 7).
2792 4832 3107 4888 Istiusmodi
3147 4831 3438 4903 disputatio

1849 4943 1901 4997 in
1953 4941 2161 5008 psalmo
2208 4950 2381 5002 nuper
2430 4930 2643 4993 incidit,
2698 4940 2753 4982 et
2801 4926 3004 4979 dictum
3053 4933 3138 4979 est
3182 4939 3212 4979 a
3242 4925 3436 4992 nobis,

1848 5030 2121 5105 quomodo
2153 5029 2294 5082 Deus
2324 5023 2573 5081 eduxerit
2604 5020 2778 5074 nubes
2821 5018 2890 5071 ab
2936 5026 3185 5072 extremo
3236 5028 3395 5073 terrae
3424 5037 3435 5070 :

1849 5123 1991 5196 quod
2022 5120 2240 5192 quidem
2274 5132 2419 5172 nunc
2462 5118 2707 5185 cogimur
2738 5126 2949 5166 rursum
2996 5118 3268 5165 tractare:
3296 5120 3351 5163 ut
3381 5118 3438 5163 et

1850 5219 1905 5273 hi
1959 5218 2045 5287 qui
2098 5212 2409 5274 audierunt,
2461 5206 2778 5277 plenissime
2828 5218 3017 5259 eorum
3067 5219 3188 5269 quae
3236 5202 3435 5261 sciunt,

1850 5309 2271 5366 reminiscautur
2314 5320 2329 5357 :
2372 5312 2426 5355 et
2456 5300 2507 5354 hi
2532 5300 2621 5369 qui
2654 5307 2747 5353 aut
2781 5312 2888 5351 non
2922 5295 3307 5359 interfuerunt,
3343 5300 3439 5345 aut

1848 5402 2003 5456 obliti
2054 5408 2199 5462 sunt,
2249 5400 2560 5448 contextum
2594 5389 2871 5444 sermonis
2903 5393 3243 5453 agnoscant:
3272 5396 3435 5452 quem

1854 5502 2005 5555 tunc,
2038 5498 2195 5560 prout
2232 5484 2536 5549 valuimus,
2567 5481 2935 5536 exhibuimus.
2979 5472 3223 5526 Diximus
3263 5484 3443 5528 autem

1855 5595 2071 5641 sanctos
2103 5598 2223 5635 esse
2251 5578 2444 5633 nubes.
2473 5575 2686 5629 Etenim
2719 5572 2819 5625 hoc
2850 5564 2995 5638 quod
3034 5563 3297 5633 scriptum
3328 5576 3443 5622 est:

1864 5678 2065 5733 Veritas
2098 5685 2185 5729 tua
2217 5685 2376 5743 usque
2400 5668 2467 5722 ad
2497 5667 2652 5722 nubes
2675 5662 2848 5737 (Psal.
2880 5670 3066 5724 xxxvr,
3096 5654 3178 5726 6),
3220 5674 3329 5717 non
3350 5673 3452 5730 po-
