3998 6198
514 192 620 252 119

1539 180 1599 238 S.
1641 174 2021 237 llIERONYMl
2055 170 2343 233 OPERUM
2381 170 2741 231 MANTISSA.

3704 164 3814 226 120

518 313 630 362 test
677 301 869 360 referri
916 300 984 357 ad
1032 298 1358 356 inanimales
1403 295 1595 361 nubes,
1639 293 1734 350 sed
1776 293 1974 348 veritas
2013 290 2110 347 Dei
2136 292 2188 350 A
2214 298 2321 356 cet,
2369 288 2646 344 sonituum
2694 286 2969 343 indicante
3011 298 3333 354 concursus,
3386 295 3442 342 et
3474 284 3692 357 fulgura
3715 301 3812 340 ex-

522 414 697 470 usque
743 397 810 453 ad
854 396 977 452 illas
1022 394 1197 449 nubes
1228 402 1334 461 est,
1384 407 1507 463 qua:
1536 389 1765 445 audiunt
1792 385 2109 441 mandatum

521 488 762 556 Domini,
812 497 869 543 et
915 494 1185 541 noverunt
1234 498 1343 554 quo
1388 483 1598 553 pluvias
1658 479 1929 546 deferant,
1977 486 2034 533 ct
2078 492 2112 533 a

524 585 721 655 quibus
746 595 837 635 eas
868 578 1228 648 suspendant.
1266 577 1343 633 De
1372 575 1458 631 his
1485 574 1721 630 nubibus
1750 572 1956 628 dictum
1984 582 2069 627 est
2095 586 2110 627 :

522 676 595 731 Et
632 672 884 729 mandabo
924 671 1143 725 nubibus
1171 670 1317 737 meis,
1352 684 1415 722 ne
1446 667 1629 738 pluunt
1659 682 1818 737 super
1844 681 1979 733 eam,
2012 665 2113 717 im-

424 756 433 767 ’
523 769 664 821 brem
703 762 837 837 (Isa.
868 779 923 830 v,
959 761 1037 833 6).
1084 762 1161 817 De
1190 761 1274 818 his
1302 760 1448 816 enim
1477 773 1597 830 qua:
1624 773 1690 814 ex
1730 757 1959 813 densato
1987 770 2114 811 aere

522 867 772 913 constare
800 858 1095 911 dicuntur:
1139 853 1186 908 si
1215 868 1320 909 non
1348 851 1514 908 fuerit
1543 851 1750 923 pluvia,
1782 865 1890 905 non
1919 851 2113 920 praeci-

521 955 600 1024 pit
648 951 908 1007 Dominus
953 965 1021 1005 ne
1067 948 1257 1019 pluant
1303 961 1470 1016 super
1516 945 1754 1010 vineam,
1807 954 1901 998 aut
1948 959 2115 1014 super

520 1061 914 1121 quamcumque
962 1045 1267 1115 regionem,
1292 1039 1555 1104 imbrem;
1598 1036 1697 1093 sed
1733 1035 1957 1091 omnino
2006 1050 2116 1090 non

518 1147 802 1213 apparent,
837 1138 975 1193 utin
1007 1136 1172 1191 tertio
1202 1135 1409 1206 Regum
1442 1132 1580 1187 libro
1608 1130 1839 1200 legimus
1866 1128 1959 1201 (ΙΙΙ
1979 1129 2113 1199 Reg.

518 1250 667 1298 xvttt,
701 1231 822 1302 44),
848 1227 1069 1301 quando
1102 1231 1159 1282 in
1188 1234 1435 1294 tempore
1464 1222 1727 1278 siccitatis
1767 1220 1940 1276 nubes
1969 1221 2117 1276 nulla

517 1326 796 1397 apparuit,
851 1330 908 1377 et
934 1330 1123 1391 postea
1151 1318 1305 1388 juxta
1346 1314 1689 1386 prophetiam
1743 1312 1875 1368 Elia:
1920 1312 2119 1367 futura:

517 1416 718 1487 pluviae
767 1413 982 1481 signum
1028 1410 1080 1464 in
1113 1407 1346 1477 vestigio
1396 1404 1636 1460 hominis
1684 1412 1961 1459 ostensum
2001 1409 2115 1469 est,

521 1519 686 1580 atque
718 1506 792 1561 ita
822 1512 941 1575 post
968 1503 1167 1558 nubem
1198 1498 1601 1570 conglobatam,
1631 1496 1808 1552 imber
1838 1495 2122 1551 descendit

522 1600 593 1655 ad
635 1609 828 1653 terras.
871 1596 995 1650 Istis
1034 1611 1165 1649 vero
1203 1591 1359 1663 quasi
1400 1587 1823 1645 subsistentibus
1880 1586 2117 1652 nebulis,

2215 382 2360 438 cussi
2406 381 2628 437 luminis
2681 380 2950 436 claritate.
2991 378 3050 436 Si
3101 377 3421 433 intellexisti
3476 378 3809 447 exemplum,

2217 473 2505 529 considera
2529 487 2672 528 nunc
2697 471 2871 527 nubes
2892 470 3205 526 rationales.
3230 471 3443 541 Moyses
3469 470 3641 525 nubes
3667 479 3807 526 erat:

2217 565 2377 621 Jesus
2405 564 2555 621 Nave
2585 566 2754 619 nubes
2782 572 2918 618 erat.
2949 562 3041 618 lsti
3069 563 3114 617 si
3142 576 3328 617 secum
3359 562 3713 630 collocantur,
3739 578 3808 618 ex

2219 656 2564 713 sermonibus
2593 670 2784 711 eorum
2815 655 3024 724 fulgura
3065 655 3293 710 micant.
3335 652 3604 708 Jeremias
3634 664 3687 709 et
3713 654 3809 708 Ba-

2219 750 2353 806 ruch
2377 750 2549 807 nubes
2571 760 2729 805 erant
2749 767 2764 804 :
2789 749 3231 805 sermocinemur
3257 749 3507 815 invicem,
3533 759 3587 805 et
3608 749 3811 805 videbis

2220 842 2443 898 rutilare
2471 842 2708 913 fulgura.
2740 841 2905 897 Potes
2936 851 2991 897 et
3023 850 3079 896 tu
3106 841 3224 911 ipse
3261 840 3330 898 de
3355 841 3658 911 Scripturis
3685 857 3813 896 san-

2220 937 2323 991 ctis
2353 936 2405 991 in
2439 938 2583 991 hunc
2614 935 2838 992 modum
2869 935 3094 991 nubium
3122 935 3369 992 invenire
3398 949 3717 1001 concursus,
3743 950 3811 991 ex

2221 1029 2422 1099 quibus
2472 1030 2627 1100 ignes
2676 1030 3014 1085 emittantur.
3065 1028 3135 1085 Ut
3163 1038 3348 1084 autem
3385 1029 3453 1085 ad
3485 1045 3686 1085 novum
3713 1029 3815 1085 Te-

2223 1129 2553 1177 stamentum
2601 1123 2885 1178 veniamus
2911 1139 2924 1179 :
2957 1122 3156 1178 Paulus
3204 1132 3260 1177 et
3289 1122 3544 1179 Silvanus
3570 1122 3689 1178 dua:
3719 1138 3815 1177 nu-

2224 1214 2323 1271 bes
2366 1215 2420 1269 in
2452 1232 2615 1271 unum
2648 1227 3045 1281 convenerunt,
3083 1227 3137 1271 et
3179 1231 3307 1272 ecce
3340 1227 3511 1271 totum
3553 1216 3815 1273 mundum

2225 1308 2483 1378 Epistulae
2532 1322 2720 1364 eorum
2763 1308 2941 1380 fulgor
2980 1308 3272 1365 illuminat.
3313 1308 3572 1381 Fulgura,
3613 1321 3663 1364 et
3696 1309 3820 1381 plu-

2226 1402 2358 1455 viam
2389 1402 2531 1473 fecit,
2561 1412 2610 1457 et
2639 1403 2815 1456 eduxit
2844 1410 3018 1457 rentes
3063 1404 3125 1457 de
3165 1403 3416 1458 thesauris
3465 1404 3571 1457 suis
3616 1402 3815 1473 (Psal.

2228 1510 2423 1563 cxxxv,
2461 1497 2539 1564 7).
2572 1496 2788 1567 Ergone
2833 1495 2891 1551 hi
2918 1497 3091 1563 venti,
3124 1496 3214 1567 qui
3262 1511 3426 1566 super
3469 1506 3667 1550 terram
3702 1510 3820 1564 per-

2226 1590 2379 1656 ﬂant,
2414 1592 2468 1647 in
2506 1591 2778 1647 thesauris
2810 1591 2906 1648 Dei
2938 1599 3089 1657 sunt,
3140 1601 3190 1645 cl
3242 1605 3347 1646 non
3398 1590 3594 1646 horum
3626 1600 3818 1645 natura

520 1693 747 1765 iubetur
774 1690 1010 1761 pluviam
1034 1687 1339 1752 continere,
1363 1699 1484 1739 cum
1508 1682 1724 1751 indigna
1754 1680 1920 1736 fuerit
1941 1681 2119 1734 anima
2152 1681 2200 1741 B
2228 1683 2519 1738 manifesta
2547 1694 2651 1751 εει,
2682 1681 2959 1753 quomodo
2995 1692 3050 1737 et
3074 1698 3180 1752 qtta
3228 1682 3440 1739 ratione
3486 1682 3818 1738 subsistant?

502 1778 699 1843 imbre
725 1783 959 1850 caelesti,
992 1790 1050 1837 et
1077 1779 1316 1836 dicitur:
1342 1775 1607 1830 Mandabo
1632 1773 1851 1828 nubibus
1878 1774 2024 1841 meis,
2060 1788 2122 1827 ne

524 1878 710 1951 pluunt
739 1893 896 1946 super
925 1890 1038 1929 eam
1064 1873 1296 1927 imbrem.
1349 1870 1535 1938 Itaque
1581 1866 1955 1936 unusquisque
1998 1878 2125 1918 san-

524 1980 740 2025 ctorum
780 1968 954 2022 nubes
986 1974 1090 2020 est.
1122 1963 1338 2033 Moyses
1378 1961 1553 2015 nubes
1583 1967 1721 2023 erat,
1752 1967 1807 2012 et
1835 1955 1992 2025 quasi
2022 1972 2125 2010 nu-

524 2061 624 2116 bes
650 2057 1003 2128 loquebatur:
1029 2051 1314 2118 Attendite,
1338 2052 1473 2117 coeli,
1497 2065 1614 2121 qua:
1634 2050 1842 2120 loquar,
1868 2060 1915 2105 et
1940 2048 2125 2101 audiat

440 2156 441 2159 “
525 2162 664 2207 terra
710 2164 968 2206 sermones
1019 2164 1083 2202 ex
1120 2162 1207 2199 ore
1246 2161 1378 2198 meo.
1433 2142 1812 2213 lt'xspectentur
1850 2148 1905 2193 ut
1950 2139 2128 2209 pluria

522 2243 673 2299 verba
720 2258 855 2309 mea,
905 2250 954 2296 et
995 2238 1310 2293 descendant
1337 2245 1392 2289 ut
1424 2252 1507 2289 ros
1539 2232 1749 2303 eloquia
1774 2247 1888 2285 mea
1918 2229 2121 2302 (Deut.

524 2352 704 2405 χχχιι,
736 2338 792 2400 1,
830 2334 910 2405 2).
943 2332 999 2388 Si
1028 2346 1137 2387 non
1169 2330 1359 2386 fuisset
1389 2328 1582 2393 nubes,
1609 2341 1901 2395 numquam
1945 2323 2123 2379 dixis-

525 2436 611 2483 set
637 2443 651 2478 :
684 2424 1066 2493 Exspectontur
1097 2430 1151 2474 ut
1178 2420 1355 2492 pluvia
1384 2418 1536 2471 verba
1562 2433 1696 2484 mea,
1738 2426 1783 2471 et
1811 2414 2128 2470 descendant

528 2527 585 2572 ut
633 2532 718 2571 ros
749 2517 957 2583 eloquia
988 2528 1119 2566 mea.
1156 2510 1321 2577 Quasi
1353 2508 1526 2563 nubes
1555 2508 1766 2562 dicebat
1802 2525 1813 2559 :
1868 2515 1922 2558 ut
1967 2495 2152 2558 imber"

527 2625 683 2680 super
722 2622 966 2679 gramen,
1013 2615 1059 2657 et
1103 2604 1290 2674 pruina
1336 2617 1493 2671 super
1535 2602 1742 2668 fenum,
1784 2600 1907 2668 quia
1944 2614 2128 2651 nomen

529 2699 752 2755 Domini
794 2695 1026 2751 invocavi
1058 2696 1077 2764 (
1104 2692 1271 2759 Ibid.,
1307 2692 1402 2762 5).
1444 2690 1708 2746 Similiter
1748 2699 1803 2744 et
1846 2687 2036 2754 Isaias,
2072 2696 2130 2744 ut

533 2792 712 2848 nubes
744 2788 1065 2858 loquebatur
1090 2801 1106 2840 :
1131 2785 1300 2851 Audi,
1340 2784 1545 2852 cretum,
1588 2794 1635 2837 et
1658 2784 1868 2837 auribus
1898 2782 2122 2851 percipe,

533 2895 693 2950 terra,
727 2881 849 2953 quia
878 2879 1135 2934 Dominus
1174 2876 1380 2933 locutus
1420 2886 1491 2932 est
1538 2874 1677 2947 (Isa.
1709 2892 1750 2942 ι,
1781 2873 1863 2945 2).
1896 2875 1964 2929 Et
2000 2875 2125 2944 quia

534 2978 708 3033 nubes
738 2975 857 3046 ipse
884 2982 1025 3042 erat,
1066 2983 1121 3027 ct
1154 2971 1359 3026 sciebat
1386 2969 1519 3023 alias
1551 2968 1720 3024 nubes
1761 2965 2127 3037 comprophc-

2229 1775 2337 1832 Sed
2366 1784 2493 1830 sunt
2539 1775 2757 1845 quidam
2805 1784 3093 1830 ventorum
3147 1773 3410 1843 thesauri,
3443 1774 3686 1829 thesauri
3715 1775 3819 1845 spi-

2230 1868 2460 1935 rituum,
2516 1868 2745 1939 spiritus
2790 1867 3074 1937 sapientiaa
3123 1877 3178 1922 et
3226 1867 3553 1933 intellectus,
3603 1868 3819 1936 spiritus

2230 1960 2447 2016 consilii
2477 1972 2527 2015 et
2558 1961 2803 2025 virtutis,
2838 1959 3064 2030 spiritus
3102 1959 3457 2025 fortitudinis,
3498 1960 3742 2017 scientia:
3767 1972 3818 2017 et

2230 2054 2474 2123 pietatis,
2507 2052 2731 2123 spiritus
2767 2053 2980 2107 timoris
3012 2052 3254 2119 Domini,
3307 2052 3665 2120 fortitudinis,
3692 2053 3821 2108 dile-

2232 2145 2432 2201 ctionis
2461 2156 2517 2201 et
2546 2127 2847 2199 charitatis'.
2878 2144 3042 2200 Potes
3073 2153 3128 2199 et
3158 2144 3274 2214 ipse
3311 2143 3379 2200 de
3402 2145 3701 2216 Scripturis
3730 2145 3824 2201 hos

2233 2247 2425 2293 ventos
2475 2252 2834 2308 congregare,
2885 2245 2942 2292 et
2988 2237 3209 2292 istorum
3261 2236 3547 2305 spirituum
3584 2237 3825 2293 invenire

2234 2330 2544 2384 thesauros.
2578 2329 2677 2384 Ubi
2702 2314 2852 2383 sont
2892 2328 2981 2383 isti
3013 2315 3290 2382 thesauri?
3324 2327 3518 2399 Utique
3562 2330 3620 2385 in
3668 2347 3725 2385 eo
3773 2332 3823 2384 in

2232 2438 2331 2493 quo
2366 2430 2484 2475 sunt
2526 2437 2702 2475 omnes
2735 2421 2967 2475 thesauri
2998 2421 3266 2492 sapientia:
3286 2430 3334 2475 et
3362 2422 3592 2477 scientia:
3614 2424 3825 2478 abscon-

2234 2515 2332 2567 diti
2383 2514 2518 2584 (Col.
2571 2530 2630 2581 ll,
2680 2515 2758 2586 5).
2801 2513 2861 2569 ln
2889 2513 3113 2568 Christo
3160 2514 3347 2569 sedem
3398 2514 3604 2570 habent
3643 2530 3658 2569 :
3704 2516 3824 2571 inde

2234 2606 2483 2660 oriuntur
2510 2605 2565 2659 hi
2594 2607 2838 2676 spiritus,
2868 2616 2926 2659 ut
2946 2605 3082 2660 alius
3105 2605 3323 2676 sapiens
3345 2605 3433 2671 sit,
3467 2607 3605 2661 alius
3628 2607 3821 2672 fidelis,

2233 2697 2370 2753 alius
2410 2697 2652 2752 eruditus
2678 2739 2692 2763 ,
2738 2709 2793 2753 et
2836 2697 2978 2752 alius
3014 2698 3394 2769 quodcumque
3424 2698 3689 2754 donorum
3731 2699 3824 2753 Dt-i

2234 2788 2529 2859 possideat.
2564 2788 2670 2842 Alii
2694 2791 2831 2844 enim
2861 2805 2949 2859 per
2979 2790 3216 2860 spiritum
3247 2788 3405 2843 datur
3426 2807 3591 2845 sermo
3620 2793 3825 2860 sapien-

2235 2879 2322 2933 tia:
2349 2893 2367 2932 :
2397 2878 2493 2932 alii
2516 2895 2683 2933 sermo
2712 2880 2941 2934 scientia:
2958 2880 3120 2950 juxta
3151 2879 3386 2934 eumdem
3406 2881 3647 2951 spiritum
3676 2898 3693 2935 :
3734 2882 3827 2938 alii

2234 2970 2365 3039 ﬁdes
2391 2970 2445 3025 in
2476 2971 2655 3026 eodem
2695 2972 2879 3041 spiritu
2923 2970 2986 3039 (ι
3014 2970 3136 3025 Cor.
3173 2986 3244 3025 xu
3272 3012 3287 3038 ,
3325 2972 3422 3041 8).
3454 2972 3654 3027 Eduxit
3697 2989 3827 3045 ergo

534 3078 710 3127 tantes
754 3067 890 3133 sibi,
940 3064 1063 3122 ideo
1089 3066 1391 3121 vaticinans
1420 3062 1600 3118 aiebat
1636 3080 1648 3115 :
1683 3060 1950 3116 Mandabo
1980 3060 2126 3114 nubi-
2157 3064 2203 3128 C
2236 3066 2406 3121 nubes
2434 3066 2502 3121 ab
2532 3073 2777 3122 extremo
2807 3075 2967 3121 terrm
2990 3108 3006 3134 ,
3048 3065 3260 3135 fulgura
3290 3066 3340 3120 in
3381 3066 3621 3135 pluviam
3655 3066 3781 3124 fecit
3812 3087 3822 3121 :

533 3169 647 3235 bus,
679 3180 741 3219 ne
767 3163 952 3235 pluunt
995 3175 1149 3231 super
1189 3174 1304 3211 eum
1339 3157 1551 3211 imbrem
1581 3154 1717 3225 (lsa.
1749 3172 1805 3224 ν,
1838 3156 1917 3225 6).
1948 3154 2003 3210 Si
2032 3170 2128 3210 au-

532 3272 642 3315 tem
663 3258 774 3329 jam
802 3255 1033 3312 dicimus
1062 3254 1154 3323 qui
1183 3252 1294 3309 sint
1322 3252 1528 3314 nubes;
1550 3250 1829 3306 videamus
1853 3248 2127 3319 quomodo

532 3352 677 3407 Deus
713 3349 908 3405 educat
934 3346 1107 3401 nubes
1136 3346 1204 3401 ab
1233 3353 1478 3401 extremo
1510 3353 1691 3398 terrm.
1723 3344 1816 3397 Ait
1844 3341 2126 3397 Salvator:

535 3444 637 3510 Qui
678 3443 785 3497 vult
827 3443 881 3495 in
908 3442 1047 3495 vobis
1081 3455 1191 3495 esse
1218 3441 1438 3510 primus,
1466 3438 1530 3493 sit
1558 3438 1792 3491 omnium
1821 3436 2127 3491 novissimus

535 3535 730 3607 (Marc.
773 3550 850 3601 ιχ,
882 3532 999 3603 :25).
1033 3532 1292 3590 Servavit
1320 3534 1424 3586 hoc
1463 3530 1780 3586 mandatum
1812 3530 2035 3598 Paulus,
2075 3541 2129 3587 et

533 3630 638 3684 fuit
662 3628 989 3684 novissimus
1016 3627 1071 3681 in
1109 3627 1211 3682 hoc
1256 3625 1482 3693 mundo,
1524 3624 1761 3690 dicens;
1805 3622 1945 3679 Puto
1969 3626 2129 3693 enim,

536 3739 633 3777 nos
674 3720 813 3775 Deus
838 3720 1100 3787 apostolos
1127 3718 1427 3771 novissimos
1457 3716 1702 3785 ostendit,
1736 3717 1884 3786 quasi
1912 3718 2131 3786 mortiﬁ-

539 3824 705 3880 cutos,
734 3814 855 3883 quia
878 3810 1227 3883 spectaculum
1254 3811 1379 3879 facti
1407 3825 1583 3863 sumus
1614 3810 1827 3874 mundo,
1859 3819 1907 3863 et
1932 3810 2131 3880 angelis

540 3917 590 3960 et
620 3902 932 3959 hominibus.
965 3901 1024 3957 Si
1056 3901 1177 3971 quis
1203 3915 1332 3971 ergo
1372 3911 1593 3955 sanatus
1639 3899 1954 3955 custodiens
1995 3914 2133 3969 prte-

541 4008 759 4069 ceptum
784 3992 1001 4050 Domini
1030 3993 1348 4055 Salvatoris,
1383 3992 1552 4046 factus
1592 3991 1754 4047 fuerit
1792 3992 1849 4046 in
1888 3991 1991 4046 hac
2022 3992 2128 4044 vita

538 4090 900 4154 novissimus,
951 4086 1055 4141 iste
1104 4084 1165 4139 ﬁt
1209 4084 1399 4139 nubes.
1453 4081 1522 4136 Et
1570 4084 1749 4138 eduxit
1781 4083 1922 4139 Deus
1949 4083 2128 4150 nubes,

540 4201 647 4241 non
669 4201 700 4239 a
722 4182 922 4238 finibus
948 4189 1131 4245 terrm,
1156 4192 1261 4233 non
1289 4192 1319 4231 a
1342 4176 1675 4245 consulibus,
1693 4193 1801 4230 non
1824 4192 1855 4229 a
1878 4175 2127 4242 ducibus,

536 4293 647 4335 non
677 4291 709 4330 a
736 4274 1018 4339 divitibus,
1058 4268 1155 4325 sed
1193 4269 1256 4323 ab
1295 4272 1537 4325 extremis
1575 4278 1745 4323 terra’.
1804 4265 1954 4321 Beati
1982 4270 2127 4323 enim

535 4384 831 4443 pauperes,
886 4364 1131 4436 quoniam
1194 4346 1413 4417 vestrum
1475 4371 1551 4415 est
1604 4375 1818 4431 regnum
1881 4360 2127 4415 cmlorum

2236 3167 2291 3214 et
2315 3159 2500 3215 eduxit
2526 3168 2717 3216 ventos
2743 3160 2813 3215 de
2842 3159 3111 3214 thesauris
3142 3160 3256 3215 suis
3282 3200 3297 3225 ,
3327 3168 3383 3214 et
3413 3174 3510 3215 nos
3536 3161 3683 3231 juxta
3730 3163 3828 3217 mi-

2237 3252 2590 3307 sericordiam
2638 3252 2734 3308 Dei
2766 3252 2834 3306 ad
2879 3253 2979 3308 hos
3008 3251 3294 3309 thesauros
3320 3266 3647 3309 occursuros
3676 3265 3825 3325 puta-

2238 3359 2378 3398 mus.
2427 3344 2498 3397 Et
2539 3343 2664 3412 quia
2696 3344 2879 3413 plures
2901 3355 3028 3399 sunt
3063 3332 3300 3401 thesaui'i
3333 3362 3345 3398 :
3379 3347 3519 3401 forte
3554 3347 3712 3416 juxta
3736 3363 3827 3405 or-

2238 3435 2419 3491 dinem
2449 3436 2844 3506 resurgentium
2875 3438 2978 3491 erit
3009 3446 3064 3493 et
3091 3437 3309 3507 requies
3334 3437 3387 3491 in
3419 3438 3686 3494 thesauris
3715 3440 3825 3495 Dei.

2236 3527 2393 3595 Quod
2423 3536 2602 3582 autem
2632 3527 2754 3583 dico
2781 3573 2794 3595 ,
2832 3529 3136 3585 iStinsmodi
3165 3538 3248 3585 est
3276 3548 3287 3582 :
3321 3531 3655 3586 resurrectio
3685 3548 3829 3589 mor-

2239 3632 2452 3677 tuorum
2476 3622 2529 3677 in
2550 3622 2873 3693 quihusdam
2896 3623 3177 3679 ordinibus
3200 3625 3375 3678 futura
3398 3633 3501 3679 est.
3520 3624 3611 3679 Ait
3632 3628 3827 3696 quippe

2238 3715 2529 3784 Apostolus
2560 3732 2571 3768 :
2607 3715 2970 3785 Unusquisque
2992 3726 3163 3769 autent
3201 3727 3435 3786 resurget
3465 3717 3517 3770 in
3539 3734 3631 3771 suo
3653 3722 3830 3772 ordine

2238 3807 2281 3877 (Ι
2311 3805 2433 3861 Cor.
2476 3824 2545 3861 xv
2573 3853 2586 3877 ,
2623 3808 2696 3863 25
2722 3810 2740 3878 )
2767 3849 2783 3876 ,
2817 3816 2874 3863 et
2904 3823 3007 3864 non
3033 3818 3090 3863 ut
3119 3808 3251 3863 libet
3283 3809 3582 3865 miscentur
3610 3812 3828 3866 ordines

2238 3905 2664 3975 resurgentium.
2717 3906 2868 3960 Alius
2912 3906 3047 3960 ordo
3078 3903 3182 3960 erit
3212 3905 3263 3959 in
3298 3904 3391 3959 illo
3420 3916 3474 3960 ct
3505 3906 3559 3960 in
3588 3906 3682 3961 illo
3713 3909 3827 3962 the-

2238 4013 2400 4053 sauro
2430 3999 2520 4053 Dei
2552 4016 2564 4049 :
2598 3997 2737 4053 alius
2765 3998 2898 4053 ordo
2929 4000 2980 4052 in
3009 3998 3118 4052 alio
3141 4006 3196 4052 et
3218 3997 3270 4051 in
3296 3998 3403 4052 alio
3428 3999 3686 4054 thesauro
3712 4000 3826 4058 Dci.

2236 4086 2329 4143 Isti
2358 4096 2538 4143 autem
2569 4104 2759 4144 omnes
2785 4088 3025 4143 thesauri
3058 4103 3223 4142 unum
3253 4087 3455 4143 habent
3490 4090 3824 4157 thesaurum,

2238 4178 2291 4233 in
2317 4194 2425 4248 quo
2443 4186 2569 4234 sunt
2587 4194 2775 4235 omnes
2801 4179 3039 4235 thesauri
3062 4180 3341 4250 sapientiae
3367 4188 3422 4235 et
3443 4182 3686 4237 scicntia:
3709 4184 3829 4237 abs-

2236 4272 2459 4327 conditi.
2490 4272 2560 4326 Et
2585 4272 2857 4342 quomodo
2888 4271 3142 4341 possideo
3186 4288 3345 4326 unam
3377 4272 3825 4343 pretiosissimam

2237 4361 2583 4431 margaritam
2613 4379 2712 4431 per
2753 4362 2934 4432 plures
2982 4362 3116 4417 alias
3160 4360 3480 4434 margaritas
3514 4384 3528 4421 :
3561 4364 3639 4421 sic
3670 4368 3829 4423 venio

540 4462 759 4535 (Matth.
786 4475 845 4527 v,
876 4457 957 4528 ἓ).
993 4456 1187 4521 Vides,
1236 4453 1504 4525 quomodo
1554 4453 1623 4508 ab
1671 4452 1933 4508 extremis
1968 4463 2124 4508 terrm

2232 4456 2299 4511 ad
2346 4458 2657 4512 thesaurum
2705 4457 3127 4523 thesaurorum,
3181 4468 3237 4513 et
3266 4458 3552 4515 Dominum
3580 4461 3829 4519 domino-

539 4560 738 4613 educat
769 4553 909 4608 Deus
940 4551 1112 4607 nubes
1138 4560 1192 4603 et
1219 4560 1514 4619 corporeus
1545 4544 1806 4600 nebulas?
1828 4544 2124 4615 Propterea

537 4653 584 4703 si
632 4649 881 4704 volumus
928 4642 1101 4698 nubes
1144 4638 1303 4707 fieri,
1351 4638 1419 4692 ad
1468 4652 1602 4706 quas
1638 4636 1885 4705 pervenit
1931 4636 2128 4692 veritas

537 4741 658 4808 Dei,
689 4734 972 4796 novissimi
998 4732 1243 4789 omnium
1269 4730 1483 4795 ﬁamus,
1513 4736 1569 4783 et
1599 4738 1705 4782 tam
1737 4726 1935 4781 affectu
1962 4741 2123 4796 quam

538 4846 705 4908 opere
732 4830 972 4887 dicamus
992 4844 1009 4891 ι
1031 4825 1167 4881 Puto
1198 4824 1355 4890 enim,
1386 4838 1478 4877 nos
1500 4819 1639 4876 Deus
1665 4820 1927 4889 apostolos
1958 4820 2131 4873 novis-

539 4924 695 4977 simos
745 4920 986 4975 ostendit.
1036 4916 1193 4985 Quod
1239 4914 1285 4970 si
1336 4930 1444 4968 non
1493 4928 1613 4968 sum
1650 4912 2126 4983 apostolus:licet

540 5027 725 5070 tamen
774 5012 907 5067 mihi
951 5010 1071 5065 fieri
1118 5017 1445 5074 extremum,
1498 5016 1558 5061 ut
1587 5004 1828 5061 educens
1854 5005 2027 5061 nubes
2059 5005 2129 5059 ab

540 5115 791 5165 extremo
822 5114 1001 5168 terrae,
1032 5101 1228 5157 educat
1256 5110 1447 5167 etme,
1478 5098 1533 5155 et
1562 5098 1769 5168 fulgura
1810 5098 1863 5152 in
1891 5097 2127 5167 pluviam

540 5199 728 5256 faciat.
768 5194 935 5252 Aiunt
970 5192 1295 5249 naturalium
1334 5207 1620 5248 causarum
1659 5200 1994 5246 scrutatores
2022 5188 2131 5261 (Ea:

541 5291 775 5359 Isidoro,
827 5287 1030 5360 Origin.
1083 5285 1172 5338 lib.
1221 5300 1339 5352 xm,
1378 5301 1492 5357 cap.
1527 5285 1637 5357 ll),
1669 5284 1792 5355 quia
1822 5283 2034 5353 fulgura
2060 5296 2128 5337 ex

540 5386 762 5442 nubium
801 5381 1082 5438 collisione
1110 5390 1459 5447 generentur,
1500 5394 1656 5436 more
1682 5379 1893 5433 silicum
1934 5376 2126 5432 durio-

540 5492 700 5533 rum:
727 5488 864 5545 quos
902 5488 1025 5528 cum
1064 5470 1441 5539 comploseris,
1477 5470 1529 5524 id
1558 5480 1663 5537 est,
1697 5470 1969 5529 colliscris
2002 5474 2125 5533 sibi,

540 5570 752 5626 medius
784 5584 851 5622 ex
882 5568 967 5624 his
995 5565 1131 5637 ignis
1155 5566 1386 5620 extritus
1416 5564 1669 5633 elabitur,
1708 5577 1871 5636 atque
1901 5570 1971 5625 ita
2003 5586 2126 5625 cum

538 5664 749 5732 fulgore
777 5663 981 5731 pariter
1010 5667 1066 5715 et
1095 5656 1330 5717 tonitrua
1368 5657 1573 5727 mugire
1618 5675 1631 5711 :
1678 5662 1938 5734 tonitruo,
1972 5664 2123 5721 scin.

2233 4566 2372 4615 rum,
2401 4559 2456 4606 et
2485 4566 2667 4621 regem
2693 4566 2882 4622 regum
2910 4591 2924 4615 ,
2972 4565 3094 4605 eum
3127 4551 3320 4621 dignus
3357 4552 3513 4609 fuero
3541 4554 3826 4624 spiritibus

2232 4641 2288 4697 in
2321 4642 2411 4697 Dei
2442 4642 2698 4697 thesauro
2726 4643 3214 4699 commorantihus.
3250 4643 3449 4699 Eduxit
3483 4648 3618 4701 enim
3648 4659 3827 4705 ventos
3868 4628 3877 4637 ’

2233 4735 2297 4788 de
2334 4734 2584 4788 thesauris
2606 4737 2735 4789 suis.

2306 4826 2395 4880 Ill.
2429 4824 2729 4897 lnfatuatus
2780 4836 2855 4881 est
2898 4829 3064 4881 omnis
3103 4828 3256 4883 homo
3310 4845 3344 4883 a
3389 4830 3605 4885 scientia
3646 4831 3827 4901 (Psul.

2233 4935 2439 4985 cxxxv,
2471 4920 2549 4991 7).
2578 4920 2636 4975 Si
2667 4921 2846 4977 omnis
2876 4922 3037 4976 homo
3068 4922 3364 4978 infatuatus
3395 4932 3480 4979 est
3506 4937 3537 4978 a
3565 4925 3823 4993 scientia,

2234 5022 2289 5067 et
2310 5012 2506 5067 Paulus
2532 5012 2697 5067 homo
2718 5022 2823 5079 est,
2848 5012 3050 5068 Paulus
3080 5013 3373 5069 infatuatus
3396 5022 3479 5069 est
3506 5028 3537 5069 a
3569 5016 3823 5072 scientia.

2234 5103 2319 5159 Ea;
2347 5114 2493 5175 parte
2517 5105 2675 5172 enim,
2707 5105 2807 5171 ait,
2832 5106 3209 5176 cognoscimus,
3242 5113 3288 5159 et
3316 5122 3381 5159 ea:
3416 5116 3562 5177 parte
3592 5108 3825 5178 praphe-

2235 5208 2403 5253 tamus
2434 5197 2478 5268 (ι
2503 5196 2622 5252 Cor.
2668 5214 2789 5265 xm,
2819 5196 2900 5267 9).
2936 5197 3232 5251 lnfatuatus
3260 5206 3345 5252 est
3382 5212 3412 5252 a
3445 5199 3673 5255 scientia
3700 5241 3717 5268 ,
3747 5200 3827 5255 vi-

2235 5290 2369 5346 dens
2413 5306 2510 5360 per
2539 5293 2820 5360 Speculum
2841 5330 2857 5358 ,
2890 5299 2945 5346 et
2973 5291 3026 5346 in
3058 5292 3343 5362 mttigtnate
3371 5332 3386 5358 ,
3420 5292 3827 5361 portiunculam

2235 5383 2523 5456 quamdam
2569 5384 2758 5439 videns
2788 5430 2801 5455 ,
2839 5394 2895 5441 et
2937 5383 3091 5441 sisic
3131 5384 3351 5454 expedit
3387 5383 3602 5450 dicere,
3652 5385 3828 5456 ipsius

2233 5490 2449 5546 quoque
2478 5475 2835 5543 portiuncula:
2859 5488 3064 5547 partem
3093 5478 3372 5533 minimam
3398 5492 3823 5547 recognoscens.

2235 5566 2551 5623 Econtrario
2583 5575 2761 5621 autem
2812 5570 3055 5638 intellige
3094 5568 3222 5639 quid
3269 5568 3338 5622 sit
3382 5586 3392 5620 :
3430 5569 3726 5637 infatuatus
3755 5581 3825 5625 est

2236 5663 2399 5721 omnis
2414 5663 2563 5721 homo
2580 5679 2611 5718 a
2632 5664 2863 5721 scicntia.
2884 5665 3012 5723 Com
3019 5664 3298 5735 paratione
3312 5672 3656 5732 peccatorum
3674 5663 3827 5722 «ιρι-υς
