3998 6198
184 184 278 241 121

566 180 903 239 EPISTOLA
942 179 1036 236 ιχ.
1078 179 1166 235 AD
1207 175 1497 235 PAULAM
1536 175 1621 232 ET
1660 171 2141 238 EUSTOCIHUM,
2184 170 2272 227 DE
2308 168 2647 229 ASSUMPT.
2691 168 2751 224 Β.
2792 167 3057 225 MARUE.

3378 164 3481 223 122

181 301 374 368 salem,
404 298 770 359 Sodomorum
794 310 1077 373 peccatum
1101 296 1314 368 justitia
1336 304 1422 352 est
1445 312 1459 349 :
1483 292 1776 364 justiﬁcata
1802 295 1854 355 Α
1881 291 2049 347 traria
2079 290 2330 345 Salvator
2354 304 2511 346 meus
2533 298 2589 346 et
2621 288 2879 345 Dominus
2908 287 3227 357 assumpsit,
3262 293 3321 341 ut
3345 300 3451 342 con

183 402 265 450 est
292 392 441 450 enim
468 434 484 461 ,
510 394 607 458 ait,
638 392 871 449 Sodoma
900 408 963 447 ea:
988 399 1037 445 te
1057 388 1278 458 (Ezeclt.
1321 404 1410 443 xvi
1428 427 1445 455 ,
1472 385 1591 457 48).
1622 384 1773 451 Quo-

180 487 346 544 modo
373 489 519 544 enim
562 500 672 542 non
703 484 903 540 habent
936 483 1205 554 justitiam
1246 480 1608 538 Sodomorum
1649 492 1778 546 pec-

181 592 299 639 cata
329 597 430 653 per
456 596 517 637 se
540 621 555 647 ,
584 579 683 637 sed
712 579 781 634 ad
817 578 1165 634 collationem
1204 575 1476 645 majorum
1512 571 1781 628 scelerum

184 675 558 745 justiticantur
589 692 602 728 :
629 675 709 730 sic
734 672 1051 729 econtrario
1080 669 1313 725 scientia
1353 665 1508 722 Pauli
1534 664 1782 719 adillam

185 766 468 822 caslestem
508 765 830 831 scientiam,
878 763 949 818 ad
978 763 1129 817 illum
1170 767 1610 816 consummatum
1638 757 1786 813 elec-

183 856 351 913 tionis
376 857 743 922 intellcctum,
768 855 1006 913 stultitia
1035 862 1343 925 reputatur.
1374 851 1676 908 lniatuatus
1702 860 1790 907 est

180 950 394 1006 idcirco
418 950 601 1006 omnis
628 949 794 1006 homo
822 963 854 1003 a
880 948 1129 1005 scientia.
1159 947 1292 1003 Tale
1311 946 1563 1016 quiddam
1592 944 1785 1000 Eccle-

176 1044 409 1108 siastes,
440 1052 501 1097 ut
526 1042 783 1110 arbitror,
816 1040 1233 1111 deprehendens
1257 1039 1451 1093 eﬂ'atus
1474 1047 1557 1093 est
1588 1055 1602 1091 :
1632 1036 1783 1103 Dixi,

176 1139 394 1209 sapiens
424 1137 650 1208 efﬁciar,
684 1145 730 1189 et
753 1137 867 1206 ipsa
888 1134 1146 1204 elongavit
1167 1148 1222 1186 se
1248 1149 1280 1185 a
1301 1147 1381 1185 me
1403 1131 1604 1203 longius
1625 1145 1783 1199 quam

176 1240 322 1299 erat,
346 1238 398 1285 et
419 1230 531 1282 alta
551 1226 886 1299 profunditas
908 1243 928 1279 :
947 1226 1061 1296 quis
1081 1225 1303 1278 inveniet
1321 1240 1434 1277 eam
1457 1224 1475 1293 (
1500 1222 1644 1277 Eccl.
1686 1238 1779 1291 vn,

173 1322 570 1391 24)?Volumus
582 1315 1481 1391 quiddam,audenterlicet,dicere
1497 1332 1509 1367 :
1526 1314 1782 1383 quoniam

178 1417 285 1471 hoc
315 1414 461 1486 quod
486 1410 775 1469 descendit
800 1411 855 1466 in
886 1409 1169 1474 mundum,
1202 1406 1487 1463 evacuavit
1515 1405 1780 1474 seipsum,

177 1518 239 1563 ut
259 1507 629 1564 evacuatione
653 1505 772 1574 ejus
794 1501 1029 1560 mundus
1056 1500 1445 1569 compleretur.
1478 1498 1535 1554 Si
1564 1497 1667 1551 hoc
1688 1513 1784 1550 au-

178 1610 289 1656 teni
323 1598 468 1671 quod
500 1596 790 1654 descendit
820 1595 875 1650 in
905 1592 1190 1659 mundum,
1223 1589 1512 1646 evacuavit
1539 1604 1619 1655 se,
1652 1602 1783 1643 eva-

177 1696 360 1751 cuatio
399 1694 518 1764 ipsa
545 1688 860 1760 insipientia
901 1696 987 1743 est
1026 1703 1043 1743 :
1084 1683 1344 1753 quoniam
1392 1681 1538 1753 quod
1578 1680 1783 1735 fatuum
1816 1678 1860 1737 Β

179 1800 265 1845 est
293 1787 423 1856 Dei,
469 1784 771 1857 sapientius
804 1792 888 1838 est
928 1779 1243 1835 hominibus
1289 1775 1332 1847 (Ι
1364 1774 1486 1829 Cur.
1518 1774 1698 1843 1,17).
1728 1772 1786 1828 Si

180 1899 283 1954 ego
310 1883 571 1938 dixissem
613 1879 822 1934 fatuum
849 1875 979 1942 Dei,
1003 1871 1280 1944 quomodo
1312 1884 1551 1939 aucupes
1575 1883 1785 1924 sermo-

182 1992 311 2031 num
336 1987 611 2038 meorum,
631 1979 687 2027 et
711 1984 930 2039 seraper
956 1965 1123 2021 dediti
1147 1965 1212 2017 ad
1239 1958 1662 2027 criminandum,
1692 1973 1789 2014 ve-

176 2079 416 2126 nenatas
445 2068 499 2121 in
532 2080 623 2121 me
654 2064 867 2134 linguas
895 2058 1214 2116 vibrarent?
1244 2055 1395 2111 Nunc
1426 2068 1561 2109 vero
1587 2051 1788 2107 Paulus

175 2162 418 2231 sapiens,
446 2168 499 2214 et
524 2165 849 2227 potestatem
874 2153 1083 2207 habens
1107 2148 1486 2221 apostolicam,
1511 2159 1674 2200 ausus
1700 2153 1788 2199 est

179 2254 388 2321 dicere,
414 2265 636 2306 onmem
659 2247 985 2317 sapientiam
1010 2254 1307 2307 terrenam,
1333 2254 1452 2310 quae
1478 2238 1534 2293 in
1555 2252 1640 2302 se,
1664 2251 1786 2307 quae

178 2345 230 2400 in
256 2345 446 2411 Petro,
476 2357 600 2413 quae
630 2343 684 2395 in
706 2337 922 2394 caeteris
951 2335 1210 2407 apostolis
1232 2341 1373 2397 erat,
1395 2344 1517 2401 quae
1545 2330 1597 2383 in
1622 2331 1784 2382 istum

183 2438 450 2495 mundum
500 2434 905 2498 descenderat,
954 2428 1235 2483 stultitiam
1285 2438 1408 2480 esse
1444 2421 1541 2477 Dei
1571 2421 1617 2490 (ι
1659 2419 1780 2475 Cor.

177 2548 256 2600 ut,
292 2530 409 2601 19).
441 2529 524 2585 Ad
570 2525 1035 2595 comparationem
1078 2520 1277 2591 quippe
1305 2518 1449 2573 illius
1476 2514 1779 2585 sapientiai,

178 2638 339 2696 quam
364 2632 619 2677 terrenus
642 2634 749 2673 non
778 2615 922 2686 capit
948 2615 1122 2679 locus,
1150 2613 1218 2665 ad
1248 2609 1396 2663 illam
1424 2605 1779 2677 sapientiam,

178 2735 303 2792 qua:
325 2717 573 2773 ctelestis
594 2722 681 2770 est
702 2756 718 2779 ,
748 2727 869 2783 quae
911 2705 1097 2764 mundi
1123 2706 1349 2760 limitem
1389 2701 1606 2757 excedit
1627 2738 1644 2765 ,
1677 2699 1780 2752 hoc

180 2814 322 2884 quod
354 2808 640 2868 descendit
667 2807 734 2861 ad
766 2804 1044 2867 homines,
1075 2800 1280 2854 fatuum
1315 2795 1405 2851 Dei
1441 2804 1546 2849 est.
1583 2792 1778 2847 Verum

180 2908 236 2964 id
259 2910 442 2979 ipsum
464 2904 673 2959 fatuum
706 2899 823 2968 Dei,
853 2895 1151 2969 sapientius
1178 2899 1263 2947 cst
1291 2888 1622 2945 hominibus.
1655 2885 1783 2952 Qui-

182 2977 294 3059 bus.
306 2995 659 3056 hominibus?
687 2993 805 3049 Non
834 2991 1015 3060 utique
1044 2984 1238 3050 stultis,
1271 2983 1367 3040 sed
1398 2977 1729 3051 sapientibus
1761 2994 1777 3031 :

181 3097 327 3153 dicat
355 3094 487 3149 licet
514 3131 530 3155 ,
561 3087 837 3158 sapientes
866 3056 1025 3152 hujus
1053 3077 1240 3135 saeculi
1264 3118 1280 3143 ,
1327 3075 1442 3130 sive
1481 3071 1775 3142 principes,
1805 3056 1849 3119 C

181 3190 301 3244 sive
338 3193 513 3240 vates.
546 3179 673 3237 Istis
712 3174 1048 3247 sapientibus
1091 3168 1314 3234 saeculi,
1363 3166 1467 3221 hoc
1504 3161 1649 3234 quod
1679 3175 1779 3216 nos

183 3276 540 3349 exposuimus
591 3272 797 3327 fatuum
869 3268 961 3322 Dei
1014 3261 1313 3333 sapientius
1383 3264 1487 3313 est.
1537 3254 1780 3311 Mirabile

183 3344 447 3440 quiddam
468 3365 713 3421 volumus
730 3362 974 3416 inserere
998 3374 1011 3409 :
1034 3354 1287 3425 quoniam
1309 3348 1570 3420 sapientia
1593 3344 1778 3401 mundi

184 3439 417 3517 stultitia
454 3466 536 3513 est
574 3453 715 3525 apud
760 3452 969 3506 Deum:
1001 3458 1054 3503 et
1083 3444 1364 3500 inlatuavit
1392 3442 1530 3495 Deus
1559 3439 1778 3507 sapien-

186 3556 315 3611 tiam
342 3552 562 3616 muudi,
598 3565 706 3603 non
747 3546 802 3601 in
840 3540 1105 3613 sapientia
1150 3554 1247 3595 sua
1286 3535 1568 3593 iufatuavit
1594 3530 1782 3587 mundi

186 3646 511 3718 sapientiam
533 3686 549 3709 ,
580 3650 783 3696 utesse
824 3635 1054 3693 stultitia
1098 3640 1376 3702 arguatur.
1409 3628 1593 3697 Neque
1635 3625 1781 3680 enim

186 3716 441 3810 dignatur
467 3732 734 3804 sapientia
763 3729 862 3785 Dei
890 3726 957 3781 ad
985 3724 1173 3780 mundi
1205 3721 1522 3790 sapientiam
1553 3716 1780 3772 convin-

187 3808 420 3886 cendam
465 3835 579 3882 tota
607 3820 972 3885 descendere,
1013 3818 1109 3873 sed
1152 3815 1330 3885 potius
1357 3812 1648 3877 modicum,
1679 3808 1782 3864 hoc

190 3935 274 3981 cst
324 3918 722 3979 lncarnationis
758 3919 1182 3971 sacramentum.
1228 3908 1363 3977 Quid
1417 3903 1781 3961 necessarium

188 4016 310 4082 fuit,
345 4011 491 4085 quod
537 4010 744 4065 fatuum
790 4005 887 4060 Dei
912 4010 1030 4059 erat
1054 4045 1069 4069 ,
1102 4009 1162 4056 ut
1202 4000 1304 4053 hoc
1350 4012 1517 4068 parvo
1552 4006 1606 4050 et
1636 3994 1785 4048 fatuo

191 4110 309 4176 Dei,
338 4106 698 4162 infatuaretur
720 4098 903 4155 smculi
931 4095 1229 4168 sapientia?
1258 4092 1376 4147 Non
1406 4089 1551 4145 enim
1574 4087 1787 4143 valebat

190 4201 378 4258 seculi
404 4198 677 4270 sapientia
722 4190 1147 4262 magnitudinem
1194 4188 1246 4241 in
1291 4201 1351 4241 se
1397 4182 1664 4239 venientis
1700 4196 1789 4235 sa-

188 4294 413 4366 pientire
439 4290 734 4347 sustinere.
764 4285 960 4340 Verum
990 4280 1305 4350 exemplum
1338 4276 1698 4345 interponam,
1732 4281 1791 4327 ut

192 4384 489 4456 perSpicue
521 4380 691 4452 possit
713 4376 960 4447 intelligi,
987 4372 1259 4445 quomodo
1279 4369 1487 4424 fatuum
1514 4367 1629 4431 Dei,
1657 4366 1788 4420 stul-

1880 382 2063 436 trariis
2092 381 2355 437 dissolvat
2380 381 2655 437 contraria
2678 423 2693 447 ,
2734 389 2787 435 et
2812 382 3201 435 conﬁrmemur
3228 379 3297 435 ab
3324 378 3478 435 inﬁr-

1849 468 1855 473 ’
1881 475 2070 529 mitate
2093 474 2243 543 ejus,
2270 484 2323 528 et
2352 475 2627 543 sapientes
2656 474 2955 529 efﬁciamur
2992 486 3024 525 a
3053 474 3199 527 fatuo
3235 472 3356 541 ejus
3376 515 3390 539 ,
3422 480 3480 527 et

1889 569 1943 623 in
1966 567 2072 624 hoc
2104 568 2397 624 introducti
2425 570 2694 639 possimus
2729 568 3025 623 ascendere
3060 568 3127 622 ad
3154 567 3474 638 sapientiam

1885 671 1942 716 et
1960 664 2217 718 virtutem
2263 663 2393 731 Dei,
2427 661 2701 717 Christum
2733 662 2939 726 Jesum,
2981 662 3067 716 cui
3097 671 3182 717 est
3220 662 3390 734 gloria
3421 670 3477 719 et

1886 753 2060 810 virtus
2085 763 2143 809 et
2170 754 2453 823 imperium
2484 756 2539 809 iu
2569 754 2765 811 saecula
2796 755 3146 811 saeculorum.

2012 888 2327 947 MONITUM
2370 889 2436 945 IN
2474 888 2863 945 EPISTOLAM
2901 886 3344 956 SEQUENTEM.

1961 1002 2247 1069 Erasmus,
2280 1020 2429 1072 quem
2461 1005 2657 1073 passim
2690 1004 2981 1057 criticorum
3021 1003 3120 1071 ﬁlii
3162 1003 3319 1056 secuti
3344 1011 3477 1068 sunt,

1890 1090 1988 1145 non
2012 1075 2219 1145 dubitat
2248 1090 2438 1145 negare
2475 1074 2720 1127 Latinum
2759 1075 2919 1143 fuisse
2944 1077 3031 1142 qui
3060 1074 3167 1128 lucc
3191 1075 3477 1143 scripserit,

1887 1144 1975 1197 sed
1996 1143 2236 1198 Graecum
2264 1160 2284 1197 :
2310 1143 2374 1197 ea:
2393 1161 2452 1197 eo
2477 1146 2671 1198 scilicet
2696 1146 2836 1214 quod
2857 1146 2951 1208 ait,
2980 1145 3170 1199 Latino
3193 1156 3349 1199 utens
3370 1145 3481 1199 elo-

1887 1216 2015 1283 quio
2050 1232 2063 1267 ε
2097 1225 2150 1268 et
2182 1215 2470 1269 infantiqu
2514 1230 2669 1269 more
2697 1216 3135 1279 balbutientium,
3166 1233 3219 1269 se
3249 1215 3481 1270 necdum

1887 1299 2051 1355 posse
2076 1284 2142 1338 ad
2174 1285 2391 1353 plenum
2424 1287 2588 1340 verba
2624 1285 2883 1340 formare.
2923 1286 3117 1340 Verum
3146 1288 3302 1357 longe
3331 1302 3473 1340 secus

1888 1364 2024 1409 totus
2057 1357 2309 1426 orationis
2341 1364 2609 1409 contextus
2635 1357 2849 1418 clamat,
2874 1366 2920 1410 et
2946 1373 3063 1426 qua:
3091 1358 3335 1410 continuo
3362 1357 3478 1408 lau-

1888 1427 2081 1479 dantur
2110 1442 2173 1480 ea:
2208 1425 2437 1496 Vulgata
2477 1426 2667 1480 Latina
2703 1425 3129 1497 interpretatione
3173 1428 3479 1495 Scriptura-
3530 1474 3539 1483 ,

1886 1515 2001 1551 rum
2039 1499 2335 1569 testimonia
2366 1513 2385 1550 :
2422 1510 2475 1550 ut
2506 1498 2629 1567 quin
2674 1497 2892 1552 Latinus
2920 1500 3029 1569 ipse
3067 1500 3255 1569 fuerit,
3304 1499 3480 1550 nullus

1888 1584 2014 1622 sane
2043 1568 2288 1630 dubitem,
2319 1584 2627 1639 quamquam
2658 1569 2726 1620 ad
2755 1585 2885 1633 eam,
2910 1568 3073 1639 quam
3092 1569 3306 1621 molitur
3328 1571 3480 1639 {rau-

1891 1639 2039 1711 dem,
2068 1636 2392 1711 peregrinum
2430 1636 2495 1693 se
2524 1648 2721 1693 tentare
2750 1636 3289 1711 sermonemisimulet.
3324 1636 3477 1691 Nihil

1892 1710 2067 1779 itaque
2096 1711 2164 1762 ad
2194 1710 2312 1763 rem
2350 1720 2425 1763 est
2460 1712 2756 1779 conjectura
2805 1710 2898 1763 illa
2935 1710 2997 1761 de
3026 1710 3354 1776 Sep/ironia,
3388 1725 3476 1761 seu

1891 1778 2068 1851 ueteri,
2098 1782 2236 1847 quod
2251 1781 2489 1835 Curtisius
2510 1798 2709 1849 quoque
2723 1781 2929 1851 probat,
2962 1779 3271 1851 Hieronymi
3284 1778 3476 1841 amico,

1888 1852 1975 1916 qui
2009 1849 2342 1914 Psalterium,
2372 1854 2620 1918 pluraque
2646 1852 2753 1903 alia
2779 1853 2839 1906 S.
2869 1849 3109 1904 Doctoris
3134 1849 3385 1919 opuscula
3416 1866 3480 1904 ex

1890 1920 2082 1974 Latino
2112 1921 2309 1988 refudit
2353 1921 2405 1973 in
2436 1920 2677 1973 Gra’cum
2719 1937 2737 1973 .'
2766 1938 2853 1975 seu
2900 1924 3177 1975 recentiore
3217 1922 3323 1974 alio
3347 1960 3363 1986 ,
3392 1921 3481 1990 qui

1890 1993 2033 2044 circa
2076 1992 2301 2045 medium
2330 1999 2563 2043 octavum
2599 1992 2845 2043 sceculum
2866 2032 2880 2055 ,
2909 2000 2964 2042 ut
2993 2007 3087 2043 nos
3124 1992 3383 2052 diximus,
3419 1992 3484 2043 li-

1891 2063 2041 2114 brum
2088 2062 2154 2116 de
2199 2060 2502 2114 Illustribus
2562 2060 2695 2113 Viris
2745 2059 2921 2114 Graec
2966 2070 3039 2114 est
3083 2064 3475 2131 interpretatus.

1891 2131 2069 2201 Hujus
2110 2142 2289 2187 auctor
2335 2132 2618 2197 sermonis,
2652 2131 2885 2201 quisquis
2914 2130 3004 2185 ille
3046 2130 3238 2201 fuerit,
3276 2140 3483 2185 cetatem

1888 2220 2035 2255 suam
2079 2206 2354 2272 manifesto
2400 2202 2571 2270 prodit
2612 2218 2675 2255 ex
2700 2203 2844 2271 ipso,
2885 2201 3021 2272 quod
3062 2209 3282 2265 tractat,
3322 2218 3481 2271 argu-

1888 2284 2081 2337 mento,
2106 2283 2258 2342 atque
2286 2288 2345 2326 eo
2379 2275 2621 2332 maxime,
2652 2273 2789 2341 quod
2822 2274 2913 2333 ait,
2948 2272 3360 2327 Solemnitatcm
3386 2273 3488 2326 As-

1890 2346 2214 2413 sumptionis
2265 2344 2437 2397 beata:
2485 2344 2722 2413 Virginis
2771 2343 3036 2398 celebrari
3088 2342 3483 2413 inEcclesiis;

1888 2412 2209 2483 compertum
2236 2417 2373 2467 enim
2400 2424 2494 2480 (st,
2527 2412 2658 2465 Ot‘lttl
2676 2430 2704 2467 ο
2722 2416 2927 2467 demum
2947 2413 3137 2467 swculo
3158 2412 3254 2465 hoc
3268 2414 3487 2483 erupisse

1885 2482 2074 2554 festum
2103 2485 2328 2549 institui,
2364 2501 2526 2554 neque
2543 2487 2656 2554 jam
2688 2486 2809 2537 inde
2835 2486 2887 2537 in
2919 2482 3483 2554 OcciderttisAEcclesiis

1886 2552 2203 2614 obtinuisse.
2230 2570 2343 2608 cum
2390 2552 2483 2607 sub
2525 2552 2648 2607 noni
2684 2555 2887 2607 initium
2917 2554 3133 2608 Carolus
3176 2552 3400 2623 Magnus
3428 2554 3484 2605 in

1884 2627 2272 2697 Capitularibus
2295 2667 2309 2689 ,
2344 2624 2437 2678 lib.
2484 2642 2540 2693 1,
2572 2642 2687 2691 cap.
2727 2626 2830 2680 158
2856 2669 2869 2692 ,
2905 2625 3301 2697 itaiconstituot
3344 2624 3484 2697 {Ha}

1884 2694 2006 2751 sunt
2049 2696 2392 2751 Festivitates
2436 2699 2489 2750 in
2516 2712 2659 2749 anno
2690 2736 2705 2760 ,
2737 2706 2940 2751 etc.....
2982 2696 3062 2749 De
3100 2694 3485 2765 Assuntptione

1884 2778 2085 2824 sanctae
2108 2768 2290 2824 Maria:
2317 2768 2763 2837 interrogandum
2795 2766 3169 2838 relinquimus.

2442 2900 2771 2957 EPISTULA
2814 2900 2906 2957 IX.

2289 3034 2357 3072 AD
2387 3032 2597 3073 PAULAM
2627 3032 2696 3071 ΕΤ
2727 3031 3067 3073 ευετοοιιιωι

2099 3130 2176 3187 De
2200 3133 2549 3202 assumptione
2579 3134 2743 3187 beata:
2789 3132 2975 3187 Maria:
3008 3131 3257 3202 Virginis.

1955 3274 1994 3327 l.
2022 3273 2225 3345 Cogitis
2251 3288 2358 3339 me,
2388 3290 2421 3327 0
2444 3272 2607 3328 l’anla
2636 3280 2690 3325 et
2710 3269 3083 3332 Eustochium,
3113 3267 3222 3320 imo
3251 3264 3489 3321 charitas

1882 3367 2080 3424 Christi
2124 3383 2210 3423 me
2240 3366 2560 3435 compellit,
2593 3364 2683 3433 qui
2726 3362 2881 3416 vobis
2924 3360 3124 3414 dudum
3173 3359 3489 3413 tractatibus

1884 3461 2026 3531 loqui
2051 3473 2465 3520 consueverant,
2503 3464 2563 3508 ut
2592 3469 2734 3509 novo
2757 3452 3014 3522 loquendi
3036 3465 3256 3520 genere,
3283 3451 3487 3505 sanctis

1885 3570 2005 3623 qua:
2033 3553 2308 3607 vobiscum
2340 3551 2541 3618 degunt
2585 3545 2910 3617 virginibus,
2956 3544 3149 3599 Latino
3180 3552 3339 3597 utens
3368 3542 3485 3597 elo-

1886 3647 2034 3715 quio,
2061 3642 2454 3699 exhortationis
2492 3642 2687 3710 gratia,
2723 3652 3035 3693 sermonem
3065 3635 3257 3690 iaciam
3288 3636 3353 3689 de
3382 3636 3487 3690 As-

1887 3737 2196 3805 sumptionc
2220 3735 2389 3788 beatae
2415 3745 2469 3789 et
2497 3731 2745 3801 gloriosa:
2777 3743 2992 3799 semper
3016 3728 3251 3798 Virginis
3278 3727 3487 3794 Μανία),

1889 3846 2039 3885 more
2066 3843 2254 3885 eorum
2286 3827 2375 3897 qui
2403 3824 2785 3880 declamatorie
2832 3823 2884 3877 in
2918 3821 3173 3876 Ecclesiis
3202 3820 3379 3875 solent
3401 3819 3486 3873 lo-

1888 3925 1979 3994 qui
2006 3922 2071 3977 ad
2103 3922 2359 3992 populum
2394 3936 2407 3971 :
2441 3918 2581 3987 quod
2624 3918 2808 3987 utique
2848 3930 3020 3986 genus
3063 3914 3326 3980 docendi,
3361 3927 3488 3967 ncc-

1891 4016 2016 4070 dum
2057 4015 2363 4084 attigeram.
2412 4012 2517 4067 Sed
2563 4011 2685 4081 quia
2728 4023 2929 4079 negare
2978 4024 3186 4078 nequeo
3223 4004 3484 4075 quidquid

1893 4108 2189 4179 injungitis,
2222 4106 2384 4161 nimia
2410 4114 2580 4159 vestra
2611 4104 2854 4158 devictus
2880 4102 3193 4162 dilectione,
3228 4098 3489 4165 experiar

1891 4218 2010 4273 qua:
2050 4199 2339 4255 hortamini
2384 4197 2575 4254 all'ectu
2615 4196 2936 4261 infantium,
2983 4208 3135 4249 more
3178 4186 3487 4244 balbutien-

1895 4296 2024 4351 tium
2049 4334 2064 4357 .
2090 4294 2180 4364 qui
2212 4306 2566 4363 quaecumque
2592 4289 2895 4355 audierint,
2928 4286 3026 4339 fari
3070 4284 3333 4353 gestiunt,
3363 4293 3486 4333 cum

1895 4390 2121 4446 necdum
2156 4387 2363 4458 possint
2385 4386 2449 4440 ad
2482 4387 2695 4455 plenum
2719 4384 2884 4439 verba
2912 4383 3188 4435 formare:
3223 4373 3487 4440 maxime,

196 4487 303 4532 tam
332 4474 533 4531 fecerit
576 4470 899 4542 sapientiam
931 4465 1135 4521 mundi.
1178 4463 1470 4533 Fingamus
1517 4458 1791 4530 paulisper
1824 4450 1871 4509 D
1896 4482 2015 4551 quia
2050 4450 2271 4550 proin”
2298 4450 2663 4545 simpli'cimes
2695 4488 2938 4546 quasque
2968 4471 3019 4526 id
3052 4485 3137 4524 me
3165 4468 3491 4537 depromere

196 4586 281 4626 me
304 4611 322 4635 ,
355 4569 449 4638 qui
481 4564 684 4636 aliquid
714 4572 872 4631 putor
900 4574 1098 4623 nosse,
1139 4572 1262 4612 cum
1288 4556 1581 4623 insipiente
1611 4553 1791 4620 aliquo

194 4671 244 4717 et
270 4656 552 4716 inerudito
577 4655 827 4712 conferre
853 4664 1159 4708 sermonem
1185 4690 1199 4715 ,
1223 4647 1314 4718 qui
1344 4646 1476 4700 nihil
1507 4644 1787 4711 intelligat,

198 4755 331 4809 nihil
363 4761 541 4808 acutae
567 4747 950 4820 disputationis
980 4745 1281 4811 interroget
1311 4758 1322 4793 :
1357 4736 1617 4808 numquid
1658 4751 1793 4805 opus

202 4848 333 4904 mihi
364 4856 453 4903 est
481 4845 548 4900 ad
572 4842 724 4899 istius
749 4840 1035 4897 stultitiam
1052 4834 1470 4907 coarguendam,
1494 4831 1795 4887 dialecticae

202 4943 331 4997 artis
365 4940 722 4996 calliditatem
751 4946 805 4991 et
851 4931 1244 5004 profundorum
1283 4943 1534 4984 sensuum
1565 4941 1793 4982 acumen

204 5035 501 5091 adhibere?
532 5032 723 5087 Nonne
765 5030 832 5084 ad
864 5029 1022 5083 unius
1060 5024 1328 5081 sermonis
1352 5024 1556 5090 jactum
1590 5021 1713 5075 vilis
1743 5030 1800 5074 ct

208 5128 425 5196 modici,
462 5126 552 5197 qui
578 5134 761 5177 tamen
790 5121 935 5176 illius
964 5116 1340 5185 intelligentia:
1370 5113 1615 5168 videatur
1643 5126 1796 5165 accr-

209 5222 396 5288 rimus,
428 5219 639 5274 fatuum
676 5231 798 5270 eum
834 5223 889 5268 et
918 5212 1263 5281 insipientem
1292 5222 1412 5263 esse
1450 5205 1801 5261 convincam?

209 5312 295 5369 Sic
319 5314 479 5385 igitur
508 5311 577 5367 ad
613 5307 802 5365 mundi
837 5306 1159 5375 sapientiam
1202 5301 1619 5359 srultiﬁcandam
1647 5341 1662 5367 ,
1692 5315 1800 5355 non

211 5416 293 5462 est
316 5421 450 5477 Opus
479 5401 809 5475 sapientiam
841 5400 940 5455 Dei
969 5398 1323 5465 descendere,
1353 5405 1410 5453 et
1446 5410 1567 5451 cum
1597 5409 1659 5450 ea
1685 5394 1803 5448 col-

212 5499 420 5564 luctari,
453 5514 577 5570 qua:
618 5495 874 5552 deorsum
914 5500 995 5547 est
1039 5490 1303 5561 sapientia
1330 5529 1346 5556 ,
1377 5487 1470 5543 sed
1500 5486 1704 5542 suflicit
1730 5486 1807 5539 t'a-

216 5598 359 5647 tuum
400 5590 500 5647 Dei
538 5607 551 5643 :
585 5587 849 5660 quoniam
892 5582 1191 5655 sapientius
1231 5595 1313 5635 est
1354 5580 1661 5636 hominibus
1709 5598 1717 5630 :
1753 5590 1810 5636 et

216 5685 478 5746 infirmum
512 5685 637 5753 Dei,
669 5682 861 5739 fortius
891 5689 975 5738 est
1000 5676 1309 5737 hominibus
1340 5692 1352 5729 :
1385 5687 1440 5731 ct
1465 5674 1647 5731 omnia
1679 5689 1806 5731 con-

1897 4572 2215 4643 cnmpellitis
2243 4613 2257 4637 ,
2302 4581 2359 4626 ιιι
2399 4570 2594 4626 habeat
2629 4579 2875 4623 sanctum
2921 4563 3209 4633 collegium
3251 4567 3489 4613 vestrum

1898 4680 2150 4721 sermone
2174 4663 2402 4727 Latino,
2436 4662 2631 4730 quibus
2662 4676 2722 4716 se
2752 4665 2987 4727 occupet
3011 4652 3265 4708 laudibus
3300 4649 3490 4704 eadem

1898 4758 2021 4825 die,
2048 4757 2311 4828 quibusve
2354 4754 2554 4809 divinis
2582 4758 2744 4805 vacet
2778 4744 3105 4802 lectionibus
3140 4759 3153 4795 :
3188 4741 3493 4811 prtescrtim

1898 4864 2020 4905 cum
2054 4858 2111 4903 et
2152 4846 2340 4901 eadem
2392 4846 2443 4897 in
2494 4842 2682 4895 multis
2728 4835 3149 4899 festivitatibus,
3198 4832 3493 4887 multorum

1899 4950 2210 4995 sanctorum
2247 4938 2466 4991 Patrum
2508 4933 2721 4993 studia,
2765 4929 2906 4982 miro
2951 4924 3200 4979 cuderint
3239 4924 3493 4996 eloquio,

1900 5045 2019 5099 qua:
2043 5028 2110 5081 de
2132 5029 2234 5080 hac
2260 5027 2478 5094 quidem
2514 5025 2732 5077 uberius
2765 5020 2965 5088 ubique
3004 5019 3057 5072 in
3090 5018 3389 5089 Scripturis
3410 5018 3496 5073 di-

1900 5121 2044 5176 vinis
2090 5117 2383 5188 przndicata
2425 5116 2699 5184 leguntur.
2733 5110 2870 5178 Quid
2912 5110 3061 5165 enim
3111 5110 3252 5164 aliud
3302 5116 3503 5165 sonant

1905 5209 2201 5281 Evangelia
2226 5250 2241 5274 ,
2285 5207 2388 5261 nisi
2422 5205 2708 5260 Dominum
2746 5209 3060 5269 nascentem
3091 5216 3161 5257 ex
3196 5202 3362 5256 Maria
3393 5199 3502 5254 vir-

1907 5307 2065 5378 gine?
2113 5314 2169 5360 et
2200 5300 2380 5357 omnia
2421 5300 2540 5370 ejus
2585 5298 2946 5362 incrementa,
2975 5308 3257 5364 quousque
3300 5292 3401 5346 fuit
3440 5292 3498 5346 in

1909 5398 2110 5455 mundo
2135 5396 2449 5460 dumtaxat,
2478 5388 2677 5445 divinis
2713 5388 2943 5442 alterunt
2982 5384 3299 5453 prmconiis.
3329 5382 3504 5437 Porro

1908 5493 1977 5546 ab
1998 5487 2223 5545 exordio
2260 5484 2432 5541 sancti
2467 5477 2741 5548 Evangelii
2774 5474 3080 5531 Gabrielern
3110 5471 3497 5544 archangelum

1909 5584 2313 5651 colloquentem
2350 5576 2534 5633 Mariae
2576 5567 2842 5626 didicistis
2864 5609 2879 5631 ,
2908 5575 2964 5620 et
3003 5562 3264 5633 deinceps
3298 5566 3504 5636 reliqua

1910 5673 2090 5734 omnia
2112 5672 2322 5745 plenius
2349 5668 2578 5742 legistis.
2616 5660 2697 5719 Ad
2725 5671 2968 5731 prirsepe
2993 5664 3231 5726 quoque,
3258 5674 3291 5716 o
3312 5658 3501 5721 Paula,
