3998 6198
456 178 562 237 195

1482 160 1540 234 s.
1583 162 1964 233 HIERONYMI
2000 162 2284 229 ορειιυιι
2323 171 2685 229 MANTISSA.

3651 167 3757 227 124

456 306 513 352 te
540 304 711 363 teste,
737 302 868 351 nato
904 307 1069 366 puero
1098 295 1239 349 inter
1262 290 1559 360 crepundia
1589 289 1715 345 novi
1749 293 1958 359 partus,
1994 292 2050 341 et
2075 285 2128 347 Α
2152 300 2348 341 manus
2389 285 2706 342 invenitur:
2741 285 2886 356 quod
2922 292 2977 340 et
3019 284 3290 341 scaturire
3337 284 3605 345 cernitur.
3651 285 3756 345 Ve-

460 389 713 462 querelas
743 388 912 445 nescii
962 387 1228 457 ploratus,
1263 400 1363 455 pro
1390 381 1753 449 fescenninis,
1788 379 1969 434 Gloria
1998 378 2053 431 in

460 481 677 539 excelsis
702 480 829 548 Deo,
864 487 909 533 et
936 478 991 531 in
1019 486 1154 531 terra
1182 475 1610 549 pmhominibus
1639 474 1785 528 bona:
1812 472 2053 527 volunta-

463 576 530 631 tis
557 590 577 629 :
613 571 1011 630 multitudinem
1043 571 1361 641 angelorum
1394 566 1727 624 cantantium
1769 563 2050 629 audivisti,

464 675 522 724 et
572 665 873 721 radiantem
931 661 1145 717 stellam
1201 659 1403 715 vidisti.
1459 655 1775 713 Pastoribus
1832 656 2054 721 insuper

466 753 962 826 evangelizantibus
983 752 1284 808 credidisti.
1315 751 1497 821 Magos
1529 756 1790 819 praeterea
1818 746 1919 800 tria
1952 744 2053 801 de-

465 850 701 905 terentes
721 860 969 910 munera,
990 844 1045 899 in
1064 845 1269 898 visione
1294 844 1463 897 beatis
1484 840 1659 895 oculis
1680 838 2009 910 conspexisti
2037 854 2050 891 :

464 942 579 1011 ipsa
610 938 797 995 eadem
827 953 1049 993 munera
1078 937 1217 992 bene
1245 935 1597 1006 intelligendo
1636 933 1773 989 votis
1802 933 2058 1009 omnibus

467 1033 572 1090 fide
605 1033 717 1089 Deo
742 1031 1004 1087 obtulisti.
1047 1030 1181 1086 Nam
1220 1040 1270 1085 et
1299 1046 1419 1084 cum
1449 1027 1655 1083 eisdem
1687 1026 1855 1097 magis
1886 1024 2056 1080 Deum

468 1142 696 1197 puerum
729 1126 779 1179 in
828 1124 1096 1195 praesepio
1139 1121 1398 1177 adorasti.
1435 1119 1540 1175 Sed
1589 1118 1730 1174 forte
1764 1124 2060 1187 conquesta

467 1235 556 1276 me
580 1220 906 1283 delatorem,
931 1216 1025 1287 qui
1056 1215 1164 1289 [AL
1199 1211 1362 1285 quod]
1397 1222 1447 1267 te
1475 1210 1831 1282 prodiderim,
1860 1208 2062 1263 clama-

468 1312 570 1367 bis.
601 1310 681 1367 Ad
702 1311 844 1383 quod
870 1322 1006 1381 ego:
1034 1308 1088 1363 Si
1119 1307 1348 1361 celatum
1378 1318 1497 1360 esse
1528 1303 1749 1357 volebas
1777 1310 1912 1356 teste
1934 1316 2065 1354 con—

469 1404 715 1465 scientia,
745 1403 877 1456 mihi
906 1415 1129 1456 narrare
1149 1406 1273 1452 ante
1292 1396 1638 1468 praesepium,
1662 1395 1751 1448 ubi
1778 1393 2061 1463 plurimum

471 1497 765 1566 lacrymata
794 1510 874 1560 es,
905 1509 1010 1548 non
1040 1492 1305 1547 debueras
1338 1505 1351 1542 :
1388 1488 1528 1559 quod
1560 1499 1617 1541 ιιι
1657 1502 1840 1540 verum
1870 1485 2061 1550 fatear,

473 1586 675 1641 Chi-isti
709 1586 997 1654 prmconia,
1030 1583 1238 1639 etiamsi
1274 1580 1494 1636 voluero
1523 1580 1834 1650 adjuratus,
1891 1590 2066 1647 neque

2156 382 2457 434 rumtamen
2483 379 2611 449 quid
2637 378 2831 433 horum
2861 378 3041 433 verius
3067 386 3376 445 censeatur,
3405 375 3753 449 ambigitnus.

2154 471 2342 526 Melius
2381 479 2560 527 tamen
2594 468 2709 528 Deo
2749 472 2949 537 totum,
2983 470 3068 525 cui
3101 469 3234 525 nihil
3286 470 3626 540 impossibile
3654 480 3754 542 est,

2156 564 2542 621 committimus
2565 609 2578 632 ,
2605 582 2765 636 quam
2798 576 2854 621 ut
2884 563 3088 635 aliquid
3119 566 3328 619 temere
3356 564 3591 621 delinire
3623 566 3753 622 veli-

2160 672 2280 713 mus
2315 658 2641 713 auctoritate
2676 668 2856 713 nostra
2878 698 2892 722 ,
2920 655 3063 726 quod
3093 671 3201 711 non
3234 656 3533 725 probemus
3564 658 3757 714 :sicuti

2158 756 2213 804 et
2242 749 2309 803 de
2342 749 2464 815 bis,
2510 754 2644 819 quos
2673 756 2795 803 eum
2836 749 3066 804 Domino
3107 747 3430 819 (Evangelia
3476 748 3639 820 teste)
3670 766 3755 807 re-

2160 844 2462 897 surrexisse
2496 842 2788 897 credimus.
2825 841 2931 899 Sed
2965 849 3143 897 utrum
3175 840 3446 897 redierint
3477 842 3533 898 in
3576 844 3755 914 pulve-

2162 949 2276 989 rem
2302 942 2483 999 terraz,
2509 942 2717 989 certum
2742 950 2847 989 non
2875 934 3161 1003 habemus,
3191 934 3292 991 nisi
3320 936 3463 1003 quod
3491 936 3754 1009 legimus:

2166 1027 2303 1093 Quia
2331 1031 2491 1080 multa
2537 1044 2755 1099 corpora
2792 1039 3089 1083 sanctorum
3126 1029 3215 1099 qui
3244 1030 3601 1097 dormierunt,
3646 1045 3759 1086 sur-

2164 1128 2441 1181 rexerunt,
2478 1135 2541 1172 ac
2569 1129 2811 1173 venerunt
2850 1120 2903 1173 in
2935 1129 3165 1174 sanctam
3201 1120 3484 1191 civitatem,
3526 1121 3758 1189 scilicet,

2165 1206 2483 1274 Jerusalem,
2513 1217 2559 1262 et
2596 1218 2953 1280 apparuerunt
2994 1209 3173 1264 multis
3217 1210 3429 1281 (Matth.
3465 1227 3634 1279 xxvu,
3670 1213 3761 1280 52,

2168 1302 2281 1372 55).
2316 1302 2394 1357 De
2440 1302 2634 1371 quibus
2683 1302 2924 1369 profecto
2965 1302 3212 1357 nonnulli
3251 1302 3533 1358 doctorum
3573 1312 3769 1359 Sense-

2170 1406 2315 1460 runt,
2339 1403 2395 1449 et
2421 1394 2585 1449 etiam
2623 1397 2675 1449 in
2706 1395 2816 1450 suis
2846 1395 3188 1466 reliquerunt
3221 1396 3456 1466 scriptis,
3490 1397 3634 1466 quod
3655 1398 3767 1466 jam

2170 1488 2221 1541 in
2270 1487 2377 1541 illis
2426 1497 2681 1556 perpetua
2721 1490 2789 1542 sit
2815 1490 3084 1558 completa
3116 1489 3472 1544 resurrectio.
3512 1489 3770 1545 Fatentur

2172 1579 2314 1633 enirn
2344 1579 2484 1649 quod
2510 1579 2620 1634 veri
2652 1587 2821 1635 testes
2854 1595 2959 1635 non
2989 1589 3197 1646 essent,
3230 1582 3335 1636 nisi
3360 1588 3559 1636 ctvera
3582 1596 3767 1637 eorum

475 1688 595 1734 tuas
624 1679 812 1733 laudes
852 1678 1073 1733 omnino
1106 1688 1286 1732 tacere
1316 1690 1478 1747 queo.
1528 1673 1733 1728 Idcirco
1762 1682 1866 1726 tuae
1901 1680 1951 1726 te
1980 1669 2067 1724 in—
2099 1667 2145 1726 B
2173 1682 2316 1726 eSset
2372 1673 2721 1728 resurrectio.
2777 1672 2932 1729 Unde
2969 1684 3022 1728 et
3074 1675 3262 1729 beatus
3311 1675 3506 1729 Petrus
3562 1675 3768 1731 dixisse

476 1780 753 1841 terrogent
778 1770 922 1834 ﬁliae,
957 1785 1089 1840 quas
1120 1771 1257 1825 lacte
1288 1767 1457 1821 nutris
1490 1785 1503 1820 :
1538 1774 1592 1818 tu
1621 1779 1683 1819 ea
1706 1763 1897 1818 melius
1926 1777 2070 1817 rese-

476 1863 649 1929 rabis,
681 1879 800 1932 qua:
824 1860 1005 1918 nescio
1034 1861 1080 1916 si
1112 1877 1208 1931 per
1234 1859 1468 1927 speciem
1501 1857 1733 1927 aliquam
1757 1897 1770 1918 ,
1798 1863 1891 1909 aut
1920 1865 2071 1909 certe

472 1954 527 2010 in
551 1954 744 2023 Spiritu
776 1954 974 2009 vidisti.
1008 1954 1157 2010 Unde
1198 1968 1291 2007 vos
1312 1995 1327 2018 ,
1361 1968 1393 2005 0
1418 1950 1557 2018 ﬁlim,
1603 1948 1812 2019 pulsate
1843 1955 2070 2001 matrem

476 2048 749 2118 precibus,
772 2047 984 2118 pulsate
1013 2046 1080 2100 ad
1111 2044 1308 2099 ostium
1339 2042 1616 2097 invitantis
1643 2042 1800 2096 amici
1827 2056 1841 2095 :
1870 2040 1914 2094 si
1939 2054 2076 2109 quo-

475 2141 639 2196 modo
673 2139 889 2194 tandem
942 2139 1096 2195 vobis
1140 2138 1455 2209 aperiantur
1479 2176 1495 2202 ,
1529 2152 1647 2205 qua:
1681 2142 1923 2190 reserata
1950 2142 2075 2188 sunt

475 2231 656 2287 matri.
688 2231 1071 2287 Verumtamen
1095 2230 1161 2285 de
1194 2228 1279 2283 his
1309 2228 1436 2298 quid
1472 2229 1619 2297 plura
1650 2226 1860 2282 dicam?
1882 2224 2075 2279 Omnia

476 2324 780 2380 Salvatoris
824 2333 1005 2393 gesta,
1039 2332 1095 2377 et
1141 2323 1311 2379 beatae
1344 2321 1523 2375 Mariae
1555 2320 1835 2389 obsequia,
1866 2333 2075 2373 necnon

477 2429 630 2472 actus
660 2416 783 2472 vita:
805 2432 869 2471 es
898 2416 1196 2486 Evangelio
1236 2413 1524 2469 didicistis.
1560 2414 1621 2466 Et
1653 2426 1795 2466 nunc
1825 2412 1949 2481 quid
1987 2425 2077 2465 su-

480 2518 683 2581 perest,
716 2519 776 2565 ut
805 2510 873 2563 ab
901 2512 1081 2580 aliquo
1112 2509 1393 2564 doctorum
1424 2504 1757 2577 requiratis?

555 2603 619 2657 ιι.
659 2605 735 2659 De
762 2604 1146 2671 Assuinptione
1169 2600 1409 2668 ejusdem
1446 2610 1622 2653 tamen
1657 2599 1825 2652 beata:
1854 2596 1950 2651 Dei
1980 2612 2073 2667 ge-

485 2694 696 2751 nitricis
719 2709 1042 2763 semperque
1068 2692 1299 2761 Virginis
1321 2691 1520 2756 Mariae,
1545 2690 1779 2760 qualiter
1803 2698 2079 2757 assumpta

485 2795 590 2851 est,
616 2788 739 2858 quia
773 2795 955 2841 vestra
983 2784 1035 2840 id
1066 2784 1311 2853 deposcit
1338 2784 1535 2848 oratio,
1568 2780 1853 2852 prementia
1883 2780 2080 2835 absens

488 2880 731 2934 scribere
776 2878 931 2933 vobis
959 2878 1164 2941 curavi,
1201 2892 1318 2946 qua:
1356 2874 1599 2931 absentia
1634 2890 1871 2942 praesens
1911 2872 2083 2927 devo-

492 2952 575 3025 t'us
596 2970 761 3025 obtuli
786 3011 800 3034 ,
834 2980 892 3023 ut
920 2969 1117 3023 habeat
1152 2976 1393 3023 sanctum
1420 2967 1718 3035 Collegium
1754 2976 1992 3020 vesnum
2025 2963 2078 3017 in

489 3065 579 3120 die
603 3075 764 3118 tanta:
787 3064 1124 3119 solennitatis
1153 3078 1344 3117 munus
1366 3060 1539 3115 Latini
1568 3059 1856 3126 sermonis,
1889 3057 1943 3111 in
1973 3071 2080 3127 quo
2106 3047 2150 3109 C

489 3158 659 3214 discat
691 3171 872 3214 tenera
916 3158 1137 3212 infantia
1178 3156 1328 3210 lactis
1357 3152 1595 3225 experiri
1627 3153 1992 3216 dulcedinem,
2028 3159 2082 3205 et

492 3252 559 3305 de
580 3250 789 3320 exiguis
808 3250 1003 3305 eximia
1030 3250 1268 3319 cogitare
1297 3266 1311 3305 :
1338 3247 1566 3317 qualiter
1589 3244 1801 3299 favente
1828 3243 1962 3307 Deo,
1986 3257 2083 3312 per

489 3343 732 3414 singulos
761 3358 930 3398 annos
962 3353 1068 3399 tota
1101 3342 1219 3397 haec
1245 3341 1364 3398 dies
1392 3338 1729 3410 expendatur
1757 3340 1808 3392 in
1842 3337 2078 3406 laudem,

491 3446 545 3494 et
574 3454 697 3493 cum
722 3437 918 3508 gaudio
944 3436 1251 3493 celebretur
1278 3455 1291 3492 :
1316 3450 1387 3492 ne
1415 3434 1553 3489 forte
1577 3433 1619 3488 si
1653 3433 1861 3487 venerit
1889 3431 1943 3485 in
1972 3444 2085 3483 ma-

492 3546 595 3587 nus
619 3541 825 3586 vestras
853 3530 983 3585 illud
1013 3530 1404 3600 apocryplnnn,
1454 3526 1527 3581 De
1557 3525 1813 3580 Transitu
1837 3521 2083 3591 ejusdem

495 3621 769 3691 Virginis,
817 3621 978 3677 dubia
1030 3636 1125 3689 pro
1172 3620 1335 3674 certis
1384 3617 1660 3687 recipiatis
1702 3613 1889 3685 :quod
1926 3612 2083 3667 multi

494 3712 811 3768 Latinorum
833 3712 1047 3782 pietatis
1069 3725 1273 3774 amore,
1291 3708 1470 3764 studio
1493 3706 1707 3777 legendi
1728 3705 1942 3761 cbarius
1960 3720 2085 3759 am-

495 3806 807 3874 plectuntur
837 3822 848 3857 :
885 3803 1183 3871 prmScrtim
1210 3816 1332 3857 cum
1362 3816 1427 3856 ex
1461 3800 1543 3853 bis
1583 3798 1717 3853 nihil
1748 3798 1890 3852 aliud
1915 3812 2085 3866 cxpe-

494 3897 592 3951 riri
620 3897 789 3967 possit
816 3910 916 3966 pro
944 3906 1117 3961 certo,
1146 3895 1249 3949 nisi
1275 3892 1418 3964 quod
1451 3891 1710 3946 hodierna
1739 3890 1827 3945 die
1849 3888 2084 3959 gloriosa

495 3988 753 4059 migravit
790 4004 819 4042 a
867 4003 1120 4058 corpore.
1173 3987 1501 4042 Monstratur
1543 3994 1721 4039 autem
1774 3983 2083 4052 sepulcrum

495 4082 615 4151 ejus
646 4080 995 4136 cernentibus
1042 4080 1199 4134 nobis
1238 4094 1407 4147 usque
1452 4077 1516 4130 ad
1559 4089 1797 4145 praesens
1836 4075 1888 4128 iu
1929 4072 2086 4126 vallis

493 4173 754 4244 Jusaphat
779 4174 992 4238 medio,
1026 4188 1144 4242 qua:
1191 4171 1346 4226 vallis
1385 4179 1464 4225 est
1510 4169 1652 4224 inter
1690 4176 1925 4222 montem
1954 4164 2084 4220 Sion

495 4279 550 4326 et
570 4283 811 4325 montem
841 4267 1037 4323 Oliveti
1071 4268 1243 4338 posita
1268 4287 1281 4319 :
1311 4281 1475 4337 quam
1503 4274 1559 4320 et
1589 4274 1666 4329 tu,
1689 4276 1722 4317 ο
1744 4260 1929 4321 Paula,
1958 4272 2087 4313 ocu-

491 4361 561 4417 lis
588 4361 870 4432 aspvxisti,
901 4360 991 4416 ubi
1026 4362 1076 4415 in
1104 4361 1222 4428 ejus
1252 4359 1460 4414 honore
1490 4357 1748 4413 fabricata
1779 4364 1860 4408 est
1893 4351 2087 4408 Eccle-

2176 1764 2399 1833 legitur,
2442 1781 2563 1820 cum
2598 1765 2665 1820 de
2697 1766 2869 1821 David
2904 1768 3221 1837 loqueretur
3252 1768 3304 1823 in
3352 1769 3721 1824 testimonium
3753 1787 3768 1824 :

2175 1855 2242 1909 Et
2272 1855 2584 1928 sepulcrum,
2614 1858 2806 1928 inquit,
2849 1863 2962 1932 ejus
2986 1860 3127 1929 apud
3149 1874 3239 1914 nos
3263 1869 3335 1913 est
3367 1857 3507 1932 (Act.
3536 1875 3593 1922 ll,
3630 1859 3724 1931 9.5)
3758 1879 3768 1914 :

2175 1954 2327 2023 quasi
2362 1964 2467 2007 non
2501 1953 2569 2007 sit
2616 1967 2779 2007 ausus
2810 1954 2995 2009 dicere
3022 1996 3035 2017 ,
3082 1955 3225 2023 quod
3266 1954 3410 2023 ipse,
3442 1961 3537 2007 aut
3575 1969 3774 2023 corpus

2175 2046 2296 2115 ejus
2330 2046 2471 2114 apud
2503 2061 2602 2101 nos
2631 2054 2713 2101 est
2748 2065 2759 2097 :
2795 2048 2888 2101 Sed
2919 2056 3125 2101 tantum
3160 2050 3465 2118 sepulcrum
3495 2063 3607 2119 quo
3638 2065 3771 2103 con-

2178 2139 2321 2195 ditus
2350 2140 2545 2194 .i’uerat
2591 2158 2603 2194 :
2640 2141 2765 2197 hinc
2801 2142 2954 2196 aiunt
3002 2144 3367 2198 resurrcxisse
3409 2152 3464 2198 et
3493 2154 3618 2198 eum
3652 2159 3773 2198 cum

2178 2232 2393 2287 cancris
2422 2234 2622 2288 sanctis
2656 2251 2669 2286 :
2700 2243 2755 2288 et
2787 2235 2907 2289 ideo
2937 2250 3162 2290 vacuum
3192 2236 3526 2291 reman~isse
3560 2248 3777 2291 mauso-

2180 2328 2346 2391 leum,
2378 2334 2437 2381 ut
2466 2325 2608 2382 hunc
2634 2322 2802 2382 beata:
2832 2328 3013 2382 Maria:
3044 2330 3304 2384 cernitur.
3330 2328 3481 2396 Quod
3514 2342 3650 2385 sane
3672 2330 3780 2383 fac-

2182 2427 2315 2485 tum,
2349 2430 2397 2473 et
2424 2418 2489 2472 tle
2513 2420 2634 2472 aliis
2670 2420 3003 2490 quibuslibet
3031 2419 3164 2475 locis
3192 2419 3599 2489 Scripturarum
3635 2419 3778 2473 aliir-

2181 2526 2331 2566 mare
2376 2516 2641 2566 conantur
2682 2513 2865 2582 :quod
2898 2513 2948 2567 hi
2983 2513 3094 2582 jam
3128 2528 3248 2567 enm
3291 2511 3511 2567 Christo
3551 2520 3778 2583 regnent

2183 2604 2487 2659 resuscitati
2510 2604 2561 2658 in
2587 2613 2791 2659 {eterna
2816 2606 3097 2659 societate.
3133 2604 3284 2671 Quod
3314 2605 3463 2676 (quia
3496 2604 3610 2658 Deo
3643 2604 3778 2659 nihil

2180 2707 2268 2753 est
2290 2696 2647 2769 impossibile)
2677 2713 2775 2753 nec
2800 2712 2898 2754 nos
2928 2698 2995 2753 de
3019 2698 3175 2754 beata
3209 2696 3372 2752 Maria
3411 2696 3636 2767 Virgine
3664 2697 3776 2752 fac-

2184 2800 2296 2844 tum
2330 2792 2649 2856 abnuimus,
2683 2806 3006 2860 quamquam
3040 2782 3261 2860 pfopter
3300 2789 3567 2844 cautelam
3594 2788 3777 2860 (salva

2185 2881 2314 2953 fide)
2346 2884 2433 2952 pio
2466 2884 2636 2953 magis
2664 2884 2939 2939 desiderio
2967 2883 3177 2951 opinari
3203 2891 3476 2952 oporteat,
3504 2896 3667 2952 quam
3697 2882 3778 2936 in-

2183 2976 2432 3031 consulte
2460 2976 2711 3041 deﬁuire,
2745 2976 2886 3047 quod
2916 2977 3035 3030 sine
3068 2976 3308 3045 periculo
3332 2976 3591 3030 nescitur.

2260 3069 2348 3125 lll.
2383 3069 2536 3126 Unde
2561 3070 2628 3124 de
2652 3070 2735 3124 his
2766 3080 2828 3124 ex
2853 3071 3047 3141 quibus
3072 3070 3207 3124 certi
3258 3084 3466 3134 sumus,
3517 3070 3779 3138 tantisper

2186 3167 2470 3235 loquamur
2527 3162 2592 3216 ad
2649 3162 3083 3216 exhortationem
3119 3168 3349 3216 vestram
3399 3160 3779 3230 qualicumque

2186 3273 2457 3322 sermone,
2493 3256 2558 3311 ad
2606 3256 3013 3312 a-diﬁcatiouem
3064 3264 3118 3310 et
3146 3255 3358 3311 laudem
3391 3254 3625 3309 nominis
3655 3253 3776 3309 Dei:

2188 3360 2244 3407 ut
2271 3361 2324 3407 et
2351 3349 2543 3419 religio
2570 3359 2924 3404 conservetur
2971 3365 3066 3417 pro
3124 3348 3409 3416 famulatu,
3465 3357 3519 3404 et
3561 3348 3779 3404 devotio

2187 3457 2447 3519 augeatur
2473 3459 2569 3515 pro
2594 3443 2787 3500 affectu
2825 3464 2838 3500 :
2890 3447 3140 3514 quoniam
3189 3442 3306 3499 haec
3334 3451 3417 3499 est
3453 3443 3635 3513 Virgo,
3663 3456 3783 3513 qua:

2188 3541 2304 3595 sola
2355 3538 2627 3593 interemit
2683 3535 2989 3591 universam
3047 3536 3354 3591 haereticam
3411 3536 3782 3604 pravitatem:

2189 3633 2305 3687 sola
2342 3640 2461 3700 post
2482 3628 2649 3683 Deum
2676 3644 2797 3699 qua:
2831 3644 2928 3683 nos
2957 3627 3241 3682 conti-met
3277 3628 3328 3681 in
3358 3628 3504 3682 omni
3527 3628 3783 3692 veritate,

2189 3726 2406 3794 suisque
2428 3722 2773 3777 commendet
2818 3722 3048 3786 meritis,
3098 3731 3155 3775 et
3186 3720 3435 3788 precibus
3471 3719 3784 3781 auxilietur,
3816 3734 3825 3743 '

2190 3826 2324 3873 utet
2351 3816 2453 3887 ipsi
2482 3817 2627 3887 digni
2658 3816 2995 3870 inveniamur
3024 3815 3076 3869 in
3126 3814 3245 3881 ejus
3300 3812 3567 3869 laudibus.
3627 3812 3786 3879 Quod

2190 3912 2234 3964 si
2263 3911 2519 3980 qumritur
2549 3918 2666 3978 post
2717 3908 3092 3962 ascensionem
3155 3906 3368 3961 Domini
3404 3904 3530 3975 quid
3588 3905 3783 3973 egerit,

2191 4017 2356 4057 unum
2390 4016 2484 4069 pro
2512 4008 2663 4055 certo
2684 4010 2786 4064 est,
2838 4000 2962 4069 quia
2992 3998 3159 4069 Virgo
3214 4008 3396 4052 sancta
3445 4013 3676 4066 corpore
3723 4012 3789 4051 ac

2192 4105 2373 4149 mente
2399 4091 2693 4163 permansit
2720 4111 2731 4145 :
2761 4108 2921 4161 quam
2943 4107 3072 4147 sane
3102 4092 3322 4160 angelus
3347 4091 3589 4155 Gabriel,
3632 4105 3699 4146 ac
3742 4093 3789 4145 si

2190 4187 2429 4241 Ctelestis
2447 4186 2862 4256 paranymphus,
2897 4187 3150 4239 intactam
3183 4185 3491 4239 custodivit.
3524 4185 3593 4239 Et
3614 4183 3785 4240 Joan-

2193 4292 2289 4332 nes
2320 4278 2615 4347 apostolus,
2643 4287 2807 4342 atqne
2836 4275 3188 4345 evangelista,
3239 4275 3327 4329 cui
3371 4276 3620 4330 Christus
3663 4288 3787 4330 eam

2193 4368 2258 4423 de
2282 4383 2444 4423 cruce
2464 4368 2756 4435 commisit,
2782 4367 2932 4438 virgo
2959 4367 3221 4438 virginem
3279 4368 3533 4429 servavit,
3566 4368 3793 4436 suisque

492 4453 570 4508 sia
599 4456 737 4507 miro
774 4453 952 4522 lapide
995 4452 1230 4506 tabulata
1265 4470 1277 4503 :
1318 4450 1369 4505 in
1400 4463 1507 4520 qua
1539 4447 1751 4518 sepulta
1788 4444 1957 4501 fuisse
1993 4447 2074 4517 (ut

2191 4462 2240 4517 ei
2273 4460 2571 4517 deservivit
2591 4460 2870 4530 obsequiis
2899 4477 2915 4515 :
2940 4476 3047 4515 non
3075 4460 3220 4530 quod
3247 4460 3483 4516 eximius
3509 4459 3599 4516 ille
3626 4475 3792 4515 sanc-

490 4547 634 4603 scire
664 4545 922 4617 potestis)
961 4545 1031 4601 ab
1058 4547 1314 4600 omnibus
1350 4543 1547 4598 ibidem
1586 4542 1910 4609 praedicatur
1940 4558 1952 4594 :
1984 4540 2079 4596 sed

491 4656 635 4696 nunc
665 4655 891 4696 vacuum
922 4654 1045 4696 esse
1079 4638 1415 4694 mausoleum
1452 4635 1802 4692 cernentibus
1833 4633 2079 4690 ostendi-

491 4747 597 4792 tnr.
634 4737 759 4793 Haec
788 4736 991 4793 idcirco
1021 4735 1277 4799 dixerim,
1306 4734 1430 4801 quia
1458 4731 1613 4787 multi
1644 4740 1952 4784 nostrorum
1983 4728 2078 4783 du-

490 4829 693 4894 bitant,
746 4838 925 4885 utrum
956 4836 1234 4896 assumpta
1279 4825 1439 4881 fuerit
1475 4823 1633 4879 simul
1670 4838 1793 4879 cum
1824 4836 2075 4895 corpore,

490 4936 560 4976 an
590 4921 785 4977 abierit
809 4921 1000 4976 relicto
1029 4934 1278 4990 corpore.
1312 4916 1597 4987 Quomodo
1626 4926 1828 4983 autem,
1857 4916 1944 4972 vel
1974 4931 2081 4985 quo

492 5023 759 5083 tempore,
783 5022 877 5067 aut
900 5028 927 5065 a
950 5014 1146 5082 quibus
1174 5011 1422 5081 personis
1448 5010 1852 5067 sanctissimum
1887 5022 2085 5077 corpus

494 5107 614 5177 ejus
663 5104 789 5160 inde
825 5104 1061 5159 ablatum
1110 5103 1303 5170 fuerit,
1361 5104 1447 5159 vel
1498 5102 1587 5157 ubi
1635 5103 2020 5172 transpositum
2069 5116 2083 5152 :

492 5213 747 5257 utrumne
795 5201 1155 5256 resurrexcrit
1186 5243 1201 5268 ,
1242 5201 1481 5257 nescitur
1510 5216 1525 5254 :
1556 5201 1804 5270 quamvis
1840 5195 2084 5252 nonnulli

494 5304 741 5350 astruere
771 5291 942 5349 velint
968 5307 1085 5347 cam
1114 5292 1224 5362 jam
1258 5294 1660 5359 resuscitatam,
1694 5300 1750 5348 et
1772 5292 1933 5347 beata
1960 5305 2083 5345 cum

490 5386 709 5442 Christo
739 5384 1149 5440 immortalitate
1174 5383 1228 5438 in
1264 5383 1579 5439 emicatibus
1608 5382 1810 5438 vestiri.
1843 5380 1996 5449 Quod
2033 5389 2087 5435 et

490 5480 560 5536 de
587 5480 748 5534 beato
770 5478 978 5534 Joanne
1020 5476 1363 5547 Evangelista
1396 5479 1513 5546 ejus
1546 5478 1829 5545 ministro,
1855 5475 1940 5530 cui
1972 5476 2085 5529 vir-

491 5572 604 5641 gini
632 5586 662 5623 a
683 5570 899 5627 Christo
933 5572 1098 5641 Virgo
1125 5569 1414 5625 commissa
1440 5580 1523 5627 est
1547 5613 1562 5636 ,
1608 5569 1823 5638 plurimi
1871 5583 2087 5625 asseve-

489 5672 618 5722 rant
666 5679 679 5717 :
734 5667 858 5733 quia
908 5667 963 5721 in
1009 5664 1261 5739 sepulcro
1307 5665 1425 5736 ejus
1470 5665 1563 5736 (ut
1602 5664 1815 5736 fertur)
1864 5662 2078 5722 nonnisi

2192 4566 2367 4611 torum
2424 4552 2623 4607 chorus
2678 4554 3047 4623 apostolorum
3089 4554 3391 4609 deseruerit
3445 4568 3596 4619 eam,
3649 4555 3794 4609 inter

2189 4661 2322 4717 quos
2352 4655 2473 4715 post
2491 4646 2947 4701 resurrectionem
2978 4646 3184 4699 intrans
3205 4656 3256 4699 et
3284 4647 3496 4712 exiens,
3552 4644 3793 4699 familia«

2189 4742 2302 4796 rius
2323 4739 2551 4794 contulit
2570 4739 2637 4793 de
2666 4737 2863 4793 Christi
2892 4739 3265 4793 lncarnationc
3293 4755 3307 4792 :
3344 4748 3491 4792 tanto
3514 4736 3789 4808 siquidem

2193 4832 2392 4895 verius,
2419 4840 2619 4901 quanto
2652 4832 2719 4884 ab
2747 4830 2901 4884 initio
2930 4829 3140 4899 plenius
3173 4845 3271 4898 per
3316 4828 3576 4899 Spiritum
3628 4844 3793 4883 sanc-

2192 4934 2304 4980 tum
2333 4934 2525 4979 cuncta
2546 4922 2830 4986 didicerat,
2858 4933 2911 4977 et
2937 4930 3288 4992 perspexerat
3309 4921 3481 4977 oculis
3503 4921 3754 4976 universa
3779 4938 3793 4974 :

2190 5018 2318 5073 licet
2343 5028 2398 5073 et
2427 5016 2655 5086 apostoli
2686 5030 2781 5085 per
2812 5015 3061 5070 eumdem
3103 5014 3361 5084 Spiritum
3393 5023 3641 5067 Sanctum
3672 5028 3798 5065 orn-

2192 5110 2281 5165 nia
2312 5107 2690 5179 cognoverint,
2750 5115 2806 5162 et
2854 5107 2906 5161 in
2952 5121 3168 5161 omnem
3219 5106 3396 5161 edocti
3444 5104 3797 5174 pervenerint

2190 5205 2494 5261 veritatem.
2528 5204 2702 5270 Quam
2738 5217 2870 5258 sane
2894 5203 3106 5258 beatam
3138 5201 3440 5271 Virginem,
3469 5199 3571 5254 etsi
3600 5214 3800 5254 omnes

2188 5298 2433 5354 venerati
2482 5306 2609 5351 sunt
2655 5296 2930 5365 discipuli,
2983 5297 3142 5366 eique
3166 5293 3565 5349 famulabantur
3594 5291 3798 5346 affectu

2195 5390 2526 5456 dilectionis,
2557 5389 2795 5443 Joannes
2818 5397 2998 5444 tamen
3044 5388 3276 5459 amplius
3297 5400 3358 5439 ac
3378 5384 3671 5453 specialius
3702 5394 3800 5437 us-

2195 5500 2300 5556 que
2332 5483 2384 5535 in
2417 5480 2578 5535 ﬁnem
2610 5479 2757 5548 vitae,
2806 5481 2894 5550 qui
2946 5480 3050 5535 sibi
3095 5483 3444 5556 commissam
3492 5478 3705 5545 accepit
3743 5476 3798 5531 in

2197 5591 2370 5640 suam,
2402 5572 2553 5640 quasi
2583 5581 2809 5627 matrem
2841 5571 2985 5627 [ilius
3018 5590 3030 5623 :
3074 5548 3157 5626 eiii
3211 5570 3476 5638 benignus
3531 5568 3801 5637 magister

2200 5669 2269 5726 de
2294 5681 2456 5724 cruce
2487 5681 2499 5719 :
2535 5662 2752 5736 Mulier,
2784 5664 2977 5737 inquit,
3022 5680 3135 5719 ecce
3161 5660 3299 5733 ﬁlius
3327 5671 3443 5717 tuus
3470 5675 3489 5727 ;
3532 5659 3598 5716 ad
3624 5658 3800 5718 disci-
