4000 6370
310 305 413 365 125

702 308 1039 369 EPISTOLA
1076 308 1169 372 IX.
1209 308 1303 367 AD
1340 307 1624 367 PAULAM
1655 308 1742 366 ET
1781 304 2226 399 EUSTOCHlUbf
2251 350 2266 377 ,
2307 311 2399 368 DE
2445 312 2786 373 ASSUMPT.
2840 315 2899 371 Β.
2955 315 3217 375 MARIAS.

3504 317 3607 377 19.6

305 427 494 498 pulum
524 436 706 484 autem
740 447 751 482 :
810 428 944 483 Ecce
972 438 1132 483 mater
1161 437 1249 483 tua
1303 426 1487 499 (Joan.
1518 443 1636 494 nx,
1659 427 1751 494 26,
1776 427 1901 498 27);
1934 423 1989 489 Α
2011 425 2108 482 sed
2130 426 2198 483 de
2228 428 2402 483 cadis.
2433 427 2569 483 Hinc
2592 430 2908 487 ascendisse
2936 430 3191 503 leguntur
3239 432 3295 488 in
3350 446 3606 492 caanacu-

306 529 367 576 ut
390 521 542 592 virgo
582 521 773 593 virgini
818 520 1119 577 cohaereret
1156 528 1212 577 et
1256 521 1559 577 deserviret
1616 518 1902 574 officiosis-

304 614 450 671 sime
482 629 613 669 cura
641 615 970 686 ad0ptionis.
1001 613 1121 670 Non
1149 614 1296 670 enim
1348 612 1699 685 pudicissima
1744 611 1904 683 virgi-

302 706 450 762 nitas
479 707 646 762 alicui
665 706 1060 779 discipulorum
1084 709 1287 763 rectius
1344 722 1505 777 quam
1534 705 1731 775 virgini
1753 720 1903 759 com-

300 799 593 855 mendatur
626 810 684 857 ut
710 810 857 857 esset
885 799 955 856 ad
980 801 1212 857 invicem
1250 810 1404 872 grata
1427 799 1664 856 societas
1691 808 1745 855 et
1799 799 1904 854 flo-

302 890 456 946 ridus
513 893 810 963 aspectus?
868 907 1083 948 necnon
1133 904 1190 948 et
1243 900 1498 947 venustas
1544 889 1903 946 conversandi

299 1000 561 1053 vernans,
596 984 906 1040 alternatim
941 984 1326 1055 pudicitiarum
1354 983 1649 1055 splendore
1671 982 1905 1039 dCCfﬂ'a'

304 1088 414 1133 tur.
472 1077 593 1135 Una
624 1078 889 1150 siquidem
924 1079 1095 1133 virtus
1123 1078 1449 1149 virginitatis
1502 1077 1561 1131 in
1609 1077 1899 1142 ambobus,

300 1172 400 1227 sed
425 1173 600 1229 altera
634 1174 912 1244 proportio
937 1173 990 1227 in
1019 1172 1186 1227 Maria
1222 1190 1233 1223 :
1268 1172 1435 1227 altera
1469 1169 1714 1239 quidem,
1773 1170 1897 1239 quia

300 1262 626 1333 fecundior,
667 1264 761 1318 sed
801 1264 938 1332 ipsa.
998 1261 1119 1331 Ipsa
1154 1276 1303 1327 vero,
1360 1260 1456 1315 sed
1506 1259 1674 1313 altera
1711 1276 1725 1311 :
1774 1258 1897 1329 quia

298 1357 402 1412 etsi
441 1358 556 1426 ipsa
590 1356 889 1426 eademque
940 1354 1316 1421 incorruptio,
1374 1360 1552 1405 tamen
1586 1350 1897 1406 fecunditas

300 1447 631 1517 integritatis
660 1447 819 1517 longe
839 1446 1131 1516 gIOriosior
1155 1461 1319 1515 quant
1352 1443 1655 1515 virginitas.
1686 1443 1895 1499 Idcirco

298 1548 355 1593 et
375 1538 675 1595 fecunditas
700 1540 750 1591 in
771 1538 856 1592 illa
875 1546 982 1592 tota
1001 1537 1193 1592 deifica
1217 1545 1305 1592 est
1332 1546 1387 1591 et
1404 1534 1711 1605 virginitas.
1745 1536 1893 1591 Alio-

298 1632 386 1699 qui
412 1645 675 1701 nusquam
701 1629 996 1686 secundum
1021 1638 1271 1682 naturam
1303 1625 1556 1681 nascendi
1581 1626 1889 1696 virginitas,

297 1722 387 1777 ubi
419 1721 723 1777 fecunditas
763 1720 1089 1790 praedicatur
1134 1735 1145 1771 :
1200 1733 1376 1788 neque
1408 1716 1745 1784 fecunditas,
1799 1718 1889 1773 ubi

2010 518 2202 582 lum,in
2216 534 2324 588 quo
2341 520 2534 591 pascha
2551 520 2871 592 dignissime
2885 522 3260 579 celebrabatur
3279 543 3292 579 :
3311 523 3383 580 ibi
3399 528 3603 597 quippe

2010 608 2305 663 manebant
2334 626 2454 665 cum
2502 612 2668 667 Maria
2701 624 2875 669 matre
2899 612 3026 668 Jesu
3084 615 3412 672 unanimiter
3456 617 3603 688 ειερὶ-

2010 703 2111 757 rati
2142 704 2195 757 in
2226 702 2512 771 charitate,
2556 719 2968 776 perseverantes
3018 707 3070 761 in
3103 708 3370 778 oratione,
3424 708 3599 769 donec

2010 792 2369 849 induerentur
2413 797 2610 852 virtute
2661 811 2727 853 ex
2779 797 2909 852 alto.
2950 797 3239 868 Coeperant
3291 801 3436 855 enim
3468 801 3594 871 Ejam

2009 901 2166 942 orare
2189 888 2278 958 qui
2309 887 2509 944 dudum
2560 904 2681 945 cum
2711 892 2941 947 Domino
2969 904 3357 950 conversantes
3382 895 3594 952 virtuti-

2006 979 2112 1036 bus
2141 990 2196 1036 et
2243 982 2518 1037 miraculis
2569 984 2949 1053 pascebantur.
3000 984 3067 1039 Et
3110 986 3245 1041 bene
3284 1002 3599 1057 persevera-‘-

2008 1073 2135 1127 bant
2171 1073 2222 1127 in
2247 1074 2494 1129 oratione
2518 1074 2650 1129 nihil
2694 1074 3027 1141 hmsitantes,
3076 1075 3251 1133 donec
3292 1072 3600 1150 acciperent

2005 1180 2234 1220 munera
2259 1164 2495 1232 Spiritus
2518 1167 2691 1221 sancti
2717 1183 2837 1238 qua:
2862 1168 3174 1238 poscebant.
3211 1169 3360 1236 Quos
3389 1179 3444 1225 et
3474 1187 3590 1241 vos,

2003 1272 2035 1310 o
2067 1256 2210 1322 filia},
2244 1257 2555 1321 imitamini,
2590 1274 2712 1328 qua:
2753 1261 2805 1313 in
2833 1262 3015 1315 schola
3041 1261 3240 1316 Christi
3273 1278 3597 1334 permanere

2003 1348 2229 1402 vovistis
2263 1364 2276 1401 :
2311 1358 2658 1417 perseverate
2688 1349 2741 1404 in
2775 1351 3113 1407 orationibus
3161 1354 3489 1410 unanimiter
3516 1355 3595 1411 vi-

1999 1448 2207 1507 ventes,
2241 1439 2416 1494 donec
2446 1440 2651 1494 intrare
2689 1442 2910 1510 possitis
2940 1443 3138 1511 gaudia
3192 1456 3414 1500 aeternae
3450 1448 3593 1515 vitae,

1999 1547 2107 1600 quo
2126 1532 2281 1586 beata
2313 1532 2477 1603 Virgo
2515 1532 2746 1588 feliciter
2796 1532 2956 1588 hodie
2986 1534 3250 1602 introivit,
3279 1538 3600 1593 alternanti-

1996 1624 2097 1677 bus
2125 1623 2451 1695 hymnidieis
2474 1625 2788 1696 angelorum
2829 1624 3013 1680 choris
3051 1625 3190 1679 intra
3218 1643 3415 1698 pascua
3434 1640 3597 1684 teter-

1998 1733 2080 1770 nce
2108 1716 2439 1783 viriditatis;
2484 1719 2571 1772 ubi
2610 1733 2712 1771 una
2740 1718 2975 1773 secietas
3020 1718 3218 1773 civium
3266 1732 3592 1789 supernom-

300 1816 585 1886 virginitas
609 1815 817 1884 integra
840 1822 1218 1868 conservatur.
1238 1811 1473 1881 Ideoque
1499 1819 1674 1866 totum
1699 1825 1891 1881 super-
1920 1809 1971 1872 B
1999 1825 2140 1876 rum,
2171 1810 2260 1864 ubi
2289 1808 2463 1864 dulcis
2485 1811 2805 1865 solemnitas
2836 1811 3181 1881 angelorum.
3238 1813 3327 1868 υὺί
3363 1826 3485 1884 post
3514 1816 3595 1871 la—

299 1906 606 1963 excellitde
640 1907 728 1960 illa
758 1922 875 1977 qua:
899 1905 1152 1959 dicuntur
1187 1921 1201 1958 :
1232 1902 1357 1973 quia
1408 1911 1534 1956 sunt
1586 1901 1765 1956 divina
1803 1910 1887 1955 at-

298 2014 403 2069 que
433 1997 744 2054 ineffabilia.
777 1995 930 2053 Unde
962 1996 1239 2065 virginitas
1274 2003 1329 2049 et
1367 1990 1669 2048 fecunditas
1724 1990 1891 2062 prolis

299 2092 715 2162 supereminens
737 2089 948 2145 novitas
977 2096 1082 2153 est,
1104 2101 1430 2158 quamquam
1454 2082 1748 2139 humanum
1770 2098 1893 2138 cer-

297 2193 457 2238 natur
500 2200 567 2238 ex
598 2198 762 2238 carne
815 2180 957 2251 qUud
1019 2180 1283 2234 nascitur.
1351 2178 1734 2232 Verumtamen
1764 2175 1890 2230 etsi

295 2275 729 2345 magnificentior
756 2274 984 2328 multum
1031 2272 1316 2342 virginitas
1346 2269 1399 2323 in
1458 2268 1621 2323 Maria
1669 2276 1892 2338 propter

292 2367 483 2437 gratia:
509 2364 935 2421 excellentiam:
975 2378 1079 2418 una
1112 2372 1293 2416 tamen
1344 2360 1633 2430 integritas
1686 2360 1887 2425 carnis,

295 2467 349 2513 et
374 2474 475 2512 una
508 2458 704 2526 virtus,
729 2472 848 2527 qua:
874 2454 941 2510 ad
964 2456 1192 2511 invicem
1216 2464 1491 2523 tamquam
1519 2459 1755 2521 cognata
1791 2466 1885 2506 so-

293 2550 492 2605 ciatur.
524 2549 661 2604 llinc
714 2564 936 2619 quoque
993 2546 1249 2609 Joannes,
1291 2544 1551 2615 quidquid
1608 2552 1695 2598 est
1745 2541 1887 2613 quod

294 2642 457 2697 Maria
491 2638 1172 2713 genuit;evangelizando,
1229 2652 1328 2692 suo
1380 2635 1730 2691 commendat
1776 2636 1890 2691 elo-

293 2735 437 2805 quio.
465 2733 704 2799 Verbum,
732 2732 928 2803 inquit,
952 2734 1003 2785 in
1026 2730 1285 2803 principio
1313 2739 1440 2792 erat,
1467 2738 1511 2782 et
1532 2728 1756 2783 Verbum
1777 2735 1888 2782 erat

288 2828 432 2899 apud
461 2825 646 2886 Deum,
678 2835 726 2879 et
764 2824 905 2878 Deus
944 2834 1053 2878 erat
1092 2822 1313 2877 Verbum
1352 2820 1534 2893 (Joan.
1562 2837 1601 2887 ι,
1638 2819 1714 2891 1).
1776 2819 1888 2877 Hoc

288 2919 494 2990 quippe
541 2918 773 2973 Verbum
834 2916 979 2988 quod
1028 2924 1145 2971 erat
1192 2916 1245 2970 in
1286 2914 1574 2985 principio,
1638 2924 1694 2967 et
1742 2910 1885 2983 apud

290 3011 459 3065 Deum
513 3019 652 3077 erat,
697 3019 752 3064 et
808 3010 951 3063 Deus
1010 3007 1373 3075 erat,‘ipsnm
1420 3003 1608 3072 genuit
1643 3003 1801 3059 beata
1831 3012 1887 3057 et

287 3104 520 3173 gloriosa
554 3103 719 3173 Virgo
752 3103 915 3158 Maria
948 3117 1014 3155 ex
1050 3115 1109 3155 se
1140 3114 1361 3154 carnem
1407 3098 1626 3153 factum.
1676 3096 1882 3152 Idcirco

284 3198 572 3267 virginitas
600 3197 758 3266 longe
787 3195 1070 3256 sacratior,
1104 3203 1157 3248 et
1190 3191 1492 3247 fecunditas
1545 3194 1625 3261 (ut
1674 3190 1742 3245 ita
1795 3192 1879 3245 di-
1908 3187 1929 3245 ε

284 3288 434 3359 eam)
476 3289 645 3342 multo
676 3286 1021 3355 inemtbilior,
1056 3301 1215 3355 quam
1248 3300 1349 3339 suo
1378 3288 1615 3354 potuerit
1664 3284 1754 3340 ille
1782 3300 1881 3340 ex-

286 3381 493 3452 plicare
523 3380 763 3449 eloquio.
817 3378 1197 3434 Verumtamen
1240 3387 1444 3448 quanto
1473 3377 1752 3448 virginitas
1779 3393 1877 3433 co-

282 3472 504 3543 gnatior
541 3471 857 3541 virginitati,
896 3479 1045 3524 tanto
1068 3470 1259 3523 beatus
1292 3470 1627 3541 evangelista
1658 3472 1878 3526 ezrteris

283 3566 646 3622 excellentior
684 3572 738 3618 ct
784 3564 1015 3619 vicinior
1058 3561 1258 3617 Verbo.
1303 3562 1430 3619 ldeo
1473 3560 1734 3632 quidquid
1794 3572 1880 3617 est

282 3658 426 3729 quod
455 3656 620 3727 Virgo
670 3657 876 3725 genuit,
925 3666 1096 3711 totum
1128 3664 1287 3725 prout
1336 3655 1505 3724 potuit
1557 3656 1721 3709 homo
1778 3670 1876 3725 per

279 3753 540 3823 Spiritum
564 3761 810 3808 sanctum
862 3750 1020 3807 nobis
1074 3750 1379 3807 reservavit
1428 3749 1771 3805 manifestius
1822 3758 1878 3805 et

282 3843 490 3899 docun.

354 3936 444 3991 ιν.
474 3937 742 3992 Castorum
784 3938 849 3991 ad
877 3936 1184 4005 exemplum
1237 3935 1485 3991 humanm
1532 3936 1680 4001 vitae,
1737 3950 1873 3990 con-

279 4030 517 4084 versatio
548 4028 665 4097 ejus
711 4038 831 4098 post
878 4030 1256 4083 ascensionem
1312 4026 1511 4083 Christi
1535 4028 1874 4098 generaliter

277 4138 405 4178 eum
428 4122 690 4192 apostolis
722 4121 824 4176 fuit
847 4136 1128 4191 quousque
1147 4120 1530 4190 disperguntur
1557 4138 1567 4172 :
1596 4121 1734 4176 sicut
1760 4119 1870 4174 Lu-

277 4231 374 4270 cas
425 4215 713 4281 meminit,
772 4194 1006 4269 dicens:
1057 4213 1208 4279 Quod
1267 4211 1503 4280 regressi
1574 4212 1786 4281 quidem
1840 4228 1868 4266 a

281 4314 468 4360 monte
493 4304 1123 4376 Oliteli,.lero'~0lyntam
1160 4312 1449 4368 venerunt,
1501 4310 1557 4358 et
1608 4302 1871 4358 ascende-

278 4407 406 4453 runt
431 4399 483 4452 in
513 4399 875 4464 cmuacnlum,
902 4398 987 4454 ubi
1022 4397 1313 4452 manebant
1334 4397 1523 4451 Petrus
1550 4404 1604 4451 et
1632 4397 1869 4451 Joannes

275 4500 332 4545 et
359 4489 618 4553 Jacubus,
650 4503 701 4545 et
733 4490 1003 4559 Andreas,
1041 4490 1316 4559 Philippus
1345 4499 1399 4545 et
1426 4488 1686 4555 Thomas,
1736 4490 1866 4544 Bar-

277 4584 601 4640 tholomzeus
629 4594 681 4638 et
706 4568 1009 4649 Mattltzeus,
1039 4582 1274 4639 lacubus
1308 4581 1514 4651 Alphari
1568 4592 1621 4637 et
1674 4581 1863 4638 Simon

274 4676 513 4741 Zeiotes,
547 4684 601 4731 et
629 4674 795 4730 Judas
839 4674 1024 4730 Jacobi
1058 4690 1071 4727 :
1108 4673 1180 4727 lli
1229 4690 1423 4741 omnes,
1475 4673 1669 4744 inquit,
1722 4684 1867 4730 erant

264 4779 649 4841 perseverantes
669 4769 979 4822 unanimiter
1005 4770 1056 4820 in
1079 4767 1311 4821 oratione
1338 4782 1457 4820 cum
1485 4766 1784 4821 mulieribus
1819 4776 1866 4821 et

273 4862 446 4917 Maria
469 4870 630 4916 matre
651 4860 779 4915 Iesu
809 4871 855 4915 rt
886 4860 1135 4931 fratribus
1182 4864 1293 4933 ejus
1327 4861 1527 4931 (Actor.
1558 4875 1598 4926 ι,
1630 4860 1720 4925 12,
1749 4860 1861 4930 14).

269 4954 412 5010 Ecce
442 4955 573 5010 Jcsu
613 4953 944 5008 ascendente
989 4968 1110 5007 cum
1140 4952 1338 5022 quibus
1386 4950 1549 5023 Virgo
1601 4961 1753 5007 vacat
1807 4953 1861 5008 in

267 5046 457 5102 schola
480 5045 762 5111 virtutum,
788 5053 843 5100 et
884 5044 1177 5100 meditatur
1215 5044 1268 5098 in
1322 5044 1443 5115 lege
1487 5045 1862 5101 mandatorum

268 5137 387 5205 Dei,
426 5145 482 5192 ut
513 5145 567 5192 et
595 5136 708 5207 ipsa
736 5136 807 5193 sit
835 5136 1009 5191 forma
1034 5135 1337 5206 disciplinae
1364 5136 1863 5202 Christi,etexem-

265 5230 415 5301 plum
439 5228 789 5298 perfectionis
808 5228 1123 5299 virginibus.
1147 5229 1518 5283 Conversatur
1542 5237 1717 5283 autem
1738 5246 1859 5285 cum

266 5321 495 5377 teStibus
523 5328 724 5375 sancta:
747 5322 1165 5375 resurrectionis
1197 5330 1251 5374 et
1280 5321 1393 5391 ipsa
1422 5320 1597 5375 testis.
1621 5321 1863 5377 ConVer-

264 5424 417 5470 satur
472 5430 595 5469 cum
626 5414 975 5469 senatoribus
1024 5414 1150 5471 caeli
1190 5414 1327 5469 intra
1368 5415 1571 5470 curiam
1623 5417 1854 5485 paradisi

264 5507 363 5562 sub
394 5507 628 5578 Spiritus
663 5507 836 5562 sancti
889 5506 1171 5577 disciplina
1220 5515 1279 5561 et
1320 5510 1632 5577 magisterio
1690 5511 1856 5565 totius

264 5598 467 5653 divina:
499 5601 822 5668 majestatis.
854 5599 1131 5655 invenitur
1163 5601 1334 5671 prima
1366 5603 1522 5657 beata
1564 5602 1732 5658 Maria
1775 5604 1856 5658 in-

263 5691 579 5771 terprimas
600 5692 795 5746 summi
836 5694 983 5764 regis
1005 5692 1282 5761 cohortes,
1333 5710 1561 5765 quorum
1590 5694 1701 5748 vita
1745 5695 1852 5765 jam

266 5798 375 5841 non
396 5791 519 5841 erat
545 5780 616 5841 de
648 5783 837 5855 terris,
890 5785 941 5840 in
966 5784 1161 5856 quibus
1187 5784 1435 5843 Christus
1476 5785 1850 5860 praeliabatur,

1997 1900 2156 1955 bores
2183 1908 2239 1955 et
2269 1915 2546 1954 aerumnas
2570 1901 2700 1956 felix
2722 1913 2774 1958 et
2797 1902 2980 1957 suavis
3011 1902 3236 1959 refectio
3263 1906 3587 1963 animarum.

1997 1992 2169 2047 lludie
2193 1993 2428 2062 gloriosa
2462 2008 2693 2063 namque
2745 2008 2962 2063 semper
2994 1993 3158 2065 Virgo
3198 1995 3365 2052 Maria
3415 1999 3583 2053 caelos

1995 2086 2278 2141 ascendit:
2314 2100 2466 2157 rogo,
2498 2088 2734 2155 gaudete
2768 2103 2782 2139 :
2842 2086 2967 2155 quia
3003 2085 3089 2159 (ut
3142 2089 3213 2142 ita
3268 2090 3464 2162 fatear)
3514 2093 3594 2145 in-

1996 2179 2282 2235 cil‘abiliter
2308 2177 2595 2233 sublimata
2621 2192 2743 2232 cum
2764 2176 2985 2233 Christo
3008 2189 3197 2249 regnat
3222 2180 3275 2235 in
3300 2192 3586 2237 :eterunm.

1998 2271 2199 2340 liegina
2227 2268 2413 2324 mundi
2438 2269 2599 2325 hodie
2637 2269 2706 2324 de
2732 2264 2985 2348 terris—et
3010 2269 3079 2326 de
3108 2272 3359 2340 pr.rsenti
3384 2275 3586 2331 sacculo

1993 2376 2227 2432 nequam
2257 2361 2487 2430 eripitur
2516 2377 2528 2413 :
2591 2358 2786 2415 iterum
2814 2360 2938 2415 dico
2958 2360 3211 2433 gaudete,
3250 2363 3373 2433 quia
3396 2368 3588 2420 secura

1994 2457 2063 2514 de
2090 2472 2184 2511 sua
2224 2454 2658 2511 immarcescibili
2714 2454 2885 2525 gloria
2934 2453 2998 2510 ad
3048 2454 3171 2511 cmli
3209 2454 3318 2524 jam
3348 2458 3594 2525 pervenit

1996 2549 2277 2619 palatium.
2303 2544 2605 2611 Exsultate,
2650 2546 2891 2617 inquam,
2924 2556 2978 2602 et
3008 2546 3258 2619 gaudete,
3296 2556 3352 2605 et
3378 2550 3592 2605 lauetur

1991 2642 2168 2697 omnis
2194 2641 2368 2705 orbis,
2396 2639 2517 2710 quia
2543 2622 2704 2693 hodie
2732 2640 2891 2694 nobis
2916 2640 3169 2695 omnibus
3189 2640 3305 2712 ejus
3345 2643 3585 2697 interve-

1992 2735 2265 2791 nientibus
2298 2732 2507 2790 meritis
2528 2734 2674 2789 salus
2705 2742 2859 2789 aucta
2886 2743 2991 2789 est.
3049 2732 3211 2790 Vobis
3257 2750 3475 2805 quoque
3502 2736 3586 2790 di-

1991 2827 2286 2897 ligentibus
2303 2842 2446 2890 eam,
2479 2825 2671 2893 honor,
2705 2834 2759 2880 et
2812 2826 2983 2880 virtus
3022 2841 3124 2879 una
3184 2841 3305 2879 cum
3354 2826 3582 2893 reliquis

1992 2926 2168 2977 sacris
2198 2919 2501 2991 virginibus
2549 2919 2783 2989 amplior
2834 2928 3123 2989 prmstatur
3158 2928 3211 2972 et
3246 2918 3442 2989 gratia.
3492 2918 3585 2973 ld-

1991 3017 2159 3080 circo,
2193 3009 2583 3078 dilectissime},
2648 3009 2900 3064 laetatnini
2962 3019 3016 3065 et
3075 3008 3318 3076 laudate,
3361 3010 3489 3079 quia
3535 2992 3583 3065 si

1994 3109 2161 3162 [leum
2184 3120 2280 3161 ore
2322 3105 2641 3175 prolihetieo
2687 3104 2739 3158 in
2768 3105 2973 3158 sanctis
3004 3103 3120 3157 suis
3178 3103 3398 3159 laudare
3424 3102 3586 3174 jube-

1990 3217 2131 3264 mnr,
2183 3200 2352 3254 multo
2389 3198 2556 3269 magis
2612 3213 2735 3253 eum
2792 3199 2844 3250 in
2890 3197 2989 3251 hac
3037 3196 3357 3251 celebritate
3406 3197 3579 3254 beatae

1989 3294 2168 3348 Maria:
2188 3290 2426 3362 Virginis
2456 3290 2640 3345 matris
2671 3288 2792 3357 ejus
2838 3296 3052 3358 oportet
3110 3301 3232 3340 cum
3277 3286 3495 3357 hymnis
3532 3297 3587 3342 et

1986 3386 2212 3443 canticis
2244 3385 2562 3455 diligentius
2590 3383 2879 3446 extollere,
2914 3392 2969 3435 et
3000 3379 3177 3450 dignis
3211 3381 3322 3435 Deo
3344 3380 3582 3451 juhilare

1986 3480 2295 3551 prteconiis,
2326 3492 2388 3531 ac
2441 3476 2683 3547 mysticis
2732 3473 3003 3527 honorare
3052 3473 3387 3526 muneribus.
3435 3470 3581 3527 Nulli

1985 3574 2129 3630 enim
2157 3571 2407 3634 dubium,
2461 3569 2588 3636 quin
2616 3575 2785 3621 totum
2845 3564 2911 3617 ad
2969 3562 3195 3634 gloriam
3245 3564 3421 3617 laudis
3467 3566 3586 3632 ejus

1986 3666 2255 3735 pertineat
2281 3661 2542 3733 quidquid
2594 3658 2755 3729 digne
2802 3654 3051 3727 genitrici
3107 3670 3219 3710 sua:
3276 3656 3580 3725 impensum

1984 3757 2168 3823 fuerit,
2195 3765 2356 3827 atque
2402 3754 2721 3810 solemniter
2759 3747 3101 3805 attributum.
3157 3746 3234 3803 Ex
3277 3764 3384 3818 quo
3411 3747 3577 3803 timeo

1981 3850 2136 3917 satis,
2163 3860 2217 3906 et
2241 3847 2400 3903 valde
2430 3847 2781 3918 pertimesco,
2813 3842 2942 3897 dum
2965 3841 3161 3898 vestris
3188 3843 3347 3912 cupio
3379 3855 3574 3911 parere

1982 3942 2335 4012 profectibus,
2368 3956 2439 3995 ne
2470 3939 2609 3994 forte
2630 3938 2772 3993 sicut
2808 3934 3110 4009 improbus,
3141 3934 3212 3990 ita
3241 3946 3293 3990 et
3319 3933 3574 4006 indignus

1979 4039 2227 4093 laudator
2258 4036 2517 4091 inveniar.

2051 4129 2115 4184 V.
2142 4127 2391 4183 Profecto
2417 4142 2536 4180 cum
2570 4140 2669 4180 nec
2696 4125 2955 4180 sanctitas
2973 4123 3057 4178 vel
3081 4121 3330 4177 facundia
3361 4135 3534 4189 suppe

1977 4221 2131 4283 tlitet,
2156 4230 2215 4275 ut
2261 4219 2475 4273 beatam
2508 4228 2563 4271 et
2607 4217 2895 4285 gloriosam
2932 4214 3206 4284 Virginem
3236 4211 3459 4265 Mariam
3490 4210 3571 4265 di-

1975 4328 2078 4383 gne
2138 4310 2359 4366 laudare
2399 4323 2590 4380 queam
2632 4324 2647 4362 :
2701 4308 2955 4379 quoniam
3005 4305 3087 4377 (ut
3149 4316 3335 4356 verum
3377 4299 3567 4370 fatear)

1974 4403 2233 4476 quidquid
2279 4401 2529 4458 humanis
2578 4401 2682 4457 dici
2734 4408 2911 4470 potest
2964 4396 3165 4459 verbis,
3217 4393 3396 4448 minus
3428 4402 3569 4446 esta

1979 4496 2135 4552 laude
2158 4496 2281 4552 eteli
2315 4515 2329 4551 :
2371 4493 2495 4565 quia
2526 4492 2722 4548 divinis
2742 4502 2825 4547 est
2845 4500 2898 4545 et
2924 4486 3181 4559 angelicis
3202 4482 3566 4541 excellentius

1899 4553 1947 4613 θ
1978 4588 2263 4660 ρι’ωάἱοθιυ
2287 4596 2342 4641 et
2373 4553 2586 4641 laudata
2611 4584 2914 4654 praeconiis.
2947 4553 3310 4649 A'prOphetis
3339 4574 3557 4646 quidem

1978 4679 2379 4749 praenuntiata:
2413 4693 2441 4732 a
2475 4675 2798 4747 patriarchis
2842 4672 3026 4743 figuris
3074 4680 3128 4725 et
3180 4666 3559 4739 mnigmatibus

1972 4776 2300 4842 prtesignata
2328 4789 2339 4824 :
2392 4771 2461 4825 ab
2488 4769 2837 4839 evangelistis
2864 4762 3105 4821 exhibita
3128 4768 3185 4816 et
3216 4766 3513 4814 monstrata
3542 4776 3558 4819 ;

1971 4865 2042 4921 ab
2067 4865 2260 4936 angelo
2281 4861 2662 4918 venerabiliter
2685 4868 2846 4926 atque
2873 4851 3275 4908 officiosissime
3298 4849 3554 4905 salutata.

1970 4958 2241 5015 Prteterea
2271 4955 2449 5027 qualis
2476 4962 2531 5008 et
2550 4961 2745 5018 quanta
2780 4954 2949 5012 esset,
2978 4945 3047 4999 ab
3076 4944 3270 4999 eodem
3300 4943 3561 5000 divinitus

1967 5048 2292 5112 declaratur,
2323 5061 2445 5100 curn
2474 5044 2713 5098 dicitur:
2744 5039 2870 5106 Ave,
2899 5039 3068 5109 gratia
3097 5037 3270 5109 plena,
3303 5035 3554 5092 Dominus

1968 5148 2133 5193 tecum
2166 5153 2181 5189 :
2211 5136 2471 5189 benedicta
2493 5144 2549 5187 tu
2590 5134 2643 5185 in
2688 5130 3008 5185 mulieribus.
3058 5130 3280 5187 Talibus
3325 5145 3562 5202 namque

1965 5229 2196 5288 decebat
2224 5226 2497 5296 Virginem
2525 5222 2872 5294 oppignerari
2901 5222 3242 5290 muneribus,
3295 5232 3354 5278 ut
3407 5230 3559 5277 esset

1964 5322 2138 5395 gratia
2162 5320 2339 5391 plena,
2369 5330 2489 5387 qua:
2515 5313 2664 5369 dedit
2691 5313 2846 5371 caelis
2886 5315 3137 5385 gloriam,
3190 5316 3352 5369 terris
3378 5311 3561 5366 Domi-

1968 5432 2118 5480 num,
2148 5425 2441 5483 pacemque
2473 5406 2692 5477 refudit,
2715 5406 2874 5462 fidem
2899 5408 3173 5476 gentibus,
3198 5405 3363 5457 tinem
3384 5401 3557 5470 vitiis,

1966 5512 2092 5563 vita:
2112 5506 2384 5566 ordinem,
2416 5503 2658 5556 moribus
2684 5499 3053 5570 disciplinam.
3078 5498 3146 5553 Et
3170 5496 3308 5550 bene
3327 5496 3555 5567 angelus

1963 5603 2030 5657 ad
2061 5599 2335 5670 Virginem
2361 5594 2581 5651 Mariam
2612 5596 2844 5651 mittitur
2873 5613 2885 5648 :
2942 5594 3064 5663 quia
3090 5606 3309 5661 semper
3338 5594 3546 5664 angelis

1962 5702 2189 5763 cognata
2220 5688 2517 5761 virginitas.
2543 5689 2793 5747 Profecto
2822 5688 2876 5745 in
2932 5699 3116 5753 carne,
3174 5692 3371 5755 praeter
3414 5700 3536 5746 ear-

1962 5800 2088 5845 netu
2130 5783 2334 5855 vivere,
2385 5799 2494 5843 non
2544 5794 2764 5849 terrena
2813 5780 2924 5841 vita
2949 5787 3057 5850 est,
3106 5777 3201 5837 sed
3248 5776 3540 5857 caelestis;
