4000 6316
486 268 590 326 127

1526 275 1586 333 S.
1630 278 2010 339 IIIERONYMI
2049 282 2333 344 OPERUM
2372 286 2732 349 MANTISSA.

3687 308 3797 367 128

484 385 639 444 Unde
664 385 720 443 in
742 401 908 443 carne
934 388 1238 459 angelicam
1271 389 1437 445 vitam
1466 394 1777 465 acquirere,
1803 396 1980 467 majus
2000 406 2082 453 est
2108 398 2162 460 Α
2189 402 2331 459 votis
2357 405 2612 463 omnibus
2641 422 2861 467 cessare
2894 425 3000 468 non
3029 411 3195 470 debet
3215 417 3377 473 etiam
3404 420 3640 491 quilibet
3668 439 3799 496 pec-

482 478 766 546 meritum,
789 494 950 550 quam
972 479 1194 535 habere.
1237 480 1369 538 Esse
1396 483 1543 539 enim
1575 487 1850 556 angelum,
1901 488 2082 545 felici~

483 572 611 628 tatis
638 579 759 628 est:
818 586 939 627 esse
986 587 1115 627 vero
1155 574 1446 645 virginem,
1505 577 1758 633 virtutis:
1809 579 1936 635 dum
1981 583 2084 638 hoc

484 662 734 719 obtinere
766 662 968 718 viribus
996 661 1150 735 virgo
1178 665 1370 721 nititur
1396 682 1518 723 cum
1568 669 1765 741 gratia,
1812 671 1957 742 quod
1989 673 2085 729 ha-

484 754 578 811 bet
597 756 822 825 angelus
845 770 911 810 ex
948 764 1161 811 natura.
1200 757 1500 829 Utrumque
1530 770 1713 817 tamen
1743 772 1797 818 et
1824 778 1951 821 esse
1973 767 2085 820 vir-

482 848 663 919 ginem
692 858 748 904 et
773 849 1049 920 angelum,
1081 849 1250 906 divini
1278 855 1526 910 muneris
1555 866 1641 911 est
1681 856 1947 929 oflicium,
1974 876 2081 916 non

483 939 737 996 humani:
761 940 883 1011 Ave,
914 942 1111 1014 inquit,
1130 945 1299 1015 gratia
1325 946 1709 1018 plena(Luc.1,
1728 950 1854 1023 28);
1878 962 1930 1008 et
1944 953 2083 1010 bene

482 1033 664 1104 plena,
689 1034 818 1104 quia
840 1035 1059 1091 caeteris
1082 1051 1179 1105 per
1202 1047 1386 1105 partes
1410 1051 1732 1109 praestatur:
1751 1044 1933 1101 Mariae
1953 1063 2083 1103 vero

480 1125 641 1181 simul
662 1140 721 1181 se
751 1134 865 1182 tota
894 1127 1093 1184 infudit
1144 1129 1425 1200 plenitudo
1459 1135 1668 1203 gratiat.
1730 1136 1845 1193 Hoc
1882 1140 2083 1210 quippe

480 1226 563 1274 est
586 1219 730 1290 quod
760 1220 925 1275 David
946 1221 1091 1277 canit
1122 1240 1134 1276 :
1182 1223 1469 1279 Descendet
1514 1226 1647 1281 sicut
1675 1229 1849 1300 pluvia
1896 1234 1949 1285 in
1974 1234 2081 1288 vel-

479 1310 560 1365 lus
582 1308 605 1383 (
631 1309 783 1366 Psal.
810 1327 976 1382 Lutt,
1003 1313 1036 1368 6
1062 1313 1107 1384 ).
1165 1313 1351 1369 Velius
1407 1315 1590 1387 itaque
1617 1333 1741 1374 cum
1763 1320 1835 1406 sit
1862 1322 1931 1377 de
1961 1339 2084 1378 cor-

480 1416 636 1470 pore,
687 1402 859 1458 nescit
886 1404 1135 1474 corporis
1167 1407 1503 1474 passionem.
1559 1409 1651 1465 Sic
1690 1421 1745 1467 et
1797 1402 2083 1484 virginitas

479 1508 603 1547 cum
635 1493 709 1547 sit
733 1493 788 1547 in
817 1509 1005 1561 carne,
1046 1498 1222 1551 nescit
1245 1498 1374 1553 vitia
1407 1500 1614 1558 carnis.
1640 1501 1896 1560 Caelestis
1922 1507 2083 1575 plane

480 1583 661 1639 imber
690 1585 743 1638 in
766 1585 1069 1655 virgineum
1086 1588 1515 1661 vellus,placido
1542 1607 1602 1649 se
1631 1593 1826 1650 infudit
1850 1597 2077 1667 illapsu:

480 1683 597 1731 tota
619 1675 920 1732 divinitatis
962 1680 1107 1735 unda
1152 1696 1213 1738 se
1240 1685 1471 1739 contulit
1518 1687 1571 1740 in
1600 1702 1842 1753 carnem,
1864 1692 2080 1760 quando

2176 503 2390 550 catora
2421 495 2696 569 laudibus,
2745 504 2995 573 quamvis
3044 506 3269 577 explere
3315 526 3424 566 non
3454 526 3619 584 queat
3648 495 3795 589 quod

2187 586 2375 641 sentit.
2418 586 2575 645 Unde
2597 604 2778 647 sermo
2803 593 3021 651 divinus
3046 611 3168 653 eum
3198 598 3267 655 de
3296 613 3588 669 peccatore
3609 586 3799 679 ageret

2188 673 2243 729 in
2274 675 2539 731 Psalmis:
2581 679 2936 755 Sacriﬁcium,
2969 686 3166 757 inquit,
3197 690 3373 747 laudis
3418 673 3798 767 honori/icabit

2186 783 2303 841 me:
2350 770 2600 839 protinus
2627 773 2870 830 addidit:
2920 788 2966 832 ct
2999 778 3109 833 illic
3140 780 3239 835 iter
3289 793 3365 838 est
3389 802 3490 854 quo
3519 793 3795 847 ostendam

2184 859 2268 913 illi
2315 861 2547 918 salutare
2587 865 2687 921 Dei
2713 867 2949 939 (Psalm.
2978 886 3125 940 ηις,
3158 874 3296 947 25):
3330 894 3396 933 ac
3445 882 3495 936 si
3540 895 3795 953 patenter

2186 950 2353 1020 dicat,
2399 954 2517 1013 Illic
2546 956 2650 1013 iter
2670 968 2753 1015 est
2800 961 2977 1019 laudis
3027 966 3094 1020 ad
3136 979 3396 1026 aeternam
3438 950 3650 1033 laudem
3672 980 3792 1037 sine

2187 1041 2293 1099 ilne
2339 1060 2685 1104 mansuram:
2726 1054 2821 1107 sed
2861 1069 3021 1111 nemo
3063 1060 3438 1129 apprehendet
3482 1067 3639 1137 illud,
3682 1074 3791 1129 nisi

2185 1151 2287 1207 ego
2321 1154 2829 1208 prtemonstravero.
2864 1149 3192 1223 Propterea,
3243 1158 3606 1231 charissimte,
3660 1170 3788 1238 quia

2186 1230 2293 1286 iter
2318 1233 2511 1290 salutis
2541 1247 2741 1295 nostra:
2773 1242 2824 1296 in
2848 1242 3097 1303 laudibus
3120 1259 3206 1305 est
3226 1250 3525 1314 Salvatoris
3548 1303 3562 1327 ,
3592 1230 3791 1320 hoitor

2184 1337 2286 1378 vos
2315 1334 2370 1379 et
2400 1342 2726 1389 commoneo
2750 1333 2803 1388 in
2826 1334 2926 1392 hac
2949 1353 3105 1396 sacra
3127 1343 3478 1404 solemnitate
3499 1355 3790 1421 genitricis

2184 1413 2281 1470 Dei
2313 1416 2515 1487 Marias,
2545 1423 2715 1480 nolite
2745 1440 2962 1486 cessare
3000 1446 3030 1485 a
3062 1432 3335 1493 laudibus.
3367 1413 3589 1506 Quodsi
3622 1445 3787 1519 virgo

2184 1520 2266 1573 es,
2294 1510 2489 1581 gaude,
2520 1515 2643 1584 quia
2700 1521 2947 1576 meruisti
2994 1539 3116 1581 esse
3173 1538 3228 1583 et
3285 1538 3339 1585 tu
3381 1535 3522 1604 quod
3555 1536 3782 1596 laudas:

2186 1607 2393 1656 tantum
2422 1621 2551 1660 cura
2582 1618 2639 1662 ut
2661 1611 2757 1680 sis,
2801 1629 2922 1683 qua:
2948 1616 3110 1687 digne
3132 1619 3357 1680 laudare
3386 1628 3583 1696 possis.
3626 1632 3782 1700 Quod

2184 1694 2229 1748 si
2254 1699 2543 1754 continens
2570 1710 2625 1756 et
2652 1714 2799 1760 easta
2826 1722 2909 1773 es,
2934 1725 3199 1770 venerare
3222 1724 3277 1770 et
3306 1718 3481 1787 lauda,
3517 1723 3640 1793 quia
3675 1744 3782 1783 non

2898 1766 2907 1773 '
3128 1766 3149 1767 ⁷⁷
3175 1766 3193 1770 v
3227 1766 3275 1770 "
3307 1766 3481 1787 ’“““”-“¹’
3517 1766 3640 1793 au.“
3675 1766 3781 1783 ιινιι

478 1766 720 1825 Verbum
750 1784 879 1826 caro
908 1772 1107 1828 factum
1138 1784 1252 1830 est:
1295 1790 1357 1831 ac
1383 1778 1581 1833 deinde
1604 1795 1703 1851 per
1724 1783 1904 1838 crucis
1938 1787 2077 1854 pati-
2108 1783 2157 1844 B
2182 1789 2401 1846 aliunde
2427 1804 2663 1863 constat,
2696 1810 2751 1853 ut
2776 1802 2949 1868 possis
2978 1819 3101 1861 esse
3126 1819 3295 1877 easta,
3329 1828 3491 1884 quam
3515 1831 3583 1873 ex
3613 1822 3781 1888 gratia

478 1859 663 1888 1υ.1..ν.ρι
700 1877 1019 1888 Α--οι-Αι--..μ
1091 1865 1250 1888 ηιμ-..2-
1308 1868 1479 1888 --.-μ91.
1532 1885 1549 1888 Α
1605 1886 1617 1888 _
1641 1887 1644 1888 ,
1665 1872 1675 1888 I
1724 1874 1757 1888 ,ι
1874 1875 1887 1888 ι
1969 1877 1979 1887 ι
2185 1879 2237 1888 Α.
2292 1881 2304 1888 .
2368 1882 2380 1888 -

476 1859 666 1916 bulum
697 1877 1045 1932 expressum,
1091 1865 1252 1921 terris
1301 1868 1553 1926 omnibus
1598 1872 1789 1928 salutis
1834 1875 2071 1947 pluviam

477 1952 691 2019 effudit,
718 1964 773 2009 et
794 1956 1069 2011 stillicidia
1098 1959 1285 2027 gratiae
1315 1960 1574 2017 humanis
1589 1966 1848 2033 praestitit
1880 1971 2075 2024 menti-

474 2042 598 2101 bus.
636 2043 907 2114 Dentium,
941 2047 1139 2119 inquit,
1171 2058 1363 2105 lecum.
1408 2052 1541 2109 Mira
1588 2070 1676 2110 res
1707 2065 1759 2112 et
1786 2058 1898 2128 jam
1948 2076 2071 2117 eum

477 2132 696 2204 Virgine
725 2146 862 2204 erat,
892 2139 981 2209 qui
1003 2139 1072 2195 ad
1105 2140 1383 2213 Virginem
1417 2144 1665 2201 mittebat
1693 2150 1982 2220 Angelum,
2016 2160 2073 2208 et

471 2232 752 2296 praecessit
802 2234 1047 2288 nuntium
1099 2250 1259 2290 suum
1295 2237 1465 2304 Deus,
1513 2240 1608 2295 sed
1636 2255 1664 2294 a
1699 2241 1809 2298 Deo
1832 2258 1942 2299 non
1990 2261 2071 2302 re-

468 2320 662 2375 cessit:
706 2336 809 2378 nec
837 2324 1010 2379 teneri
1043 2326 1219 2395 patuit
1247 2328 1384 2384 locis
1410 2328 1785 2399 quietnnibus
1837 2335 2071 2393 habetur

469 2410 523 2465 in
554 2412 718 2469 locis:
768 2423 825 2470 et
877 2425 1023 2473 totus
1055 2418 1256 2489 ubique
1284 2429 1389 2489 est,
1425 2422 1541 2477 sine
1567 2438 1673 2494 quo
1704 2425 1835 2481 nihil
1873 2438 2063 2486 totum.

467 2504 612 2577 Ergo
643 2507 882 2564 Verbum
916 2511 1098 2565 Patris
1137 2528 1432 2582 numquam
1476 2530 1505 2568 a
1537 2515 1698 2572 Patre
1753 2519 2063 2591 discedens,

464 2596 627 2653 homo
652 2615 751 2668 pro
790 2601 948 2655 nobis
989 2602 1106 2655 fieri
1148 2603 1404 2673 dignatus
1447 2615 1553 2672 est,
1582 2620 1798 2665 secreto
1824 2625 1924 2667 suo
1951 2629 2067 2686 my-

458 2691 658 2755 sterio,
687 2692 832 2761 quod
865 2693 980 2761 ipse
1005 2695 1189 2749 novit:
1225 2697 1313 2765 qui
1343 2699 1597 2769 quoniam
1630 2711 1798 2759 totum
1827 2710 2068 2778 suscepit

462 2781 607 2851 quod
636 2792 719 2837 est
738 2782 996 2848 hominis,
1021 2785 1184 2843 homo
1214 2797 1358 2845 totus
1379 2803 1499 2847 est:
1534 2803 1589 2847 et
1620 2802 1789 2851 totum
1821 2799 2064 2857 retinens

463 2871 609 2943 quod
638 2873 731 2927 Dei
780 2884 885 2940 est,
933 2879 1154 2932 omnino
1184 2880 1327 2936 aliud
1369 2899 1530 2953 quam
1564 2884 1705 2940 Deus
1735 2889 1860 2958 (qui
1901 2900 2061 2949 natus

462 2975 548 3020 est
593 2981 661 3022 ex
682 2966 876 3041 Maria)
904 2983 1024 3024 esse
1049 2985 1155 3026 non
1182 2974 1373 3042 potuit.
1408 2977 1521 3031 Scit
1548 2978 1695 3034 enim
1715 2968 1855 3036 Deus
1877 2985 2058 3039 omnia

460 3064 518 3111 et
538 3064 738 3127 potest.
781 3058 1075 3129 Pr0pterea
1100 3064 1223 3134 quia
1251 3065 1323 3119 ita
1366 3076 1467 3133 est,
1504 3069 1662 3123 scivit
1692 3085 1751 3126 se
1779 3085 1844 3127 ac
1881 3076 2056 3144 potuit

459 3147 514 3203 in
543 3158 699 3205 utero
726 3148 964 3223 Virginis
994 3153 1113 3210 sine
1134 3156 1216 3210 sui
1242 3158 1598 3229 corruptione
1636 3161 1868 3219 miseere
1892 3175 2054 3235 atque
2079 3148 2127 3212 Ο

455 3239 635 3309 unire,
688 3252 743 3298 ut
790 3259 931 3300 unus
960 3257 1106 3302 esset
1145 3247 1396 3306 Christus
1433 3251 1577 3307 Deus
1605 3263 1662 3309 et
1698 3255 1898 3325 homo,
1952 3273 2058 3315 una

458 3347 714 3402 persona,
775 3352 990 3408 unaque
1045 3339 1371 3397 substantia.
1411 3342 1494 3399 Ob
1525 3345 1670 3414 quod
1701 3346 1794 3403 Dei
1822 3348 2057 3417 genitrix

456 3426 631 3481 electa
655 3435 711 3483 et
738 3430 1027 3498 prmelccta
1050 3432 1175 3502 jure
1204 3434 1273 3489 ab
1298 3434 1512 3505 Angelo
1538 3437 1898 3505 salutatur,et
1919 3457 2057 3511 pra:-

454 3516 667 3573 dicatur
712 3521 885 3590 gratia
939 3523 1121 3593 plena.
1165 3525 1305 3582 Vere
1354 3528 1539 3599 plena,
1574 3547 1671 3601 per
1715 3549 1875 3603 quam
1903 3535 2055 3606 largo

453 3609 627 3663 sancti
652 3610 882 3679 Spiritus
912 3614 1087 3672 imbre
1127 3618 1413 3688 superfusa
1445 3633 1531 3677 est
1580 3626 1759 3681 omnis
1780 3637 2049 3685 creatura.

458 3698 527 3753 Et
551 3698 674 3754 ideo
704 3703 836 3757 satis
879 3720 999 3761 eam
1036 3706 1390 3766 devotissitne
1419 3713 1655 3781 primum
1687 3716 1927 3789 Angelus
1962 3736 2054 3777 vc-

459 3801 683 3848 neratur
710 3805 761 3849 et
800 3798 1022 3852 salutat.
1078 3800 1302 3857 Miratur
1334 3806 1514 3875 itaque
1542 3816 1597 3861 et
1624 3807 1739 3878 ipse
1767 3813 1942 3882 qualis
1960 3824 2053 3870 aut

455 3891 655 3951 quanta
690 3885 762 3939 sit
791 3902 950 3955 quam
975 3890 1205 3946 salutat:
1236 3909 1342 3949 non
1378 3897 1523 3951 enim
1552 3898 1800 3971 simplex,
1849 3903 2047 3974 fateor,

457 3975 544 4028 vel
567 3987 827 4033 consueta
858 3980 955 4035 fuit
982 3981 1086 4038 ista
1105 3984 1384 4053 salutatio,
1406 3990 1502 4045 sed
1528 3993 2050 4057 omniadmiratione

452 4067 638 4138 digna.
695 4070 973 4140 Siquidem
1003 4079 1372 4137 venerationis
1425 4082 1526 4139 fuit
1572 4085 1796 4157 delatio,
1846 4091 2050 4149 oblatio

452 4161 719 4229 muneris,
776 4165 1069 4223 famulatus
1119 4172 1384 4245 obsequii.
1416 4178 1554 4244 Quia
1594 4182 1697 4236 etsi
1744 4184 1796 4237 in
1844 4188 2048 4243 sanctis

451 4255 689 4321 patribus
717 4268 773 4313 et
812 4261 1103 4329 prophetis
1140 4268 1312 4335 gratia
1337 4267 1505 4326 fuisse
1527 4273 1805 4330 creditur:
1834 4293 1943 4332 non
1970 4288 2043 4335 ta~

450 4362 573 4403 men
614 4360 843 4406 eatenus
878 4354 1057 4424 plena.
1104 4357 1157 4411 In
1186 4359 1413 4417 Mariam
1453 4381 1586 4421 vero
1625 4368 1790 4423 totius
1833 4372 2041 4441 gratim,

449 4454 575 4508 qua:
626 4440 681 4495 in
710 4440 933 4500 Christo
961 4456 1045 4502 est
1075 4450 1353 4520 plenitudo
1384 4462 1558 4523 venit,
1590 4440 1916 4533 quamquam
1945 4466 2046 4520 ali-

448 4537 549 4586 ter.
594 4532 661 4588 Et
693 4534 844 4602 ideo,
876 4538 1065 4611 inquit
1092 4586 1106 4611 ,
1156 4545 1423 4601 benedicta
1454 4558 1504 4604 tu
1540 4550 1593 4605 in
1620 4532 1919 4611 mulieribus
1939 4599 1953 4625 ,
1988 4558 2041 4614 id
2070 4536 2123 4597 D

445 4634 558 4690 est,
603 4626 724 4696 plus
776 4628 1059 4688 benetlicm
1106 4651 1265 4705 quam
1290 4654 1481 4695 omnes
1510 4643 1783 4700 mulieres.
1828 4648 1907 4704 Ac
1947 4664 2043 4719 per

447 4713 550 4770 hoc
590 4719 852 4789 quidquid
897 4725 1299 4783 maledictionis
1330 4730 1564 4786 infusum
1597 4745 1683 4791 est
1727 4751 1826 4806 per
1848 4737 2039 4809 Evam,

447 4813 619 4863 totum
641 4810 868 4869 abstulit
888 4816 1199 4872 benedictio
1214 4821 1419 4877 Marim.
1447 4822 1673 4895 Insuper
1693 4830 1921 4898 gratiam
1957 4849 2039 4887 re-

446 4897 587 4952 fudit
615 4900 818 4957 Christi
868 4919 1042 4972 ortus,
1084 4926 1247 4980 quam
1297 4929 1401 4968 non
1434 4914 1620 4971 habuit
1666 4921 1817 4989 prius
1865 4925 2041 4980 omnis

354 4992 357 4995 '
446 4989 699 5044 mundus.
742 4992 913 5062 Igitur
936 5001 1078 5067 quod
1112 5012 1302 5075 natura
1332 5021 1438 5061 non
1472 5006 1680 5083 habuit,
1708 5028 1837 5069 usus
1866 5019 2039 5074 nesci-

439 5080 542 5145 vit,
573 5080 842 5151 ignoravit
868 5093 1041 5163 ratio,
1077 5111 1231 5152 mens
1265 5116 1369 5155 non
1399 5104 1543 5172 capit
1586 5105 1843 5179 hutnana,
1878 5121 2037 5180 pavet

439 5173 666 5245 coelum,
699 5185 880 5250 stupet
908 5190 1079 5254 terra,
1107 5200 1354 5247 creatura
1385 5197 1559 5251 omnis
1589 5199 1753 5255 etiam
1794 5204 2036 5260 caelestis

439 5268 666 5325 miratur
702 5289 714 5325 :
744 5271 849 5330 hoc
893 5286 1061 5334 totum
1093 5291 1198 5347 est,
1225 5286 1366 5354 quod
1391 5303 1487 5357 per
1514 5289 1824 5349 Gabrielem
1853 5296 2036 5352 Maria:

435 5362 697 5423 divinitus
739 5370 1055 5442 nuntiatur,
1112 5385 1167 5432 et
1217 5393 1313 5447 per
1353 5380 1631 5441 Christum
1682 5387 2031 5458 adimpletur.

433 5454 547 5520 Qua
587 5458 655 5515 de
686 5477 850 5519 causa
888 5464 957 5521 de
996 5468 1087 5523 tali
1122 5477 1378 5545 tantaque
1416 5475 1597 5547 loqui,
1632 5494 1719 5534 me
1755 5454 2033 5550 indignum

435 5544 637 5601 fateor:
680 5552 777 5606 sed
825 5562 879 5609 et
929 5567 1056 5625 puto
1100 5564 1243 5630 quod
1290 5544 1456 5620 nemo
1483 5544 1552 5622 sit
1582 5544 1673 5638 qui
1718 5544 2032 5641 praesumat,

447 5641 552 5694 nisi
584 5644 890 5711 quiquanta
916 5651 1023 5707 sint
1044 5670 1164 5723 quae
1194 5658 1521 5727 panduntur,
1560 5663 1775 5728 penitus
1804 5665 2034 5736 ignorat.

514 5729 605 5786 Vl.
632 5724 832 5793 Tamen
859 5743 962 5797 etsi
1005 5745 1073 5801 ad
1118 5745 1234 5804 I131”:
1281 5763 1445 5806 nemo
1471 5752 1700 5813 idoneus
1742 5755 2034 5833 invenitur,

2179 1879 2382 1937 Christi
2415 1925 2430 1949 ,
2476 1901 2598 1956 qum
2626 1888 2729 1944 fuit
2758 1890 3074 1961 plenissime
3104 1900 3157 1952 in
3190 1879 3361 1957 Maria
3384 1920 3543 1975 quam
3567 1879 3778 1968 laudas.

2178 1972 2331 2039 Quod
2354 1975 2399 2030 si
2427 1978 2717 2050 eonjugata
2764 1994 2913 2040 certe
2941 1996 3035 2042 aut
3066 1993 3341 2057 peccatrix
3365 2036 3381 2062 ,
3400 1972 3779 2059 “nihilominus

2176 2066 2437 2124 conﬁtere
2458 2079 2514 2126 et
2544 2072 2721 2138 lauda,
2746 2077 2999 2145 quoniam
3030 2079 3159 2137 inde
3184 2083 3557 2145 misericordia
3587 2095 3775 2149 omni-

2175 2154 2278 2212 bus
2306 2158 2556 2227 proﬂuxit
2578 2172 2631 2219 et
2649 2165 2821 2235 gratia
2854 2177 2913 2222 ut
2940 2168 3177 2228 laudent.
3198 2173 3262 2229 Et
3285 2179 3536 2246 quamvis
3564 2198 3673 2238 non
3699 2187 3773 2240 sit

2173 2252 2421 2319 speciosa
2453 2253 2568 2311 laus
2598 2256 2653 2311 in
2672 2272 2766 2314 ore
2795 2264 3115 2330 peccatoris,
3143 2266 3248 2321 noli
3276 2282 3495 2328 cessare
3526 2288 3556 2327 a
3588 2274 3772 2342 laude,

2173 2342 2297 2411 quia
2320 2342 2445 2399 inde
2471 2344 2566 2401 tibi
2598 2348 2935 2417 promittitur
2963 2355 3140 2423 venia,
3172 2358 3317 2415 unde
3345 2371 3401 2417 et
3422 2365 3695 2434 omnibus,
3720 2379 3777 2424 ut

2174 2436 2387 2495 laudes.
2435 2440 2658 2512 Alioqui
2688 2444 2789 2500 nisi
2832 2447 2985 2517 juxta
3016 2451 3291 2508 modulum
3344 2455 3546 2528 ingenii
3601 2467 3771 2520 nostri

2172 2527 2343 2585 Deum
2394 2531 2618 2590 laudare
2651 2535 2704 2589 in
2728 2536 2942 2595 Sanctis
2980 2543 3093 2596 suis
3113 2546 3465 2603 Studeamus:
3499 2557 3772 2621 quomodo

2170 2634 2297 2676 eum
2328 2664 2341 2688 ,
2391 2626 2686 2681 secundum
2720 2631 2867 2698 quod
2896 2634 3161 2705 canimus,
3196 2641 3356 2710 juxta
3385 2641 3769 2700 multitudinan

2169 2716 2544 2786 magnitudinis
2570 2721 2948 2793 ejus,laudare
2971 2731 3309 2797 poterimus?
3335 2735 3556 2791 omnino
3570 2741 3769 2809 quippe

2168 2811 2689 2878 prmtermittendum
2737 2831 2843 2871 non
2892 2830 2996 2887 est,
3039 2824 3183 2893 quod
3243 2826 3518 2896 impleturi
3581 2846 3767 2886 sumus

2165 2899 2508 2970 quandoque,
2540 2906 2835 2963 secundum
2863 2911 3005 2980 quod
3035 2913 3272 2971 dicitur:
3309 2917 3458 2974 Beati
3497 2923 3589 2992 qui
3613 2923 3764 2980 habi-

2164 2996 2273 3044 tant
2300 2992 2351 3045 in
2376 2993 2527 3047 domo
2548 2997 2915 3069 ttta,l)omine,
2944 3003 2997 3058 in
3021 3007 3214 3063 sarcula
3232 3013 3548 3069 sweulorum
3578 3018 3766 3073 lauda-

2164 3080 2289 3136 bunt
2335 3095 2382 3138 te
2428 3084 2672 3156 (Psalm.
2730 3106 2960 3163 ume,
2994 3096 3081 3167 5).
3127 3098 3405 3158 Interdum
3456 3122 3589 3163 vero
3641 3114 3766 3181 quia

2160 3171 2459 3232 immensus
2486 3188 2589 3248 est,
2624 3181 2767 3252 quod
2799 3200 2931 3241 voce
2960 3202 3071 3244 non
3108 3206 3415 3260 possumus,
3444 3214 3545 3256 nec
3578 3202 3766 3260 facun-

2162 3266 2252 3323 dia
2284 3270 2548 3336 valemus,
2596 3290 2959 3348 exsequamur
2980 3286 3124 3342 votis
3154 3298 3210 3343 et
3248 3291 3505 3350 medullis
3546 3300 3762 3358 cordis:

2159 3361 2286 3431 quia
2320 3379 2547 3433 magnus
2575 3378 2631 3421 et
2662 3368 2835 3426 bonus
2876 3382 2960 3429 est
3003 3386 3168 3449 atque
3226 3382 3547 3455 immensus,
3578 3400 3762 3448 tantus

2158 3468 2222 3508 ac
2256 3455 2375 3510 talis
2407 3469 2665 3527 quantum
2704 3477 2768 3519 ac
2803 3466 3023 3537 qualem
3057 3473 3172 3541 ipse
3217 3492 3277 3531 se
3331 3480 3481 3535 novit
3511 3524 3525 3549 ,
3558 3499 3656 3542 ore
3699 3504 3763 3545 ac

2158 3546 2353 3617 spiritu
2380 3549 2738 3610 confiteatnur
2766 3558 2830 3611 ad
2853 3558 3119 3629 justitiam
3151 3576 3206 3622 et
3233 3570 3488 3629 salutent.

2232 3641 2343 3697 VII.
2363 3642 2523 3713 llinc,
2556 3662 2917 3719 rogo,omnes
2934 3657 3496 3725 pariterl‘estivitatem
3511 3670 3761 3739 gloriosa:

2156 3746 2373 3803 semper
2402 3735 2628 3808 virginis
2650 3739 2833 3798 Μειδία»
2854 3743 3208 3807 devotissime
3230 3735 3579 3819 celebremus
3601 3781 3614 3820 :
3638 3767 3758 3837 quia

2155 3821 2273 3878 hzec
2294 3834 2373 3879 est
2403 3825 2518 3881 dies
2550 3830 2832 3901 praeclara,
2866 3834 2918 3890 in
2949 3853 3054 3907 qua
3097 3843 3298 3898 meruit
3326 3849 3568 3907 exaltari
3597 3821 3759 3924 su'per

2154 3914 2353 3971 choros
2383 3920 2697 3989 angelorum
2720 3965 2734 3990 ,
2767 3935 2821 3980 et
2853 3931 3138 3997 pervenire
3172 3936 3313 3991 ultra
3359 3956 3521 4010 quam
3554 3960 3757 4005 nostra:

2155 4005 2507 4065 humanitatis
2542 4021 2621 4067 est
2653 4026 2865 4071 natura.
2913 4017 3014 4075 Ubi
3047 4038 3151 4078 non
3182 4028 3487 4087 substantia
3528 4037 3753 4104 tollitur,

2154 4100 2251 4156 sed
2282 4102 2468 4172 gloria:
2517 4110 2830 4178 magnitudo
2863 4125 3229 4187 monstratur,
3271 4135 3394 4178 cum
3428 4127 3673 4186 elevatur
3706 4134 3756 4189 in

2151 4191 2428 4250 dexteram
2484 4197 2694 4269 Patris,
2754 4202 2842 4259 ubi
2874 4204 3122 4263 Christus
3169 4228 3265 4281 pro
3311 4217 3469 4273 nobis
3513 4220 3757 4280 introivit

2150 4288 2392 4356 pontifex
2435 4290 2610 4347 factus
2667 4295 2719 4349 in
2747 4305 3009 4353 aeternum
3037 4301 3104 4357 ad
3124 4295 3254 4360 coeli
3304 4309 3585 4377 palatium.
3632 4317 3755 4373 llaec

2150 4387 2251 4446 est,
2276 4381 2517 4452 inquam,
2540 4384 2678 4453 dies,
2704 4387 2757 4442 in
2775 4403 2879 4459 qua
2898 4406 3066 4463 usque
3082 4395 3151 4450 ad
3177 4397 3357 4455 throni
3372 4404 3751 4465 celsitudinem

2150 4470 2468 4529 intemerata
2498 4487 2671 4533 mater
2706 4490 2759 4535 et
2791 4484 2948 4553 virgo
2982 4490 3277 4561 processit,
3311 4504 3472 4567 atque
3507 4497 3560 4554 in
3598 4502 3751 4572 regni

2147 4564 2285 4619 solio
2316 4566 2631 4637 sublimata,
2665 4583 2790 4642 post
2816 4574 3092 4634 Christum
3121 4582 3360 4652 gloriosa
3386 4564 3619 4648 resedit.
3662 4564 3751 4653 Sic

2143 4654 2325 4726 itaque
2355 4658 2551 4730 ubique
2577 4665 2915 4722 confidenter
2958 4682 3146 4727 sancta
3176 4675 3271 4733 Dei
3299 4682 3449 4735 canit
3475 4682 3746 4755 Ecclesia,

2143 4750 2285 4820 quod
2312 4751 2380 4807 de
2410 4753 2560 4808 nullo
2590 4755 2694 4811 alio
2735 4769 3045 4817 sanctorum
3072 4763 3153 4820 fas
3184 4777 3269 4823 est
3294 4771 3544 4846 credere,
3577 4787 3637 4832 ut
3672 4750 3751 4835 υιέ

2146 4851 2224 4898 tra
2272 4846 2589 4916 angelorum
2622 4859 2676 4904 ct
2710 4850 3160 4923 archangelorutn
3194 4859 3509 4932 dignitatem
3553 4872 3748 4927 merito

2149 4938 2581 4994 transcenderit:
2654 4943 2778 5013 quia
2836 4946 2939 5001 etsi
2993 4947 3296 5008 similitudo
3350 4960 3748 5028 repromittitur

2143 5029 2377 5105 sanctis,
2423 5037 2625 5088 veritas
2659 5043 2838 5092 tamen
2869 5050 3120 5110 negatur.
3149 5044 3263 5101 lloc
3290 5048 3491 5121 quippe
3523 5056 3745 5122 privile-

2144 5121 2289 5191 gium
2323 5138 2429 5177 non
2461 5136 2669 5182 naturae
2695 5139 2795 5196 est,
2825 5132 2918 5186 sed
2954 5134 3145 5203 gratiae
3170 5123 3345 5195 beata:
3376 5121 3604 5213 virginis
3635 5148 3746 5203 Ma-

2144 5213 2261 5277 rize,
2289 5211 2358 5268 de
2384 5229 2486 5284 qua
2518 5226 2675 5273 natus
2701 5229 2789 5275 est
2817 5220 2933 5290 ipse
2970 5223 3114 5280 Deus
3142 5235 3198 5282 et
3221 5226 3408 5287 homo.
3446 5211 3659 5291 Idcirco
3690 5245 3744 5292 et

2144 5302 2263 5372 ipsa
2311 5307 2430 5375 plus
2479 5319 2563 5364 est
2592 5313 2826 5382 meritis,
2857 5324 2913 5371 et
2943 5331 3049 5372 non
3084 5330 3274 5378 natura
3304 5340 3466 5396 quam
3507 5330 3661 5401 virgo
3691 5342 3746 5390 et

2147 5394 2334 5451 homo.
2382 5399 2535 5455 Unde
2563 5404 2689 5458 etsi
2730 5415 2942 5464 crateras
2978 5411 3217 5483 virgines
3264 5394 3547 5477 imitantur
3594 5424 3743 5482 illam

2147 5503 2320 5557 usque
2346 5490 2413 5543 ad
2443 5502 2818 5565 contemptum
2844 5511 3034 5570 partus
3058 5546 3073 5569 ,
3102 5517 3157 5562 et
3178 5507 3447 5567 Gabrielis
3478 5529 3630 5571 nova:
3658 5533 3742 5574 sa-

2146 5579 2428 5637 lutationis
2449 5584 2801 5655 obsequium:
2868 5592 3127 5667 deinceps
3156 5607 3327 5657 totum
3358 5603 3605 5663 divinum
3634 5622 3738 5676 est,

2147 5672 2291 5743 quod
2322 5687 2604 5744 Operatum
2636 5691 2719 5738 est
2746 5682 2799 5739 itt
2824 5701 2908 5754 ea,
2937 5698 3076 5746 teste
3097 5693 3320 5763 angelo:
3352 5697 3486 5763 Quia
3510 5700 3740 5771 Spiritus

2149 5774 2359 5824 sanctus
2405 5779 2458 5831 et,
2494 5772 2652 5829 virtus
2692 5776 2943 5835 Αίιὶδείιηί
2992 5783 3310 5842 obumbrabit
3356 5798 3423 5844 te.
3466 5789 3603 5851 Alne
3634 5794 3736 5853 hoc
