3998 6198
212 197 312 258 129

606 198 933 258 ΕΡΙΞΤΟΙΛ
972 198 1064 256 IX.
1108 199 1203 257 AD
1238 196 1525 257 PAULAM
1564 197 1654 255 ET
1693 196 1816 257 Ε.υὲ

1921 196 2170 266 CtllUM,
2220 198 2306 255 DE
2356 198 2700 257 ASSUMPT.
2754 197 2813 255 Β.
2855 198 3120 257 MANE.

3418 200 3522 261 £30

211 310 387 380 ipsum
419 323 557 367 sane
584 311 1317 384 uterusVirginis,quamvis
1348 310 1807 382 mundus,quam-
1832 312 1885 374 Α
1910 326 2032 383 qua:
2061 312 2225 366 etiam
2251 312 2567 369 meritorum
2599 312 2893 369 virtutibus
2923 313 3240 386 angelorum
3271 310 3521 371 vinceret

210 402 295 457 vis
342 404 661 476 impollutus
709 414 765 461 et
801 405 1010 461 alienus
1042 421 1071 459 a
1102 407 1435 476 contagione
1467 403 1578 476 [ΑΙ.
1606 402 1811 473 cogita—

220 495 401 568 tione]
435 498 663 568 peccati,
694 500 939 569 quamvis
968 506 1221 554 sanctus:
1265 509 1445 553 tamen
1476 495 1657 551 adhuc
1694 496 1816 549 vili-

214 597 326 644 tate
355 588 709 644 humanitatis
739 589 1021 644 induitur:
1081 598 1143 645 ut
1170 590 1246 645 ita
1274 590 1473 655 dicam,
1510 601 1575 641 ac
1616 587 1660 641 si
1694 586 1814 641 lana

210 680 618 745 candidissima,
644 697 853 751 suoque
875 684 1066 739 colore
1093 682 1344 739 dealbata
1368 698 1383 738 :
1414 680 1478 737 ad
1499 695 1658 752 quam
1687 694 1819 735 sane

211 789 333 828 cum
364 775 686 831 accessisset
708 776 945 845 Spiritus
987 785 1231 842 sanctus,
1263 775 1418 845 quasi
1450 775 1563 843 ipsa
1597 772 1823 828 eadem-

210 880 316 935 que
346 867 471 920 lana
502 880 626 921 cum
657 866 898 922 inficitur
936 867 1204 937 sanguine
1227 865 1497 936 conchylii
1526 864 1609 920 vel
1640 867 1820 920 muri-

207 957 327 1023 cis,
364 956 599 1012 vertitur
628 956 682 1011 in
716 972 1052 1028 purpuram:
1087 973 1250 1014 versa
1297 968 1382 1013 est
1434 965 1489 1012 ct
1535 957 1648 1026 ipsa
1704 958 1821 1013 sine

212 1049 365 1103 coitu
398 1050 453 1104 in
478 1059 702 1106 matrem
732 1069 743 1105 :
778 1059 837 1106 ut
866 1066 973 1107 non
1002 1050 1203 1121 sitiam
1229 1050 1423 1105 amodo
1448 1050 1589 1120 quod
1617 1050 1812 1117 fuerat,

211 1141 315 1196 sed
351 1157 591 1212 purpura
647 1142 930 1197 verissima
974 1143 1043 1197 ad
1076 1143 1451 1198 indumentum
1493 1150 1548 1197 et
1588 1142 1816 1211 gloriam

209 1233 418 1287 summi
450 1232 593 1302 regis
645 1232 902 1287 divinitus
957 1232 1239 1301 aptissime
1267 1232 1543 1287 dedicata:
1592 1241 1651 1286 ut
1684 1232 1814 1286 nulli

202 1325 467 1396 deinceps
494 1341 557 1382 ea
579 1326 652 1381 uti
683 1341 783 1381 usu
816 1325 1054 1381 femineo
1078 1325 1295 1381 licuerit
1322 1325 1422 1379 nisi
1451 1324 1583 1381 Deo.
1603 1324 1814 1397 Quippe

205 1427 294 1498 (ut
328 1424 405 1479 ita
436 1423 653 1495 loquar)
681 1424 838 1478 beata
865 1422 1165 1494 etgloriosa
1180 1422 1334 1493 virgo
1348 1422 1511 1475 Maria
1537 1435 1603 1476 eo
1626 1420 1810 1487 modo,

202 1517 457 1591 quamvis
485 1517 685 1572 dudum
727 1517 1177 1587 incomparabilis
1209 1526 1357 1572 esset
1398 1515 1665 1571 universis
1694 1532 1813 1586 qua:

203 1611 310 1664 sub
339 1610 482 1665 ctelo
513 1618 638 1665 sunt
668 1608 974 1679 virginibus
995 1649 1012 1675 ,
1064 1618 1127 1663 ut
1156 1608 1414 1664 decenter
1463 1621 1645 1678 posset
1674 1610 1725 1662 in
1755 1623 1814 1664 se

1913 401 2255 471 dignitatem.
2290 404 2363 460 De
2394 421 2723 475 anrursus
2755 405 2896 460 idem
2924 405 3156 475 Spiritus
3196 414 3421 461 sanctus
3453 407 3505 462 in

1916 494 2122 549 eisdem
2150 493 2422 551 Canticis:
2470 498 2601 564 Qun:
2632 506 2704 553 est
2733 500 2834 551 ista
2867 514 2981 567 qua:
3024 498 3283 567 ascendit,
3318 499 3514 570 inquit.

1917 588 2067 657 quasi
2115 604 2305 641 aurora
2358 606 2692 661 consurgens,
2724 588 2945 662 pulchra
2975 598 3031 643 ut
3059 591 3216 659 luna,
3274 594 3431 647 electa
3460 601 3517 647 ut

1921 678 2044 744 sol,
2098 678 2341 732 terribilis
2394 690 2451 733 ut
2500 690 2790 735 castrorum
2842 681 2977 735 acies
3026 682 3271 735 ordinata
3324 682 3513 754 (Cant.

1920 788 1996 839 Vl,
2031 772 2129 842 9)?
2160 772 2471 827 Admiratur
2498 783 2678 829 autem
2698 774 2931 842 Spiritus
2971 784 3219 839 sanctus,
3251 775 3373 844 quia
3403 790 3519 829 om-

1924 878 2021 918 nes
2047 864 2116 919 de
2138 880 2367 919 ascensu
2397 864 2558 935 hujus
2574 865 2814 934 Virginis
2842 863 3173 920 admirantes
3205 863 3351 933 facit,
3380 867 3523 936 quod

1922 957 2078 1027 quasi
2108 958 2230 1011 novi
2260 957 2483 1013 diluculi
2519 973 2719 1014 aurora
2750 958 2985 1014 rutilans
3006 1002 3022 1026 ,
3056 973 3285 1014 ascensu
3307 974 3405 1014 suo
3432 975 3517 1017 re-

1919 1050 2223 1119 splendeat,
2257 1051 2441 1105 multis
2464 1053 2602 1107 freta
2636 1063 2700 1112 et
2732 1053 2927 1107 vallata
2958 1062 3266 1107 Sanctorum
3299 1053 3522 1122 agmini-

1916 1140 2037 1197 bus.
2070 1141 2226 1196 Unde
2255 1141 2473 1204 dicitur,
2522 1142 2766 1197 terribilis
2815 1153 2869 1197 ut
2897 1153 3188 1201 castrorum
3217 1144 3351 1197 acies
3382 1143 3522 1198 ordi-

1915 1243 2059 1287 nata.
2104 1232 2381 1303 Siquidem
2428 1233 2687 1289 terribilis
2732 1235 2845 1290 suis
2894 1234 3039 1290 facta
3093 1235 3419 1302 virtutibus,
3455 1247 3515 1290 ut

1912 1334 2213 1381 castrorum
2246 1326 2392 1382 acies
2419 1327 2711 1381 admodum
2756 1328 3037 1383 ordinata:
3094 1327 3221 1384 hinc
3254 1328 3383 1383 inde
3419 1343 3519 1384 an-

1913 1419 2155 1487 gelorum
2186 1428 2501 1473 sanctorum
2534 1419 2668 1473 fulta
2700 1418 3000 1488 praesidiis:
3038 1419 3262 1490 pulo/ira
3293 1431 3347 1473 ut
3370 1418 3521 1484 luna,

1913 1509 2081 1563 immo
2124 1511 2409 1582 pulchrior
2460 1527 2622 1582 quam
2670 1511 2820 1577 luna,
2868 1509 2992 1580 quia
3014 1511 3126 1581 jam
3158 1511 3277 1566 sine
3303 1510 3519 1565 defectu

1916 1603 1997 1657 sui
2030 1612 2306 1669 coruscat,
2338 1603 2656 1659 coalestihus
2684 1603 2957 1657 illustrata
2998 1601 3315 1671 fulgoribus.
3341 1600 3520 1657 Electa

206 1708 497 1776 suscipere
550 1706 850 1762 divinitatis
903 1706 1338 1775 admixtionem,
1381 1705 1529 1761 salva
1587 1714 1815 1771 utraque

1921 1702 1971 1747 ut
2001 1695 2101 1763 sol,
2155 1694 2359 1766 fulgore
2408 1696 2695 1763 virtutum,
2730 1696 2856 1766 quia
2902 1695 3017 1766 ipse
3061 1695 3227 1765 elegit
3266 1708 3387 1749 eam
3438 1694 3519 1750 sol

204 1811 438 1855 natura:
484 1809 662 1854 tamen
712 1814 834 1854 cum
886 1798 1059 1868 gratia
1107 1798 1346 1867 repletur
1378 1842 1393 1865 ,
1449 1811 1572 1851 cum
1613 1796 1816 1867 Spiritu

200 1901 401 1948 sancto
434 1891 799 1960 perfunditur,
845 1905 967 1945 cum
998 1889 1200 1944 virtute
1228 1888 1492 1944 Altissimi
1522 1887 1818 1942 obumbra-

200 1992 323 2051 tur,
348 1982 408 2038 ﬁt
439 1982 732 2053 pretiosior
759 1979 969 2037 meritis
994 2024 1010 2049 ,
1064 1980 1227 2036 celsis
1254 1978 1541 2033 sublimior
1567 1977 1817 2047 fastigiis,

202 2073 505 2147 pulchrior
532 2072 842 2142 sanetitate,
875 2070 1166 2143 gloriosior
1188 2086 1409 2126 suorum
1443 2068 1818 2140 prterogativis

202 2167 574 2222 meritorum:
610 2165 681 2220 ita
706 2176 761 2219 ut
792 2165 951 2220 nullis
974 2163 1087 2234 jam
1131 2163 1317 2218 usibus
1350 2164 1420 2217 sit
1450 2162 1563 2232 ipsa
1601 2160 1820 2216 eadem-

202 2273 317 2328 que
347 2255 709 2325 mancipanda
741 2256 843 2310 nisi
894 2255 1112 2309 divinis.
1156 2253 1326 2323 Unde,
1383 2268 1417 2309 ο
1460 2253 1818 2308 sanctissima:

202 2350 469 2419 virgines,
511 2348 612 2405 etsi
647 2347 846 2403 imitari
870 2356 1087 2418 oportet
1119 2355 1321 2402 tantam
1352 2360 1415 2402 ac
1445 2346 1605 2401 talem
1656 2345 1816 2415 virgi-

203 2455 359 2505 nem,
403 2448 622 2510 tamque
676 2438 997 2510 przeclaram
1048 2440 1331 2494 venerari:
1373 2438 1601 2493 multtttn
1635 2447 1811 2492 tamen

205 2531 489 2597 convenit,
518 2540 573 2586 et
605 2530 745 2585 ultra
800 2531 1097 2601 angelicam
1128 2529 1523 2600 quodammodo
1578 2529 1812 2599 dignita-

210 2634 344 2692 tem,
380 2633 641 2695 quantum
673 2622 753 2678 fas
781 2633 886 2689 est,
912 2638 1034 2679 cum
1081 2622 1277 2694 gaudio
1303 2622 1550 2678 laudibus
1570 2637 1688 2678 eam
1732 2621 1813 2677 di-

208 2718 487 2790 gnissimis
509 2717 735 2774 efferre:
778 2734 920 2789 quae,
948 2729 1006 2773 ut
1028 2718 1284 2783 diximus,
1327 2732 1432 2772 non
1484 2727 1688 2773 temere
1716 2732 1815 2788 per

208 2810 417 2865 Christi
466 2810 697 2882 gratiam
739 2824 903 2881 super
940 2810 1140 2865 choros
1184 2809 1499 2880 angelorum
1552 2809 1809 2877 exaltata,

208 2902 567 2960 devotissime
599 2902 761 2958 hodie
814 2902 1173 2974 praedicatur:
1215 2903 1337 2974 quia
1371 2903 1651 2973 praecessit
1690 2918 1810 2958 eam

207 2997 477 3051 Dominus
526 3006 581 3053 et
611 2997 866 3052 Salvator
889 3006 1075 3053 noster
1102 3014 1169 3051 ex
1197 3012 1259 3051 ea
1290 3012 1417 3051 vera
1445 2996 1548 3051 fide
1591 2991 1835 3067 genitus'

210 3088 281 3143 ad
308 3089 586 3145 ccelestia:
629 3098 685 3144 ut
710 3097 930 3160 pararet
958 3090 1031 3160 ei,
1059 3089 1199 3143 sicut
1229 3089 1345 3160 ipse
1372 3090 1485 3144 suis
1508 3089 1818 3160 repromisit

209 3182 515 3255 discipulis,
545 3186 597 3239 in
614 3185 870 3242 :ethereis
896 3187 1267 3240 mansionibus
1290 3186 1489 3241 locum.
1517 3186 1650 3243 llinc
1678 3202 1816 3258 quo-

210 3292 321 3347 que
352 3276 518 3332 David
556 3277 819 3349 propheta
848 3277 976 3334 olim
1004 3277 1434 3349 gratulabundus
1461 3278 1679 3335 Christo
1727 3295 1819 3336 ca-

212 3368 332 3424 nit:
363 3368 409 3422 A
433 3386 651 3435 summo,
686 3372 881 3442 inquit,
912 3372 1037 3425 cceIo
1063 3372 1287 3442 egressio
1315 3373 1463 3444 ejus:
1500 3380 1546 3425 et
1577 3388 1818 3426 occursus

210 3464 329 3534 ejus
355 3477 516 3533 usque
546 3463 613 3515 ad
646 3479 903 3516 summum
930 3467 1041 3536 ejus
1072 3461 1296 3535 (Psalm.
1331 3479 1481 3532 xvttt,
1509 3464 1586 3528 7).
1618 3464 1819 3520 Ascen-

209 3554 292 3609 dit
318 3568 450 3625 ergo
500 3554 748 3610 eamdem
805 3554 1031 3625 gloriam
1088 3564 1483 3626 resumpturus,
1542 3557 1669 3612 licet
1699 3573 1807 3613 non

211 3648 479 3714 amiserit,
510 3662 672 3718 quam
722 3648 872 3719 prius
922 3647 1185 3707 habuerat
1236 3659 1529 3718 antequam
1582 3649 1816 3704 mundus

212 3739 397 3795 ﬁeret.
440 3738 705 3795 Ascendit
752 3748 809 3795 et
848 3740 1175 3810 praeparavit
1207 3738 1332 3795 huic
1370 3739 1735 3795 sanctissime
1761 3750 1816 3795 et

210 3831 615 3901 gloriosissima:
644 3830 855 3902 Virgini
881 3831 1057 3888 locum
1109 3832 1570 3900 immortalitatis,
1607 3842 1663 3888 ut
1690 3848 1813 3889 cum

211 3942 278 3980 eo
309 3940 540 3996 regnare
568 3934 757 3996 posset
779 3926 831 3981 in
864 3936 1201 3996 perpetuum.

288 4018 427 4074 Vlll.
454 4018 527 4074 Et
546 4018 665 4075 haec
686 4029 769 4075 est
807 4019 965 4090 huius
989 4019 1412 4093 prmsentisdiei
1446 4020 1731 4086 festivitas,
1761 4021 1813 4077 in

209 4128 316 4182 qua
363 4112 603 4183 gloriosa
652 4120 708 4168 et
756 4112 883 4168 felix
925 4112 991 4167 ad
1044 4113 1338 4168 :ethereum
1367 4114 1615 4185 pervenit
1643 4114 1817 4171 thala-

212 4221 385 4260 mum.
428 4205 561 4274 Qua:
584 4204 829 4276 profecto
856 4205 1147 4269 festivitas,
1169 4206 1327 4261 sicuti
1352 4206 1511 4262 beata
1535 4206 1702 4263 Maria
1729 4206 1814 4262 in.

211 4297 600 4368 comparabilis
639 4306 724 4353 est
751 4297 1052 4367 virginibus
1077 4299 1312 4365 ueteris,
1344 4298 1418 4353 ita
1473 4299 1816 4370 incompara-

210 4390 339 4447 bilis
366 4399 450 4446 est
472 4390 715 4446 omnium
748 4402 1058 4446 sanctorum
1087 4390 1506 4447 festivitatibus:
1558 4403 1613 4447 et
1640 4391 1816 4448 admi-

1914 1785 2161 1856 justitiae,
2213 1797 2273 1841 ut
2323 1795 2639 1843 nasceretur
2692 1803 2761 1842 ex
2809 1803 2891 1841 ea.
2944 1787 3025 1841 Ad
3076 1786 3230 1857 cujus
3277 1785 3520 1857 profecto

1922 1879 2209 1947 exsequias
2238 1880 2521 1949 (quantum
2576 1880 2657 1934 fas
2700 1889 2782 1934 est
2810 1879 3063 1951 credere)
3114 1880 3518 1936 famulabantur

1921 1970 2130 2039 angeli,
2182 1979 2236 2024 et
2264 1971 2531 2025 universm
2563 1971 2827 2025 ccelorum
2859 1971 3385 2040 congratulabantur
3411 1988 3515 2027 cu-

1919 2063 2033 2118 riae.
2073 2062 2184 2118 Nec
2202 2065 2419 2134 mirum,
2449 2064 2574 2135 quia
2601 2065 2777 2119 honor
2809 2072 3091 2118 maternus
3118 2065 3240 2133 ejus
3281 2073 3386 2133 est,
3417 2066 3509 2135 qui

1918 2163 2003 2209 est
2030 2163 2186 2209 natus
2215 2171 2283 2210 ex
2317 2170 2411 2210 ea:
2458 2170 2619 2225 quem
2662 2155 2842 2209 omnis
2872 2155 3134 2209 cmlorum
3187 2154 3323 2208 ordo
3352 2168 3517 2210 vene-

1921 2257 2073 2303 ratur
2094 2260 2149 2304 et
2180 2249 2370 2304 adorat
2395 2265 2557 2319 super
2584 2265 2643 2303 se
2676 2249 2947 2304 elevatum
2973 2264 3091 2303 cum
3126 2248 3283 2303 Patre
3310 2248 3362 2302 in
3390 2247 3520 2303 sede

1918 2340 2229 2411 maiestatis
2262 2341 2498 2397 Domini.
2540 2342 2796 2413 Legimus
2848 2340 2990 2396 enim
3043 2354 3202 2408 quam
3254 2354 3402 2410 saepe
3451 2338 3518 2393 ad

1917 2434 2106 2491 funera
2133 2447 2187 2491 et
2231 2436 2299 2489 ad
2346 2436 2654 2506 sepulturas
2685 2435 3055 2505 quorumlibet
3081 2443 3393 2490 sanctorum
3422 2447 3519 2490 an»

1915 2531 2065 2602 gelos
2087 2529 2397 2595 advenisse,
2432 2540 2486 2585 et
2510 2531 2785 2601 exsequiis
2809 2546 2996 2585 comm
3022 2530 3279 2601 obsequia
3303 2529 3519 2600 praesti-

1916 2625 2079 2677 tisse:
2115 2637 2327 2677 necnon
2360 2632 2415 2677 et
2442 2622 2651 2677 animas
2682 2624 2982 2678 electorum
3029 2638 3200 2693 usque
3226 2622 3293 2677 ad
3324 2621 3516 2691 caelos,

1914 2731 2035 2771 cum
2065 2715 2281 2788 hymnis
2328 2726 2380 2771 et
2410 2716 2660 2771 laudibus
2691 2715 2984 2772 detulisse:
3028 2717 3115 2772 ubi
3143 2726 3196 2772 et
3234 2716 3521 2788 utriusque

1915 2823 2076 2863 sexus
2105 2808 2257 2863 chori
2310 2817 2806 2863 commemorantur
2837 2811 3149 2881 frequenter
3175 2809 3368 2879 auditi,
3404 2808 3522 2865 lau-

1915 2902 2119 2973 desque
2167 2902 2468 2958 cecinisse:
2514 2904 2717 2959 interea
2755 2912 2810 2959 et
2838 2904 2982 2973 quod
3014 2904 3379 2974 perspicacius
3409 2912 3515 2972 est,

1919 2994 2093 3049 multo
2125 3009 2531 3065 nonnumquam
2566 2995 2767 3049 lumine
2821 2994 3043 3051 eosdem
3074 2995 3512 3066 resplenduisse;

1843 3065 1888 3126 (ἶ
1922 3088 2141 3158 insuper
2165 3098 2219 3143 et
2240 3087 2417 3144 adhuc
2439 3089 2689 3143 viventes
2720 3087 2771 3142 in
2796 3103 2985 3155 carne,
3006 3088 3203 3142 ibidem
3234 3087 3357 3141 miri
3385 3088 3519 3143 odo-

1921 3183 1996 3239 ris
2026 3183 2374 3253 fragrantiam
2410 3182 2613 3237 diutius
2655 3182 3016 3252 perscnsisse.
3050 3180 3203 3247 Quod
3245 3180 3291 3233 si
3324 3179 3391 3234 ad
3423 3196 3513 3235 re-

1925 3274 2213 3330 creandam
2238 3291 2412 3347 spem,
2437 3275 2809 3330 dilectissimo:
2824 3274 2965 3339 tiliae,
2984 3282 3036 3328 et
3057 3272 3517 3327 corroborandam

1924 3368 2085 3423 fidem
2146 3368 2415 3424 interdum
2459 3368 2782 3434 astantium,
2828 3364 3080 3421 Salvator
3128 3372 3314 3421 uoster
3360 3366 3519 3421 Jesus

1919 3459 2187 3529 Christus,
2218 3460 2289 3516 ob
2320 3460 2511 3515 merita
2540 3474 2762 3513 suorum
2814 3457 3047 3527 amplius
3090 3456 3517 3528 comprobanda,

1922 3552 2048 3606 talia
2105 3560 2160 3606 et
2210 3561 2351 3605 tanta
2386 3551 2641 3622 dignatus
2670 3558 2756 3605 est
2794 3548 3057 3604 exhibere
3083 3564 3185 3620 per
3225 3564 3354 3605 suos
3393 3548 3519 3605 ρωιί

1921 3643 2200 3698 ministros
2230 3642 2374 3697 circa
2406 3641 2721 3697 defunctos:
2762 3648 2966 3712 quanto
2994 3642 3166 3711 magis
3189 3639 3520 3696 credendum

1919 3746 2000 3792 est
2032 3736 2297 3792 hodierna
2320 3736 2408 3791 die
2440 3735 2686 3790 militiam
2715 3734 2976 3792 caelorum
3000 3751 3120 3791 cum
3145 3737 3258 3791 suis
3286 3735 3520 3807 agmini-

1918 3829 2021 3885 bus
2045 3828 2232 3884 festive
2260 3828 2471 3883 obviam
2503 3827 2718 3883 venisse
2745 3826 2992 3899 geuitrici
3019 3828 3139 3894 Dei,
3180 3841 3410 3899 eamque
3436 3828 3521 3882 in-

1918 3922 2069 3991 genti
2104 3920 2307 3976 lumine
2355 3919 2809 3989 circumfulsisse,
2858 3930 2913 3976 et
2944 3933 3114 3991 usque
3161 3920 3226 3975 ad
3260 3920 3518 3977 thronum

1918 4016 2047 4071 olim
2072 4014 2175 4070 sibi
2210 4015 2371 4069 etiam
2401 4025 2525 4070 ante
2552 4014 2735 4069 mundi
2763 4015 3205 4071 constitutionem
3241 4024 3517 4085 paratum,

1919 4124 2041 4166 cum
2090 4107 2340 4163 laudibus
2389 4116 2444 4163 et
2466 4107 2691 4162 canticis
2730 4107 3101 4179 Spiritualibus
3158 4106 3515 4189 perduxisse!

1918 4201 2061 4258 Nulli
2109 4200 2351 4267 dubium,
2399 4215 2616 4255 omnem
2676 4199 2823 4255 illam
2875 4202 3160 4256 coelestem
3184 4197 3516 4266 Jerusalem,

1920 4306 2045 4351 tunc
2100 4292 2405 4348 exsultasse
2446 4291 2706 4347 ineffabili
2747 4292 2957 4357 laetitia,
3008 4289 3515 4361 tuacjucundatam

1919 4402 2041 4443 esse
2066 4386 2426 4442 intestimabili
2451 4386 2739 4455 charitate,
2769 4396 2999 4455 tuncque
3012 4399 3134 4440 cum
3162 4382 3306 4438 omni
3332 4388 3517 4453 gratu-~

212 4484 383 4539 randa
426 4492 509 4540 est
537 4484 701 4540 etiam
749 4482 1010 4554 angelicis
1048 4483 1357 4540 virtutibus.
1401 4484 1632 4553 Propter
1670 4484 1813 4555 quod
1842 4459 1894 4520 Ῑ)
1918 4478 3093 4552 latiouejubilasse:quoniaml'estivilashmc
3111 4474 3519 4547 qttaanobisho—

212 4589 278 4629 ex
330 4588 561 4644 persona
606 4588 965 4644 supernorum
1006 4575 1204 4630 civium
1231 4575 1286 4630 in
1338 4576 1457 4645 ejus
1495 4577 1815 4634 ascensione

212 4666 495 4721 admirans
527 4665 767 4737 Spiritus
813 4678 1058 4733 sanctus,
1090 4667 1166 4721 ait
1211 4668 1262 4722 in
1286 4666 1552 4722 Canticis:
1586 4668 1714 4733 Qua:
1743 4677 1816 4722 est

212 4757 313 4810 ista
336 4772 450 4826 qum
478 4756 711 4812 ascendit
742 4775 830 4825 per
858 4759 1152 4825 desertum,
1200 4761 1332 4813 sicut
1357 4760 1557 4829 virgula
1599 4761 1729 4831 fumi
1754 4777 1818 4815 ea:

211 4848 532 4902 aromatibus
555 4846 732 4918 (Cant.
758 4865 836 4917 tu,
865 4850 968 4921 6)?
997 4852 1064 4905 Et
1093 4851 1232 4906 bene
1254 4853 1405 4921 quasi
1427 4853 1633 4923 virgula
1662 4853 1813 4916 fumi,

213 4939 338 5009 quia
368 4940 596 5011 gracilis
627 4948 684 4996 et
708 4940 957 5008 delicata,
1002 4942 1126 5012 quia
1158 4942 1358 4997 divinis
1389 4954 1684 5000 extenuata
1740 4945 1818 5001 di-

216 5031 462 5102 sciplinis
494 5074 510 5099 ,
561 5042 620 5088 et
656 5043 1003 5089 concremata
1049 5036 1194 5090 intus
1226 5035 1277 5089 in
1327 5036 1699 5093 holocaustum
1733 5038 1813 5092 in-

216 5124 409 5180 cendio
433 5124 505 5195 pii
535 5125 760 5192 amoris,
791 5134 848 5181 et
870 5125 1140 5183 desiderio
1173 5126 1474 5182 charitatis.
1501 5126 1567 5182 Ut
1596 5128 1817 5199 virgula,

219 5213 414 5286 inquit,
449 5218 582 5289 fumi
609 5234 673 5272 ea:
698 5218 1047 5275 aromatibus:
1077 5219 1336 5277 nimirum
1367 5221 1490 5290 quia
1522 5221 1705 5277 multis
1734 5237 1821 5278 re-

218 5307 364 5376 pleta
384 5316 469 5364 est
495 5309 758 5365 virtutum
787 5310 1043 5368 odoribus
1068 5330 1080 5365 :
1115 5326 1341 5367 manans
1370 5327 1436 5366 ex
1464 5326 1529 5367 ea
1553 5313 1823 5384 fragrabat

216 5398 574 5457 suavissimus
604 5402 742 5458 odor
787 5402 947 5457 etiam
980 5404 1259 5471 Spiritibus
1288 5404 1567 5475 angelicis.
1610 5405 1821 5459 Ascen-

219 5490 385 5548 debat
426 5504 606 5552 autem
637 5495 735 5552 Dei
778 5494 1014 5567 genitrix
1059 5497 1126 5553 de
1149 5496 1367 5553 deserto
1407 5498 1690 5569 praesentis
1719 5512 1821 5551 ste-

221 5583 357 5655 euli,
398 5588 548 5659 virga
576 5588 646 5645 de
691 5588 877 5645 radice
904 5590 1057 5645 Iesse
1094 5590 1222 5646 olim
1252 5604 1436 5646 exorta
1463 5609 1476 5644 :
1533 5589 1630 5644 sed
1659 5588 1819 5644 mira-

223 5671 424 5734 bantur
450 5679 754 5739 electorum
785 5682 981 5738 animzc
1011 5698 1120 5754 pra:
1145 5681 1363 5757 gaudio,
1390 5695 1640 5759 quaenam
1671 5683 1820 5737 esset

1920 4575 2007 4631 die
2027 4574 2319 4630 revolvitur
2344 4590 2544 4642 annua,
2571 4575 2673 4628 illis
2696 4573 2945 4627 omnibus
2966 4571 3104 4625 facta
3132 4578 3215 4623 est
3234 4568 3518 4625 continua.

1992 4666 2087 4722 IX.
2117 4667 2225 4722 Nec
2265 4668 2539 4722 immerito
2572 4683 2585 4721 :
2619 4665 2860 4722 creditur
2895 4663 3041 4717 enim
3073 4659 3219 4731 quod
3265 4659 3520 4717 Salvator

1924 4760 2162 4815 omnium
2196 4763 2334 4830 ipse,
2367 4771 2631 4829 quantum
2668 4757 2827 4811 datur
2853 4752 3118 4823 intelligi,
3148 4766 3246 4822 per
3284 4766 3344 4808 se
3374 4760 3520 4810 totus

1926 4853 2149 4907 festivus
2200 4851 2473 4918 occurrit,
2522 4859 2576 4903 et
2628 4863 2749 4901 cum
2803 4844 3002 4915 gaudio
3056 4858 3178 4899 eam
3236 4858 3419 4901 secum
3466 4845 3522 4901 in

1927 4943 2125 4997 throno
2157 4942 2462 4997 collocavit.
2494 4938 2646 4993 Alias
2683 4947 2863 4991 autem
2897 4936 3174 5003 quomodo
3207 4936 3524 5009 implevisse

1928 5034 2169 5089 creditur
2196 5032 2336 5102 quod
2370 5031 2422 5085 in
2443 5031 2561 5100 lege
2593 5032 2711 5099 ipse
2738 5028 2993 5098 praecepit
3029 5047 3040 5081 :
3073 5028 3297 5085 Honora
3325 5042 3523 5102 patrem

1932 5134 2077 5180 tuum
2125 5133 2171 5178 et
2201 5133 2415 5175 matrem
2446 5131 2587 5173 tuam
2631 5119 2848 5192 (Matth.
2883 5136 2971 5187 xv,
3016 5120 3119 5193 4)?
3166 5124 3337 5179 Porro
3378 5117 3525 5191 quod

1931 5224 2143 5289 patrem
2170 5211 2542 5276 honoraverit,
2573 5211 2691 5281 ipse
2723 5211 2884 5265 testis
2907 5218 3012 5278 est,
3045 5226 3168 5268 cum
3212 5212 3279 5266 ad
3309 5210 3529 5265 Judzeos

1934 5312 2011 5365 ait
2043 5329 2054 5361 :
2088 5307 2203 5381 Ego
2240 5306 2462 5379 gloriam
2492 5320 2659 5357 meam
2693 5320 2796 5358 non
2835 5318 3012 5375 quer
3045 5319 3064 5357 :
3093 5317 3169 5360 est
3207 5306 3295 5375 qui
3334 5313 3532 5373 quwrat

1928 5412 1979 5460 et
2008 5404 2212 5477 judicet
2246 5417 2264 5455 :
2313 5397 2404 5452 sed
2442 5413 2537 5469 ego
2568 5396 2856 5464 honoriﬁco
2893 5393 3109 5448 Patrem
3143 5410 3337 5457 meum,
3364 5403 3410 5448 et
3445 5410 3533 5449 vos

1929 5493 2281 5551 inhonorastis
2318 5505 2399 5543 me
2432 5487 2616 5560 (Joan.
2653 5502 2772 5556 vtu,
2805 5488 2899 5550 4-9,
2937 5482 3053 5551 5&0).
3087 5486 3164 5539 De
3205 5495 3380 5541 matre
3407 5501 3537 5542 vero

1930 5584 2266 5655 Evangelista
2296 5577 2470 5653 :ﬂum
2495 5578 2684 5633 rediret
2715 5577 2953 5638 veniens,
2982 5571 3079 5636 ait,
3113 5574 3401 5641 Nazareth,
3430 5584 3539 5631 erat

1930 5677 2167 5738 subditus
2198 5673 2312 5739 illis,
2336 5669 2491 5747 (Luc.
2520 5685 2582 5743 ιι,
2628 5665 2748 5745 5t).
2779 5666 2889 5727 Sed
2922 5661 3033 5721 alia
3066 5674 3153 5724 eat
3182 5676 3406 5739 natura,
3435 5679 3541 5740 qua
