3998 6198
509 227 609 290 {Si

1525 228 1583 289 S.
1628 229 2013 290 HIERONYMI
2052 228 2335 291 OPERUM
2376 227 2741 292 MANTISSA.

3698 239 3799 300 152

509 356 652 411 Deus
677 352 841 410 Pater
871 349 1171 410 secundum
1212 364 1273 407 se
1301 349 1630 425 honoratur,
1661 352 1770 409 alia
1811 368 1915 423 qua
1958 350 2103 407 idem
2133 352 2179 411 A
2211 360 2380 407 totum
2414 351 2809 419 misericordia,
2844 359 2898 407 et
2940 347 3173 423 justitia,
3219 364 3341 421 quae
3388 350 3457 407 de
3496 351 3642 409 coelo
3683 369 3801 425 pro-

507 450 823 520 parentibus
852 447 1120 503 subditur.
1149 444 1206 499 In
1239 423 1696 516 utraque't-amen
1735 459 1875 499 unus
1920 444 2098 499 idem-

506 558 616 616 que
643 542 888 598 Christus
914 549 1063 595 recte
1100 538 1342 594 creditur
1378 557 1389 593 :
1422 554 1488 595 eo
1525 539 1668 609 quod
1706 537 1943 592 Verbum
1973 552 2102 593 caro

511 636 708 695 factum
740 644 843 698 est,
877 642 931 688 et
976 633 1238 687 habitavit
1269 632 1319 686 in
1356 632 1511 687 nobis
1535 673 1548 695 ,
1581 645 1718 685 unus
1756 629 2098 696 Emmanuel,

511 728 651 799 quod
680 737 784 789 est,
810 724 1095 779 nobiscum
1134 725 1295 778 Deus.
1333 723 1481 777 lianc
1505 722 1710 793 quippe
1740 723 1995 777 unionctn
2020 720 2103 776 di-

503 819 741 876 vinitatis
772 826 932 888 atque
956 814 1311 870 humanitatis
1341 812 1679 869 inconl‘usam
1712 822 1873 885 atque
1903 812 2102 869 indivi-

506 927 618 977 sam
653 910 786 966 ﬁdes
817 908 1081 964 catholica
1114 920 1292 965 servat
1322 924 1335 960 :
1370 922 1531 978 quem
1578 922 1709 961 sane
1741 904 2100 977 intelligendo

505 1008 781 1077 cognoscit
834 1002 1131 1069 naturalis,
1181 1012 1345 1075 atque
1391 1000 1690 1056 secundum
1739 999 2098 1053 substantiam

502 1096 790 1159 conventio
814 1095 1061 1162 unitatis,
1098 1104 1155 1148 ut
1183 1108 1357 1162 neque
1379 1094 1673 1148 conversio
1701 1091 1754 1146 in
1781 1092 2102 1147 alterutram

504 1189 730 1244 duarum
762 1185 1200 1242 substantiarum
1239 1193 1452 1255 partem
1484 1184 1799 1252 recipiatur,
1832 1198 1934 1239 nec
1959 1181 2103 1238 divi-

506 1282 610 1337 sio.
645 1282 734 1336 Sic
767 1295 998 1348 namque
1029 1277 1277 1339 credere,
1310 1274 1581 1329 houorare
1614 1284 1696 1329 est
1731 1284 1959 1328 matrem
1990 1273 2102 1328 Do-

504 1375 634 1435 mitii
667 1387 789 1443 qua:
834 1371 1003 1425 Deum
1040 1371 1197 1424 nobis
1236 1364 1429 1438 genuit
1469 1374 1525 1421 et
1565 1364 1843 1420 hominem
1878 1384 1889 1418 :
1925 1380 2102 1435 neque

512 1466 791 1520 hominem
842 1464 959 1516 sine
988 1461 1122 1528 Deo,
1157 1476 1333 1531 neque
1368 1460 1484 1513 sine
1517 1457 1737 1513 homine
1766 1456 1936 1512 Deum
1964 1499 1978 1525 ,
2006 1457 2101 1512 sed

506 1559 675 1617 Deum
707 1567 759 1611 et
788 1555 1066 1610 hominem
1090 1568 1254 1607 unum
1278 1562 1331 1606 et
1357 1566 1546 1606 verum
1578 1550 1763 1606 Jesum
1793 1548 2099 1607 Christum.

509 1650 726 1721 Alioqui
781 1648 879 1703 Dei
923 1645 1160 1719 genitrix
1202 1644 1310 1700 dici
1362 1661 1468 1699 non
1515 1653 1719 1716 posset,
1752 1644 1899 1715 quod
1946 1644 2099 1699 multi

509 1744 894 1801 haereticorum
926 1754 1124 1809 negare
1146 1737 1327 1793 conati
1350 1746 1498 1803 sunt,
1524 1737 1628 1791 nisi
1661 1737 1827 1792 Deum
1852 1752 1981 1791 vere
2007 1751 2099 1805 ge-

509 1839 717 1893 nuisset
763 1836 1102 1890 iucaruatum
1149 1842 1251 1887 :et
1299 1839 1587 1902 propterea
1621 1830 1760 1884 duas
1805 1830 1857 1883 in
1886 1827 2104 1883 Christo

508 1942 660 1988 recte
686 1929 1011 1985 conﬁtemur
1034 1927 1359 1981 nativitates.
1389 1924 1559 1979 Unam
1584 1923 1838 1977 videlicet
1856 1923 1923 1977 de
1951 1932 2103 1992 patre

514 2029 633 2082 sine
666 2024 838 2087 initio,
869 2031 924 2077 et
950 2021 1071 2076 sine
1100 2031 1345 2089 tempore
1372 2018 1761 2087 sempiternam
1797 2026 1852 2071 et
1877 2023 2105 2071 ceteter-

510 2137 636 2181 nam
684 2119 799 2174 Deo
839 2116 1006 2172 Patri.
1052 2116 1296 2170 Alteram
1337 2112 1405 2168 de
1450 2121 1622 2167 matre
1668 2127 1792 2167 cum
1835 2118 2100 2181 tempore,

508 2212 727 2284 quando
784 2208 1189 2265 miserationem
1251 2206 1480 2260 induens
1533 2216 1587 2260 et
1635 2202 2099 2269 misericordiam,

503 2316 805 2376 spontanea
838 2304 1117 2359 voluntate
1161 2299 1228 2353 ad
1274 2315 1374 2353 nos
1404 2297 1687 2352 descendit
1732 2296 1895 2349 homo
1945 2303 2103 2350 natus

507 2399 648 2457 Deus
674 2414 687 2452 :
718 2411 780 2451 ac
813 2410 908 2465 per
938 2393 1043 2449 hoc
1068 2393 1220 2461 juxta
1251 2390 1535 2445 veritatem
1560 2400 1612 2442 et
1645 2389 1837 2442 matris
1859 2397 2104 2457 gestatur

510 2504 707 2553 utero,
761 2487 853 2559 qui
900 2500 1126 2555 semper
1184 2483 1329 2537 Deus
1382 2481 1711 2551 agnoscitur.
1759 2480 1897 2533 llinc
1939 2481 2101 2533 etiam

512 2583 830 2639 Tlteotocon
879 2594 998 2633 eam
1046 2576 1315 2631 veraciter
1360 2574 1707 2641 conﬁtemur,
1755 2572 1849 2627 Dei
1897 2573 2102 2629 scilicet

501 2674 843 2748 genitricem,
876 2683 1088 2725 necnon
1123 2676 1178 2723 et
1206 2664 1593 2721 ChristOtoeon
1621 2683 1633 2718 :
1672 2681 1776 2719 non
1802 2665 1943 2734 quod
1967 2664 2104 2719 Ver-

504 2746 633 2825 bum
680 2778 898 2821 carnem
946 2778 1130 2816 sccmn
1163 2758 1441 2826 detulerit,
1478 2773 1655 2829 neque
1691 2758 1818 2812 olim
1861 2756 2102 2826 praelatae

504 2861 654 2917 carni
686 2858 1000 2929 copulatum
1031 2856 1101 2909 sit
1130 2872 1144 2908 ε
1174 2854 1269 2909 sed
1312 2862 1442 2908 tunc
1471 2852 1691 2925 quando
1715 2851 1950 2907 Verbum
1973 2866 2101 2908 caro

503 2955 710 3010 factum
732 2959 909 3008 estex
941 2962 1108 3006 carne
1148 2946 1405 3019 virginis,
1440 2945 1741 3001 divinitatis
1793 2955 1955 3015 atque
1997 2943 2099 2999 ltit-

507 3044 783 3102 manitatis
812 3040 1111 3098 substantia
1160 3039 1212 3093 in
1255 3047 1414 3093 utero
1459 3038 1530 3090 ita
1569 3035 1851 3092 inconfuse
1889 3037 2095 3102 unitur,

2208 444 2387 514 spexit
2422 460 2436 499 :
2467 455 2521 498 et
2554 443 2679 499 ideo
2710 443 3075 510 immaculata,
3100 444 3221 517 quia
3254 442 3308 498 in
3342 442 3493 500 nullo
3521 456 3797 517 corrupta.

2205 535 2586 593 Circumdedit
2611 539 2755 593 enim
2790 538 2964 594 virum
3010 539 3064 593 in
3105 548 3284 604 utero,
3325 539 3466 595 sicut
3503 540 3802 597 Hieremias

2205 640 2425 687 sanctus
2458 640 2707 697 testatur,
2742 639 2797 686 et
2828 646 2937 687 non
2969 631 3185 686 aliunde
3217 632 3453 703 accepit.
3490 631 3698 701 Faciet,
3724 636 3803 690 in.

2205 724 2346 795 quit,
2380 721 2637 779 Dominus
2660 741 2846 778 novum
2877 740 3033 798 super
3065 734 3274 791 terram,
3305 734 3352 780 et
3376 726 3564 781 mulier
3588 727 3804 782 circum-

2206 817 2347 871 dabit
2379 818 2544 873 virum
2574 817 2750 891 (Hier.
2794 834 2871 887 ix,
2904 819 3019 891 5‘2).
3058 818 3200 876 Vere
3230 835 3430 876 novum
3471 830 3530 878 et
3560 822 3801 880 omniunt

2207 910 2505 965 novitatum
2573 910 2992 982 supereminens
3020 911 3231 969 novitas
3263 916 3557 984 virtutum,
3592 917 3807 988 quando

2209 1001 2352 1057 Deus
2376 1003 2560 1073 (quem
2586 1003 2729 1058 ferre
2751 1021 2857 1075 non
2890 1015 3072 1077 potest
3100 1005 3359 1079 mundus,
3400 1024 3577 1079 neque
3616 1008 3802 1065 videre

2208 1095 2406 1163 aliquis
2432 1106 2490 1150 ut
2516 1096 2701 1151 vivere
2730 1096 2924 1168 possit)
2968 1097 3046 1153 sic
3077 1096 3358 1169 ingressus
3395 1109 3480 1155 est
3515 1100 3805 1172 hospitium

2208 1188 2444 1252 ventris,
2504 1197 2564 1243 ut
2618 1190 2866 1259 corporis
2923 1190 3216 1244 claustrum
3260 1192 3501 1248 nesciret
3555 1211 3570 1246 :
3622 1194 3809 1267 sicque

2206 1286 2473 1349 gestatus,
2507 1286 2567 1334 ut
2613 1286 2760 1334 totus
2800 1279 2946 1336 Deus
2988 1280 3044 1335 in
3090 1296 3157 1337 eo
3204 1290 3373 1351 esset,
3414 1291 3469 1339 et
3515 1281 3596 1339 sic
3642 1286 3810 1342 exivit

2210 1370 2358 1436 inde,
2393 1380 2450 1426 nt
2481 1383 2626 1426 esset
2655 1371 2820 1443 (sicut
2848 1372 3105 1430 Ezechiel
3136 1374 3362 1448 fatetur)
3398 1387 3549 1446 porta
3577 1378 3810 1434 omnino

2209 1463 2417 1519 clausa.
2470 1463 2623 1521 Unde
2668 1466 2881 1521 canitur
2935 1467 2986 1525 in
3041 1467 3247 1524 eisdem
3296 1469 3533 1526 Canticis
3574 1468 3643 1525 de
3689 1485 3806 1527 ea:

2213 1556 2408 1610 Hortus
2434 1556 2726 1621 conclusus,
2758 1557 2875 1628 fons
2898 1560 3158 1632 signatus,
3185 1561 3483 1617 emissiones
3517 1570 3619 1617 tute
3654 1581 3809 1635 para-

2209 1649 2357 1703 disus
2379 1648 2559 1723 (Cant.
2590 1666 2665 1721 tv,
2700 1651 2812 1723 12).
2839 1652 2982 1708 Vere
3008 1653 3199 1710 hortus
3233 1654 3575 1726 deliciarum,
3610 1657 3665 1712 in
3701 1674 3807 1729 quo

2132 1744 2179 1805 B
2206 1741 2415 1796 consita
2453 1752 2580 1797 sunt
2611 1742 2865 1800 universa
2906 1745 3100 1801 ﬁorum
3132 1762 3333 1817 genera
3361 1757 3418 1803 et
3452 1748 3805 1804 odoramenta

2210 1834 2477 1889 virtutum
2510 1852 2523 1889 :
2549 1835 2736 1907 sicque
2760 1838 3075 1910 conclusus,
3099 1850 3157 1893 ut
3185 1840 3390 1895 nesciat
3414 1840 3610 1896 violari
3635 1858 3806 1914 neque

2208 1930 2485 1998 corrumpi
2509 1928 2636 1985 ullis
2661 1931 2979 1986 insidiarum
3010 1932 3315 1990 fraudibus.
3347 1935 3495 1992 Fons
3523 1938 3707 2008 itaque
3736 1938 3806 1993 si-

2208 2031 2401 2090 gnatus
2420 2022 2598 2092 sigillo
2630 2026 2796 2080 totius
2821 2023 3105 2080 Trinitatis
3140 2044 3153 2080 :
3182 2042 3246 2082 ex
3276 2043 3386 2101 quo
3407 2027 3532 2085 fons
3551 2031 3683 2086 vittc
3697 2044 3805 2084 ma-

2208 2118 2323 2179 nat,
2357 2112 2409 2165 in
2441 2111 2593 2185 cujus
2626 2113 2834 2170 lumine
2861 2131 3052 2172 omnes
3075 2116 3380 2173 videbimus
3410 2119 3616 2176 lumen.
3650 2122 3800 2189 Quia,

2204 2201 2357 2272 juxta
2376 2202 2665 2273 Joannem,
2685 2205 2809 2274 Ipse
2830 2217 2904 2263 est
2921 2208 3011 2278 qui
3032 2207 3297 2263 illuminat
3321 2228 3523 2267 onmem
3546 2214 3805 2268 hominem

2208 2295 2491 2350 venientem
2520 2297 2573 2351 in
2616 2297 2754 2352 hunc
2790 2301 3040 2354 mundum
3072 2300 3254 2374 (John.
3287 2320 3326 2375 t,
3362 2305 3440 2374 9).
3476 2304 3644 2377 Cujus
3683 2322 3805 2379 pro-

2208 2384 2352 2441 fecto
2379 2381 2602 2444 emissio
2634 2390 2796 2460 uteri,
2826 2408 3191 2461 supernorum
3215 2395 3417 2451 civium
3448 2400 3689 2454 omnium
3726 2409 3807 2456 est

2210 2479 2514 2548 paradisus.
2545 2482 2618 2536 De
2664 2482 2769 2537 isto
2816 2499 3049 2556 namque
3080 2488 3286 2542 ventris
3326 2504 3457 2560 agro
3501 2491 3803 2560 patriarcha

2207 2569 2359 2628 Isaac
2382 2575 2541 2646 longe
2571 2576 2826 2645 odorans,
2863 2578 3062 2651 aiebat,
3110 2580 3335 2637 dicens:
3364 2582 3499 2638 Ecce
3538 2586 3673 2639 odor
3709 2585 3806 2656 lilii

2206 2669 2306 2722 mei
2325 2670 2458 2723 sicut
2488 2671 2617 2725 odor
2637 2673 2752 2744 agri
2781 2671 2942 2743 pleni,
2976 2676 3060 2729 cui
3083 2674 3339 2733 benedixit
3363 2674 3624 2734 Dominus
3652 2676 3801 2752 (Gen.

2208 2779 2374 2827 xxvii,
2430 2762 2524 2834 27)
2571 2782 2585 2818 :
2626 2766 2874 2836 quamvis
2925 2778 3121 2838 putent
3169 2786 3358 2840 parum
3413 2772 3804 2842 intelligentes,

2205 2856 2349 2926 quod
2382 2857 2594 2926 priores
2626 2858 2800 2913 sancti
2844 2866 3024 2917 minus
3062 2863 3132 2918 de
3168 2862 3392 2919 Christo
3437 2864 3807 2921 intellexerint

2206 2952 2523 3022 my5teriunt
2552 2950 2975 3021 lncarnationis,
3005 2973 3129 3013 cum
3159 2968 3215 3014 et
3253 2958 3357 3029 ipsi
3389 2958 3579 3014 eadem
3612 2960 3808 3016 salvati

2203 3044 2311 3098 sint
2339 3045 2530 3115 gratia.

501 3150 561 3196 ut
591 3154 697 3195 una
725 3150 961 3208 persona
983 3134 1055 3188 sit
1080 3133 1222 3187 Deus
1249 3141 1304 3186 et
1335 3130 1503 3184 homo
1533 3127 1806 3185 Chrisms.
1834 3127 1913 3182 Ex
1961 3127 2094 3182 dua-

2275 3135 2345 3190 X.
2380 3136 2535 3193 Unde
2564 3147 2779 3195 constat
2807 3148 3018 3212 tempus
3046 3157 3154 3197 non
3184 3142 3575 3215 praejudicasse
3622 3159 3807 3202 sacra-

501 3233 601 3288 bus
635 3228 903 3300 siquidem
940 3227 1150 3282 naturis
1169 3225 1288 3280 sine
1311 3222 1638 3278 confusione
1671 3220 1926 3289 alterius,
1962 3235 2098 3275 nou-

506 3324 610 3379 nisi
640 3337 779 3377 unus
806 3319 1083 3377 invenitur
1105 3318 1265 3373 Jesus
1300 3314 1565 3370 Dominus
1596 3326 1828 3368 manens
1856 3311 2000 3367 Deus
2042 3314 2095 3366 in

498 3420 671 3474 forma
703 3414 822 3479 Dei,
856 3414 945 3483 qui
982 3412 1315 3479 semetipsum
1346 3407 1655 3470 exinanivit,
1700 3406 1921 3476 formam
1963 3406 2096 3459 servi

499 3510 769 3579 accipiens
813 3504 981 3579 (Phil.
1028 3521 1098 3569 ιι,
1142 3502 1198 3574 7)
1242 3516 1514 3557 :manens
1558 3514 1697 3555 unus
1742 3498 1992 3567 idemque
2040 3498 2093 3551 in

504 3607 676 3659 forma
708 3602 850 3656 servi
895 3614 1057 3669 quam
1100 3592 1381 3666 suscepit:
1415 3604 1559 3649 totus
1604 3592 1805 3662 quippe
1852 3591 1995 3645 Deus
2041 3591 2093 3645 in

495 3709 662 3751 carne
702 3690 939 3761 Virginis
989 3688 1056 3744 de
1101 3704 1206 3760 qua
1253 3698 1410 3741 natus
1460 3692 1566 3751 est,
1614 3692 1669 3738 et
1712 3691 1855 3738 totus
1905 3680 2089 3737 homo.

497 3788 634 3844 Ilinc
664 3797 878 3857 quoque
908 3779 1198 3849 Apostolus
1224 3796 1236 3829 :
1268 3777 1336 3831 In
1363 3793 1467 3845 quo
1497 3773 1720 3838 habitat,
1752 3774 1947 3844 inquit,
1981 3792 2095 3829 om-

493 3880 574 3936 nis
603 3873 871 3944 plenitudo
895 3871 1184 3925 divinitatis
1214 3868 1567 3942 corporaliter
1588 3866 1728 3939 (Col.
1754 3884 1812 3936 tt,
1837 3870 1915 3941 9).
1949 3869 2095 3938 Qua-

496 3981 745 4053 propter,
779 3985 813 4026 0
843 3967 997 4045 ﬁlite,
1030 3976 1189 4023 estote
1228 3964 1515 4038 prudentes
1549 3965 1683 4020 sicut
1720 3972 2008 4038 serpentes,
2046 3972 2095 4019 et

490 4067 749 4139 simplices
780 4064 914 4118 sicut
945 4060 1194 4121 columbae
1240 4056 1456 4131 (Matth.
1490 4074 1559 4135 ι,
1597 4058 1687 4128 16)
1725 4065 1823 4115 :ut
1864 4074 1929 4113 ex
1964 4074 2093 4129 νη.-

495 4158 676 4221 dentia
709 4155 965 4228 perfectae
995 4152 1398 4223 intelligentia),
1431 4150 1685 4205 annulum
1717 4149 1840 4206 ﬁdei
1872 4160 2088 4216 vestrae,

490 4263 546 4309 et
575 4251 943 4320 margaritam,
976 4262 1072 4317 pro
1100 4260 1200 4316 qua
1233 4243 1414 4299 omnia
1446 4242 1747 4315 reliquistis
1769 4283 1782 4306 ,
1825 4242 2088 4312 integram

490 4347 909 4413 inviolatamque
949 4342 1177 4398 servetis
1212 4359 1223 4391 :
1254 4354 1320 4395 ne
1350 4338 1532 4394 dotem
1565 4336 1724 4391 simul
1769 4344 1825 4390 et
1866 4335 2087 4391 arrham

487 4442 722 4513 Spiritus
746 4438 915 4494 sancti
948 4434 1112 4510 (quod
1148 4433 1315 4504 absit)
1347 4430 1609 4503 perdatis.
1643 4428 1968 4501 Diligentius
1992 4430 2091 4485 ita-

2204 3238 2389 3284 mento
2421 3230 2556 3285 uniti
2590 3231 2828 3289 hominis
2856 3249 2919 3287 ac
2954 3230 3046 3288 Dei
3078 3252 3091 3288 :
3118 3235 3192 3289 ita
3226 3246 3282 3289 ut
3310 3235 3421 3305 jam
3453 3247 3601 3292 esset
3627 3237 3683 3294 in
3719 3240 3808 3294 illo

2201 3335 2300 3392 per
2328 3323 2594 3378 unitatem
2626 3338 2878 3394 persona:
2906 3325 2975 3378 ab
3005 3326 3165 3381 initio
3198 3329 3402 3393 saeculi,
3438 3329 3531 3400 qui
3566 3330 3805 3386 nondum

2200 3423 2316 3468 erat
2345 3424 2503 3470 natus
2534 3414 2603 3470 de
2641 3416 2808 3471 Maria
2842 3416 3068 3488 Virgine
3100 3437 3113 3471 :
3148 3419 3292 3489 quod
3331 3421 3513 3475 multis
3556 3422 3808 3494 Scriptu-

2200 3521 2381 3561 rarum
2404 3505 2713 3563 declaratur
2731 3507 2968 3565 indiciis.
2995 3508 3155 3567 Unde
3179 3510 3442 3568 Dominus
3460 3512 3528 3567 ad
3549 3513 3804 3572 Iudaeos:

2198 3600 2486 3671 Antequam
2532 3598 2799 3656 Abraham
2838 3603 3009 3673 ﬁeret,
3050 3603 3246 3674 inquit,
3294 3621 3389 3677 ego
3433 3622 3569 3661 sum.
3598 3608 3810 3676 Quibus

2197 3694 2382 3766 utique
2408 3696 2596 3753 verbis
2628 3698 2871 3755 ostendit
2890 3715 2951 3754 se
2976 3700 3069 3772 qui
3103 3700 3450 3773 loquebatur,
3484 3703 3539 3759 in
3569 3720 3640 3760 eo
3665 3720 3811 3762 sem-

2197 3802 2297 3857 per
2320 3789 2490 3845 fuisse
2520 3794 2785 3866 mysterio
2817 3790 3061 3846 unitatis.
3091 3790 3262 3860 Quam
3290 3804 3346 3849 ut
3370 3796 3806 3867 commendaret,

2195 3881 2488 3951 Antequam
2513 3880 2779 3939 Abraham
2810 3885 2977 3956 ﬁeret,
3005 3885 3198 3957 inquit,
3221 3904 3314 3960 ego
3335 3904 3447 3942 sum
3475 3886 3665 3959 (Joan.
3688 3906 3804 3961 vnt,

2196 3972 2308 4044 58).
2340 3972 2503 4049 Nam,
2527 3978 2791 4034 Abraham
2830 3988 3105 4050 antequam
3126 3978 3293 4049 ﬁeret,
3330 3979 3689 4038 humanitatis
3724 3992 3807 4039 est

2194 4063 2462 4125 brevitas.
2502 4070 2613 4144 Ego
2636 4079 2809 4125 autem
2839 4087 2972 4135 sum,
3004 4071 3282 4125 a-ternitas
3312 4081 3522 4128 natura:
3549 4072 3801 4130 declara-

2192 4164 2283 4212 tur
2312 4174 2326 4212 ε
2360 4158 2416 4215 in
2449 4178 2553 4232 qua
2587 4162 2842 4217 nimirum
2876 4162 3180 4216 aeternitate
3197 4161 3307 4231 jam
3336 4176 3395 4218 se
3419 4163 3585 4220 fuisse
3606 4167 3700 4236 qui
3726 4167 3805 4219 lo-

2192 4248 2489 4321 queba'tur,
2521 4269 2616 4324 per
2638 4264 3042 4309 sacramentum
3074 4269 3185 4309 suae
3227 4254 3618 4312 incarnationis
3669 4259 3803 4314 insi-

2193 4352 2357 4401 nuat...
2386 4346 2541 4415 Quod
2579 4346 2859 4417 apostolus
2892 4345 3065 4401 ludas
3103 4347 3292 4401 volens
3323 4349 3566 4417 apertius
3605 4349 3806 4407 diluci-

2194 4434 2337 4493 dare
2370 4437 2583 4507 :Jesus,
2614 4438 2808 4509 inquit,
2838 4440 3090 4511 pepulum
3121 4456 3187 4494 επ
3207 4438 3441 4513 Αἲρῃριο
3464 4441 3707 4498 salvans:
3727 4462 3807 4499 se-

487 4552 593 4610 que
616 4540 922 4613 procurate,
946 4532 991 4586 si
1016 4526 1291 4603 quomodo
1312 4526 1626 4594 simplicitas
1650 4523 1943 4591 columbm,
1970 4539 2090 4593 qua:
2118 4522 2168 4582 D
2194 4532 2382 4587 cu'ndo
2410 4548 2519 4599 eos,
2556 4533 2644 4605 qui
2677 4550 2779 4587 non
2805 4533 3151 4599 crediderunt,
3195 4534 3426 4604 perdidit
3469 4534 3624 4606 (Jud.
3656 4553 3696 4603 ι,
3721 4539 3801 4609 5).

489 4629 663 4687 fuitin
694 4627 876 4689 Maria,
914 4624 1079 4679 illarsa
1116 4619 1484 4688 inviolateque
1529 4617 1581 4670 in
1627 4615 1782 4671 vobis
1814 4614 2087 4671 custodia-

485 4734 597 4781 tur.
639 4723 715 4779 De
752 4737 855 4792 qua
897 4719 1155 4775 Salomon
1203 4716 1255 4769 iu
1302 4712 1543 4767 Canticis
1570 4710 1721 4781 quasi
1770 4710 1822 4764 in
1874 4709 2086 4765 laudem

484 4819 603 4885 ejus
632 4835 644 4869 ε
683 4813 837 4877 Veni,
869 4812 1065 4883 inquit,
1099 4806 1346 4863 columba
1371 4821 1515 4870 mea,
1548 4801 1891 4858 immaculata
1926 4819 2038 4856 mea
2066 4818 2087 4857 :

484 4909 607 4966 1am
630 4911 766 4964 enim
792 4907 955 4961 hiems
982 4905 1208 4969 transiit,
1234 4902 1393 4955 imber
1420 4900 1568 4967 abiit,
1596 4908 1643 4952 et
1670 4898 1878 4953 recessit
1901 4896 2085 4969 (Cant.

487 5018 548 5066 tt,
583 4999 695 5069 il).
728 5000 806 5055 Ac
827 4998 1023 5054 deinde
1055 4997 1227 5062 inquit
1262 5012 1275 5048 :
1315 4993 1449 5048 Veni
1478 4994 1541 5048 de
1572 4991 1788 5059 Libano,
1826 4994 1963 5059 t-eni,
1990 5010 2082 5047 co-

485 5094 750 5150 ronaberis
782 5092 967 5167 (lbid.,
1000 5106 1074 5157 tv,
1123 5088 1177 5153 6,
1208 5085 1288 5158 8).
1332 5086 1448 5142 Non
1492 5085 1769 5142 immerito
1791 5085 1952 5156 igitur
1980 5101 2081 5141 ve-

486 5191 606 5246 nire
630 5186 699 5242 de
728 5184 933 5241 Libano
960 5183 1201 5254 juhctur,
1227 5182 1354 5251 quia
1382 5179 1618 5235 Libanus
1655 5179 1966 5234 candidatio
1999 5180 2085 5235 in—

486 5290 832 5355 terpretatur.
868 5280 995 5336 Erat
1027 5278 1173 5333 enim
1213 5276 1501 5332 candidata
1532 5274 1717 5331 multis
1759 5275 2081 5330 meritorm

482 5376 817 5439 virtutibus.
880 5382 937 5429 et
1000 5371 1252 5426 dealbata
1316 5371 1439 5424 nive
1505 5370 1790 5426 candidior
1841 5368 2081 5439 Spiritus

482 5470 665 5527 Sancti
688 5466 1029 5531 muneribus,
1061 5462 1463 5531 simplicitatem
1493 5463 1765 5518 columbae
1807 5464 1861 5517 in
1893 5463 2079 5516 timui-

479 5562 581 5619 bus
612 5567 1014 5629 repraesentans
1047 5573 1059 5607 :
1090 5554 1343 5626 quoniam
1373 5553 1634 5624 quidquid
1675 5555 1728 5610 in
1766 5570 1828 5609 ea
1861 5565 2073 5625 ge-ttrm

478 5658 587 5715 est,
618 5659 789 5705 letum
821 5649 1030 5716 puritas
1058 5656 1113 5700 et
1146 5644 1466 5721 simplicitas
1499 5644 1685 5716 (Mart.
1725 5656 1859 5701 tacet
1899 5657 2073 5703 totum

478 5741 689 5816 puritas
718 5746 773 5795 et
817 5734 1181 5809 simplicitas],
1211 5744 1381 5793 totum
1412 5738 1614 5793 veritas
1653 5748 1707 5797 et
1732 5740 1903 5810 gratia
1946 5741 2071 5821 luit,

2196 4623 2277 4684 Et
2307 4630 2432 4685 alibi
2462 4628 2662 4683 l‘aulus
2693 4646 2707 4681 ε
2739 4627 2923 4700 Neque
2944 4638 3197 4683 tentemus
3220 4627 3503 4697 Christum,
3528 4630 3667 4685 sicut
3691 4634 3809 4704 qui-

2206 4722 2329 4776 dam
2358 4738 2535 4776 eorum
2568 4731 2888 4775 tentarerunt
2920 4719 2963 4790 (l
2990 4719 3109 4774 Cor.
3138 4736 3195 4787 Χ,
3224 4720 3282 4788 9)
3318 4739 3331 4776 :
3361 4737 3469 4776 non
3506 4723 3655 4793 quod
3690 4725 3805 4795 jam

2208 4822 2355 4869 esset
2383 4812 2542 4868 Jesus
2575 4824 2665 4865 aut
2692 4809 2944 4866 Christus
2983 4823 3141 4867 natus
3182 4828 3246 4868 ex
3284 4812 3449 4869 Maria
3481 4833 3493 4869 :
3532 4815 3632 4870 sed
3680 4820 3805 4886 quia

2208 4907 2261 4959 in
2290 4905 2384 4959 illo
2412 4904 2570 4958 unico
2600 4903 2735 4959 Filio
2765 4905 2859 4960 Dei
2886 4905 2997 4975 jam
3030 4906 3211 4961 unitas
3237 4920 3485 4975 personae
3523 4922 3809 4964 commen-

2205 4996 2607 5067 dabatur,qu:e
2632 4995 2842 5052 occulta
2870 4997 3060 5051 eratin
3089 4997 3369 5069 mysterio.
3406 4997 3559 5065 Quod
3589 5011 3642 5054 et
3674 5001 3805 5057 alibi

2203 5089 2481 5145 evidenter
2512 5088 2708 5144 Paulus
2741 5106 2753 5141 :
2782 5089 2881 5155 Qui
2902 5088 3054 5159 elegit
3077 5105 3188 5153 nos,
3222 5089 3417 5159 inquit,
3458 5098 3577 5144 ante
3621 5094 3813 5147 mundi

2200 5184 2616 5237 constitutionem
2641 5184 2693 5235 in
2718 5182 2828 5251 ipso
2855 5179 3014 5251 (Eph.
3044 5196 3084 5245 ι,
3107 5182 3161 5251 4)
3194 5199 3205 5232 :
3230 5182 3353 5252 quia
3379 5179 3624 5251 profecto
3646 5184 3811 5253 quid-

2202 5275 2330 5347 quid
2368 5276 2504 5333 Dens
2536 5274 2667 5329 fecit
2694 5275 2762 5327 ab
2807 5272 2985 5339 initio,
3027 5272 3278 5327 Christus
3324 5271 3451 5328 fecit
3500 5280 3675 5329 totum
3711 5293 3811 5345 per

2205 5369 2470 5423 unitatem
2521 5367 2870 5425 sacramenti.
2902 5366 2970 5422 Et
3016 5366 3137 5423 ideo
3177 5366 3288 5437 jam
3348 5365 3508 5422 Jesus
3568 5377 3691 5423 erat
3754 5370 3808 5426 in

2203 5463 2337 5530 ﬁlio,
2372 5462 2466 5532 qui
2512 5461 2767 5530 populum
2805 5460 3097 5526 educebat,
3135 5470 3190 5515 et
3223 5460 3472 5515 Christus
3515 5458 3570 5514 in
3610 5477 3682 5516 eo
3712 5466 3807 5534 qui

2202 5556 2513 5612 tentahatur
2546 5570 2558 5607 :
2591 5553 2849 5623 quoniam
2878 5569 3094 5626 semper
3122 5570 3217 5625 per
3247 5554 3574 5609 sacramenti
3613 5557 3807 5612 unita-

2201 5662 2309 5704 tem
2336 5648 2387 5702 in
2414 5647 2526 5701 Deo
2548 5645 2714 5699 fuisse
2745 5660 2851 5699 non
2880 5646 3179 5701 dubitatur.
3211 5644 3421 5715 Alioqui
3448 5642 3553 5699 nisi
3576 5644 3649 5701 ita
3683 5664 3811 5707 cre-

2198 5739 2436 5810 dideris,
2488 5745 2580 5794 aut
2622 5736 2872 5795 Christus
2912 5738 3058 5796 Deus
3089 5754 3196 5796 non
3244 5737 3355 5794 erit
3399 5736 3656 5806 omnino,
3710 5751 3817 5800 aut
