  <div class='ocr_page' id='page_1' title='image "/cluster/home/n/w/nwhite01/storage/ocr_20150623/30/uva.x000826572/074.png"; bbox 0 0 3998 6198; ppageno 0'>
   <div class='ocr_carea' id='block_1_1' title="bbox 216 221 3511 293">
    <p class='ocr_par' dir='ltr' id='par_1_1' title="bbox 216 221 3511 293">
     <span class='ocr_line' id='line_1_1' title="bbox 216 221 3511 293; baseline 0.003 -13"><span class='ocrx_word' id='word_1_1' title='bbox 216 223 318 280; x_wconf 74' lang='grc'><strong>155</strong></span> <span class='ocrx_word' id='word_1_2' title='bbox 604 223 942 285; x_wconf 73' lang='lat' dir='ltr'><strong>EPISTOLA</strong></span> <span class='ocrx_word' id='word_1_3' title='bbox 991 224 1085 284; x_wconf 84' lang='lat' dir='ltr'><strong>1X.</strong></span> <span class='ocrx_word' id='word_1_4' title='bbox 1134 224 1227 282; x_wconf 85' lang='lat' dir='ltr'><strong>AD</strong></span> <span class='ocrx_word' id='word_1_5' title='bbox 1264 222 1555 283; x_wconf 74' lang='lat' dir='ltr'><strong>PAULAM</strong></span> <span class='ocrx_word' id='word_1_6' title='bbox 1595 221 1683 282; x_wconf 84' lang='lat' dir='ltr'><strong>ET</strong></span> <span class='ocrx_word' id='word_1_7' title='bbox 1722 222 2186 293; x_wconf 67' lang='lat' dir='ltr'><strong>EUSTOCHIUM,</strong></span> <span class='ocrx_word' id='word_1_8' title='bbox 2226 224 2319 284; x_wconf 81' lang='lat' dir='ltr'><strong>DE</strong></span> <span class='ocrx_word' id='word_1_9' title='bbox 2359 223 2698 286; x_wconf 73' lang='lat' dir='ltr'><strong>ASSUMPT.</strong></span> <span class='ocrx_word' id='word_1_10' title='bbox 2739 227 2801 285; x_wconf 86' lang='grc' dir='ltr'><strong>Β.</strong></span> <span class='ocrx_word' id='word_1_11' title='bbox 2841 227 3107 287; x_wconf 66' lang='lat' dir='ltr'><strong>MANE.</strong></span> <span class='ocrx_word' id='word_1_12' title='bbox 3408 229 3511 290; x_wconf 70' lang='grc'><strong>134</strong></span> 
     </span>
    </p>
   </div>
   <div class='ocr_carea' id='block_1_2' title="bbox 212 339 3507 415">
    <p class='ocr_par' dir='ltr' id='par_1_2' title="bbox 212 339 3507 415">
     <span class='ocr_line' id='line_1_2' title="bbox 212 339 3507 415; baseline 0.003 -22"><span class='ocrx_word' id='word_1_13' title='bbox 212 347 405 395; x_wconf 90' lang='lat' dir='ltr'><strong>contra</strong></span> <span class='ocrx_word' id='word_1_14' title='bbox 439 343 765 413; x_wconf 84' lang='lat' dir='ltr'><strong>prOphetam</strong></span> <span class='ocrx_word' id='word_1_15' title='bbox 803 343 944 401; x_wconf 83' lang='lat' dir='ltr'><strong>Deus</strong></span> <span class='ocrx_word' id='word_1_16' title='bbox 986 357 1175 399; x_wconf 83' lang='lat' dir='ltr'><strong>recens</strong></span> <span class='ocrx_word' id='word_1_17' title='bbox 1208 356 1331 397; x_wconf 89' lang='lat' dir='ltr'><strong>esse</strong></span> <span class='ocrx_word' id='word_1_18' title='bbox 1374 339 1665 395; x_wconf 77' lang='lat' dir='ltr'><strong>videbitur.</strong></span> <span class='ocrx_word' id='word_1_19' title='bbox 1695 339 1801 395; x_wconf 86' lang='lat' dir='ltr'><strong>Sed</strong></span> <span class='ocrx_word' id='word_1_20' title='bbox 1831 344 1877 403; x_wconf 78' lang='grc' dir='ltr'><strong>Α</strong></span> <span class='ocrx_word' id='word_1_21' title='bbox 1908 341 2072 396; x_wconf 83' lang='lat' dir='ltr'><strong>immo</strong></span> <span class='ocrx_word' id='word_1_22' title='bbox 2089 356 2157 396; x_wconf 91' lang='lat' dir='ltr'><strong>ne</strong></span> <span class='ocrx_word' id='word_1_23' title='bbox 2171 341 2310 397; x_wconf 81' lang='lat' dir='ltr'><strong>forte</strong></span> <span class='ocrx_word' id='word_1_24' title='bbox 2330 344 2653 411; x_wconf 80' lang='lat' dir='ltr'><strong>suSpicetur,</strong></span> <span class='ocrx_word' id='word_1_25' title='bbox 2676 344 2780 399; x_wconf 89' lang='lat' dir='ltr'><strong>sub</strong></span> <span class='ocrx_word' id='word_1_26' title='bbox 2794 344 2976 414; x_wconf 88' lang='lat' dir='ltr'><strong>regula</strong></span> <span class='ocrx_word' id='word_1_27' title='bbox 2991 347 3154 400; x_wconf 84' lang='lat' dir='ltr'><strong>trium</strong></span> <span class='ocrx_word' id='word_1_28' title='bbox 3179 343 3507 415; x_wconf 72' lang='lat' dir='ltr'><strong>linguam,</strong></span> 
     </span>
    </p>
   </div>
   <div class='ocr_carea' id='block_1_3' title="bbox 212 431 3504 513">
    <p class='ocr_par' dir='ltr' id='par_1_3' title="bbox 212 431 3504 513">
     <span class='ocr_line' id='line_1_3' title="bbox 212 431 3504 513; baseline 0.003 -25"><span class='ocrx_word' id='word_1_29' title='bbox 212 446 282 488; x_wconf 87' lang='lat' dir='ltr'><strong>ne</strong></span> <span class='ocrx_word' id='word_1_30' title='bbox 335 432 537 490; x_wconf 92' lang='lat' dir='ltr'><strong>talibus</strong></span> <span class='ocrx_word' id='word_1_31' title='bbox 588 437 894 505; x_wconf 87' lang='lat' dir='ltr'><strong>quatiamur</strong></span> <span class='ocrx_word' id='word_1_32' title='bbox 946 435 1266 502; x_wconf 84' lang='lat' dir='ltr'><strong>calumniis,</strong></span> <span class='ocrx_word' id='word_1_33' title='bbox 1326 434 1636 489; x_wconf 78' lang='lat' dir='ltr'><strong>scrutanda:</strong></span> <span class='ocrx_word' id='word_1_34' title='bbox 1682 444 1810 487; x_wconf 89' lang='lat' dir='ltr'><strong>sunt</strong></span> <span class='ocrx_word' id='word_1_35' title='bbox 1910 431 2145 502; x_wconf 74' lang='lat' dir='ltr'><strong>Spiritus</strong></span> <span class='ocrx_word' id='word_1_36' title='bbox 2165 445 2382 491; x_wconf 86' lang='lat' dir='ltr'><strong>sanctus</strong></span> <span class='ocrx_word' id='word_1_37' title='bbox 2404 436 2613 493; x_wconf 82' lang='lat' dir='ltr'><strong>diverse</strong></span> <span class='ocrx_word' id='word_1_38' title='bbox 2634 438 3006 507; x_wconf 85' lang='lat' dir='ltr'><strong>accipitur:in</strong></span> <span class='ocrx_word' id='word_1_39' title='bbox 3030 437 3504 513; x_wconf 68' lang='lat' dir='ltr'><strong>llebraoscilicet,</strong></span> 
     </span>
    </p>
   </div>
   <div class='ocr_carea' id='block_1_4' title="bbox 211 522 3504 603">
    <p class='ocr_par' dir='ltr' id='par_1_4' title="bbox 211 522 3504 603">
     <span class='ocr_line' id='line_1_4' title="bbox 211 522 3504 603; baseline 0.004 -26"><span class='ocrx_word' id='word_1_40' title='bbox 211 522 536 594; x_wconf 70' lang='lat' dir='ltr'><strong>Scripturze,</strong></span> <span class='ocrx_word' id='word_1_41' title='bbox 566 528 618 581; x_wconf 92' lang='lat' dir='ltr'><strong>in</strong></span> <span class='ocrx_word' id='word_1_42' title='bbox 636 528 833 597; x_wconf 83' lang='lat' dir='ltr'><strong>quibus</strong></span> <span class='ocrx_word' id='word_1_43' title='bbox 864 528 1043 586; x_wconf 81' lang='lat' dir='ltr'><strong>unitas</strong></span> <span class='ocrx_word' id='word_1_44' title='bbox 1074 530 1129 584; x_wconf 90' lang='lat' dir='ltr'><strong>in</strong></span> <span class='ocrx_word' id='word_1_45' title='bbox 1154 528 1372 585; x_wconf 75' lang='lat' dir='ltr'><strong>Christo</strong></span> <span class='ocrx_word' id='word_1_46' title='bbox 1396 526 1812 582; x_wconf 84' lang='lat' dir='ltr'><strong>commendatur</strong></span> <span class='ocrx_word' id='word_1_47' title='bbox 1914 536 1971 583; x_wconf 90' lang='lat' dir='ltr'><strong>ut</strong></span> <span class='ocrx_word' id='word_1_48' title='bbox 1998 526 2134 595; x_wconf 80' lang='lat' dir='ltr'><strong>dixi,</strong></span> <span class='ocrx_word' id='word_1_49' title='bbox 2164 527 2426 586; x_wconf 81' lang='lat' dir='ltr'><strong>feminino</strong></span> <span class='ocrx_word' id='word_1_50' title='bbox 2453 546 2655 603; x_wconf 86' lang='lat' dir='ltr'><strong>genere</strong></span> <span class='ocrx_word' id='word_1_51' title='bbox 2676 532 2909 603; x_wconf 89' lang='lat' dir='ltr'><strong>legitur:</strong></span> <span class='ocrx_word' id='word_1_52' title='bbox 2940 531 2993 587; x_wconf 92' lang='lat' dir='ltr'><strong>in</strong></span> <span class='ocrx_word' id='word_1_53' title='bbox 3023 532 3215 589; x_wconf 65' lang='lat' dir='ltr'><strong>Graeco</strong></span> <span class='ocrx_word' id='word_1_54' title='bbox 3236 549 3400 603; x_wconf 85' lang='lat' dir='ltr'><strong>vero,</strong></span> <span class='ocrx_word' id='word_1_55' title='bbox 3434 550 3504 592; x_wconf 90' lang='lat' dir='ltr'><strong>ne</strong></span> 
     </span>
    </p>
   </div>
   <div class='ocr_carea' id='block_1_5' title="bbox 213 622 1815 693">
    <p class='ocr_par' dir='ltr' id='par_1_5' title="bbox 213 622 1815 693">
     <span class='ocr_line' id='line_1_5' title="bbox 213 622 1815 693; baseline 0.004 -23"><span class='ocrx_word' id='word_1_56' title='bbox 213 630 487 687; x_wconf 72' lang='lat' dir='ltr'><strong>personae,</strong></span> <span class='ocrx_word' id='word_1_57' title='bbox 521 622 780 691; x_wconf 89' lang='lat' dir='ltr'><strong>quoniam</strong></span> <span class='ocrx_word' id='word_1_58' title='bbox 809 638 918 678; x_wconf 91' lang='lat' dir='ltr'><strong>non</strong></span> <span class='ocrx_word' id='word_1_59' title='bbox 950 623 1268 693; x_wconf 68' lang='lat' dir='ltr'><strong>pricjudicat</strong></span> <span class='ocrx_word' id='word_1_60' title='bbox 1294 632 1541 690; x_wconf 81' lang='lat' dir='ltr'><strong>tempus,</strong></span> <span class='ocrx_word' id='word_1_61' title='bbox 1570 636 1640 677; x_wconf 90' lang='lat' dir='ltr'><strong>ne</strong></span> <span class='ocrx_word' id='word_1_62' title='bbox 1676 636 1815 676; x_wconf 91' lang='lat' dir='ltr'><strong>unus</strong></span> 
     </span>
    </p>
   </div>
   <div class='ocr_carea' id='block_1_6' title="bbox 213 712 1818 785">
    <p class='ocr_par' dir='ltr' id='par_1_6' title="bbox 213 712 1818 785">
     <span class='ocr_line' id='line_1_6' title="bbox 213 712 1818 785; baseline 0.002 -22"><span class='ocrx_word' id='word_1_63' title='bbox 213 722 435 779; x_wconf 86' lang='lat' dir='ltr'><strong>semper</strong></span> <span class='ocrx_word' id='word_1_64' title='bbox 464 712 699 769; x_wconf 81' lang='lat' dir='ltr'><strong>dicatur.</strong></span> <span class='ocrx_word' id='word_1_65' title='bbox 734 714 872 770; x_wconf 87' lang='lat' dir='ltr'><strong>Hinc</strong></span> <span class='ocrx_word' id='word_1_66' title='bbox 901 730 1119 785; x_wconf 90' lang='lat' dir='ltr'><strong>quoque</strong></span> <span class='ocrx_word' id='word_1_67' title='bbox 1142 715 1335 770; x_wconf 89' lang='lat' dir='ltr'><strong>beatus</strong></span> <span class='ocrx_word' id='word_1_68' title='bbox 1368 714 1561 768; x_wconf 88' lang='lat' dir='ltr'><strong>Petrus</strong></span> <span class='ocrx_word' id='word_1_69' title='bbox 1592 713 1818 784; x_wconf 92' lang='lat' dir='ltr'><strong>loquens</strong></span> 
     </span>
    </p>
   </div>
   <div class='ocr_carea' id='block_1_7' title="bbox 214 800 1821 879">
    <p class='ocr_par' dir='ltr' id='par_1_7' title="bbox 214 800 1821 879">
     <span class='ocr_line' id='line_1_7' title="bbox 214 800 1821 879; baseline 0.002 -24"><span class='ocrx_word' id='word_1_70' title='bbox 214 800 280 856; x_wconf 90' lang='lat' dir='ltr'><strong>de</strong></span> <span class='ocrx_word' id='word_1_71' title='bbox 319 803 591 871; x_wconf 87' lang='lat' dir='ltr'><strong>patribus,</strong></span> <span class='ocrx_word' id='word_1_72' title='bbox 638 805 716 861; x_wconf 89' lang='lat' dir='ltr'><strong>ait</strong></span> <span class='ocrx_word' id='word_1_73' title='bbox 760 827 775 862; x_wconf 92' lang='lat'><strong>:</strong></span> <span class='ocrx_word' id='word_1_74' title='bbox 823 805 928 860; x_wconf 86' lang='lat' dir='ltr'><strong>Per</strong></span> <span class='ocrx_word' id='word_1_75' title='bbox 966 808 1190 879; x_wconf 81' lang='lat' dir='ltr'><strong>gratiam</strong></span> <span class='ocrx_word' id='word_1_76' title='bbox 1230 805 1441 861; x_wconf 84' lang='lat' dir='ltr'><strong>Domini</strong></span> <span class='ocrx_word' id='word_1_77' title='bbox 1495 806 1657 859; x_wconf 81' lang='lat' dir='ltr'><strong>nostri</strong></span> <span class='ocrx_word' id='word_1_78' title='bbox 1693 803 1821 861; x_wconf 79' lang='lat' dir='ltr'><strong>Jesu</strong></span> 
     </span>
    </p>
   </div>
   <div class='ocr_carea' id='block_1_8' title="bbox 214 890 1818 971">
    <p class='ocr_par' dir='ltr' id='par_1_8' title="bbox 214 890 1818 971">
     <span class='ocr_line' id='line_1_8' title="bbox 214 890 1818 971; baseline 0.002 -24"><span class='ocrx_word' id='word_1_79' title='bbox 214 890 413 950; x_wconf 78' lang='lat' dir='ltr'><strong>Christi</strong></span> <span class='ocrx_word' id='word_1_80' title='bbox 456 898 720 955; x_wconf 76' lang='lat' dir='ltr'><strong>credimus</strong></span> <span class='ocrx_word' id='word_1_81' title='bbox 758 900 990 965; x_wconf 78' lang='lat' dir='ltr'><strong>salvari,</strong></span> <span class='ocrx_word' id='word_1_82' title='bbox 1019 898 1451 971; x_wconf 79' lang='lat' dir='ltr'><strong>quemadmodum</strong></span> <span class='ocrx_word' id='word_1_83' title='bbox 1489 908 1537 954; x_wconf 76' lang='lat' dir='ltr'><strong>et</strong></span> <span class='ocrx_word' id='word_1_84' title='bbox 1572 899 1652 955; x_wconf 84' lang='lat' dir='ltr'><strong>illi</strong></span> <span class='ocrx_word' id='word_1_85' title='bbox 1680 899 1818 970; x_wconf 80' lang='lat' dir='ltr'><strong>(Act.</strong></span> 
     </span>
    </p>
   </div>
   <div class='ocr_carea' id='block_1_9' title="bbox 212 988 1824 1062">
    <p class='ocr_par' dir='ltr' id='par_1_9' title="bbox 212 988 1824 1062">
     <span class='ocr_line' id='line_1_9' title="bbox 212 988 1824 1062; baseline 0.001 -20"><span class='ocrx_word' id='word_1_86' title='bbox 212 1002 311 1053; x_wconf 80' lang='lat' dir='ltr'><strong>xv,</strong></span> <span class='ocrx_word' id='word_1_87' title='bbox 344 988 464 1061; x_wconf 82' lang='lat' dir='ltr'><strong>tl).</strong></span> <span class='ocrx_word' id='word_1_88' title='bbox 502 989 749 1062; x_wconf 88' lang='lat' dir='ltr'><strong>Namque</strong></span> <span class='ocrx_word' id='word_1_89' title='bbox 794 992 922 1049; x_wconf 91' lang='lat' dir='ltr'><strong>illos</strong></span> <span class='ocrx_word' id='word_1_90' title='bbox 965 993 1227 1049; x_wconf 85' lang='lat' dir='ltr'><strong>Dominus</strong></span> <span class='ocrx_word' id='word_1_91' title='bbox 1270 993 1419 1049; x_wconf 89' lang='lat' dir='ltr'><strong>solus</strong></span> <span class='ocrx_word' id='word_1_92' title='bbox 1464 991 1701 1046; x_wconf 76' lang='lat' dir='ltr'><strong>ducebat</strong></span> <span class='ocrx_word' id='word_1_93' title='bbox 1730 998 1824 1046; x_wconf 89' lang='lat' dir='ltr'><strong>:et</strong></span> 
     </span>
    </p>
   </div>
   <div class='ocr_carea' id='block_1_10' title="bbox 219 1080 1817 1141">
    <p class='ocr_par' dir='ltr' id='par_1_10' title="bbox 219 1080 1817 1141">
     <span class='ocr_line' id='line_1_10' title="bbox 219 1080 1817 1141; baseline 0.003 -11"><span class='ocrx_word' id='word_1_94' title='bbox 219 1091 331 1132; x_wconf 92' lang='lat' dir='ltr'><strong>non</strong></span> <span class='ocrx_word' id='word_1_95' title='bbox 359 1090 483 1134; x_wconf 87' lang='lat' dir='ltr'><strong>erat</strong></span> <span class='ocrx_word' id='word_1_96' title='bbox 513 1094 635 1135; x_wconf 86' lang='lat' dir='ltr'><strong>cum</strong></span> <span class='ocrx_word' id='word_1_97' title='bbox 667 1082 747 1136; x_wconf 90' lang='lat' dir='ltr'><strong>eis</strong></span> <span class='ocrx_word' id='word_1_98' title='bbox 778 1080 923 1136; x_wconf 89' lang='lat' dir='ltr'><strong>Deus</strong></span> <span class='ocrx_word' id='word_1_99' title='bbox 952 1083 1199 1138; x_wconf 91' lang='lat' dir='ltr'><strong>alienus:</strong></span> <span class='ocrx_word' id='word_1_100' title='bbox 1232 1081 1375 1137; x_wconf 88' lang='lat' dir='ltr'><strong>unde</strong></span> <span class='ocrx_word' id='word_1_101' title='bbox 1404 1096 1505 1139; x_wconf 82' lang='lat' dir='ltr'><strong>nec</strong></span> <span class='ocrx_word' id='word_1_102' title='bbox 1532 1080 1817 1141; x_wconf 85' lang='lat' dir='ltr'><strong>uobiscum</strong></span> 
     </span>
    </p>
   </div>
   <div class='ocr_carea' id='block_1_11' title="bbox 216 1166 1816 1241">
    <p class='ocr_par' dir='ltr' id='par_1_11' title="bbox 216 1166 1816 1241">
     <span class='ocr_line' id='line_1_11' title="bbox 216 1166 1816 1241; baseline 0.001 -18"><span class='ocrx_word' id='word_1_103' title='bbox 216 1166 368 1224; x_wconf 87' lang='lat' dir='ltr'><strong>Deus</strong></span> <span class='ocrx_word' id='word_1_104' title='bbox 399 1185 592 1227; x_wconf 88' lang='lat' dir='ltr'><strong>recens</strong></span> <span class='ocrx_word' id='word_1_105' title='bbox 621 1192 632 1223; x_wconf 88' lang='lat'><strong>:</strong></span> <span class='ocrx_word' id='word_1_106' title='bbox 662 1172 784 1241; x_wconf 86' lang='lat' dir='ltr'><strong>quia</strong></span> <span class='ocrx_word' id='word_1_107' title='bbox 818 1187 957 1226; x_wconf 91' lang='lat' dir='ltr'><strong>unus</strong></span> <span class='ocrx_word' id='word_1_108' title='bbox 1004 1171 1255 1241; x_wconf 84' lang='lat' dir='ltr'><strong>idemque</strong></span> <span class='ocrx_word' id='word_1_109' title='bbox 1297 1182 1377 1225; x_wconf 85' lang='lat' dir='ltr'><strong>est</strong></span> <span class='ocrx_word' id='word_1_110' title='bbox 1413 1169 1506 1241; x_wconf 87' lang='lat' dir='ltr'><strong>qui</strong></span> <span class='ocrx_word' id='word_1_111' title='bbox 1542 1180 1597 1225; x_wconf 91' lang='lat' dir='ltr'><strong>et</strong></span> <span class='ocrx_word' id='word_1_112' title='bbox 1625 1185 1816 1225; x_wconf 89' lang='lat' dir='ltr'><strong>eorum</strong></span> 
     </span>
    </p>
   </div>
   <div class='ocr_carea' id='block_1_12' title="bbox 214 1263 1815 1334">
    <p class='ocr_par' dir='ltr' id='par_1_12' title="bbox 214 1263 1815 1334">
     <span class='ocr_line' id='line_1_12' title="bbox 214 1263 1815 1334; baseline 0.001 -16"><span class='ocrx_word' id='word_1_113' title='bbox 214 1263 421 1318; x_wconf 89' lang='lat' dir='ltr'><strong>ductor</strong></span> <span class='ocrx_word' id='word_1_114' title='bbox 444 1263 566 1330; x_wconf 82' lang='lat' dir='ltr'><strong>luit,</strong></span> <span class='ocrx_word' id='word_1_115' title='bbox 599 1273 654 1319; x_wconf 91' lang='lat' dir='ltr'><strong>et</strong></span> <span class='ocrx_word' id='word_1_116' title='bbox 681 1272 865 1320; x_wconf 88' lang='lat' dir='ltr'><strong>noster</strong></span> <span class='ocrx_word' id='word_1_117' title='bbox 894 1280 991 1333; x_wconf 90' lang='lat' dir='ltr'><strong>per</strong></span> <span class='ocrx_word' id='word_1_118' title='bbox 1018 1265 1327 1334; x_wconf 86' lang='lat' dir='ltr'><strong>passionem</strong></span> <span class='ocrx_word' id='word_1_119' title='bbox 1357 1268 1536 1319; x_wconf 89' lang='lat' dir='ltr'><strong>carnis</strong></span> <span class='ocrx_word' id='word_1_120' title='bbox 1567 1278 1680 1318; x_wconf 79' lang='lat' dir='ltr'><strong>sua:</strong></span> <span class='ocrx_word' id='word_1_121' title='bbox 1706 1264 1815 1320; x_wconf 79' lang='lat' dir='ltr'><strong>Re-</strong></span> 
     </span>
    </p>
   </div>
   <div class='ocr_carea' id='block_1_13' title="bbox 212 1355 1819 1428">
    <p class='ocr_par' dir='ltr' id='par_1_13' title="bbox 212 1355 1819 1428">
     <span class='ocr_line' id='line_1_13' title="bbox 212 1355 1819 1428; baseline 0.001 -18"><span class='ocrx_word' id='word_1_122' title='bbox 212 1355 512 1425; x_wconf 91' lang='lat' dir='ltr'><strong>demptor:</strong></span> <span class='ocrx_word' id='word_1_123' title='bbox 547 1372 687 1413; x_wconf 87' lang='lat' dir='ltr'><strong>unus</strong></span> <span class='ocrx_word' id='word_1_124' title='bbox 718 1357 988 1428; x_wconf 86' lang='lat' dir='ltr'><strong>siquidem</strong></span> <span class='ocrx_word' id='word_1_125' title='bbox 1031 1372 1125 1415; x_wconf 89' lang='lat' dir='ltr'><strong>sua</strong></span> <span class='ocrx_word' id='word_1_126' title='bbox 1160 1357 1214 1412; x_wconf 87' lang='lat' dir='ltr'><strong>in</strong></span> <span class='ocrx_word' id='word_1_127' title='bbox 1246 1372 1434 1422; x_wconf 88' lang='lat' dir='ltr'><strong>carne,</strong></span> <span class='ocrx_word' id='word_1_128' title='bbox 1471 1372 1611 1417; x_wconf 89' lang='lat' dir='ltr'><strong>unus</strong></span> <span class='ocrx_word' id='word_1_129' title='bbox 1641 1358 1696 1413; x_wconf 87' lang='lat' dir='ltr'><strong>in</strong></span> <span class='ocrx_word' id='word_1_130' title='bbox 1732 1372 1819 1412; x_wconf 85' lang='lat' dir='ltr'><strong>sa-</strong></span> 
     </span>
    </p>
   </div>
   <div class='ocr_carea' id='block_1_14' title="bbox 215 1450 1817 1521">
    <p class='ocr_par' dir='ltr' id='par_1_14' title="bbox 215 1450 1817 1521">
     <span class='ocr_line' id='line_1_14' title="bbox 215 1450 1817 1521; baseline -0.001 -15"><span class='ocrx_word' id='word_1_131' title='bbox 215 1459 529 1515; x_wconf 86' lang='lat' dir='ltr'><strong>cramento,</strong></span> <span class='ocrx_word' id='word_1_132' title='bbox 563 1459 726 1521; x_wconf 89' lang='lat' dir='ltr'><strong>atque</strong></span> <span class='ocrx_word' id='word_1_133' title='bbox 759 1467 897 1506; x_wconf 90' lang='lat' dir='ltr'><strong>unus</strong></span> <span class='ocrx_word' id='word_1_134' title='bbox 927 1452 980 1506; x_wconf 91' lang='lat' dir='ltr'><strong>in</strong></span> <span class='ocrx_word' id='word_1_135' title='bbox 1012 1451 1205 1520; x_wconf 83' lang='lat' dir='ltr'><strong>spiritu</strong></span> <span class='ocrx_word' id='word_1_136' title='bbox 1233 1468 1246 1504; x_wconf 92' lang='lat'><strong>:</strong></span> <span class='ocrx_word' id='word_1_137' title='bbox 1270 1465 1371 1506; x_wconf 91' lang='lat' dir='ltr'><strong>nec</strong></span> <span class='ocrx_word' id='word_1_138' title='bbox 1394 1450 1629 1506; x_wconf 89' lang='lat' dir='ltr'><strong>admittit</strong></span> <span class='ocrx_word' id='word_1_139' title='bbox 1654 1451 1817 1516; x_wconf 86' lang='lat' dir='ltr'><strong>ratio,</strong></span> 
     </span>
    </p>
   </div>
   <div class='ocr_carea' id='block_1_15' title="bbox 217 1541 1815 1612">
    <p class='ocr_par' dir='ltr' id='par_1_15' title="bbox 217 1541 1815 1612">
     <span class='ocr_line' id='line_1_15' title="bbox 217 1541 1815 1612; baseline -0.001 -15"><span class='ocrx_word' id='word_1_140' title='bbox 217 1551 275 1597; x_wconf 91' lang='lat' dir='ltr'><strong>ut</strong></span> <span class='ocrx_word' id='word_1_141' title='bbox 308 1541 451 1597; x_wconf 87' lang='lat' dir='ltr'><strong>alius</strong></span> <span class='ocrx_word' id='word_1_142' title='bbox 493 1542 633 1598; x_wconf 91' lang='lat' dir='ltr'><strong>ﬁlius</strong></span> <span class='ocrx_word' id='word_1_143' title='bbox 682 1542 917 1598; x_wconf 88' lang='lat' dir='ltr'><strong>hominis</strong></span> <span class='ocrx_word' id='word_1_144' title='bbox 938 1586 952 1610; x_wconf 94' lang='lat'><strong>,</strong></span> <span class='ocrx_word' id='word_1_145' title='bbox 985 1542 1124 1601; x_wconf 89' lang='lat' dir='ltr'><strong>alius</strong></span> <span class='ocrx_word' id='word_1_146' title='bbox 1156 1542 1295 1597; x_wconf 90' lang='lat' dir='ltr'><strong>ﬁlius</strong></span> <span class='ocrx_word' id='word_1_147' title='bbox 1326 1542 1423 1601; x_wconf 88' lang='lat' dir='ltr'><strong>Dei</strong></span> <span class='ocrx_word' id='word_1_148' title='bbox 1462 1542 1815 1612; x_wconf 84' lang='lat' dir='ltr'><strong>intelligatur.</strong></span> 
     </span>
    </p>
   </div>
   <div class='ocr_carea' id='block_1_16' title="bbox 213 1636 1822 1706">
    <p class='ocr_par' dir='ltr' id='par_1_16' title="bbox 213 1636 1822 1706">
     <span class='ocr_line' id='line_1_16' title="bbox 213 1636 1822 1706; baseline -0.002 -16"><span class='ocrx_word' id='word_1_149' title='bbox 213 1636 319 1704; x_wconf 85' lang='lat' dir='ltr'><strong>Qui</strong></span> <span class='ocrx_word' id='word_1_150' title='bbox 361 1649 464 1689; x_wconf 92' lang='lat' dir='ltr'><strong>nec</strong></span> <span class='ocrx_word' id='word_1_151' title='bbox 498 1644 739 1706; x_wconf 87' lang='lat' dir='ltr'><strong>tempore</strong></span> <span class='ocrx_word' id='word_1_152' title='bbox 770 1636 1159 1706; x_wconf 69' lang='lat' dir='ltr'><strong>praescribitur,</strong></span> <span class='ocrx_word' id='word_1_153' title='bbox 1187 1649 1288 1691; x_wconf 89' lang='lat' dir='ltr'><strong>nec</strong></span> <span class='ocrx_word' id='word_1_154' title='bbox 1321 1636 1571 1705; x_wconf 83' lang='lat' dir='ltr'><strong>passione</strong></span> <span class='ocrx_word' id='word_1_155' title='bbox 1603 1648 1822 1704; x_wconf 90' lang='lat' dir='ltr'><strong>separa-</strong></span> 
     </span>
    </p>
   </div>
   <div class='ocr_carea' id='block_1_17' title="bbox 1917 620 3501 697">
    <p class='ocr_par' dir='ltr' id='par_1_17' title="bbox 1917 620 3501 697">
     <span class='ocr_line' id='line_1_17' title="bbox 1917 620 3501 697; baseline 0.006 -23"><span class='ocrx_word' id='word_1_156' title='bbox 1917 633 2079 676; x_wconf 81' lang='lat' dir='ltr'><strong>sexus</strong></span> <span class='ocrx_word' id='word_1_157' title='bbox 2123 620 2177 675; x_wconf 89' lang='lat' dir='ltr'><strong>in</strong></span> <span class='ocrx_word' id='word_1_158' title='bbox 2221 636 2291 677; x_wconf 90' lang='lat' dir='ltr'><strong>eo</strong></span> <span class='ocrx_word' id='word_1_159' title='bbox 2313 622 2584 692; x_wconf 89' lang='lat' dir='ltr'><strong>credatur,</strong></span> <span class='ocrx_word' id='word_1_160' title='bbox 2613 632 2817 697; x_wconf 75' lang='grc' dir='ltr'><strong>πνεῦμα</strong></span> <span class='ocrx_word' id='word_1_161' title='bbox 2862 634 3057 681; x_wconf 90' lang='lat' dir='ltr'><strong>neutro</strong></span> <span class='ocrx_word' id='word_1_162' title='bbox 3085 626 3361 683; x_wconf 86' lang='lat' dir='ltr'><strong>invenitur</strong></span> <span class='ocrx_word' id='word_1_163' title='bbox 3395 646 3408 681; x_wconf 91' lang='lat'><strong>:</strong></span> <span class='ocrx_word' id='word_1_164' title='bbox 3444 635 3501 683; x_wconf 88' lang='lat' dir='ltr'><strong>et</strong></span> 
     </span>
    </p>
   </div>
   <div class='ocr_carea' id='block_1_18' title="bbox 1920 712 3501 787">
    <p class='ocr_par' dir='ltr' id='par_1_18' title="bbox 1920 712 3501 787">
     <span class='ocr_line' id='line_1_18' title="bbox 1920 712 3501 787; baseline 0.005 -19"><span class='ocrx_word' id='word_1_165' title='bbox 1920 712 1972 768; x_wconf 91' lang='lat' dir='ltr'><strong>in</strong></span> <span class='ocrx_word' id='word_1_166' title='bbox 1998 712 2191 770; x_wconf 86' lang='lat' dir='ltr'><strong>Latino</strong></span> <span class='ocrx_word' id='word_1_167' title='bbox 2214 716 2573 772; x_wconf 84' lang='lat' dir='ltr'><strong>masculinum</strong></span> <span class='ocrx_word' id='word_1_168' title='bbox 2601 733 2723 773; x_wconf 89' lang='lat' dir='ltr'><strong>esse</strong></span> <span class='ocrx_word' id='word_1_169' title='bbox 2752 719 3088 774; x_wconf 83' lang='lat' dir='ltr'><strong>decernitur.</strong></span> <span class='ocrx_word' id='word_1_170' title='bbox 3116 719 3217 787; x_wconf 88' lang='lat' dir='ltr'><strong>Qui</strong></span> <span class='ocrx_word' id='word_1_171' title='bbox 3248 720 3501 776; x_wconf 85' lang='lat' dir='ltr'><strong>nimirum</strong></span> 
     </span>
    </p>
   </div>
   <div class='ocr_carea' id='block_1_19' title="bbox 1922 803 3510 883">
    <p class='ocr_par' dir='ltr' id='par_1_19' title="bbox 1922 803 3510 883">
     <span class='ocr_line' id='line_1_19' title="bbox 1922 803 3510 883; baseline 0.006 -23"><span class='ocrx_word' id='word_1_172' title='bbox 1922 803 2158 874; x_wconf 83' lang='lat' dir='ltr'><strong>Spiritus</strong></span> <span class='ocrx_word' id='word_1_173' title='bbox 2190 818 2416 864; x_wconf 86' lang='lat' dir='ltr'><strong>sanctus</strong></span> <span class='ocrx_word' id='word_1_174' title='bbox 2442 809 2582 865; x_wconf 87' lang='lat' dir='ltr'><strong>bene</strong></span> <span class='ocrx_word' id='word_1_175' title='bbox 2608 824 2705 879; x_wconf 89' lang='lat' dir='ltr'><strong>per</strong></span> <span class='ocrx_word' id='word_1_176' title='bbox 2730 809 3033 867; x_wconf 86' lang='lat' dir='ltr'><strong>Rebeccam</strong></span> <span class='ocrx_word' id='word_1_177' title='bbox 3070 810 3388 883; x_wconf 73' lang='lat' dir='ltr'><strong>intelligitur</strong></span> <span class='ocrx_word' id='word_1_178' title='bbox 3418 820 3510 869; x_wconf 89' lang='lat' dir='ltr'><strong>:et</strong></span> 
     </span>
    </p>
   </div>
   <div class='ocr_carea' id='block_1_20' title="bbox 1924 896 3512 975">
    <p class='ocr_par' dir='ltr' id='par_1_20' title="bbox 1924 896 3512 975">
     <span class='ocr_line' id='line_1_20' title="bbox 1924 896 3512 975; baseline 0.006 -23"><span class='ocrx_word' id='word_1_179' title='bbox 1924 896 2047 954; x_wconf 88' lang='lat' dir='ltr'><strong>ideo</strong></span> <span class='ocrx_word' id='word_1_180' title='bbox 2080 907 2251 955; x_wconf 93' lang='lat' dir='ltr'><strong>totum</strong></span> <span class='ocrx_word' id='word_1_181' title='bbox 2282 912 2366 956; x_wconf 91' lang='lat' dir='ltr'><strong>est</strong></span> <span class='ocrx_word' id='word_1_182' title='bbox 2397 902 2449 955; x_wconf 92' lang='lat' dir='ltr'><strong>in</strong></span> <span class='ocrx_word' id='word_1_183' title='bbox 2497 902 2753 973; x_wconf 87' lang='lat' dir='ltr'><strong>mysterio</strong></span> <span class='ocrx_word' id='word_1_184' title='bbox 2782 903 2926 973; x_wconf 90' lang='lat' dir='ltr'><strong>quod</strong></span> <span class='ocrx_word' id='word_1_185' title='bbox 2954 903 3179 973; x_wconf 82' lang='lat' dir='ltr'><strong>geritur,</strong></span> <span class='ocrx_word' id='word_1_186' title='bbox 3210 914 3269 958; x_wconf 92' lang='lat' dir='ltr'><strong>ut</strong></span> <span class='ocrx_word' id='word_1_187' title='bbox 3299 920 3392 975; x_wconf 88' lang='lat' dir='ltr'><strong>per</strong></span> <span class='ocrx_word' id='word_1_188' title='bbox 3418 920 3512 962; x_wconf 81' lang='lat' dir='ltr'><strong>ve-</strong></span> 
     </span>
    </p>
   </div>
   <div class='ocr_carea' id='block_1_21' title="bbox 1921 990 3513 1068">
    <p class='ocr_par' dir='ltr' id='par_1_21' title="bbox 1921 990 3513 1068">
     <span class='ocr_line' id='line_1_21' title="bbox 1921 990 3513 1068; baseline 0.006 -24"><span class='ocrx_word' id='word_1_189' title='bbox 1921 990 2300 1046; x_wconf 86' lang='lat' dir='ltr'><strong>stimentorum</strong></span> <span class='ocrx_word' id='word_1_190' title='bbox 2318 992 2673 1062; x_wconf 81' lang='lat' dir='ltr'><strong>fragrantiam</strong></span> <span class='ocrx_word' id='word_1_191' title='bbox 2695 994 2944 1051; x_wconf 90' lang='lat' dir='ltr'><strong>Christus</strong></span> <span class='ocrx_word' id='word_1_192' title='bbox 2962 997 3312 1053; x_wconf 87' lang='lat' dir='ltr'><strong>annuntietur</strong></span> <span class='ocrx_word' id='word_1_193' title='bbox 3326 1015 3339 1052; x_wconf 91' lang='lat'><strong>:</strong></span> <span class='ocrx_word' id='word_1_194' title='bbox 3354 1014 3513 1068; x_wconf 84' lang='lat' dir='ltr'><strong>quem</strong></span> 
     </span>
    </p>
   </div>
   <div class='ocr_carea' id='block_1_22' title="bbox 1919 1082 3511 1154">
    <p class='ocr_par' dir='ltr' id='par_1_22' title="bbox 1919 1082 3511 1154">
     <span class='ocr_line' id='line_1_22' title="bbox 1919 1082 3511 1154; baseline 0.009 -24"><span class='ocrx_word' id='word_1_195' title='bbox 1919 1092 2019 1131; x_wconf 90' lang='lat' dir='ltr'><strong>nos</strong></span> <span class='ocrx_word' id='word_1_196' title='bbox 2050 1094 2243 1134; x_wconf 89' lang='lat' dir='ltr'><strong>omnes</strong></span> <span class='ocrx_word' id='word_1_197' title='bbox 2270 1082 2600 1152; x_wconf 89' lang='lat' dir='ltr'><strong>quicumque</strong></span> <span class='ocrx_word' id='word_1_198' title='bbox 2626 1082 2883 1151; x_wconf 85' lang='lat' dir='ltr'><strong>baptizati</strong></span> <span class='ocrx_word' id='word_1_199' title='bbox 2913 1101 3103 1141; x_wconf 88' lang='lat' dir='ltr'><strong>sumus</strong></span> <span class='ocrx_word' id='word_1_200' title='bbox 3130 1088 3423 1154; x_wconf 85' lang='lat' dir='ltr'><strong>induimur,</strong></span> <span class='ocrx_word' id='word_1_201' title='bbox 3456 1089 3511 1144; x_wconf 91' lang='lat' dir='ltr'><strong>in</strong></span> 
     </span>
    </p>
   </div>
   <div class='ocr_carea' id='block_1_23' title="bbox 1917 1169 3514 1253">
    <p class='ocr_par' dir='ltr' id='par_1_23' title="bbox 1917 1169 3514 1253">
     <span class='ocr_line' id='line_1_23' title="bbox 1917 1169 3514 1253; baseline 0.01 -33"><span class='ocrx_word' id='word_1_202' title='bbox 1917 1183 2027 1237; x_wconf 93' lang='lat' dir='ltr'><strong>quo</strong></span> <span class='ocrx_word' id='word_1_203' title='bbox 2058 1169 2334 1227; x_wconf 76' lang='lat' dir='ltr'><strong>benedixit</strong></span> <span class='ocrx_word' id='word_1_204' title='bbox 2377 1188 2481 1227; x_wconf 91' lang='lat' dir='ltr'><strong>nos</strong></span> <span class='ocrx_word' id='word_1_205' title='bbox 2526 1189 2635 1229; x_wconf 91' lang='lat' dir='ltr'><strong>non</strong></span> <span class='ocrx_word' id='word_1_206' title='bbox 2665 1177 3086 1247; x_wconf 78' lang='lat' dir='ltr'><strong>qualicumque,</strong></span> <span class='ocrx_word' id='word_1_207' title='bbox 3130 1180 3226 1237; x_wconf 82' lang='lat' dir='ltr'><strong>sed</strong></span> <span class='ocrx_word' id='word_1_208' title='bbox 3260 1183 3399 1235; x_wconf 83' lang='lat' dir='ltr'><strong>omni</strong></span> <span class='ocrx_word' id='word_1_209' title='bbox 3429 1182 3514 1253; x_wconf 85' lang='lat' dir='ltr'><strong>(ut</strong></span> 
     </span>
    </p>
   </div>
   <div class='ocr_carea' id='block_1_24' title="bbox 1918 1260 3509 1339">
    <p class='ocr_par' dir='ltr' id='par_1_24' title="bbox 1918 1260 3509 1339">
     <span class='ocr_line' id='line_1_24' title="bbox 1918 1260 3509 1339; baseline 0.009 -25"><span class='ocrx_word' id='word_1_210' title='bbox 1918 1260 1993 1314; x_wconf 79' lang='lat' dir='ltr'><strong>ait</strong></span> <span class='ocrx_word' id='word_1_211' title='bbox 2035 1260 2354 1333; x_wconf 81' lang='lat' dir='ltr'><strong>Apostolus)</strong></span> <span class='ocrx_word' id='word_1_212' title='bbox 2379 1265 2750 1335; x_wconf 50' lang='lat' dir='ltr'><strong>gbcuedictioue</strong></span> <span class='ocrx_word' id='word_1_213' title='bbox 2797 1271 3064 1339; x_wconf 81' lang='lat' dir='ltr'><strong>spirituuli</strong></span> <span class='ocrx_word' id='word_1_214' title='bbox 3120 1275 3173 1326; x_wconf 83' lang='lat' dir='ltr'><strong>in</strong></span> <span class='ocrx_word' id='word_1_215' title='bbox 3225 1275 3509 1329; x_wconf 63' lang='lat' dir='ltr'><strong>calonibus</strong></span> 
     </span>
    </p>
   </div>
   <div class='ocr_carea' id='block_1_25' title="bbox 1919 1352 3515 1436">
    <p class='ocr_par' dir='ltr' id='par_1_25' title="bbox 1919 1352 3515 1436">
     <span class='ocr_line' id='line_1_25' title="bbox 1919 1352 3515 1436; baseline 0.013 -30"><span class='ocrx_word' id='word_1_216' title='bbox 1919 1352 2084 1425; x_wconf 77' lang='lat' dir='ltr'><strong>(Eph.</strong></span> <span class='ocrx_word' id='word_1_217' title='bbox 2114 1369 2153 1422; x_wconf 84' lang='grc' dir='ltr'><strong>ι,</strong></span> <span class='ocrx_word' id='word_1_218' title='bbox 2177 1354 2252 1425; x_wconf 82' lang='grc'><strong>5).</strong></span> <span class='ocrx_word' id='word_1_219' title='bbox 2278 1354 2434 1413; x_wconf 87' lang='lat' dir='ltr'><strong>Unde</strong></span> <span class='ocrx_word' id='word_1_220' title='bbox 2460 1366 2515 1413; x_wconf 90' lang='lat' dir='ltr'><strong>et</strong></span> <span class='ocrx_word' id='word_1_221' title='bbox 2543 1362 2767 1431; x_wconf 77' lang='lat' dir='ltr'><strong>angelus</strong></span> <span class='ocrx_word' id='word_1_222' title='bbox 2789 1361 2971 1418; x_wconf 63' lang='lat' dir='ltr'><strong>Mariae</strong></span> <span class='ocrx_word' id='word_1_223' title='bbox 2998 1365 3248 1436; x_wconf 86' lang='lat' dir='ltr'><strong>loquens,</strong></span> <span class='ocrx_word' id='word_1_224' title='bbox 3279 1384 3309 1423; x_wconf 88' lang='lat' dir='ltr'><strong>a</strong></span> <span class='ocrx_word' id='word_1_225' title='bbox 3350 1370 3515 1427; x_wconf 88' lang='lat' dir='ltr'><strong>bene-</strong></span> 
     </span>
    </p>
   </div>
   <div class='ocr_carea' id='block_1_26' title="bbox 1919 1446 3519 1531">
    <p class='ocr_par' dir='ltr' id='par_1_26' title="bbox 1919 1446 3519 1531">
     <span class='ocr_line' id='line_1_26' title="bbox 1919 1446 3519 1531; baseline 0.009 -30"><span class='ocrx_word' id='word_1_226' title='bbox 1919 1446 2162 1505; x_wconf 83' lang='lat' dir='ltr'><strong>dictione</strong></span> <span class='ocrx_word' id='word_1_227' title='bbox 2188 1464 2415 1506; x_wconf 79' lang='lat' dir='ltr'><strong>exorsns</strong></span> <span class='ocrx_word' id='word_1_228' title='bbox 2443 1453 2519 1507; x_wconf 93' lang='lat' dir='ltr'><strong>ait</strong></span> <span class='ocrx_word' id='word_1_229' title='bbox 2553 1471 2565 1506; x_wconf 91' lang='lat'><strong>:</strong></span> <span class='ocrx_word' id='word_1_230' title='bbox 2602 1452 2889 1510; x_wconf 82' lang='lat' dir='ltr'><strong>Benedicta</strong></span> <span class='ocrx_word' id='word_1_231' title='bbox 2928 1466 2984 1511; x_wconf 83' lang='lat' dir='ltr'><strong>tu</strong></span> <span class='ocrx_word' id='word_1_232' title='bbox 3021 1459 3076 1511; x_wconf 85' lang='lat' dir='ltr'><strong>in</strong></span> <span class='ocrx_word' id='word_1_233' title='bbox 3109 1461 3435 1531; x_wconf 72' lang='lat' dir='ltr'><strong>mulieribus,</strong></span> <span class='ocrx_word' id='word_1_234' title='bbox 3468 1474 3519 1517; x_wconf 84' lang='lat' dir='ltr'><strong>et</strong></span> 
     </span>
    </p>
   </div>
   <div class='ocr_carea' id='block_1_27' title="bbox 1923 1540 3516 1625">
    <p class='ocr_par' dir='ltr' id='par_1_27' title="bbox 1923 1540 3516 1625">
     <span class='ocr_line' id='line_1_27' title="bbox 1923 1540 3516 1625; baseline 0.011 -31"><span class='ocrx_word' id='word_1_235' title='bbox 1923 1540 2215 1597; x_wconf 74' lang='lat' dir='ltr'><strong>benedictus</strong></span> <span class='ocrx_word' id='word_1_236' title='bbox 2242 1546 2443 1615; x_wconf 80' lang='lat' dir='ltr'><strong>[ructus</strong></span> <span class='ocrx_word' id='word_1_237' title='bbox 2464 1546 2655 1601; x_wconf 80' lang='lat' dir='ltr'><strong>ventris</strong></span> <span class='ocrx_word' id='word_1_238' title='bbox 2683 1548 2761 1601; x_wconf 85' lang='lat' dir='ltr'><strong>tui</strong></span> <span class='ocrx_word' id='word_1_239' title='bbox 2790 1547 2946 1618; x_wconf 88' lang='lat' dir='ltr'><strong>(Luc.</strong></span> <span class='ocrx_word' id='word_1_240' title='bbox 2979 1565 3020 1617; x_wconf 77' lang='grc' dir='ltr'><strong>ι,</strong></span> <span class='ocrx_word' id='word_1_241' title='bbox 3045 1550 3161 1621; x_wconf 71' lang='lat'><strong>28).</strong></span> <span class='ocrx_word' id='word_1_242' title='bbox 3192 1554 3358 1623; x_wconf 82' lang='lat' dir='ltr'><strong>Cujus</strong></span> <span class='ocrx_word' id='word_1_243' title='bbox 3386 1569 3516 1625; x_wconf 89' lang='lat' dir='ltr'><strong>pro-</strong></span> 
     </span>
    </p>
   </div>
   <div class='ocr_carea' id='block_1_28' title="bbox 1923 1636 3514 1715">
    <p class='ocr_par' dir='ltr' id='par_1_28' title="bbox 1923 1636 3514 1715">
     <span class='ocr_line' id='line_1_28' title="bbox 1923 1636 3514 1715; baseline 0.008 -24"><span class='ocrx_word' id='word_1_244' title='bbox 1923 1636 2067 1692; x_wconf 79' lang='lat' dir='ltr'><strong>iecto</strong></span> <span class='ocrx_word' id='word_1_245' title='bbox 2112 1636 2167 1692; x_wconf 89' lang='lat' dir='ltr'><strong>in</strong></span> <span class='ocrx_word' id='word_1_246' title='bbox 2212 1637 2405 1706; x_wconf 87' lang='lat' dir='ltr'><strong>spiritu</strong></span> <span class='ocrx_word' id='word_1_247' title='bbox 2450 1638 2609 1710; x_wconf 88' lang='lat' dir='ltr'><strong>longe</strong></span> <span class='ocrx_word' id='word_1_248' title='bbox 2656 1642 2882 1697; x_wconf 85' lang='lat' dir='ltr'><strong>odorem</strong></span> <span class='ocrx_word' id='word_1_249' title='bbox 2920 1645 3145 1699; x_wconf 89' lang='lat' dir='ltr'><strong>trahens</strong></span> <span class='ocrx_word' id='word_1_250' title='bbox 3176 1655 3328 1715; x_wconf 89' lang='lat' dir='ltr'><strong>pater</strong></span> <span class='ocrx_word' id='word_1_251' title='bbox 3362 1647 3514 1705; x_wconf 87' lang='lat' dir='ltr'><strong>Isaac</strong></span> 
     </span>
    </p>
   </div>
   <div class='ocr_carea' id='block_1_29' title="bbox 216 1725 3511 1802">
    <p class='ocr_par' dir='ltr' id='par_1_29' title="bbox 216 1725 3511 1802">
     <span class='ocr_line' id='line_1_29' title="bbox 216 1725 3511 1802; baseline 0.004 -19"><span class='ocrx_word' id='word_1_252' title='bbox 216 1738 305 1787; x_wconf 92' lang='lat' dir='ltr'><strong>tur</strong></span> <span class='ocrx_word' id='word_1_253' title='bbox 336 1747 349 1780; x_wconf 87' lang='lat'><strong>:</strong></span> <span class='ocrx_word' id='word_1_254' title='bbox 394 1728 491 1783; x_wconf 87' lang='lat' dir='ltr'><strong>sed</strong></span> <span class='ocrx_word' id='word_1_255' title='bbox 536 1739 680 1784; x_wconf 91' lang='lat' dir='ltr'><strong>totus</strong></span> <span class='ocrx_word' id='word_1_256' title='bbox 726 1728 869 1787; x_wconf 91' lang='lat' dir='ltr'><strong>Deus</strong></span> <span class='ocrx_word' id='word_1_257' title='bbox 915 1729 968 1784; x_wconf 91' lang='lat' dir='ltr'><strong>in</strong></span> <span class='ocrx_word' id='word_1_258' title='bbox 1018 1728 1317 1794; x_wconf 87' lang='lat' dir='ltr'><strong>Christum,</strong></span> <span class='ocrx_word' id='word_1_259' title='bbox 1368 1736 1422 1783; x_wconf 91' lang='lat' dir='ltr'><strong>et</strong></span> <span class='ocrx_word' id='word_1_260' title='bbox 1466 1727 1716 1783; x_wconf 89' lang='lat' dir='ltr'><strong>Christus</strong></span> <span class='ocrx_word' id='word_1_261' title='bbox 1764 1725 1819 1780; x_wconf 90' lang='lat' dir='ltr'><strong>in</strong></span> <span class='ocrx_word' id='word_1_262' title='bbox 1851 1735 1900 1796; x_wconf 82' lang='grc' dir='ltr'><strong>Β</strong></span> <span class='ocrx_word' id='word_1_263' title='bbox 1924 1728 2281 1787; x_wconf 88' lang='lat' dir='ltr'><strong>benediccbat</strong></span> <span class='ocrx_word' id='word_1_264' title='bbox 2300 1731 2495 1795; x_wconf 90' lang='lat' dir='ltr'><strong>ﬁlium,</strong></span> <span class='ocrx_word' id='word_1_265' title='bbox 2527 1730 2581 1787; x_wconf 90' lang='lat' dir='ltr'><strong>in</strong></span> <span class='ocrx_word' id='word_1_266' title='bbox 2609 1748 2717 1802; x_wconf 91' lang='lat' dir='ltr'><strong>quo</strong></span> <span class='ocrx_word' id='word_1_267' title='bbox 2735 1735 2973 1791; x_wconf 73' lang='lat' dir='ltr'><strong>cmlestis</strong></span> <span class='ocrx_word' id='word_1_268' title='bbox 2993 1738 3173 1793; x_wconf 90' lang='lat' dir='ltr'><strong>omnis</strong></span> <span class='ocrx_word' id='word_1_269' title='bbox 3201 1738 3511 1797; x_wconf 87' lang='lat' dir='ltr'><strong>benedictio</strong></span> 
     </span>
    </p>
   </div>
   <div class='ocr_carea' id='block_1_30' title="bbox 215 1816 1819 1893">
    <p class='ocr_par' dir='ltr' id='par_1_30' title="bbox 215 1816 1819 1893">
     <span class='ocr_line' id='line_1_30' title="bbox 215 1816 1819 1893; baseline -0.003 -17"><span class='ocrx_word' id='word_1_270' title='bbox 215 1821 390 1879; x_wconf 85' lang='lat' dir='ltr'><strong>Deum</strong></span> <span class='ocrx_word' id='word_1_271' title='bbox 426 1821 642 1885; x_wconf 78' lang='lat' dir='ltr'><strong>transit,</strong></span> <span class='ocrx_word' id='word_1_272' title='bbox 667 1830 725 1876; x_wconf 90' lang='lat' dir='ltr'><strong>ut</strong></span> <span class='ocrx_word' id='word_1_273' title='bbox 753 1820 1011 1893; x_wconf 88' lang='lat' dir='ltr'><strong>quidquid</strong></span> <span class='ocrx_word' id='word_1_274' title='bbox 1036 1820 1131 1874; x_wconf 88' lang='lat' dir='ltr'><strong>Dei</strong></span> <span class='ocrx_word' id='word_1_275' title='bbox 1164 1818 1305 1874; x_wconf 88' lang='lat' dir='ltr'><strong>ﬁlius</strong></span> <span class='ocrx_word' id='word_1_276' title='bbox 1335 1830 1439 1885; x_wconf 90' lang='lat' dir='ltr'><strong>est,</strong></span> <span class='ocrx_word' id='word_1_277' title='bbox 1466 1816 1711 1873; x_wconf 83' lang='lat' dir='ltr'><strong>Christus</strong></span> <span class='ocrx_word' id='word_1_278' title='bbox 1738 1817 1819 1872; x_wconf 85' lang='lat' dir='ltr'><strong>di-</strong></span> 
     </span>
    </p>
   </div>
   <div class='ocr_carea' id='block_1_31' title="bbox 216 1910 1825 1987">
    <p class='ocr_par' dir='ltr' id='par_1_31' title="bbox 216 1910 1825 1987">
     <span class='ocr_line' id='line_1_31' title="bbox 216 1910 1825 1987; baseline -0.004 -15"><span class='ocrx_word' id='word_1_279' title='bbox 216 1927 403 1985; x_wconf 86' lang='lat' dir='ltr'><strong>catur;</strong></span> <span class='ocrx_word' id='word_1_280' title='bbox 449 1924 507 1973; x_wconf 83' lang='lat' dir='ltr'><strong>et</strong></span> <span class='ocrx_word' id='word_1_281' title='bbox 550 1915 810 1987; x_wconf 86' lang='lat' dir='ltr'><strong>quidquid</strong></span> <span class='ocrx_word' id='word_1_282' title='bbox 862 1916 915 1969; x_wconf 91' lang='lat' dir='ltr'><strong>in</strong></span> <span class='ocrx_word' id='word_1_283' title='bbox 965 1930 1125 1969; x_wconf 85' lang='lat' dir='ltr'><strong>carne</strong></span> <span class='ocrx_word' id='word_1_284' title='bbox 1182 1912 1433 1968; x_wconf 81' lang='lat' dir='ltr'><strong>Christus</strong></span> <span class='ocrx_word' id='word_1_285' title='bbox 1484 1913 1724 1982; x_wconf 86' lang='lat' dir='ltr'><strong>pertulit,</strong></span> <span class='ocrx_word' id='word_1_286' title='bbox 1772 1910 1825 1965; x_wconf 91' lang='lat' dir='ltr'><strong>id</strong></span> 
     </span>
    </p>
   </div>
   <div class='ocr_carea' id='block_1_32' title="bbox 217 2004 1829 2082">
    <p class='ocr_par' dir='ltr' id='par_1_32' title="bbox 217 2004 1829 2082">
     <span class='ocr_line' id='line_1_32' title="bbox 217 2004 1829 2082; baseline -0.006 -15"><span class='ocrx_word' id='word_1_287' title='bbox 217 2011 366 2068; x_wconf 92' lang='lat' dir='ltr'><strong>Deus</strong></span> <span class='ocrx_word' id='word_1_288' title='bbox 412 2011 704 2082; x_wconf 83' lang='lat' dir='ltr'><strong>pertulisse</strong></span> <span class='ocrx_word' id='word_1_289' title='bbox 742 2017 889 2063; x_wconf 81' lang='lat' dir='ltr'><strong>recte</strong></span> <span class='ocrx_word' id='word_1_290' title='bbox 934 2008 1190 2063; x_wconf 87' lang='lat' dir='ltr'><strong>credatur</strong></span> <span class='ocrx_word' id='word_1_291' title='bbox 1218 2025 1229 2058; x_wconf 91' lang='lat'><strong>:</strong></span> <span class='ocrx_word' id='word_1_292' title='bbox 1264 2006 1462 2075; x_wconf 85' lang='lat' dir='ltr'><strong>alioqui</strong></span> <span class='ocrx_word' id='word_1_293' title='bbox 1494 2006 1536 2059; x_wconf 91' lang='lat' dir='ltr'><strong>si</strong></span> <span class='ocrx_word' id='word_1_294' title='bbox 1568 2004 1635 2060; x_wconf 90' lang='lat' dir='ltr'><strong>ad</strong></span> <span class='ocrx_word' id='word_1_295' title='bbox 1663 2004 1829 2058; x_wconf 88' lang='lat' dir='ltr'><strong>ratio-</strong></span> 
     </span>
    </p>
   </div>
   <div class='ocr_carea' id='block_1_33' title="bbox 218 2095 1828 2174">
    <p class='ocr_par' dir='ltr' id='par_1_33' title="bbox 218 2095 1828 2174">
     <span class='ocr_line' id='line_1_33' title="bbox 218 2095 1828 2174; baseline -0.006 -15"><span class='ocrx_word' id='word_1_296' title='bbox 218 2118 345 2159; x_wconf 89' lang='lat' dir='ltr'><strong>nem</strong></span> <span class='ocrx_word' id='word_1_297' title='bbox 376 2103 641 2174; x_wconf 80' lang='lat' dir='ltr'><strong>respicias</strong></span> <span class='ocrx_word' id='word_1_298' title='bbox 668 2110 723 2156; x_wconf 90' lang='lat' dir='ltr'><strong>et</strong></span> <span class='ocrx_word' id='word_1_299' title='bbox 744 2101 812 2154; x_wconf 91' lang='lat' dir='ltr'><strong>ad</strong></span> <span class='ocrx_word' id='word_1_300' title='bbox 846 2113 1038 2155; x_wconf 88' lang='lat' dir='ltr'><strong>sensus</strong></span> <span class='ocrx_word' id='word_1_301' title='bbox 1067 2099 1352 2162; x_wconf 89' lang='lat' dir='ltr'><strong>humanos,</strong></span> <span class='ocrx_word' id='word_1_302' title='bbox 1385 2111 1722 2167; x_wconf 76' lang='lat' dir='ltr'><strong>nequaquam</strong></span> <span class='ocrx_word' id='word_1_303' title='bbox 1755 2095 1828 2149; x_wconf 91' lang='lat' dir='ltr'><strong>ita</strong></span> 
     </span>
    </p>
   </div>
   <div class='ocr_carea' id='block_1_34' title="bbox 221 2188 1828 2265">
    <p class='ocr_par' dir='ltr' id='par_1_34' title="bbox 221 2188 1828 2265">
     <span class='ocr_line' id='line_1_34' title="bbox 221 2188 1828 2265; baseline -0.007 -13"><span class='ocrx_word' id='word_1_304' title='bbox 221 2195 491 2252; x_wconf 88' lang='lat' dir='ltr'><strong>hactenus</strong></span> <span class='ocrx_word' id='word_1_305' title='bbox 517 2201 813 2265; x_wconf 85' lang='lat' dir='ltr'><strong>potuerunt</strong></span> <span class='ocrx_word' id='word_1_306' title='bbox 843 2193 984 2248; x_wconf 90' lang='lat' dir='ltr'><strong>inter</strong></span> <span class='ocrx_word' id='word_1_307' title='bbox 1008 2206 1067 2247; x_wconf 85' lang='lat' dir='ltr'><strong>se</strong></span> <span class='ocrx_word' id='word_1_308' title='bbox 1096 2193 1399 2247; x_wconf 86' lang='lat' dir='ltr'><strong>convenire</strong></span> <span class='ocrx_word' id='word_1_309' title='bbox 1435 2188 1610 2244; x_wconf 86' lang='lat' dir='ltr'><strong>deitas</strong></span> <span class='ocrx_word' id='word_1_310' title='bbox 1643 2199 1699 2244; x_wconf 90' lang='lat' dir='ltr'><strong>et</strong></span> <span class='ocrx_word' id='word_1_311' title='bbox 1729 2188 1828 2243; x_wconf 89' lang='lat' dir='ltr'><strong>hu-</strong></span> 
     </span>
    </p>
   </div>
   <div class='ocr_carea' id='block_1_35' title="bbox 221 2280 1832 2348">
    <p class='ocr_par' dir='ltr' id='par_1_35' title="bbox 221 2280 1832 2348">
     <span class='ocr_line' id='line_1_35' title="bbox 221 2280 1832 2348; baseline -0.008 -2"><span class='ocrx_word' id='word_1_312' title='bbox 221 2302 384 2346; x_wconf 86' lang='lat' dir='ltr'><strong>mana</strong></span> <span class='ocrx_word' id='word_1_313' title='bbox 422 2288 668 2343; x_wconf 89' lang='lat' dir='ltr'><strong>conditio</strong></span> <span class='ocrx_word' id='word_1_314' title='bbox 703 2304 715 2339; x_wconf 90' lang='lat'><strong>:</strong></span> <span class='ocrx_word' id='word_1_315' title='bbox 756 2295 1132 2341; x_wconf 87' lang='lat' dir='ltr'><strong>convenerunt</strong></span> <span class='ocrx_word' id='word_1_316' title='bbox 1182 2293 1361 2337; x_wconf 91' lang='lat' dir='ltr'><strong>tamen</strong></span> <span class='ocrx_word' id='word_1_317' title='bbox 1414 2282 1467 2336; x_wconf 92' lang='lat' dir='ltr'><strong>in</strong></span> <span class='ocrx_word' id='word_1_318' title='bbox 1506 2280 1744 2348; x_wconf 86' lang='lat' dir='ltr'><strong>Christo,</strong></span> <span class='ocrx_word' id='word_1_319' title='bbox 1776 2287 1832 2335; x_wconf 88' lang='lat' dir='ltr'><strong>et</strong></span> 
     </span>
    </p>
   </div>
   <div class='ocr_carea' id='block_1_36' title="bbox 223 2374 1831 2441">
    <p class='ocr_par' dir='ltr' id='par_1_36' title="bbox 223 2374 1831 2441">
     <span class='ocr_line' id='line_1_36' title="bbox 223 2374 1831 2441; baseline -0.009 0"><span class='ocrx_word' id='word_1_320' title='bbox 223 2402 362 2441; x_wconf 89' lang='lat' dir='ltr'><strong>unus</strong></span> <span class='ocrx_word' id='word_1_321' title='bbox 391 2393 565 2440; x_wconf 80' lang='lat' dir='ltr'><strong>estex</strong></span> <span class='ocrx_word' id='word_1_322' title='bbox 596 2380 863 2437; x_wconf 89' lang='lat' dir='ltr'><strong>ambobus</strong></span> <span class='ocrx_word' id='word_1_323' title='bbox 890 2378 1231 2439; x_wconf 86' lang='lat' dir='ltr'><strong>Emmanuel.</strong></span> <span class='ocrx_word' id='word_1_324' title='bbox 1266 2374 1421 2432; x_wconf 89' lang='lat' dir='ltr'><strong>Unde</strong></span> <span class='ocrx_word' id='word_1_325' title='bbox 1451 2374 1585 2431; x_wconf 88' lang='lat' dir='ltr'><strong>mihi</strong></span> <span class='ocrx_word' id='word_1_326' title='bbox 1618 2374 1831 2429; x_wconf 87' lang='lat' dir='ltr'><strong>videtur</strong></span> 
     </span>
    </p>
   </div>
   <div class='ocr_carea' id='block_1_37' title="bbox 1927 1819 3513 1902">
    <p class='ocr_par' dir='ltr' id='par_1_37' title="bbox 1927 1819 3513 1902">
     <span class='ocr_line' id='line_1_37' title="bbox 1927 1819 3513 1902; baseline 0.01 -30"><span class='ocrx_word' id='word_1_327' title='bbox 1927 1819 2131 1874; x_wconf 90' lang='lat' dir='ltr'><strong>mundo</strong></span> <span class='ocrx_word' id='word_1_328' title='bbox 2159 1820 2416 1875; x_wconf 84' lang='lat' dir='ltr'><strong>eiiloruit.</strong></span> <span class='ocrx_word' id='word_1_329' title='bbox 2446 1821 2515 1875; x_wconf 88' lang='lat' dir='ltr'><strong>Et</strong></span> <span class='ocrx_word' id='word_1_330' title='bbox 2548 1823 2690 1879; x_wconf 87' lang='lat' dir='ltr'><strong>bene</strong></span> <span class='ocrx_word' id='word_1_331' title='bbox 2718 1826 2787 1880; x_wconf 87' lang='lat' dir='ltr'><strong>ab</strong></span> <span class='ocrx_word' id='word_1_332' title='bbox 2820 1842 2889 1881; x_wconf 88' lang='lat' dir='ltr'><strong>eo</strong></span> <span class='ocrx_word' id='word_1_333' title='bbox 2920 1829 3112 1897; x_wconf 84' lang='lat' dir='ltr'><strong>plenus</strong></span> <span class='ocrx_word' id='word_1_334' title='bbox 3138 1844 3267 1901; x_wconf 88' lang='lat' dir='ltr'><strong>ager</strong></span> <span class='ocrx_word' id='word_1_335' title='bbox 3292 1832 3513 1902; x_wconf 89' lang='lat' dir='ltr'><strong>dicitur,</strong></span> 
     </span>
    </p>
   </div>
   <div class='ocr_carea' id='block_1_38' title="bbox 1929 1912 3518 1992">
    <p class='ocr_par' dir='ltr' id='par_1_38' title="bbox 1929 1912 3518 1992">
     <span class='ocr_line' id='line_1_38' title="bbox 1929 1912 3518 1992; baseline 0.011 -29"><span class='ocrx_word' id='word_1_336' title='bbox 1929 1913 2052 1979; x_wconf 86' lang='lat' dir='ltr'><strong>quia</strong></span> <span class='ocrx_word' id='word_1_337' title='bbox 2100 1912 2255 1981; x_wconf 89' lang='lat' dir='ltr'><strong>plena</strong></span> <span class='ocrx_word' id='word_1_338' title='bbox 2286 1913 2457 1981; x_wconf 89' lang='lat' dir='ltr'><strong>gratia</strong></span> <span class='ocrx_word' id='word_1_339' title='bbox 2492 1912 2755 1970; x_wconf 87' lang='lat' dir='ltr'><strong>virtutum</strong></span> <span class='ocrx_word' id='word_1_340' title='bbox 2796 1918 2951 1988; x_wconf 87' lang='lat' dir='ltr'><strong>virgo</strong></span> <span class='ocrx_word' id='word_1_341' title='bbox 2990 1920 3158 1975; x_wconf 84' lang='lat' dir='ltr'><strong>Maria</strong></span> <span class='ocrx_word' id='word_1_342' title='bbox 3194 1923 3518 1992; x_wconf 83' lang='lat' dir='ltr'><strong>pronuntia-</strong></span> 
     </span>
    </p>
   </div>
   <div class='ocr_carea' id='block_1_39' title="bbox 1934 2002 3520 2072">
    <p class='ocr_par' dir='ltr' id='par_1_39' title="bbox 1934 2002 3520 2072">
     <span class='ocr_line' id='line_1_39' title="bbox 1934 2002 3520 2072; baseline 0.009 -16"><span class='ocrx_word' id='word_1_343' title='bbox 1934 2010 2021 2057; x_wconf 90' lang='lat' dir='ltr'><strong>tur</strong></span> <span class='ocrx_word' id='word_1_344' title='bbox 2051 2020 2062 2056; x_wconf 93' lang='lat'><strong>:</strong></span> <span class='ocrx_word' id='word_1_345' title='bbox 2088 2003 2158 2058; x_wconf 91' lang='lat' dir='ltr'><strong>de</strong></span> <span class='ocrx_word' id='word_1_346' title='bbox 2185 2002 2343 2072; x_wconf 82' lang='lat' dir='ltr'><strong>cujus</strong></span> <span class='ocrx_word' id='word_1_347' title='bbox 2358 2015 2515 2059; x_wconf 87' lang='lat' dir='ltr'><strong>utero</strong></span> <span class='ocrx_word' id='word_1_348' title='bbox 2534 2006 2882 2063; x_wconf 88' lang='lat' dir='ltr'><strong>credentibus</strong></span> <span class='ocrx_word' id='word_1_349' title='bbox 2908 2011 3114 2066; x_wconf 77' lang='lat' dir='ltr'><strong>fructus</strong></span> <span class='ocrx_word' id='word_1_350' title='bbox 3142 2013 3267 2068; x_wconf 67' lang='lat' dir='ltr'><strong>vitae</strong></span> <span class='ocrx_word' id='word_1_351' title='bbox 3294 2015 3520 2071; x_wconf 85' lang='lat' dir='ltr'><strong>etl&#39;ulsit.</strong></span> 
     </span>
    </p>
   </div>
   <div class='ocr_carea' id='block_1_40' title="bbox 1935 2093 3523 2179">
    <p class='ocr_par' dir='ltr' id='par_1_40' title="bbox 1935 2093 3523 2179">
     <span class='ocr_line' id='line_1_40' title="bbox 1935 2093 3523 2179; baseline 0.009 -31"><span class='ocrx_word' id='word_1_352' title='bbox 1935 2094 2001 2149; x_wconf 74' lang='lat' dir='ltr'><strong>Et</strong></span> <span class='ocrx_word' id='word_1_353' title='bbox 2031 2112 2124 2149; x_wconf 84' lang='lat' dir='ltr'><strong>nos</strong></span> <span class='ocrx_word' id='word_1_354' title='bbox 2156 2093 2350 2164; x_wconf 82' lang='lat' dir='ltr'><strong>(inquit</strong></span> <span class='ocrx_word' id='word_1_355' title='bbox 2383 2098 2737 2170; x_wconf 76' lang='lat' dir='ltr'><strong>evangelista)</strong></span> <span class='ocrx_word' id='word_1_356' title='bbox 2768 2115 2943 2155; x_wconf 85' lang='lat' dir='ltr'><strong>omnes</strong></span> <span class='ocrx_word' id='word_1_357' title='bbox 2977 2102 3041 2155; x_wconf 86' lang='lat' dir='ltr'><strong>de</strong></span> <span class='ocrx_word' id='word_1_358' title='bbox 3066 2103 3388 2173; x_wconf 80' lang='lat' dir='ltr'><strong>plenitudine</strong></span> <span class='ocrx_word' id='word_1_359' title='bbox 3410 2110 3523 2179; x_wconf 82' lang='lat' dir='ltr'><strong>ejus</strong></span> 
     </span>
    </p>
   </div>
   <div class='ocr_carea' id='block_1_41' title="bbox 1932 2186 3525 2266">
    <p class='ocr_par' dir='ltr' id='par_1_41' title="bbox 1932 2186 3525 2266">
     <span class='ocr_line' id='line_1_41' title="bbox 1932 2186 3525 2266; baseline 0.008 -25"><span class='ocrx_word' id='word_1_360' title='bbox 1932 2188 2224 2257; x_wconf 81' lang='lat' dir='ltr'><strong>accepimus</strong></span> <span class='ocrx_word' id='word_1_361' title='bbox 2251 2186 2434 2258; x_wconf 81' lang='lat' dir='ltr'><strong>(Joan.</strong></span> <span class='ocrx_word' id='word_1_362' title='bbox 2465 2205 2505 2255; x_wconf 85' lang='grc' dir='ltr'><strong>ι,</strong></span> <span class='ocrx_word' id='word_1_363' title='bbox 2536 2190 2650 2261; x_wconf 75' lang='grc'><strong>16),</strong></span> <span class='ocrx_word' id='word_1_364' title='bbox 2680 2193 2904 2260; x_wconf 77' lang='lat' dir='ltr'><strong>gratiam</strong></span> <span class='ocrx_word' id='word_1_365' title='bbox 2931 2209 3027 2264; x_wconf 91' lang='lat' dir='ltr'><strong>pro</strong></span> <span class='ocrx_word' id='word_1_366' title='bbox 3053 2196 3250 2266; x_wconf 87' lang='lat' dir='ltr'><strong>gratia.</strong></span> <span class='ocrx_word' id='word_1_367' title='bbox 3275 2198 3525 2265; x_wconf 84' lang='lat' dir='ltr'><strong>Quapro-</strong></span> 
     </span>
    </p>
   </div>
   <div class='ocr_carea' id='block_1_42' title="bbox 1933 2282 3526 2359">
    <p class='ocr_par' dir='ltr' id='par_1_42' title="bbox 1933 2282 3526 2359">
     <span class='ocr_line' id='line_1_42' title="bbox 1933 2282 3526 2359; baseline 0.006 -24"><span class='ocrx_word' id='word_1_368' title='bbox 1933 2290 2057 2352; x_wconf 89' lang='lat' dir='ltr'><strong>pter</strong></span> <span class='ocrx_word' id='word_1_369' title='bbox 2085 2282 2311 2336; x_wconf 86' lang='lat' dir='ltr'><strong>obsccro</strong></span> <span class='ocrx_word' id='word_1_370' title='bbox 2352 2298 2468 2348; x_wconf 88' lang='lat' dir='ltr'><strong>vos,</strong></span> <span class='ocrx_word' id='word_1_371' title='bbox 2493 2300 2526 2337; x_wconf 88' lang='grc' dir='ltr'><strong>ο</strong></span> <span class='ocrx_word' id='word_1_372' title='bbox 2554 2284 2707 2352; x_wconf 81' lang='lat' dir='ltr'><strong>ﬁliae,</strong></span> <span class='ocrx_word' id='word_1_373' title='bbox 2750 2285 2910 2341; x_wconf 88' lang='lat' dir='ltr'><strong>talem</strong></span> <span class='ocrx_word' id='word_1_374' title='bbox 2956 2302 3019 2342; x_wconf 90' lang='lat' dir='ltr'><strong>ac</strong></span> <span class='ocrx_word' id='word_1_375' title='bbox 3058 2295 3258 2343; x_wconf 86' lang='lat' dir='ltr'><strong>tantam</strong></span> <span class='ocrx_word' id='word_1_376' title='bbox 3296 2291 3526 2359; x_wconf 83' lang='lat' dir='ltr'><strong>gratiam</strong></span> 
     </span>
    </p>
   </div>
   <div class='ocr_carea' id='block_1_43' title="bbox 1936 2374 3526 2450">
    <p class='ocr_par' dir='ltr' id='par_1_43' title="bbox 1936 2374 3526 2450">
     <span class='ocr_line' id='line_1_43' title="bbox 1936 2374 3526 2450; baseline 0.008 -23"><span class='ocrx_word' id='word_1_377' title='bbox 1936 2388 2005 2428; x_wconf 90' lang='lat' dir='ltr'><strong>ne</strong></span> <span class='ocrx_word' id='word_1_378' title='bbox 2034 2374 2090 2427; x_wconf 92' lang='lat' dir='ltr'><strong>in</strong></span> <span class='ocrx_word' id='word_1_379' title='bbox 2118 2388 2345 2429; x_wconf 83' lang='lat' dir='ltr'><strong>vacuum</strong></span> <span class='ocrx_word' id='word_1_380' title='bbox 2380 2376 2674 2445; x_wconf 86' lang='lat' dir='ltr'><strong>recipiatis,</strong></span> <span class='ocrx_word' id='word_1_381' title='bbox 2706 2392 2827 2447; x_wconf 72' lang='lat' dir='ltr'><strong>qua:</strong></span> <span class='ocrx_word' id='word_1_382' title='bbox 2859 2386 2944 2434; x_wconf 89' lang='lat' dir='ltr'><strong>est</strong></span> <span class='ocrx_word' id='word_1_383' title='bbox 2967 2378 3022 2434; x_wconf 88' lang='lat' dir='ltr'><strong>in</strong></span> <span class='ocrx_word' id='word_1_384' title='bbox 3048 2379 3268 2436; x_wconf 88' lang='lat' dir='ltr'><strong>Christo</strong></span> <span class='ocrx_word' id='word_1_385' title='bbox 3293 2382 3446 2450; x_wconf 81' lang='lat' dir='ltr'><strong>Jesu,</strong></span> <span class='ocrx_word' id='word_1_386' title='bbox 3471 2383 3526 2439; x_wconf 86' lang='lat' dir='ltr'><strong>in</strong></span> 
     </span>
    </p>
   </div>
   <div class='ocr_carea' id='block_1_44' title="bbox 226 2467 1828 2549">
    <p class='ocr_par' dir='ltr' id='par_1_44' title="bbox 226 2467 1828 2549">
     <span class='ocr_line' id='line_1_44' title="bbox 226 2467 1828 2549; baseline -0.008 -15"><span class='ocrx_word' id='word_1_387' title='bbox 226 2476 373 2549; x_wconf 87' lang='lat' dir='ltr'><strong>quod</strong></span> <span class='ocrx_word' id='word_1_388' title='bbox 396 2476 743 2531; x_wconf 86' lang='lat' dir='ltr'><strong>altitudinem</strong></span> <span class='ocrx_word' id='word_1_389' title='bbox 770 2474 905 2529; x_wconf 76' lang='lat' dir='ltr'><strong>tanti</strong></span> <span class='ocrx_word' id='word_1_390' title='bbox 936 2470 1176 2543; x_wconf 87' lang='lat' dir='ltr'><strong>mysterii</strong></span> <span class='ocrx_word' id='word_1_391' title='bbox 1205 2468 1499 2539; x_wconf 86' lang='lat' dir='ltr'><strong>diligenter</strong></span> <span class='ocrx_word' id='word_1_392' title='bbox 1522 2467 1828 2537; x_wconf 87' lang='lat' dir='ltr'><strong>intelligere</strong></span> 
     </span>
    </p>
   </div>
   <div class='ocr_carea' id='block_1_45' title="bbox 224 2559 1829 2635">
    <p class='ocr_par' dir='ltr' id='par_1_45' title="bbox 224 2559 1829 2635">
     <span class='ocr_line' id='line_1_45' title="bbox 224 2559 1829 2635; baseline -0.01 -8"><span class='ocrx_word' id='word_1_393' title='bbox 224 2582 277 2627; x_wconf 91' lang='lat' dir='ltr'><strong>et</strong></span> <span class='ocrx_word' id='word_1_394' title='bbox 308 2568 500 2627; x_wconf 85' lang='lat' dir='ltr'><strong>videre</strong></span> <span class='ocrx_word' id='word_1_395' title='bbox 527 2583 636 2623; x_wconf 92' lang='lat' dir='ltr'><strong>non</strong></span> <span class='ocrx_word' id='word_1_396' title='bbox 667 2574 972 2635; x_wconf 88' lang='lat' dir='ltr'><strong>potuerunt,</strong></span> <span class='ocrx_word' id='word_1_397' title='bbox 1012 2564 1107 2634; x_wconf 90' lang='lat' dir='ltr'><strong>qui</strong></span> <span class='ocrx_word' id='word_1_398' title='bbox 1155 2569 1248 2617; x_wconf 89' lang='lat' dir='ltr'><strong>aut</strong></span> <span class='ocrx_word' id='word_1_399' title='bbox 1289 2560 1426 2615; x_wconf 91' lang='lat' dir='ltr'><strong>duos</strong></span> <span class='ocrx_word' id='word_1_400' title='bbox 1473 2559 1617 2614; x_wconf 89' lang='lat' dir='ltr'><strong>ﬁlios</strong></span> <span class='ocrx_word' id='word_1_401' title='bbox 1659 2566 1829 2623; x_wconf 89' lang='lat' dir='ltr'><strong>certe,</strong></span> 
     </span>
    </p>
   </div>
   <div class='ocr_carea' id='block_1_46' title="bbox 226 2650 1831 2727">
    <p class='ocr_par' dir='ltr' id='par_1_46' title="bbox 226 2650 1831 2727">
     <span class='ocr_line' id='line_1_46' title="bbox 226 2650 1831 2727; baseline -0.011 -8"><span class='ocrx_word' id='word_1_402' title='bbox 226 2673 317 2719; x_wconf 89' lang='lat' dir='ltr'><strong>aut</strong></span> <span class='ocrx_word' id='word_1_403' title='bbox 339 2662 489 2718; x_wconf 74' lang='lat' dir='ltr'><strong>aliud</strong></span> <span class='ocrx_word' id='word_1_404' title='bbox 519 2659 817 2727; x_wconf 82' lang='lat' dir='ltr'><strong>Christum,</strong></span> <span class='ocrx_word' id='word_1_405' title='bbox 863 2672 1026 2727; x_wconf 87' lang='lat' dir='ltr'><strong>quam</strong></span> <span class='ocrx_word' id='word_1_406' title='bbox 1068 2655 1163 2710; x_wconf 91' lang='lat' dir='ltr'><strong>Dei</strong></span> <span class='ocrx_word' id='word_1_407' title='bbox 1214 2653 1381 2709; x_wconf 89' lang='lat' dir='ltr'><strong>ﬁlium</strong></span> <span class='ocrx_word' id='word_1_408' title='bbox 1429 2650 1831 2708; x_wconf 77' lang='lat' dir='ltr'><strong>existimavere.</strong></span> 
     </span>
    </p>
   </div>
   <div class='ocr_carea' id='block_1_47' title="bbox 225 2743 1834 2825">
    <p class='ocr_par' dir='ltr' id='par_1_47' title="bbox 225 2743 1834 2825">
     <span class='ocr_line' id='line_1_47' title="bbox 225 2743 1834 2825; baseline -0.006 -17"><span class='ocrx_word' id='word_1_409' title='bbox 225 2755 567 2825; x_wconf 85' lang='lat' dir='ltr'><strong>Quapropter</strong></span> <span class='ocrx_word' id='word_1_410' title='bbox 590 2766 691 2808; x_wconf 92' lang='lat' dir='ltr'><strong>nec</strong></span> <span class='ocrx_word' id='word_1_411' title='bbox 714 2766 813 2807; x_wconf 92' lang='lat' dir='ltr'><strong>nos</strong></span> <span class='ocrx_word' id='word_1_412' title='bbox 838 2751 1109 2804; x_wconf 88' lang='lat' dir='ltr'><strong>hominem</strong></span> <span class='ocrx_word' id='word_1_413' title='bbox 1135 2762 1384 2804; x_wconf 84' lang='lat' dir='ltr'><strong>seorsum</strong></span> <span class='ocrx_word' id='word_1_414' title='bbox 1404 2746 1661 2811; x_wconf 89' lang='lat' dir='ltr'><strong>colimus,</strong></span> <span class='ocrx_word' id='word_1_415' title='bbox 1691 2743 1834 2814; x_wconf 91' lang='lat' dir='ltr'><strong>quod</strong></span> 
     </span>
    </p>
   </div>
   <div class='ocr_carea' id='block_1_48' title="bbox 233 2840 1839 2913">
    <p class='ocr_par' dir='ltr' id='par_1_48' title="bbox 233 2840 1839 2913">
     <span class='ocr_line' id='line_1_48' title="bbox 233 2840 1839 2913; baseline -0.007 -9"><span class='ocrx_word' id='word_1_416' title='bbox 233 2847 387 2904; x_wconf 81' lang='lat' dir='ltr'><strong>nefas</strong></span> <span class='ocrx_word' id='word_1_417' title='bbox 407 2856 515 2913; x_wconf 90' lang='lat' dir='ltr'><strong>est,</strong></span> <span class='ocrx_word' id='word_1_418' title='bbox 546 2859 648 2900; x_wconf 90' lang='lat' dir='ltr'><strong>nec</strong></span> <span class='ocrx_word' id='word_1_419' title='bbox 673 2844 995 2907; x_wconf 87' lang='lat' dir='ltr'><strong>adoramus;</strong></span> <span class='ocrx_word' id='word_1_420' title='bbox 1030 2842 1125 2896; x_wconf 89' lang='lat' dir='ltr'><strong>sed</strong></span> <span class='ocrx_word' id='word_1_421' title='bbox 1164 2840 1333 2896; x_wconf 90' lang='lat' dir='ltr'><strong>Deum</strong></span> <span class='ocrx_word' id='word_1_422' title='bbox 1380 2840 1548 2909; x_wconf 87' lang='lat' dir='ltr'><strong>magis</strong></span> <span class='ocrx_word' id='word_1_423' title='bbox 1588 2842 1839 2894; x_wconf 89' lang='lat' dir='ltr'><strong>incarna-</strong></span> 
     </span>
    </p>
   </div>
   <div class='ocr_carea' id='block_1_49' title="bbox 229 2927 3535 3010">
    <p class='ocr_par' dir='ltr' id='par_1_49' title="bbox 229 2927 3535 3010">
     <span class='ocr_line' id='line_1_49' title="bbox 229 2927 3535 3010; baseline -0.003 -13"><span class='ocrx_word' id='word_1_424' title='bbox 229 2950 369 3007; x_wconf 88' lang='lat' dir='ltr'><strong>tum,</strong></span> <span class='ocrx_word' id='word_1_425' title='bbox 403 2940 497 3010; x_wconf 90' lang='lat' dir='ltr'><strong>qui</strong></span> <span class='ocrx_word' id='word_1_426' title='bbox 530 2938 808 3007; x_wconf 84' lang='lat' dir='ltr'><strong>preprium</strong></span> <span class='ocrx_word' id='word_1_427' title='bbox 842 2936 941 2992; x_wconf 89' lang='lat' dir='ltr'><strong>sibi</strong></span> <span class='ocrx_word' id='word_1_428' title='bbox 975 2952 1175 3003; x_wconf 89' lang='lat' dir='ltr'><strong>corpus</strong></span> <span class='ocrx_word' id='word_1_429' title='bbox 1200 2935 1501 2990; x_wconf 88' lang='lat' dir='ltr'><strong>animatum</strong></span> <span class='ocrx_word' id='word_1_430' title='bbox 1526 2934 1722 2997; x_wconf 90' lang='lat' dir='ltr'><strong>univit,</strong></span> <span class='ocrx_word' id='word_1_431' title='bbox 1766 2935 1839 2988; x_wconf 90' lang='lat' dir='ltr'><strong>ita</strong></span> <span class='ocrx_word' id='word_1_432' title='bbox 1944 2928 2022 2982; x_wconf 90' lang='lat' dir='ltr'><strong>sic</strong></span> <span class='ocrx_word' id='word_1_433' title='bbox 2046 2927 2228 2983; x_wconf 88' lang='lat' dir='ltr'><strong>unitus</strong></span> <span class='ocrx_word' id='word_1_434' title='bbox 2256 2937 2337 2982; x_wconf 91' lang='lat' dir='ltr'><strong>est</strong></span> <span class='ocrx_word' id='word_1_435' title='bbox 2379 2928 2520 2983; x_wconf 89' lang='lat' dir='ltr'><strong>Deus</strong></span> <span class='ocrx_word' id='word_1_436' title='bbox 2548 2943 2648 2985; x_wconf 88' lang='lat' dir='ltr'><strong>suo</strong></span> <span class='ocrx_word' id='word_1_437' title='bbox 2681 2932 2918 3000; x_wconf 90' lang='lat' dir='ltr'><strong>corpori,</strong></span> <span class='ocrx_word' id='word_1_438' title='bbox 2953 2943 3009 2986; x_wconf 93' lang='lat' dir='ltr'><strong>ut</strong></span> <span class='ocrx_word' id='word_1_439' title='bbox 3051 2933 3255 2988; x_wconf 91' lang='lat' dir='ltr'><strong>nullam</strong></span> <span class='ocrx_word' id='word_1_440' title='bbox 3300 2935 3535 3005; x_wconf 86' lang='lat' dir='ltr'><strong>patiatur</strong></span> 
     </span>
    </p>
   </div>
   <div class='ocr_carea' id='block_1_50' title="bbox 232 3018 3539 3096">
    <p class='ocr_par' dir='ltr' id='par_1_50' title="bbox 232 3018 3539 3096">
     <span class='ocr_line' id='line_1_50' title="bbox 232 3018 3539 3096; baseline -0.003 -10"><span class='ocrx_word' id='word_1_441' title='bbox 232 3042 290 3087; x_wconf 93' lang='lat' dir='ltr'><strong>ut</strong></span> <span class='ocrx_word' id='word_1_442' title='bbox 316 3033 459 3089; x_wconf 90' lang='lat' dir='ltr'><strong>Deus</strong></span> <span class='ocrx_word' id='word_1_443' title='bbox 487 3030 723 3088; x_wconf 85' lang='lat' dir='ltr'><strong>Verbum</strong></span> <span class='ocrx_word' id='word_1_444' title='bbox 750 3044 882 3085; x_wconf 87' lang='lat' dir='ltr'><strong>caro</strong></span> <span class='ocrx_word' id='word_1_445' title='bbox 914 3029 1110 3085; x_wconf 90' lang='lat' dir='ltr'><strong>ﬁeret:</strong></span> <span class='ocrx_word' id='word_1_446' title='bbox 1134 3036 1191 3083; x_wconf 88' lang='lat' dir='ltr'><strong>et</strong></span> <span class='ocrx_word' id='word_1_447' title='bbox 1215 3043 1323 3083; x_wconf 91' lang='lat' dir='ltr'><strong>non</strong></span> <span class='ocrx_word' id='word_1_448' title='bbox 1356 3029 1410 3083; x_wconf 91' lang='lat' dir='ltr'><strong>in</strong></span> <span class='ocrx_word' id='word_1_449' title='bbox 1450 3027 1614 3083; x_wconf 91' lang='lat' dir='ltr'><strong>alium</strong></span> <span class='ocrx_word' id='word_1_450' title='bbox 1649 3040 1841 3096; x_wconf 81' lang='lat' dir='ltr'><strong>quem-</strong></span> <span class='ocrx_word' id='word_1_451' title='bbox 1947 3018 2064 3075; x_wconf 79' lang='lat' dir='ltr'><strong>ﬁeri</strong></span> <span class='ocrx_word' id='word_1_452' title='bbox 2108 3020 2253 3074; x_wconf 81' lang='lat' dir='ltr'><strong>inter</strong></span> <span class='ocrx_word' id='word_1_453' title='bbox 2282 3021 2450 3075; x_wconf 85' lang='lat' dir='ltr'><strong>Deum</strong></span> <span class='ocrx_word' id='word_1_454' title='bbox 2485 3032 2540 3078; x_wconf 89' lang='lat' dir='ltr'><strong>et</strong></span> <span class='ocrx_word' id='word_1_455' title='bbox 2579 3020 2853 3078; x_wconf 85' lang='lat' dir='ltr'><strong>hominem</strong></span> <span class='ocrx_word' id='word_1_456' title='bbox 2890 3022 3122 3078; x_wconf 83' lang='lat' dir='ltr'><strong>humana</strong></span> <span class='ocrx_word' id='word_1_457' title='bbox 3167 3027 3419 3095; x_wconf 85' lang='lat' dir='ltr'><strong>opinione</strong></span> <span class='ocrx_word' id='word_1_458' title='bbox 3454 3026 3539 3081; x_wconf 86' lang='lat' dir='ltr'><strong>di-</strong></span> 
     </span>
    </p>
   </div>
   <div class='ocr_carea' id='block_1_51' title="bbox 232 3114 3541 3193">
    <p class='ocr_par' dir='ltr' id='par_1_51' title="bbox 232 3114 3541 3193">
     <span class='ocr_line' id='line_1_51' title="bbox 232 3114 3541 3193; baseline -0.002 -13"><span class='ocrx_word' id='word_1_459' title='bbox 232 3124 387 3192; x_wconf 89' lang='lat' dir='ltr'><strong>lihet,</strong></span> <span class='ocrx_word' id='word_1_460' title='bbox 414 3124 511 3180; x_wconf 76' lang='lat' dir='ltr'><strong>sed</strong></span> <span class='ocrx_word' id='word_1_461' title='bbox 534 3124 589 3179; x_wconf 90' lang='lat' dir='ltr'><strong>iu</strong></span> <span class='ocrx_word' id='word_1_462' title='bbox 610 3124 961 3193; x_wconf 86' lang='lat' dir='ltr'><strong>semetipsum</strong></span> <span class='ocrx_word' id='word_1_463' title='bbox 987 3122 1210 3177; x_wconf 86' lang='lat' dir='ltr'><strong>caderet</strong></span> <span class='ocrx_word' id='word_1_464' title='bbox 1236 3120 1434 3189; x_wconf 86' lang='lat' dir='ltr'><strong>unitas,</strong></span> <span class='ocrx_word' id='word_1_465' title='bbox 1473 3123 1563 3191; x_wconf 89' lang='lat' dir='ltr'><strong>qui</strong></span> <span class='ocrx_word' id='word_1_466' title='bbox 1607 3135 1744 3175; x_wconf 91' lang='lat' dir='ltr'><strong>unus</strong></span> <span class='ocrx_word' id='word_1_467' title='bbox 1785 3127 1839 3174; x_wconf 90' lang='lat' dir='ltr'><strong>ct</strong></span> <span class='ocrx_word' id='word_1_468' title='bbox 1866 3119 1910 3182; x_wconf 87' lang='lat' dir='ltr'><strong>C</strong></span> <span class='ocrx_word' id='word_1_469' title='bbox 1942 3114 2233 3170; x_wconf 84' lang='lat' dir='ltr'><strong>stantiam:</strong></span> <span class='ocrx_word' id='word_1_470' title='bbox 2282 3129 2351 3170; x_wconf 87' lang='lat' dir='ltr'><strong>ne</strong></span> <span class='ocrx_word' id='word_1_471' title='bbox 2389 3114 2525 3170; x_wconf 77' lang='lat' dir='ltr'><strong>forte</strong></span> <span class='ocrx_word' id='word_1_472' title='bbox 2566 3116 2745 3186; x_wconf 87' lang='lat' dir='ltr'><strong>(quod</strong></span> <span class='ocrx_word' id='word_1_473' title='bbox 2785 3117 2952 3188; x_wconf 89' lang='lat' dir='ltr'><strong>absit)</strong></span> <span class='ocrx_word' id='word_1_474' title='bbox 2996 3118 3134 3173; x_wconf 88' lang='lat' dir='ltr'><strong>alius</strong></span> <span class='ocrx_word' id='word_1_475' title='bbox 3163 3117 3304 3172; x_wconf 87' lang='lat' dir='ltr'><strong>ﬁlius</strong></span> <span class='ocrx_word' id='word_1_476' title='bbox 3334 3119 3452 3185; x_wconf 88' lang='lat' dir='ltr'><strong>Dei,</strong></span> <span class='ocrx_word' id='word_1_477' title='bbox 3485 3128 3541 3175; x_wconf 86' lang='lat' dir='ltr'><strong>et</strong></span> 
     </span>
    </p>
   </div>
   <div class='ocr_carea' id='block_1_52' title="bbox 235 3210 3541 3287">
    <p class='ocr_par' dir='ltr' id='par_1_52' title="bbox 235 3210 3541 3287">
     <span class='ocr_line' id='line_1_52' title="bbox 235 3210 3541 3287; baseline -0.002 -12"><span class='ocrx_word' id='word_1_478' title='bbox 235 3233 400 3275; x_wconf 84' lang='lat' dir='ltr'><strong>verus</strong></span> <span class='ocrx_word' id='word_1_479' title='bbox 422 3218 519 3273; x_wconf 86' lang='lat' dir='ltr'><strong>Dei</strong></span> <span class='ocrx_word' id='word_1_480' title='bbox 544 3217 688 3273; x_wconf 88' lang='lat' dir='ltr'><strong>ﬁlius</strong></span> <span class='ocrx_word' id='word_1_481' title='bbox 716 3228 933 3287; x_wconf 89' lang='lat' dir='ltr'><strong>semper</strong></span> <span class='ocrx_word' id='word_1_482' title='bbox 962 3224 1099 3272; x_wconf 87' lang='lat' dir='ltr'><strong>erat.</strong></span> <span class='ocrx_word' id='word_1_483' title='bbox 1128 3214 1335 3271; x_wconf 87' lang='lat' dir='ltr'><strong>Idcirco</strong></span> <span class='ocrx_word' id='word_1_484' title='bbox 1357 3228 1465 3269; x_wconf 90' lang='lat' dir='ltr'><strong>non</strong></span> <span class='ocrx_word' id='word_1_485' title='bbox 1491 3215 1653 3269; x_wconf 89' lang='lat' dir='ltr'><strong>alium</strong></span> <span class='ocrx_word' id='word_1_486' title='bbox 1681 3228 1841 3283; x_wconf 88' lang='lat' dir='ltr'><strong>quam</strong></span> <span class='ocrx_word' id='word_1_487' title='bbox 1949 3210 2086 3266; x_wconf 88' lang='lat' dir='ltr'><strong>alius</strong></span> <span class='ocrx_word' id='word_1_488' title='bbox 2116 3210 2258 3265; x_wconf 88' lang='lat' dir='ltr'><strong>ﬁlius</strong></span> <span class='ocrx_word' id='word_1_489' title='bbox 2291 3210 2523 3267; x_wconf 85' lang='lat' dir='ltr'><strong>hominis</strong></span> <span class='ocrx_word' id='word_1_490' title='bbox 2550 3212 2803 3267; x_wconf 84' lang='lat' dir='ltr'><strong>credatur</strong></span> <span class='ocrx_word' id='word_1_491' title='bbox 2832 3230 2845 3263; x_wconf 93' lang='lat'><strong>:</strong></span> <span class='ocrx_word' id='word_1_492' title='bbox 2878 3213 3175 3281; x_wconf 62' lang='lat' dir='ltr'><strong>praesertim</strong></span> <span class='ocrx_word' id='word_1_493' title='bbox 3206 3212 3330 3283; x_wconf 88' lang='lat' dir='ltr'><strong>quia</strong></span> <span class='ocrx_word' id='word_1_494' title='bbox 3357 3213 3541 3283; x_wconf 89' lang='lat' dir='ltr'><strong>Scrip-</strong></span> 
     </span>
    </p>
   </div>
   <div class='ocr_carea' id='block_1_53' title="bbox 235 3303 3546 3379">
    <p class='ocr_par' dir='ltr' id='par_1_53' title="bbox 235 3303 3546 3379">
     <span class='ocr_line' id='line_1_53' title="bbox 235 3303 3546 3379; baseline -0.003 -12"><span class='ocrx_word' id='word_1_495' title='bbox 235 3308 521 3376; x_wconf 84' lang='lat' dir='ltr'><strong>eumdem,</strong></span> <span class='ocrx_word' id='word_1_496' title='bbox 568 3310 854 3379; x_wconf 86' lang='lat' dir='ltr'><strong>ipsumque</strong></span> <span class='ocrx_word' id='word_1_497' title='bbox 898 3307 993 3362; x_wconf 87' lang='lat' dir='ltr'><strong>Dei</strong></span> <span class='ocrx_word' id='word_1_498' title='bbox 1034 3307 1205 3361; x_wconf 90' lang='lat' dir='ltr'><strong>ﬁlium</strong></span> <span class='ocrx_word' id='word_1_499' title='bbox 1230 3314 1286 3362; x_wconf 90' lang='lat' dir='ltr'><strong>et</strong></span> <span class='ocrx_word' id='word_1_500' title='bbox 1313 3305 1543 3361; x_wconf 89' lang='lat' dir='ltr'><strong>colimus</strong></span> <span class='ocrx_word' id='word_1_501' title='bbox 1570 3314 1623 3361; x_wconf 92' lang='lat' dir='ltr'><strong>et</strong></span> <span class='ocrx_word' id='word_1_502' title='bbox 1649 3304 1845 3361; x_wconf 89' lang='lat' dir='ltr'><strong>adora-</strong></span> <span class='ocrx_word' id='word_1_503' title='bbox 1950 3312 2067 3358; x_wconf 85' lang='lat' dir='ltr'><strong>tura</strong></span> <span class='ocrx_word' id='word_1_504' title='bbox 2100 3303 2282 3358; x_wconf 88' lang='lat' dir='ltr'><strong>divina</strong></span> <span class='ocrx_word' id='word_1_505' title='bbox 2308 3305 2386 3358; x_wconf 89' lang='lat' dir='ltr'><strong>sic</strong></span> <span class='ocrx_word' id='word_1_506' title='bbox 2412 3305 2688 3359; x_wconf 86' lang='lat' dir='ltr'><strong>connectit</strong></span> <span class='ocrx_word' id='word_1_507' title='bbox 2714 3312 2770 3359; x_wconf 92' lang='lat' dir='ltr'><strong>et</strong></span> <span class='ocrx_word' id='word_1_508' title='bbox 2797 3312 3156 3374; x_wconf 89' lang='lat' dir='ltr'><strong>concorporat</strong></span> <span class='ocrx_word' id='word_1_509' title='bbox 3176 3303 3345 3358; x_wconf 89' lang='lat' dir='ltr'><strong>Deum</strong></span> <span class='ocrx_word' id='word_1_510' title='bbox 3373 3314 3427 3358; x_wconf 91' lang='lat' dir='ltr'><strong>et</strong></span> <span class='ocrx_word' id='word_1_511' title='bbox 3456 3304 3546 3358; x_wconf 83' lang='lat' dir='ltr'><strong>lio-</strong></span> 
     </span>
    </p>
   </div>
   <div class='ocr_carea' id='block_1_54' title="bbox 236 3394 3551 3471">
    <p class='ocr_par' dir='ltr' id='par_1_54' title="bbox 236 3394 3551 3471">
     <span class='ocr_line' id='line_1_54' title="bbox 236 3394 3551 3471; baseline -0.003 -11"><span class='ocrx_word' id='word_1_512' title='bbox 236 3417 386 3460; x_wconf 85' lang='lat' dir='ltr'><strong>mus.</strong></span> <span class='ocrx_word' id='word_1_513' title='bbox 412 3402 509 3470; x_wconf 85' lang='lat' dir='ltr'><strong>Qui</strong></span> <span class='ocrx_word' id='word_1_514' title='bbox 543 3402 676 3457; x_wconf 91' lang='lat' dir='ltr'><strong>nihil</strong></span> <span class='ocrx_word' id='word_1_515' title='bbox 706 3403 821 3471; x_wconf 90' lang='lat' dir='ltr'><strong>ipse</strong></span> <span class='ocrx_word' id='word_1_516' title='bbox 850 3416 947 3471; x_wconf 90' lang='lat' dir='ltr'><strong>pro</strong></span> <span class='ocrx_word' id='word_1_517' title='bbox 976 3410 1254 3469; x_wconf 88' lang='lat' dir='ltr'><strong>assumpto</strong></span> <span class='ocrx_word' id='word_1_518' title='bbox 1281 3399 1501 3456; x_wconf 81' lang='lat' dir='ltr'><strong>homine</strong></span> <span class='ocrx_word' id='word_1_519' title='bbox 1525 3408 1611 3456; x_wconf 91' lang='lat' dir='ltr'><strong>est</strong></span> <span class='ocrx_word' id='word_1_520' title='bbox 1631 3408 1845 3466; x_wconf 90' lang='lat' dir='ltr'><strong>auctus,</strong></span> <span class='ocrx_word' id='word_1_521' title='bbox 1952 3395 2180 3465; x_wconf 86' lang='lat' dir='ltr'><strong>minem,</strong></span> <span class='ocrx_word' id='word_1_522' title='bbox 2215 3405 2271 3449; x_wconf 94' lang='lat' dir='ltr'><strong>ut</strong></span> <span class='ocrx_word' id='word_1_523' title='bbox 2298 3410 2398 3450; x_wconf 90' lang='lat' dir='ltr'><strong>nec</strong></span> <span class='ocrx_word' id='word_1_524' title='bbox 2434 3397 2487 3449; x_wconf 93' lang='lat' dir='ltr'><strong>in</strong></span> <span class='ocrx_word' id='word_1_525' title='bbox 2516 3405 2761 3463; x_wconf 89' lang='lat' dir='ltr'><strong>tempore</strong></span> <span class='ocrx_word' id='word_1_526' title='bbox 2796 3394 3071 3449; x_wconf 90' lang='lat' dir='ltr'><strong>hominem</strong></span> <span class='ocrx_word' id='word_1_527' title='bbox 3110 3394 3397 3449; x_wconf 88' lang='lat' dir='ltr'><strong>admodum</strong></span> <span class='ocrx_word' id='word_1_528' title='bbox 3428 3396 3551 3463; x_wconf 88' lang='lat' dir='ltr'><strong>quis</strong></span> 
     </span>
    </p>
   </div>
   <div class='ocr_carea' id='block_1_55' title="bbox 236 3485 3555 3567">
    <p class='ocr_par' dir='ltr' id='par_1_55' title="bbox 236 3485 3555 3567">
     <span class='ocr_line' id='line_1_55' title="bbox 236 3485 3555 3567; baseline 0.001 -28"><span class='ocrx_word' id='word_1_529' title='bbox 236 3497 490 3567; x_wconf 65' lang='lat' dir='ltr'><strong>nihilque</strong></span> <span class='ocrx_word' id='word_1_530' title='bbox 512 3496 658 3567; x_wconf 71' lang='lat' dir='ltr'><strong>quod</strong></span> <span class='ocrx_word' id='word_1_531' title='bbox 691 3495 931 3552; x_wconf 60' lang='lat' dir='ltr'><strong>verbum</strong></span> <span class='ocrx_word' id='word_1_532' title='bbox 961 3510 1092 3552; x_wconf 70' lang='lat' dir='ltr'><strong>eam</strong></span> <span class='ocrx_word' id='word_1_533' title='bbox 1119 3495 1317 3551; x_wconf 65' lang='lat' dir='ltr'><strong>factum</strong></span> <span class='ocrx_word' id='word_1_534' title='bbox 1353 3504 1459 3560; x_wconf 65' lang='grc' dir='ltr'><strong>εει,</strong></span> <span class='ocrx_word' id='word_1_535' title='bbox 1496 3496 1813 3551; x_wconf 68' lang='lat' dir='ltr'><strong>imminutus</strong></span> <span class='ocrx_word' id='word_1_536' title='bbox 1836 3537 1851 3558; x_wconf 79' lang='grc'><em>,</em></span> <span class='ocrx_word' id='word_1_537' title='bbox 1955 3503 1986 3542; x_wconf 87' lang='lat' dir='ltr'><strong>a</strong></span> <span class='ocrx_word' id='word_1_538' title='bbox 2013 3488 2147 3554; x_wconf 88' lang='lat' dir='ltr'><strong>Deo,</strong></span> <span class='ocrx_word' id='word_1_539' title='bbox 2182 3501 2283 3541; x_wconf 91' lang='lat' dir='ltr'><strong>nec</strong></span> <span class='ocrx_word' id='word_1_540' title='bbox 2314 3488 2364 3539; x_wconf 92' lang='lat' dir='ltr'><strong>in</strong></span> <span class='ocrx_word' id='word_1_541' title='bbox 2398 3486 2649 3556; x_wconf 85' lang='lat' dir='ltr'><strong>passione</strong></span> <span class='ocrx_word' id='word_1_542' title='bbox 2679 3485 2849 3555; x_wconf 87' lang='lat' dir='ltr'><strong>possit</strong></span> <span class='ocrx_word' id='word_1_543' title='bbox 2887 3485 2957 3540; x_wconf 84' lang='lat' dir='ltr'><strong>ab</strong></span> <span class='ocrx_word' id='word_1_544' title='bbox 2990 3485 3209 3541; x_wconf 89' lang='lat' dir='ltr'><strong>homine</strong></span> <span class='ocrx_word' id='word_1_545' title='bbox 3250 3485 3417 3542; x_wconf 90' lang='lat' dir='ltr'><strong>Deum</strong></span> <span class='ocrx_word' id='word_1_546' title='bbox 3443 3486 3555 3543; x_wconf 86' lang='lat' dir='ltr'><strong>dis-</strong></span> 
     </span>
    </p>
   </div>
   <div class='ocr_carea' id='block_1_56' title="bbox 237 3576 3555 3660">
    <p class='ocr_par' dir='ltr' id='par_1_56' title="bbox 237 3576 3555 3660">
     <span class='ocr_line' id='line_1_56' title="bbox 237 3576 3555 3660; baseline 0.001 -28"><span class='ocrx_word' id='word_1_547' title='bbox 237 3592 324 3650; x_wconf 64' lang='grc' dir='ltr'><strong>νει</strong></span> <span class='ocrx_word' id='word_1_548' title='bbox 353 3592 681 3647; x_wconf 51' lang='lat' dir='ltr'><strong>immutatus</strong></span> <span class='ocrx_word' id='word_1_549' title='bbox 718 3600 835 3645; x_wconf 52' lang='lat' dir='ltr'><strong>est;</strong></span> <span class='ocrx_word' id='word_1_550' title='bbox 882 3600 937 3646; x_wconf 70' lang='grc' dir='ltr'><strong>ει</strong></span> <span class='ocrx_word' id='word_1_551' title='bbox 979 3588 1100 3645; x_wconf 66' lang='lat' dir='ltr'><strong>ideo</strong></span> <span class='ocrx_word' id='word_1_552' title='bbox 1147 3605 1287 3645; x_wconf 74' lang='lat' dir='ltr'><strong>unus</strong></span> <span class='ocrx_word' id='word_1_553' title='bbox 1337 3589 1588 3660; x_wconf 69' lang='lat' dir='ltr'><strong>idemque</strong></span> <span class='ocrx_word' id='word_1_554' title='bbox 1636 3604 1855 3659; x_wconf 71' lang='lat' dir='ltr'><strong>semper</strong></span> <span class='ocrx_word' id='word_1_555' title='bbox 1957 3592 2204 3635; x_wconf 89' lang='lat' dir='ltr'><strong>cernere.</strong></span> <span class='ocrx_word' id='word_1_556' title='bbox 2239 3576 2395 3632; x_wconf 89' lang='lat' dir='ltr'><strong>Unde</strong></span> <span class='ocrx_word' id='word_1_557' title='bbox 2424 3580 2467 3633; x_wconf 90' lang='lat' dir='ltr'><strong>si</strong></span> <span class='ocrx_word' id='word_1_558' title='bbox 2498 3578 2565 3632; x_wconf 86' lang='lat' dir='ltr'><strong>ad</strong></span> <span class='ocrx_word' id='word_1_559' title='bbox 2592 3589 2805 3649; x_wconf 85' lang='lat' dir='ltr'><strong>tempus</strong></span> <span class='ocrx_word' id='word_1_560' title='bbox 2834 3576 3130 3649; x_wconf 84' lang='lat' dir='ltr'><strong>respicias,</strong></span> <span class='ocrx_word' id='word_1_561' title='bbox 3161 3578 3408 3635; x_wconf 87' lang='lat' dir='ltr'><strong>invenies</strong></span> <span class='ocrx_word' id='word_1_562' title='bbox 3435 3580 3555 3649; x_wconf 88' lang='lat' dir='ltr'><strong>qui-</strong></span> 
     </span>
    </p>
   </div>
   <div class='ocr_carea' id='block_1_57' title="bbox 236 3671 3554 3751">
    <p class='ocr_par' dir='ltr' id='par_1_57' title="bbox 236 3671 3554 3751">
     <span class='ocr_line' id='line_1_57' title="bbox 236 3671 3554 3751; baseline -0.002 -13"><span class='ocrx_word' id='word_1_563' title='bbox 236 3701 365 3744; x_wconf 84' lang='lat' dir='ltr'><strong>eum</strong></span> <span class='ocrx_word' id='word_1_564' title='bbox 396 3685 513 3742; x_wconf 87' lang='lat' dir='ltr'><strong>Deo</strong></span> <span class='ocrx_word' id='word_1_565' title='bbox 544 3686 703 3740; x_wconf 86' lang='lat' dir='ltr'><strong>Patre</strong></span> <span class='ocrx_word' id='word_1_566' title='bbox 738 3683 906 3739; x_wconf 86' lang='lat' dir='ltr'><strong>Filius</strong></span> <span class='ocrx_word' id='word_1_567' title='bbox 928 3682 1205 3751; x_wconf 84' lang='lat' dir='ltr'><strong>adorator,</strong></span> <span class='ocrx_word' id='word_1_568' title='bbox 1237 3697 1347 3738; x_wconf 88' lang='lat' dir='ltr'><strong>non</strong></span> <span class='ocrx_word' id='word_1_569' title='bbox 1380 3696 1573 3751; x_wconf 88' lang='lat' dir='ltr'><strong>novus,</strong></span> <span class='ocrx_word' id='word_1_570' title='bbox 1614 3696 1721 3737; x_wconf 91' lang='lat' dir='ltr'><strong>non</strong></span> <span class='ocrx_word' id='word_1_571' title='bbox 1768 3695 1857 3736; x_wconf 90' lang='lat' dir='ltr'><strong>re-</strong></span> <span class='ocrx_word' id='word_1_572' title='bbox 1959 3674 2082 3731; x_wconf 88' lang='lat' dir='ltr'><strong>dem</strong></span> <span class='ocrx_word' id='word_1_573' title='bbox 2114 3688 2213 3742; x_wconf 88' lang='lat' dir='ltr'><strong>pro</strong></span> <span class='ocrx_word' id='word_1_574' title='bbox 2240 3680 2392 3727; x_wconf 89' lang='lat' dir='ltr'><strong>certo</strong></span> <span class='ocrx_word' id='word_1_575' title='bbox 2414 3685 2631 3742; x_wconf 87' lang='lat' dir='ltr'><strong>semper</strong></span> <span class='ocrx_word' id='word_1_576' title='bbox 2658 3672 2825 3727; x_wconf 89' lang='lat' dir='ltr'><strong>ﬁlium</strong></span> <span class='ocrx_word' id='word_1_577' title='bbox 2855 3672 3089 3728; x_wconf 80' lang='lat' dir='ltr'><strong>hominis</strong></span> <span class='ocrx_word' id='word_1_578' title='bbox 3116 3687 3239 3728; x_wconf 92' lang='lat' dir='ltr'><strong>cum</strong></span> <span class='ocrx_word' id='word_1_579' title='bbox 3287 3671 3403 3729; x_wconf 86' lang='lat' dir='ltr'><strong>ﬁlio</strong></span> <span class='ocrx_word' id='word_1_580' title='bbox 3435 3674 3554 3730; x_wconf 89' lang='lat' dir='ltr'><strong>Dei.</strong></span> 
     </span>
    </p>
   </div>
   <div class='ocr_carea' id='block_1_58' title="bbox 236 3765 3558 3846">
    <p class='ocr_par' dir='ltr' id='par_1_58' title="bbox 236 3765 3558 3846">
     <span class='ocr_line' id='line_1_58' title="bbox 236 3765 3558 3846; baseline -0.003 -11"><span class='ocrx_word' id='word_1_581' title='bbox 236 3792 373 3835; x_wconf 82' lang='lat' dir='ltr'><strong>oens</strong></span> <span class='ocrx_word' id='word_1_582' title='bbox 395 3794 464 3835; x_wconf 80' lang='lat' dir='ltr'><strong>ex</strong></span> <span class='ocrx_word' id='word_1_583' title='bbox 501 3787 767 3846; x_wconf 76' lang='lat' dir='ltr'><strong>tempore,</strong></span> <span class='ocrx_word' id='word_1_584' title='bbox 794 3791 903 3831; x_wconf 89' lang='lat' dir='ltr'><strong>non</strong></span> <span class='ocrx_word' id='word_1_585' title='bbox 936 3774 1148 3831; x_wconf 89' lang='lat' dir='ltr'><strong>alienus</strong></span> <span class='ocrx_word' id='word_1_586' title='bbox 1175 3790 1205 3829; x_wconf 90' lang='lat' dir='ltr'><strong>a</strong></span> <span class='ocrx_word' id='word_1_587' title='bbox 1227 3783 1442 3839; x_wconf 84' lang='lat' dir='ltr'><strong>natura,</strong></span> <span class='ocrx_word' id='word_1_588' title='bbox 1472 3774 1557 3829; x_wconf 87' lang='lat' dir='ltr'><strong>vel</strong></span> <span class='ocrx_word' id='word_1_589' title='bbox 1585 3788 1804 3845; x_wconf 88' lang='lat' dir='ltr'><strong>genere.</strong></span> <span class='ocrx_word' id='word_1_590' title='bbox 1962 3768 2019 3824; x_wconf 90' lang='lat' dir='ltr'><strong>Si</strong></span> <span class='ocrx_word' id='word_1_591' title='bbox 2051 3765 2118 3821; x_wconf 87' lang='lat' dir='ltr'><strong>ad</strong></span> <span class='ocrx_word' id='word_1_592' title='bbox 2145 3767 2471 3837; x_wconf 85' lang='lat' dir='ltr'><strong>passionem,</strong></span> <span class='ocrx_word' id='word_1_593' title='bbox 2507 3766 2751 3822; x_wconf 87' lang='lat' dir='ltr'><strong>invenies</strong></span> <span class='ocrx_word' id='word_1_594' title='bbox 2778 3780 2997 3837; x_wconf 86' lang='lat' dir='ltr'><strong>semper</strong></span> <span class='ocrx_word' id='word_1_595' title='bbox 3022 3779 3145 3822; x_wconf 91' lang='lat' dir='ltr'><strong>eum</strong></span> <span class='ocrx_word' id='word_1_596' title='bbox 3172 3765 3284 3823; x_wconf 83' lang='lat' dir='ltr'><strong>tilio</strong></span> <span class='ocrx_word' id='word_1_597' title='bbox 3320 3768 3558 3826; x_wconf 87' lang='lat' dir='ltr'><strong>hominis</strong></span> 
     </span>
    </p>
   </div>
   <div class='ocr_carea' id='block_1_59' title="bbox 318 3857 3562 3937">
    <p class='ocr_par' dir='ltr' id='par_1_59' title="bbox 318 3857 3562 3937">
     <span class='ocr_line' id='line_1_59' title="bbox 318 3857 3562 3937; baseline -0.002 -12"><span class='ocrx_word' id='word_1_598' title='bbox 318 3869 593 3937; x_wconf 78' lang='lat' dir='ltr'><strong>XLQuod</strong></span> <span class='ocrx_word' id='word_1_599' title='bbox 610 3867 657 3924; x_wconf 92' lang='lat' dir='ltr'><strong>si</strong></span> <span class='ocrx_word' id='word_1_600' title='bbox 678 3866 772 3923; x_wconf 89' lang='lat' dir='ltr'><strong>tibi</strong></span> <span class='ocrx_word' id='word_1_601' title='bbox 788 3882 986 3923; x_wconf 79' lang='lat' dir='ltr'><strong>novum</strong></span> <span class='ocrx_word' id='word_1_602' title='bbox 1004 3865 1388 3937; x_wconf 83' lang='lat' dir='ltr'><strong>videtur,un</strong></span> <span class='ocrx_word' id='word_1_603' title='bbox 1404 3881 1501 3936; x_wconf 86' lang='lat' dir='ltr'><strong>pro</strong></span> <span class='ocrx_word' id='word_1_604' title='bbox 1519 3876 1568 3921; x_wconf 88' lang='lat' dir='ltr'><strong>te</strong></span> <span class='ocrx_word' id='word_1_605' title='bbox 1586 3865 1860 3921; x_wconf 89' lang='lat' dir='ltr'><strong>hominem</strong></span> <span class='ocrx_word' id='word_1_606' title='bbox 1963 3858 2215 3914; x_wconf 90' lang='lat' dir='ltr'><strong>eumdem</strong></span> <span class='ocrx_word' id='word_1_607' title='bbox 2249 3857 2343 3913; x_wconf 90' lang='lat' dir='ltr'><strong>Dei</strong></span> <span class='ocrx_word' id='word_1_608' title='bbox 2375 3858 2543 3912; x_wconf 81' lang='lat' dir='ltr'><strong>tilium</strong></span> <span class='ocrx_word' id='word_1_609' title='bbox 2571 3859 2643 3913; x_wconf 85' lang='lat' dir='ltr'><strong>ita</strong></span> <span class='ocrx_word' id='word_1_610' title='bbox 2676 3859 2883 3915; x_wconf 88' lang='lat' dir='ltr'><strong>unitum</strong></span> <span class='ocrx_word' id='word_1_611' title='bbox 2912 3868 2968 3914; x_wconf 90' lang='lat' dir='ltr'><strong>et</strong></span> <span class='ocrx_word' id='word_1_612' title='bbox 3006 3859 3364 3927; x_wconf 84' lang='lat' dir='ltr'><strong>individuum,</strong></span> <span class='ocrx_word' id='word_1_613' title='bbox 3388 3877 3562 3933; x_wconf 84' lang='lat' dir='ltr'><strong>quan-</strong></span> 
     </span>
    </p>
   </div>
   <div class='ocr_carea' id='block_1_60' title="bbox 243 3949 3563 4033">
    <p class='ocr_par' dir='ltr' id='par_1_60' title="bbox 243 3949 3563 4033">
     <span class='ocr_line' id='line_1_60' title="bbox 243 3949 3563 4033; baseline -0.001 -20"><span class='ocrx_word' id='word_1_614' title='bbox 243 3965 551 4033; x_wconf 75' lang='lat' dir='ltr'><strong>assumpsit</strong></span> <span class='ocrx_word' id='word_1_615' title='bbox 579 3977 597 4016; x_wconf 87' lang='lat'><strong>:</strong></span> <span class='ocrx_word' id='word_1_616' title='bbox 647 3960 866 4018; x_wconf 84' lang='lat' dir='ltr'><strong>noveris</strong></span> <span class='ocrx_word' id='word_1_617' title='bbox 904 3959 1049 4031; x_wconf 86' lang='lat' dir='ltr'><strong>quod</strong></span> <span class='ocrx_word' id='word_1_618' title='bbox 1100 3958 1203 4014; x_wconf 88' lang='lat' dir='ltr'><strong>hoc</strong></span> <span class='ocrx_word' id='word_1_619' title='bbox 1243 3973 1458 4031; x_wconf 86' lang='lat' dir='ltr'><strong>semper</strong></span> <span class='ocrx_word' id='word_1_620' title='bbox 1486 3973 1609 4015; x_wconf 90' lang='lat' dir='ltr'><strong>cum</strong></span> <span class='ocrx_word' id='word_1_621' title='bbox 1639 3973 1704 4014; x_wconf 89' lang='lat' dir='ltr'><strong>eo</strong></span> <span class='ocrx_word' id='word_1_622' title='bbox 1726 3965 1783 4014; x_wconf 90' lang='lat' dir='ltr'><strong>et</strong></span> <span class='ocrx_word' id='word_1_623' title='bbox 1807 3958 1863 4011; x_wconf 90' lang='lat' dir='ltr'><strong>in</strong></span> <span class='ocrx_word' id='word_1_624' title='bbox 1968 3962 2079 4006; x_wconf 90' lang='lat' dir='ltr'><strong>tum</strong></span> <span class='ocrx_word' id='word_1_625' title='bbox 2107 3950 2175 4005; x_wconf 87' lang='lat' dir='ltr'><strong>ad</strong></span> <span class='ocrx_word' id='word_1_626' title='bbox 2202 3964 2388 4005; x_wconf 89' lang='lat' dir='ltr'><strong>vocem</strong></span> <span class='ocrx_word' id='word_1_627' title='bbox 2408 3949 2702 4021; x_wconf 75' lang='lat' dir='ltr'><strong>Scriptum</strong></span> <span class='ocrx_word' id='word_1_628' title='bbox 2724 3955 2981 4022; x_wconf 84' lang='lat' dir='ltr'><strong>pertinet,</strong></span> <span class='ocrx_word' id='word_1_629' title='bbox 3008 3961 3069 4007; x_wconf 92' lang='lat' dir='ltr'><strong>ut</strong></span> <span class='ocrx_word' id='word_1_630' title='bbox 3092 3968 3189 4008; x_wconf 85' lang='lat' dir='ltr'><strong>nec</strong></span> <span class='ocrx_word' id='word_1_631' title='bbox 3212 3952 3377 4009; x_wconf 86' lang='lat' dir='ltr'><strong>homo</strong></span> <span class='ocrx_word' id='word_1_632' title='bbox 3405 3969 3563 4026; x_wconf 88' lang='lat' dir='ltr'><strong>sepa-</strong></span> 
     </span>
    </p>
   </div>
   <div class='ocr_carea' id='block_1_61' title="bbox 241 4042 3561 4129">
    <p class='ocr_par' dir='ltr' id='par_1_61' title="bbox 241 4042 3561 4129">
     <span class='ocr_line' id='line_1_61' title="bbox 241 4042 3561 4129; baseline -0.003 -15"><span class='ocrx_word' id='word_1_633' title='bbox 241 4057 368 4129; x_wconf 85' lang='lat' dir='ltr'><strong>ejus</strong></span> <span class='ocrx_word' id='word_1_634' title='bbox 394 4056 633 4115; x_wconf 90' lang='lat' dir='ltr'><strong>consilio</strong></span> <span class='ocrx_word' id='word_1_635' title='bbox 661 4055 759 4111; x_wconf 82' lang='lat' dir='ltr'><strong>iuit</strong></span> <span class='ocrx_word' id='word_1_636' title='bbox 787 4065 845 4112; x_wconf 89' lang='lat' dir='ltr'><strong>ut</strong></span> <span class='ocrx_word' id='word_1_637' title='bbox 868 4054 948 4112; x_wconf 90' lang='lat' dir='ltr'><strong>sic</strong></span> <span class='ocrx_word' id='word_1_638' title='bbox 976 4056 1133 4111; x_wconf 85' lang='lat' dir='ltr'><strong>ﬁeret</strong></span> <span class='ocrx_word' id='word_1_639' title='bbox 1158 4070 1171 4105; x_wconf 90' lang='lat'><strong>:</strong></span> <span class='ocrx_word' id='word_1_640' title='bbox 1209 4061 1266 4111; x_wconf 85' lang='lat' dir='ltr'><strong>et</strong></span> <span class='ocrx_word' id='word_1_641' title='bbox 1297 4068 1441 4109; x_wconf 90' lang='lat' dir='ltr'><strong>nunc</strong></span> <span class='ocrx_word' id='word_1_642' title='bbox 1479 4050 1697 4121; x_wconf 88' lang='lat' dir='ltr'><strong>quando</strong></span> <span class='ocrx_word' id='word_1_643' title='bbox 1746 4050 1862 4119; x_wconf 86' lang='lat' dir='ltr'><strong>ple-</strong></span> <span class='ocrx_word' id='word_1_644' title='bbox 1969 4044 2079 4100; x_wconf 87' lang='lat' dir='ltr'><strong>rari</strong></span> <span class='ocrx_word' id='word_1_645' title='bbox 2108 4061 2136 4098; x_wconf 92' lang='lat' dir='ltr'><strong>a</strong></span> <span class='ocrx_word' id='word_1_646' title='bbox 2168 4042 2281 4099; x_wconf 90' lang='lat' dir='ltr'><strong>Deo</strong></span> <span class='ocrx_word' id='word_1_647' title='bbox 2302 4052 2565 4115; x_wconf 88' lang='lat' dir='ltr'><strong>tempore,</strong></span> <span class='ocrx_word' id='word_1_648' title='bbox 2596 4058 2697 4100; x_wconf 92' lang='lat' dir='ltr'><strong>nec</strong></span> <span class='ocrx_word' id='word_1_649' title='bbox 2724 4044 2792 4100; x_wconf 86' lang='lat' dir='ltr'><strong>ab</strong></span> <span class='ocrx_word' id='word_1_650' title='bbox 2815 4044 3038 4103; x_wconf 88' lang='lat' dir='ltr'><strong>homine</strong></span> <span class='ocrx_word' id='word_1_651' title='bbox 3059 4045 3205 4101; x_wconf 90' lang='lat' dir='ltr'><strong>Deus</strong></span> <span class='ocrx_word' id='word_1_652' title='bbox 3226 4045 3403 4103; x_wconf 84' lang='lat' dir='ltr'><strong>valeat</strong></span> <span class='ocrx_word' id='word_1_653' title='bbox 3438 4063 3561 4118; x_wconf 85' lang='lat' dir='ltr'><strong>pas-</strong></span> 
     </span>
    </p>
   </div>
   <div class='ocr_carea' id='block_1_62' title="bbox 247 4139 2145 4220">
    <p class='ocr_par' dir='ltr' id='par_1_62' title="bbox 247 4139 2145 4220">
     <span class='ocr_line' id='line_1_62' title="bbox 247 4139 2145 4220; baseline -0.007 -14"><span class='ocrx_word' id='word_1_654' title='bbox 247 4151 444 4208; x_wconf 89' lang='lat' dir='ltr'><strong>nitudo</strong></span> <span class='ocrx_word' id='word_1_655' title='bbox 474 4148 739 4220; x_wconf 80' lang='lat' dir='ltr'><strong>temporis</strong></span> <span class='ocrx_word' id='word_1_656' title='bbox 768 4147 941 4214; x_wconf 82' lang='lat' dir='ltr'><strong>venit,</strong></span> <span class='ocrx_word' id='word_1_657' title='bbox 966 4146 1018 4201; x_wconf 90' lang='lat' dir='ltr'><strong>id</strong></span> <span class='ocrx_word' id='word_1_658' title='bbox 1049 4145 1250 4203; x_wconf 81' lang='lat' dir='ltr'><strong>tactum</strong></span> <span class='ocrx_word' id='word_1_659' title='bbox 1279 4156 1362 4201; x_wconf 90' lang='lat' dir='ltr'><strong>est</strong></span> <span class='ocrx_word' id='word_1_660' title='bbox 1390 4145 1532 4210; x_wconf 86' lang='lat' dir='ltr'><strong>quod</strong></span> <span class='ocrx_word' id='word_1_661' title='bbox 1565 4145 1616 4198; x_wconf 89' lang='lat' dir='ltr'><strong>in</strong></span> <span class='ocrx_word' id='word_1_662' title='bbox 1644 4141 1867 4197; x_wconf 89' lang='lat' dir='ltr'><strong>Christo</strong></span> <span class='ocrx_word' id='word_1_663' title='bbox 1970 4139 2145 4195; x_wconf 88' lang='lat' dir='ltr'><strong>sione.</strong></span> 
     </span>
    </p>
   </div>
   <div class='ocr_carea' id='block_1_63' title="bbox 246 4229 3567 4314">
    <p class='ocr_par' dir='ltr' id='par_1_63' title="bbox 246 4229 3567 4314">
     <span class='ocr_line' id='line_1_63' title="bbox 246 4229 3567 4314; baseline -0.005 -12"><span class='ocrx_word' id='word_1_664' title='bbox 246 4259 475 4314; x_wconf 85' lang='lat' dir='ltr'><strong>semper</strong></span> <span class='ocrx_word' id='word_1_665' title='bbox 507 4243 711 4299; x_wconf 81' lang='lat' dir='ltr'><strong>factum</strong></span> <span class='ocrx_word' id='word_1_666' title='bbox 764 4239 881 4296; x_wconf 79' lang='lat' dir='ltr'><strong>iuit.</strong></span> <span class='ocrx_word' id='word_1_667' title='bbox 928 4239 1152 4296; x_wconf 81' lang='lat' dir='ltr'><strong>Talibus</strong></span> <span class='ocrx_word' id='word_1_668' title='bbox 1197 4237 1398 4308; x_wconf 87' lang='lat' dir='ltr'><strong>quippe</strong></span> <span class='ocrx_word' id='word_1_669' title='bbox 1441 4237 1654 4308; x_wconf 90' lang='lat' dir='ltr'><strong>priores</strong></span> <span class='ocrx_word' id='word_1_670' title='bbox 1696 4234 1867 4291; x_wconf 88' lang='lat' dir='ltr'><strong>sancti</strong></span> <span class='ocrx_word' id='word_1_671' title='bbox 2044 4231 2159 4287; x_wconf 84' lang='lat' dir='ltr'><strong>Xll.</strong></span> <span class='ocrx_word' id='word_1_672' title='bbox 2189 4229 2466 4302; x_wconf 85' lang='lat' dir='ltr'><strong>Siquidem</strong></span> <span class='ocrx_word' id='word_1_673' title='bbox 2503 4230 2583 4303; x_wconf 84' lang='lat' dir='ltr'><strong>(ut</strong></span> <span class='ocrx_word' id='word_1_674' title='bbox 2612 4230 2731 4289; x_wconf 69' lang='lat' dir='ltr'><strong>hree</strong></span> <span class='ocrx_word' id='word_1_675' title='bbox 2755 4231 2995 4303; x_wconf 85' lang='lat' dir='ltr'><strong>apertius</strong></span> <span class='ocrx_word' id='word_1_676' title='bbox 3031 4229 3373 4301; x_wconf 73' lang='lat' dir='ltr'><strong>intelligetis)</strong></span> <span class='ocrx_word' id='word_1_677' title='bbox 3397 4230 3567 4299; x_wconf 82' lang='lat' dir='ltr'><strong>ipsius</strong></span> 
     </span>
    </p>
   </div>
   <div class='ocr_carea' id='block_1_64' title="bbox 243 4324 3570 4400">
    <p class='ocr_par' dir='ltr' id='par_1_64' title="bbox 243 4324 3570 4400">
     <span class='ocr_line' id='line_1_64' title="bbox 243 4324 3570 4400; baseline -0.005 -4"><span class='ocrx_word' id='word_1_678' title='bbox 243 4340 527 4396; x_wconf 85' lang='lat' dir='ltr'><strong>divinitus</strong></span> <span class='ocrx_word' id='word_1_679' title='bbox 555 4337 935 4397; x_wconf 79' lang='lat' dir='ltr'><strong>aiﬁciebantur</strong></span> <span class='ocrx_word' id='word_1_680' title='bbox 962 4333 1357 4398; x_wconf 87' lang='lat' dir='ltr'><strong>odoramentis,</strong></span> <span class='ocrx_word' id='word_1_681' title='bbox 1393 4331 1589 4387; x_wconf 70' lang='lat' dir='ltr'><strong>talibus</strong></span> <span class='ocrx_word' id='word_1_682' title='bbox 1628 4329 1867 4400; x_wconf 83' lang='lat' dir='ltr'><strong>inspira-</strong></span> <span class='ocrx_word' id='word_1_683' title='bbox 1972 4326 2174 4383; x_wconf 88' lang='lat' dir='ltr'><strong>Christi</strong></span> <span class='ocrx_word' id='word_1_684' title='bbox 2204 4326 2365 4382; x_wconf 73' lang='lat' dir='ltr'><strong>verba</strong></span> <span class='ocrx_word' id='word_1_685' title='bbox 2392 4326 2643 4384; x_wconf 88' lang='lat' dir='ltr'><strong>discutite</strong></span> <span class='ocrx_word' id='word_1_686' title='bbox 2675 4345 2689 4382; x_wconf 87' lang='lat'><strong>:</strong></span> <span class='ocrx_word' id='word_1_687' title='bbox 2717 4326 2884 4381; x_wconf 87' lang='lat' dir='ltr'><strong>Nemo</strong></span> <span class='ocrx_word' id='word_1_688' title='bbox 2910 4325 3370 4396; x_wconf 81' lang='lat' dir='ltr'><strong>ascendit,inqnit,</strong></span> <span class='ocrx_word' id='word_1_689' title='bbox 3386 4324 3440 4378; x_wconf 87' lang='lat' dir='ltr'><strong>in</strong></span> <span class='ocrx_word' id='word_1_690' title='bbox 3469 4340 3570 4379; x_wconf 73' lang='lat' dir='ltr'><strong>cae-</strong></span> 
     </span>
    </p>
   </div>
   <div class='ocr_carea' id='block_1_65' title="bbox 244 4416 3565 4498">
    <p class='ocr_par' dir='ltr' id='par_1_65' title="bbox 244 4416 3565 4498">
     <span class='ocr_line' id='line_1_65' title="bbox 244 4416 3565 4498; baseline -0.006 -9"><span class='ocrx_word' id='word_1_691' title='bbox 244 4433 460 4489; x_wconf 81' lang='lat' dir='ltr'><strong>bautur</strong></span> <span class='ocrx_word' id='word_1_692' title='bbox 485 4431 554 4486; x_wconf 93' lang='lat' dir='ltr'><strong>de</strong></span> <span class='ocrx_word' id='word_1_693' title='bbox 578 4428 799 4486; x_wconf 89' lang='lat' dir='ltr'><strong>Christo</strong></span> <span class='ocrx_word' id='word_1_694' title='bbox 834 4426 1136 4498; x_wconf 75' lang='lat' dir='ltr'><strong>pracsagiis,</strong></span> <span class='ocrx_word' id='word_1_695' title='bbox 1183 4424 1329 4496; x_wconf 90' lang='lat' dir='ltr'><strong>quod</strong></span> <span class='ocrx_word' id='word_1_696' title='bbox 1379 4424 1684 4480; x_wconf 87' lang='lat' dir='ltr'><strong>nasciturus</strong></span> <span class='ocrx_word' id='word_1_697' title='bbox 1726 4429 1872 4477; x_wconf 87' lang='lat' dir='ltr'><strong>esset</strong></span> <span class='ocrx_word' id='word_1_698' title='bbox 1976 4418 2106 4485; x_wconf 78' lang='lat' dir='ltr'><strong>tuin,</strong></span> <span class='ocrx_word' id='word_1_699' title='bbox 2141 4418 2241 4472; x_wconf 80' lang='lat' dir='ltr'><strong>nisi</strong></span> <span class='ocrx_word' id='word_1_700' title='bbox 2271 4418 2359 4487; x_wconf 84' lang='lat' dir='ltr'><strong>qui</strong></span> <span class='ocrx_word' id='word_1_701' title='bbox 2389 4418 2649 4473; x_wconf 81' lang='lat' dir='ltr'><strong>descendit</strong></span> <span class='ocrx_word' id='word_1_702' title='bbox 2673 4420 2739 4474; x_wconf 87' lang='lat' dir='ltr'><strong>de</strong></span> <span class='ocrx_word' id='word_1_703' title='bbox 2767 4418 2915 4487; x_wconf 81' lang='lat' dir='ltr'><strong>caelo,</strong></span> <span class='ocrx_word' id='word_1_704' title='bbox 2943 4418 3086 4488; x_wconf 76' lang='lat' dir='ltr'><strong>ﬁlius</strong></span> <span class='ocrx_word' id='word_1_705' title='bbox 3107 4416 3331 4471; x_wconf 70' lang='lat' dir='ltr'><strong>hominis</strong></span> <span class='ocrx_word' id='word_1_706' title='bbox 3359 4416 3448 4484; x_wconf 83' lang='lat' dir='ltr'><strong>qui</strong></span> <span class='ocrx_word' id='word_1_707' title='bbox 3492 4423 3565 4468; x_wconf 83' lang='lat' dir='ltr'><strong>est</strong></span> 
     </span>
    </p>
   </div>
   <div class='ocr_carea' id='block_1_66' title="bbox 248 4509 3577 4592">
    <p class='ocr_par' dir='ltr' id='par_1_66' title="bbox 248 4509 3577 4592">
     <span class='ocr_line' id='line_1_66' title="bbox 248 4509 3577 4592; baseline -0.006 -10"><span class='ocrx_word' id='word_1_708' title='bbox 248 4526 306 4582; x_wconf 90' lang='lat' dir='ltr'><strong>in</strong></span> <span class='ocrx_word' id='word_1_709' title='bbox 338 4522 575 4588; x_wconf 86' lang='lat' dir='ltr'><strong>mundo,</strong></span> <span class='ocrx_word' id='word_1_710' title='bbox 611 4522 663 4576; x_wconf 90' lang='lat' dir='ltr'><strong>in</strong></span> <span class='ocrx_word' id='word_1_711' title='bbox 692 4536 800 4592; x_wconf 91' lang='lat' dir='ltr'><strong>quo</strong></span> <span class='ocrx_word' id='word_1_712' title='bbox 826 4530 971 4577; x_wconf 90' lang='lat' dir='ltr'><strong>esset</strong></span> <span class='ocrx_word' id='word_1_713' title='bbox 1000 4520 1245 4576; x_wconf 89' lang='lat' dir='ltr'><strong>omnium</strong></span> <span class='ocrx_word' id='word_1_714' title='bbox 1275 4517 1425 4572; x_wconf 88' lang='lat' dir='ltr'><strong>salus</strong></span> <span class='ocrx_word' id='word_1_715' title='bbox 1464 4524 1520 4572; x_wconf 85' lang='lat' dir='ltr'><strong>et</strong></span> <span class='ocrx_word' id='word_1_716' title='bbox 1561 4514 1869 4571; x_wconf 88' lang='lat' dir='ltr'><strong>benedictio</strong></span> <span class='ocrx_word' id='word_1_717' title='bbox 1898 4516 1950 4578; x_wconf 78' lang='grc' dir='ltr'><strong>ι)</strong></span> <span class='ocrx_word' id='word_1_718' title='bbox 1975 4512 2029 4565; x_wconf 88' lang='lat' dir='ltr'><strong>in</strong></span> <span class='ocrx_word' id='word_1_719' title='bbox 2059 4511 2183 4565; x_wconf 72' lang='lat' dir='ltr'><strong>arto</strong></span> <span class='ocrx_word' id='word_1_720' title='bbox 2210 4509 2391 4583; x_wconf 84' lang='lat' dir='ltr'><strong>(Joan.</strong></span> <span class='ocrx_word' id='word_1_721' title='bbox 2422 4526 2501 4574; x_wconf 84' lang='lat' dir='ltr'><strong>ut,</strong></span> <span class='ocrx_word' id='word_1_722' title='bbox 2525 4514 2633 4580; x_wconf 75' lang='lat' dir='ltr'><strong>l5).</strong></span> <span class='ocrx_word' id='word_1_723' title='bbox 2658 4511 2810 4581; x_wconf 84' lang='lat' dir='ltr'><strong>Quis,</strong></span> <span class='ocrx_word' id='word_1_724' title='bbox 2840 4525 3045 4582; x_wconf 66' lang='lat' dir='ltr'><strong>quaeso,</strong></span> <span class='ocrx_word' id='word_1_725' title='bbox 3075 4510 3268 4581; x_wconf 85' lang='lat' dir='ltr'><strong>estqui</strong></span> <span class='ocrx_word' id='word_1_726' title='bbox 3295 4509 3577 4579; x_wconf 77' lang='lat' dir='ltr'><strong>loquitur?</strong></span> 
     </span>
    </p>
   </div>
   <div class='ocr_carea' id='block_1_67' title="bbox 249 4600 3581 4685">
    <p class='ocr_par' dir='ltr' id='par_1_67' title="bbox 249 4600 3581 4685">
     <span class='ocr_line' id='line_1_67' title="bbox 249 4600 3581 4685; baseline -0.007 -6"><span class='ocrx_word' id='word_1_727' title='bbox 249 4631 487 4679; x_wconf 65' lang='lat' dir='ltr'><strong>internae</strong></span> <span class='ocrx_word' id='word_1_728' title='bbox 519 4617 877 4674; x_wconf 71' lang='lat' dir='ltr'><strong>hrcreditatis.</strong></span> <span class='ocrx_word' id='word_1_729' title='bbox 911 4616 1032 4671; x_wconf 76' lang='lat' dir='ltr'><strong>Ista:</strong></span> <span class='ocrx_word' id='word_1_730' title='bbox 1063 4613 1332 4685; x_wconf 86' lang='lat' dir='ltr'><strong>siquidem</strong></span> <span class='ocrx_word' id='word_1_731' title='bbox 1357 4610 1621 4667; x_wconf 85' lang='lat' dir='ltr'><strong>suntﬁdei</strong></span> <span class='ocrx_word' id='word_1_732' title='bbox 1652 4616 1865 4664; x_wconf 85' lang='lat' dir='ltr'><strong>vestes:</strong></span> <span class='ocrx_word' id='word_1_733' title='bbox 1973 4602 2223 4659; x_wconf 86' lang='lat' dir='ltr'><strong>Christus</strong></span> <span class='ocrx_word' id='word_1_734' title='bbox 2250 4605 2455 4674; x_wconf 90' lang='lat' dir='ltr'><strong>utique.</strong></span> <span class='ocrx_word' id='word_1_735' title='bbox 2485 4603 2611 4671; x_wconf 91' lang='lat' dir='ltr'><strong>Ubi,</strong></span> <span class='ocrx_word' id='word_1_736' title='bbox 2631 4619 2782 4674; x_wconf 88' lang='lat' dir='ltr'><strong>rogo,</strong></span> <span class='ocrx_word' id='word_1_737' title='bbox 2810 4612 2937 4658; x_wconf 91' lang='lat' dir='ltr'><strong>tunc</strong></span> <span class='ocrx_word' id='word_1_738' title='bbox 2964 4612 3102 4668; x_wconf 88' lang='lat' dir='ltr'><strong>erat,</strong></span> <span class='ocrx_word' id='word_1_739' title='bbox 3127 4602 3341 4672; x_wconf 83' lang='lat' dir='ltr'><strong>quando</strong></span> <span class='ocrx_word' id='word_1_740' title='bbox 3365 4600 3480 4656; x_wconf 66' lang='lat' dir='ltr'><strong>haec</strong></span> <span class='ocrx_word' id='word_1_741' title='bbox 3499 4602 3581 4657; x_wconf 80' lang='lat' dir='ltr'><strong>lo-</strong></span> 
     </span>
    </p>
   </div>
   <div class='ocr_carea' id='block_1_68' title="bbox 253 4692 3580 4784">
    <p class='ocr_par' dir='ltr' id='par_1_68' title="bbox 253 4692 3580 4784">
     <span class='ocr_line' id='line_1_68' title="bbox 253 4692 3580 4784; baseline -0.008 -13"><span class='ocrx_word' id='word_1_742' title='bbox 253 4717 382 4771; x_wconf 74' lang='lat' dir='ltr'><strong>ista:</strong></span> <span class='ocrx_word' id='word_1_743' title='bbox 428 4712 630 4784; x_wconf 90' lang='lat' dir='ltr'><strong>quibus</strong></span> <span class='ocrx_word' id='word_1_744' title='bbox 670 4710 884 4779; x_wconf 88' lang='lat' dir='ltr'><strong>priores</strong></span> <span class='ocrx_word' id='word_1_745' title='bbox 932 4708 1107 4765; x_wconf 86' lang='lat' dir='ltr'><strong>sancti</strong></span> <span class='ocrx_word' id='word_1_746' title='bbox 1147 4705 1558 4761; x_wconf 85' lang='lat' dir='ltr'><strong>vestiebantur:</strong></span> <span class='ocrx_word' id='word_1_747' title='bbox 1590 4701 1707 4757; x_wconf 76' lang='lat' dir='ltr'><strong>ista:</strong></span> <span class='ocrx_word' id='word_1_748' title='bbox 1739 4715 1872 4770; x_wconf 89' lang='lat' dir='ltr'><strong>quas</strong></span> <span class='ocrx_word' id='word_1_749' title='bbox 1977 4696 2276 4766; x_wconf 82' lang='lat' dir='ltr'><strong>quebatur?</strong></span> <span class='ocrx_word' id='word_1_750' title='bbox 2317 4696 2371 4750; x_wconf 94' lang='lat' dir='ltr'><strong>In</strong></span> <span class='ocrx_word' id='word_1_751' title='bbox 2411 4708 2551 4751; x_wconf 87' lang='lat' dir='ltr'><strong>terra</strong></span> <span class='ocrx_word' id='word_1_752' title='bbox 2580 4697 2809 4752; x_wconf 87' lang='lat' dir='ltr'><strong>scilicet.</strong></span> <span class='ocrx_word' id='word_1_753' title='bbox 2856 4694 2920 4748; x_wconf 87' lang='lat' dir='ltr'><strong>Et</strong></span> <span class='ocrx_word' id='word_1_754' title='bbox 2948 4693 3221 4762; x_wconf 89' lang='lat' dir='ltr'><strong>quomodo</strong></span> <span class='ocrx_word' id='word_1_755' title='bbox 3252 4708 3313 4748; x_wconf 90' lang='lat' dir='ltr'><strong>se</strong></span> <span class='ocrx_word' id='word_1_756' title='bbox 3349 4692 3417 4749; x_wconf 90' lang='lat' dir='ltr'><strong>de</strong></span> <span class='ocrx_word' id='word_1_757' title='bbox 3441 4693 3580 4749; x_wconf 76' lang='lat' dir='ltr'><strong>cmlo</strong></span> 
     </span>
    </p>
   </div>
   <div class='ocr_carea' id='block_1_69' title="bbox 251 4786 3578 4868">
    <p class='ocr_par' dir='ltr' id='par_1_69' title="bbox 251 4786 3578 4868">
     <span class='ocr_line' id='line_1_69' title="bbox 251 4786 3578 4868; baseline -0.002 -21"><span class='ocrx_word' id='word_1_758' title='bbox 251 4805 543 4867; x_wconf 68' lang='lat' dir='ltr'><strong>Rebecca,</strong></span> <span class='ocrx_word' id='word_1_759' title='bbox 575 4803 741 4858; x_wconf 83' lang='lat' dir='ltr'><strong>immo</strong></span> <span class='ocrx_word' id='word_1_760' title='bbox 772 4799 1004 4868; x_wconf 86' lang='lat' dir='ltr'><strong>Spiritus</strong></span> <span class='ocrx_word' id='word_1_761' title='bbox 1035 4807 1253 4853; x_wconf 89' lang='lat' dir='ltr'><strong>sanctus</strong></span> <span class='ocrx_word' id='word_1_762' title='bbox 1276 4810 1466 4853; x_wconf 88' lang='lat' dir='ltr'><strong>secum</strong></span> <span class='ocrx_word' id='word_1_763' title='bbox 1488 4792 1633 4850; x_wconf 89' lang='lat' dir='ltr'><strong>domi</strong></span> <span class='ocrx_word' id='word_1_764' title='bbox 1665 4791 1874 4858; x_wconf 88' lang='lat' dir='ltr'><strong>habuit,</strong></span> <span class='ocrx_word' id='word_1_765' title='bbox 1978 4803 2269 4862; x_wconf 88' lang='lat' dir='ltr'><strong>antequam</strong></span> <span class='ocrx_word' id='word_1_766' title='bbox 2296 4800 2612 4844; x_wconf 87' lang='lat' dir='ltr'><strong>nasceretur</strong></span> <span class='ocrx_word' id='word_1_767' title='bbox 2638 4786 2988 4844; x_wconf 86' lang='lat' dir='ltr'><strong>descendisse</strong></span> <span class='ocrx_word' id='word_1_768' title='bbox 3017 4786 3282 4841; x_wconf 81' lang='lat' dir='ltr'><strong>testatur?</strong></span> <span class='ocrx_word' id='word_1_769' title='bbox 3319 4786 3491 4841; x_wconf 86' lang='lat' dir='ltr'><strong>Etiam</strong></span> <span class='ocrx_word' id='word_1_770' title='bbox 3522 4794 3578 4841; x_wconf 87' lang='lat' dir='ltr'><strong>et</strong></span> 
     </span>
    </p>
   </div>
   <div class='ocr_carea' id='block_1_70' title="bbox 248 4878 3580 4969">
    <p class='ocr_par' dir='ltr' id='par_1_70' title="bbox 248 4878 3580 4969">
     <span class='ocr_line' id='line_1_70' title="bbox 248 4878 3580 4969; baseline -0.006 -15"><span class='ocrx_word' id='word_1_771' title='bbox 248 4900 464 4969; x_wconf 86' lang='lat' dir='ltr'><strong>quibus</strong></span> <span class='ocrx_word' id='word_1_772' title='bbox 505 4894 689 4951; x_wconf 89' lang='lat' dir='ltr'><strong>induit</strong></span> <span class='ocrx_word' id='word_1_773' title='bbox 730 4892 897 4948; x_wconf 78' lang='lat' dir='ltr'><strong>Jacob</strong></span> <span class='ocrx_word' id='word_1_774' title='bbox 929 4892 1099 4946; x_wconf 84' lang='lat' dir='ltr'><strong>ﬁlium</strong></span> <span class='ocrx_word' id='word_1_775' title='bbox 1125 4905 1302 4945; x_wconf 90' lang='lat' dir='ltr'><strong>suum.</strong></span> <span class='ocrx_word' id='word_1_776' title='bbox 1329 4889 1478 4944; x_wconf 83' lang='lat' dir='ltr'><strong>Alias</strong></span> <span class='ocrx_word' id='word_1_777' title='bbox 1509 4894 1689 4942; x_wconf 91' lang='lat' dir='ltr'><strong>autem</strong></span> <span class='ocrx_word' id='word_1_778' title='bbox 1715 4883 1818 4939; x_wconf 91' lang='lat' dir='ltr'><strong>nisi</strong></span> <span class='ocrx_word' id='word_1_779' title='bbox 1848 4900 1877 4938; x_wconf 91' lang='lat' dir='ltr'><strong>a</strong></span> <span class='ocrx_word' id='word_1_780' title='bbox 1986 4898 2109 4937; x_wconf 90' lang='lat' dir='ltr'><strong>cum</strong></span> <span class='ocrx_word' id='word_1_781' title='bbox 2137 4883 2395 4951; x_wconf 89' lang='lat' dir='ltr'><strong>loquitur,</strong></span> <span class='ocrx_word' id='word_1_782' title='bbox 2424 4881 2475 4934; x_wconf 91' lang='lat' dir='ltr'><strong>in</strong></span> <span class='ocrx_word' id='word_1_783' title='bbox 2497 4880 2640 4936; x_wconf 61' lang='lat' dir='ltr'><strong>caelo</strong></span> <span class='ocrx_word' id='word_1_784' title='bbox 2659 4894 2717 4933; x_wconf 89' lang='lat' dir='ltr'><strong>se</strong></span> <span class='ocrx_word' id='word_1_785' title='bbox 2737 4892 2861 4933; x_wconf 89' lang='lat' dir='ltr'><strong>esse</strong></span> <span class='ocrx_word' id='word_1_786' title='bbox 2888 4879 3104 4942; x_wconf 82' lang='lat' dir='ltr'><strong>fatetur,</strong></span> <span class='ocrx_word' id='word_1_787' title='bbox 3136 4878 3500 4950; x_wconf 89' lang='lat' dir='ltr'><strong>eumdemque</strong></span> <span class='ocrx_word' id='word_1_788' title='bbox 3522 4894 3580 4934; x_wconf 91' lang='lat' dir='ltr'><strong>se</strong></span> 
     </span>
    </p>
   </div>
   <div class='ocr_carea' id='block_1_71' title="bbox 256 4970 3587 5063">
    <p class='ocr_par' dir='ltr' id='par_1_71' title="bbox 256 4970 3587 5063">
     <span class='ocr_line' id='line_1_71' title="bbox 256 4970 3587 5063; baseline -0.007 -14"><span class='ocrx_word' id='word_1_789' title='bbox 256 4992 481 5063; x_wconf 87' lang='lat' dir='ltr'><strong>Spiritu</strong></span> <span class='ocrx_word' id='word_1_790' title='bbox 505 4998 695 5046; x_wconf 85' lang='lat' dir='ltr'><strong>sancto</strong></span> <span class='ocrx_word' id='word_1_791' title='bbox 723 4996 950 5044; x_wconf 68' lang='lat' dir='ltr'><strong>servata:</strong></span> <span class='ocrx_word' id='word_1_792' title='bbox 978 4985 1123 5041; x_wconf 89' lang='lat' dir='ltr'><strong>domi</strong></span> <span class='ocrx_word' id='word_1_793' title='bbox 1155 4994 1211 5039; x_wconf 90' lang='lat' dir='ltr'><strong>et</strong></span> <span class='ocrx_word' id='word_1_794' title='bbox 1241 4984 1462 5051; x_wconf 76' lang='lat' dir='ltr'><strong>prolata:</strong></span> <span class='ocrx_word' id='word_1_795' title='bbox 1509 4988 1713 5045; x_wconf 88' lang='lat' dir='ltr'><strong>essent,</strong></span> <span class='ocrx_word' id='word_1_796' title='bbox 1754 4978 1882 5049; x_wconf 90' lang='lat' dir='ltr'><strong>quid</strong></span> <span class='ocrx_word' id='word_1_797' title='bbox 1991 4976 2157 5028; x_wconf 87' lang='lat' dir='ltr'><strong>ﬁlium</strong></span> <span class='ocrx_word' id='word_1_798' title='bbox 2196 4974 2431 5029; x_wconf 87' lang='lat' dir='ltr'><strong>hominis</strong></span> <span class='ocrx_word' id='word_1_799' title='bbox 2459 4973 2617 5039; x_wconf 88' lang='lat' dir='ltr'><strong>dicit;</strong></span> <span class='ocrx_word' id='word_1_800' title='bbox 2652 4987 2774 5063; x_wconf 86' lang='lat' dir='ltr'><strong>cum</strong></span> <span class='ocrx_word' id='word_1_801' title='bbox 2801 4972 2988 5042; x_wconf 89' lang='lat' dir='ltr'><strong>utique</strong></span> <span class='ocrx_word' id='word_1_802' title='bbox 3023 4970 3092 5027; x_wconf 91' lang='lat' dir='ltr'><strong>de</strong></span> <span class='ocrx_word' id='word_1_803' title='bbox 3119 4972 3280 5040; x_wconf 74' lang='lat' dir='ltr'><strong>cmlo,</strong></span> <span class='ocrx_word' id='word_1_804' title='bbox 3307 4973 3411 5028; x_wconf 90' lang='lat' dir='ltr'><strong>nisi</strong></span> <span class='ocrx_word' id='word_1_805' title='bbox 3444 4973 3587 5027; x_wconf 90' lang='lat' dir='ltr'><strong>Deus</strong></span> 
     </span>
    </p>
   </div>
   <div class='ocr_carea' id='block_1_72' title="bbox 256 5061 3586 5151">
    <p class='ocr_par' dir='ltr' id='par_1_72' title="bbox 256 5061 3586 5151">
     <span class='ocr_line' id='line_1_72' title="bbox 256 5061 3586 5151; baseline -0.009 -6"><span class='ocrx_word' id='word_1_806' title='bbox 256 5061 393 5145; x_wconf 76' lang='lat' dir='ltr'><strong>miri</strong></span> <span class='ocrx_word' id='word_1_807' title='bbox 415 5086 606 5143; x_wconf 81' lang='lat' dir='ltr'><strong>odoris</strong></span> <span class='ocrx_word' id='word_1_808' title='bbox 627 5086 681 5138; x_wconf 92' lang='lat' dir='ltr'><strong>in</strong></span> <span class='ocrx_word' id='word_1_809' title='bbox 703 5083 911 5139; x_wconf 89' lang='lat' dir='ltr'><strong>eisdem</strong></span> <span class='ocrx_word' id='word_1_810' title='bbox 936 5091 1091 5151; x_wconf 85' lang='lat' dir='ltr'><strong>pater</strong></span> <span class='ocrx_word' id='word_1_811' title='bbox 1114 5080 1264 5134; x_wconf 81' lang='lat' dir='ltr'><strong>lsaac</strong></span> <span class='ocrx_word' id='word_1_812' title='bbox 1285 5077 1548 5140; x_wconf 88' lang='lat' dir='ltr'><strong>hauriret,</strong></span> <span class='ocrx_word' id='word_1_813' title='bbox 1569 5076 1641 5128; x_wconf 85' lang='lat' dir='ltr'><strong>ita</strong></span> <span class='ocrx_word' id='word_1_814' title='bbox 1664 5072 1884 5128; x_wconf 86' lang='lat' dir='ltr'><strong>utdice-</strong></span> <span class='ocrx_word' id='word_1_815' title='bbox 1986 5065 2314 5123; x_wconf 84' lang='lat' dir='ltr'><strong>descendere</strong></span> <span class='ocrx_word' id='word_1_816' title='bbox 2356 5078 2463 5118; x_wconf 90' lang='lat' dir='ltr'><strong>non</strong></span> <span class='ocrx_word' id='word_1_817' title='bbox 2503 5061 2741 5132; x_wconf 90' lang='lat' dir='ltr'><strong>potuerit</strong></span> <span class='ocrx_word' id='word_1_818' title='bbox 2767 5080 2779 5115; x_wconf 90' lang='lat'><strong>:</strong></span> <span class='ocrx_word' id='word_1_819' title='bbox 2811 5070 2866 5118; x_wconf 90' lang='lat' dir='ltr'><strong>et</strong></span> <span class='ocrx_word' id='word_1_820' title='bbox 2896 5077 3019 5119; x_wconf 91' lang='lat' dir='ltr'><strong>cum</strong></span> <span class='ocrx_word' id='word_1_821' title='bbox 3046 5063 3101 5118; x_wconf 89' lang='lat' dir='ltr'><strong>in</strong></span> <span class='ocrx_word' id='word_1_822' title='bbox 3134 5066 3293 5121; x_wconf 87' lang='lat' dir='ltr'><strong>terris</strong></span> <span class='ocrx_word' id='word_1_823' title='bbox 3324 5064 3586 5135; x_wconf 89' lang='lat' dir='ltr'><strong>loquitur,</strong></span> 
     </span>
    </p>
   </div>
   <div class='ocr_carea' id='block_1_73' title="bbox 260 5154 3590 5250">
    <p class='ocr_par' dir='ltr' id='par_1_73' title="bbox 260 5154 3590 5250">
     <span class='ocr_line' id='line_1_73' title="bbox 260 5154 3590 5250; baseline -0.008 -17"><span class='ocrx_word' id='word_1_824' title='bbox 260 5194 375 5250; x_wconf 78' lang='lat' dir='ltr'><strong>ret,</strong></span> <span class='ocrx_word' id='word_1_825' title='bbox 412 5197 541 5238; x_wconf 88' lang='lat' dir='ltr'><strong>cum</strong></span> <span class='ocrx_word' id='word_1_826' title='bbox 584 5176 967 5248; x_wconf 68' lang='lat' dir='ltr'><strong>praesensisset</strong></span> <span class='ocrx_word' id='word_1_827' title='bbox 1004 5173 1461 5230; x_wconf 87' lang='lat' dir='ltr'><strong>vestimentorum</strong></span> <span class='ocrx_word' id='word_1_828' title='bbox 1504 5168 1883 5239; x_wconf 65' lang='lat' dir='ltr'><strong>ﬂagrantiam:</strong></span> <span class='ocrx_word' id='word_1_829' title='bbox 1990 5156 2207 5215; x_wconf 88' lang='lat' dir='ltr'><strong>nonnisi</strong></span> <span class='ocrx_word' id='word_1_830' title='bbox 2234 5171 2375 5250; x_wconf 6' lang='lat' dir='ltr'><strong>unus,</strong></span> <span class='ocrx_word' id='word_1_831' title='bbox 2391 5154 2640 5225; x_wconf 88' lang='lat' dir='ltr'><strong>idemque</strong></span> <span class='ocrx_word' id='word_1_832' title='bbox 2665 5154 2913 5211; x_wconf 76' lang='lat' dir='ltr'><strong>Christus</strong></span> <span class='ocrx_word' id='word_1_833' title='bbox 2943 5155 3060 5211; x_wconf 73' lang='lat' dir='ltr'><strong>iuit.</strong></span> <span class='ocrx_word' id='word_1_834' title='bbox 3101 5156 3169 5212; x_wconf 88' lang='lat' dir='ltr'><strong>Et</strong></span> <span class='ocrx_word' id='word_1_835' title='bbox 3197 5157 3315 5212; x_wconf 69' lang='lat' dir='ltr'><strong>haec</strong></span> <span class='ocrx_word' id='word_1_836' title='bbox 3340 5164 3423 5211; x_wconf 86' lang='lat' dir='ltr'><strong>est</strong></span> <span class='ocrx_word' id='word_1_837' title='bbox 3454 5154 3590 5208; x_wconf 91' lang='lat' dir='ltr'><strong>mira</strong></span> 
     </span>
    </p>
   </div>
   <div class='ocr_carea' id='block_1_74' title="bbox 264 5248 3587 5341">
    <p class='ocr_par' dir='ltr' id='par_1_74' title="bbox 264 5248 3587 5341">
     <span class='ocr_line' id='line_1_74' title="bbox 264 5248 3587 5341; baseline -0.008 -10"><span class='ocrx_word' id='word_1_838' title='bbox 264 5248 417 5330; x_wconf 75' lang='lat' dir='ltr'><strong>Ecce</strong></span> <span class='ocrx_word' id='word_1_839' title='bbox 438 5274 571 5329; x_wconf 88' lang='lat' dir='ltr'><strong>odor</strong></span> <span class='ocrx_word' id='word_1_840' title='bbox 612 5271 713 5341; x_wconf 79' lang='lat' dir='ltr'><strong>ﬁlii</strong></span> <span class='ocrx_word' id='word_1_841' title='bbox 732 5271 861 5335; x_wconf 87' lang='lat' dir='ltr'><strong>mei,</strong></span> <span class='ocrx_word' id='word_1_842' title='bbox 885 5270 1017 5323; x_wconf 83' lang='lat' dir='ltr'><strong>sicut</strong></span> <span class='ocrx_word' id='word_1_843' title='bbox 1041 5267 1170 5319; x_wconf 86' lang='lat' dir='ltr'><strong>odor</strong></span> <span class='ocrx_word' id='word_1_844' title='bbox 1190 5263 1304 5336; x_wconf 88' lang='lat' dir='ltr'><strong>agri</strong></span> <span class='ocrx_word' id='word_1_845' title='bbox 1327 5264 1486 5329; x_wconf 83' lang='lat' dir='ltr'><strong>pleni,</strong></span> <span class='ocrx_word' id='word_1_846' title='bbox 1513 5261 1598 5314; x_wconf 80' lang='lat' dir='ltr'><strong>cui</strong></span> <span class='ocrx_word' id='word_1_847' title='bbox 1635 5258 1891 5313; x_wconf 73' lang='lat' dir='ltr'><strong>benedixit</strong></span> <span class='ocrx_word' id='word_1_848' title='bbox 1993 5264 2047 5309; x_wconf 91' lang='lat' dir='ltr'><strong>et</strong></span> <span class='ocrx_word' id='word_1_849' title='bbox 2075 5248 2410 5307; x_wconf 87' lang='lat' dir='ltr'><strong>admirabilis</strong></span> <span class='ocrx_word' id='word_1_850' title='bbox 2436 5249 2666 5315; x_wconf 72' lang='lat' dir='ltr'><strong>navitas,</strong></span> <span class='ocrx_word' id='word_1_851' title='bbox 2704 5250 2871 5305; x_wconf 85' lang='lat' dir='ltr'><strong>immo</strong></span> <span class='ocrx_word' id='word_1_852' title='bbox 2893 5249 3134 5306; x_wconf 82' lang='lat' dir='ltr'><strong>omnium</strong></span> <span class='ocrx_word' id='word_1_853' title='bbox 3170 5251 3470 5341; x_wconf 81' lang='lat' dir='ltr'><strong>novitatum</strong></span> <span class='ocrx_word' id='word_1_854' title='bbox 3502 5263 3587 5304; x_wconf 83' lang='lat' dir='ltr'><strong>su-</strong></span> 
     </span>
    </p>
   </div>
   <div class='ocr_carea' id='block_1_75' title="bbox 264 5340 3590 5438">
    <p class='ocr_par' dir='ltr' id='par_1_75' title="bbox 264 5340 3590 5438">
     <span class='ocr_line' id='line_1_75' title="bbox 264 5340 3590 5438; baseline -0.009 -15"><span class='ocrx_word' id='word_1_855' title='bbox 264 5368 538 5424; x_wconf 77' lang='lat' dir='ltr'><strong>Dominus</strong></span> <span class='ocrx_word' id='word_1_856' title='bbox 566 5364 730 5438; x_wconf 87' lang='lat' dir='ltr'><strong>(Gen.</strong></span> <span class='ocrx_word' id='word_1_857' title='bbox 760 5379 930 5428; x_wconf 77' lang='lat' dir='ltr'><strong>xxvn,</strong></span> <span class='ocrx_word' id='word_1_858' title='bbox 959 5361 1091 5433; x_wconf 73' lang='lat'><strong>27)?</strong></span> <span class='ocrx_word' id='word_1_859' title='bbox 1116 5359 1224 5417; x_wconf 87' lang='lat' dir='ltr'><strong>Sed</strong></span> <span class='ocrx_word' id='word_1_860' title='bbox 1257 5358 1397 5413; x_wconf 78' lang='lat' dir='ltr'><strong>forte</strong></span> <span class='ocrx_word' id='word_1_861' title='bbox 1421 5356 1667 5411; x_wconf 88' lang='lat' dir='ltr'><strong>dicturus</strong></span> <span class='ocrx_word' id='word_1_862' title='bbox 1690 5362 1773 5409; x_wconf 89' lang='lat' dir='ltr'><strong>est</strong></span> <span class='ocrx_word' id='word_1_863' title='bbox 1795 5352 1896 5407; x_wconf 89' lang='lat' dir='ltr'><strong>ali-</strong></span> <span class='ocrx_word' id='word_1_864' title='bbox 2000 5346 2338 5438; x_wconf 80' lang='lat' dir='ltr'><strong>pereminens</strong></span> <span class='ocrx_word' id='word_1_865' title='bbox 2382 5343 2592 5438; x_wconf 76' lang='lat' dir='ltr'><strong>novitas</strong></span> <span class='ocrx_word' id='word_1_866' title='bbox 2639 5342 2880 5438; x_wconf 39' lang='lat' dir='ltr'><strong>uni-tatis.</strong></span> <span class='ocrx_word' id='word_1_867' title='bbox 2923 5341 3095 5438; x_wconf 63' lang='lat' dir='ltr'><strong>Quam</strong></span> <span class='ocrx_word' id='word_1_868' title='bbox 3141 5340 3590 5438; x_wconf 44' lang='lat' dir='ltr'><strong>nisi-diligenter,</strong></span> 
     </span>
    </p>
   </div>
   <div class='ocr_carea' id='block_1_76' title="bbox 265 5431 3597 5532">
    <p class='ocr_par' dir='ltr' id='par_1_76' title="bbox 265 5431 3597 5532">
     <span class='ocr_line' id='line_1_76' title="bbox 265 5431 3597 5532; baseline -0.008 -19"><span class='ocrx_word' id='word_1_869' title='bbox 265 5461 396 5532; x_wconf 85' lang='lat' dir='ltr'><strong>quis</strong></span> <span class='ocrx_word' id='word_1_870' title='bbox 416 5431 585 5527; x_wconf 87' lang='lat' dir='ltr'><strong>:Quid</strong></span> <span class='ocrx_word' id='word_1_871' title='bbox 604 5455 673 5510; x_wconf 90' lang='lat' dir='ltr'><strong>ad</strong></span> <span class='ocrx_word' id='word_1_872' title='bbox 692 5455 991 5509; x_wconf 81' lang='lat' dir='ltr'><strong>Reheccam</strong></span> <span class='ocrx_word' id='word_1_873' title='bbox 1004 5431 1241 5521; x_wconf 87' lang='lat' dir='ltr'><strong>Spiritus</strong></span> <span class='ocrx_word' id='word_1_874' title='bbox 1264 5458 1489 5505; x_wconf 89' lang='lat' dir='ltr'><strong>sanctus</strong></span> <span class='ocrx_word' id='word_1_875' title='bbox 1504 5446 1758 5517; x_wconf 90' lang='lat' dir='ltr'><strong>pertinet,</strong></span> <span class='ocrx_word' id='word_1_876' title='bbox 1775 5458 1897 5497; x_wconf 92' lang='lat' dir='ltr'><strong>cum</strong></span> <span class='ocrx_word' id='word_1_877' title='bbox 2007 5437 2243 5509; x_wconf 88' lang='lat' dir='ltr'><strong>prudens</strong></span> <span class='ocrx_word' id='word_1_878' title='bbox 2270 5435 2420 5532; x_wconf 80' lang='lat' dir='ltr'><strong>virgo</strong></span> <span class='ocrx_word' id='word_1_879' title='bbox 2438 5474 2451 5497; x_wconf 92' lang='lat'><strong>,</strong></span> <span class='ocrx_word' id='word_1_880' title='bbox 2479 5434 2548 5488; x_wconf 87' lang='lat' dir='ltr'><strong>ab</strong></span> <span class='ocrx_word' id='word_1_881' title='bbox 2574 5433 2799 5532; x_wconf 74' lang='lat' dir='ltr'><strong>exordio</strong></span> <span class='ocrx_word' id='word_1_882' title='bbox 2828 5434 3016 5532; x_wconf 42' lang='lat' dir='ltr'><strong>sancti.</strong></span> <span class='ocrx_word' id='word_1_883' title='bbox 3037 5431 3312 5532; x_wconf 65' lang='lat' dir='ltr'><strong>Evangelii</strong></span> <span class='ocrx_word' id='word_1_884' title='bbox 3338 5431 3597 5532; x_wconf 40' lang='lat' dir='ltr'><strong>anima-d-</strong></span> 
     </span>
    </p>
   </div>
   <div class='ocr_carea' id='block_1_77' title="bbox 265 5522 3595 5617">
    <p class='ocr_par' dir='ltr' id='par_1_77' title="bbox 265 5522 3595 5617">
     <span class='ocr_line' id='line_1_77' title="bbox 265 5522 3595 5617; baseline -0.006 -21"><span class='ocrx_word' id='word_1_885' title='bbox 265 5522 547 5609; x_wconf 37' lang='lat' dir='ltr'><strong>Ihuuigvin</strong></span> <span class='ocrx_word' id='word_1_886' title='bbox 577 5547 713 5603; x_wconf 78' lang='lat' dir='ltr'><strong>locis</strong></span> <span class='ocrx_word' id='word_1_887' title='bbox 746 5560 994 5617; x_wconf 68' lang='lat' dir='ltr'><strong>persona:</strong></span> <span class='ocrx_word' id='word_1_888' title='bbox 1023 5542 1248 5613; x_wconf 85' lang='lat' dir='ltr'><strong>proDeo</strong></span> <span class='ocrx_word' id='word_1_889' title='bbox 1268 5542 1497 5611; x_wconf 84' lang='lat' dir='ltr'><strong>ﬁgurate</strong></span> <span class='ocrx_word' id='word_1_890' title='bbox 1533 5534 1904 5605; x_wconf 87' lang='lat' dir='ltr'><strong>accipiantur?</strong></span> <span class='ocrx_word' id='word_1_891' title='bbox 2007 5538 2209 5592; x_wconf 87' lang='lat' dir='ltr'><strong>vertas,</strong></span> <span class='ocrx_word' id='word_1_892' title='bbox 2244 5523 2414 5594; x_wconf 81' lang='lat' dir='ltr'><strong>magis</strong></span> <span class='ocrx_word' id='word_1_893' title='bbox 2436 5539 2621 5581; x_wconf 84' lang='lat' dir='ltr'><strong>errare</strong></span> <span class='ocrx_word' id='word_1_894' title='bbox 2644 5524 2698 5578; x_wconf 89' lang='lat' dir='ltr'><strong>in</strong></span> <span class='ocrx_word' id='word_1_895' title='bbox 2726 5525 2873 5577; x_wconf 88' lang='lat' dir='ltr'><strong>omni</strong></span> <span class='ocrx_word' id='word_1_896' title='bbox 2898 5522 3595 5617; x_wconf 39' lang='lat' dir='ltr'><strong>ScripturaAvideberisdi-</strong></span> 
     </span>
    </p>
   </div>
   <div class='ocr_carea' id='block_1_78' title="bbox 269 5613 1823 5710">
    <p class='ocr_par' dir='ltr' id='par_1_78' title="bbox 269 5613 1823 5710">
     <span class='ocr_line' id='line_1_78' title="bbox 269 5613 1823 5710; baseline -0.016 -6"><span class='ocrx_word' id='word_1_897' title='bbox 269 5647 683 5704; x_wconf 73' lang='lat' dir='ltr'><strong>Verumtamen</strong></span> <span class='ocrx_word' id='word_1_898' title='bbox 704 5613 760 5696; x_wconf 81' lang='lat' dir='ltr'><strong>et</strong></span> <span class='ocrx_word' id='word_1_899' title='bbox 778 5636 1001 5710; x_wconf 84' lang='lat' dir='ltr'><strong>spiritus</strong></span> <span class='ocrx_word' id='word_1_900' title='bbox 1026 5637 1079 5691; x_wconf 90' lang='lat' dir='ltr'><strong>in</strong></span> <span class='ocrx_word' id='word_1_901' title='bbox 1105 5635 1332 5691; x_wconf 81' lang='lat' dir='ltr'><strong>Hebraeo</strong></span> <span class='ocrx_word' id='word_1_902' title='bbox 1360 5649 1467 5689; x_wconf 66' lang='lat' dir='ltr'><strong>nua</strong></span> <span class='ocrx_word' id='word_1_903' title='bbox 1503 5644 1605 5691; x_wconf 74' lang='lat' dir='ltr'><strong>rm</strong></span> <span class='ocrx_word' id='word_1_904' title='bbox 1646 5626 1823 5684; x_wconf 81' lang='lat' dir='ltr'><strong>femini</strong></span> 
     </span>
    </p>
   </div>
   <div class='ocr_carea' id='block_1_79' title="bbox 1927 5613 3602 5710">
    <p class='ocr_par' dir='ltr' id='par_1_79' title="bbox 2010 5613 3602 5689">
     <span class='ocr_line' id='line_1_79' title="bbox 2010 5613 3602 5689; baseline -0.003 -14"><span class='ocrx_word' id='word_1_905' title='bbox 2010 5622 2177 5684; x_wconf 88' lang='lat' dir='ltr'><strong>vina,</strong></span> <span class='ocrx_word' id='word_1_906' title='bbox 2231 5631 2392 5689; x_wconf 89' lang='lat' dir='ltr'><strong>quam</strong></span> <span class='ocrx_word' id='word_1_907' title='bbox 2447 5617 2751 5687; x_wconf 81' lang='lat' dir='ltr'><strong>intelligere</strong></span> <span class='ocrx_word' id='word_1_908' title='bbox 2797 5615 3105 5670; x_wconf 88' lang='lat' dir='ltr'><strong>veritatem.</strong></span> <span class='ocrx_word' id='word_1_909' title='bbox 3163 5613 3389 5672; x_wconf 91' lang='lat' dir='ltr'><strong>Constat</strong></span> <span class='ocrx_word' id='word_1_910' title='bbox 3440 5615 3602 5686; x_wconf 88' lang='lat' dir='ltr'><strong>igitur</strong></span> 
     </span>
    </p>
   </div>
   <div class='ocr_carea' id='block_1_80' title="bbox 269 5704 3607 5815">
    <p class='ocr_par' dir='ltr' id='par_1_80' title="bbox 269 5704 3607 5815">
     <span class='ocr_line' id='line_1_80' title="bbox 269 5704 3607 5815; baseline -0.01 -18"><span class='ocrx_word' id='word_1_911' title='bbox 269 5752 492 5815; x_wconf 83' lang='lat' dir='ltr'><strong>genere</strong></span> <span class='ocrx_word' id='word_1_912' title='bbox 521 5734 749 5800; x_wconf 84' lang='lat' dir='ltr'><strong>dicitur,</strong></span> <span class='ocrx_word' id='word_1_913' title='bbox 797 5704 907 5788; x_wconf 82' lang='lat' dir='ltr'><strong>non</strong></span> <span class='ocrx_word' id='word_1_914' title='bbox 944 5728 1087 5804; x_wconf 90' lang='lat' dir='ltr'><strong>quod</strong></span> <span class='ocrx_word' id='word_1_915' title='bbox 1128 5741 1293 5787; x_wconf 79' lang='lat' dir='ltr'><strong>sexus</strong></span> <span class='ocrx_word' id='word_1_916' title='bbox 1312 5726 1367 5784; x_wconf 87' lang='lat' dir='ltr'><strong>iu</strong></span> <span class='ocrx_word' id='word_1_917' title='bbox 1394 5724 1509 5783; x_wconf 87' lang='lat' dir='ltr'><strong>Deo</strong></span> <span class='ocrx_word' id='word_1_918' title='bbox 1538 5727 1905 5779; x_wconf 86' lang='lat' dir='ltr'><strong>monstretur:</strong></span> <span class='ocrx_word' id='word_1_919' title='bbox 2012 5725 2179 5769; x_wconf 86' lang='lat' dir='ltr'><strong>unum</strong></span> <span class='ocrx_word' id='word_1_920' title='bbox 2233 5706 2599 5781; x_wconf 80' lang='lat' dir='ltr'><strong>eamdemque</strong></span> <span class='ocrx_word' id='word_1_921' title='bbox 2646 5704 2921 5767; x_wconf 76' lang='lat' dir='ltr'><strong>Christum</strong></span> <span class='ocrx_word' id='word_1_922' title='bbox 2989 5705 3290 5767; x_wconf 88' lang='lat' dir='ltr'><strong>secundum</strong></span> <span class='ocrx_word' id='word_1_923' title='bbox 3349 5718 3607 5779; x_wconf 84' lang='lat' dir='ltr'><strong>utrasque</strong></span> 
     </span>
    </p>
   </div>
   <div class='ocr_carea' id='block_1_81' title="bbox 1935 2466 3529 2544">
    <p class='ocr_par' dir='ltr' id='par_1_81' title="bbox 1935 2466 3529 2544">
     <span class='ocr_line' id='line_1_81' title="bbox 1935 2466 3529 2544; baseline 0.006 -25"><span class='ocrx_word' id='word_1_924' title='bbox 1935 2480 2043 2534; x_wconf 90' lang='lat' dir='ltr'><strong>quo</strong></span> <span class='ocrx_word' id='word_1_925' title='bbox 2090 2474 2175 2520; x_wconf 88' lang='lat' dir='ltr'><strong>est</strong></span> <span class='ocrx_word' id='word_1_926' title='bbox 2214 2467 2353 2522; x_wconf 90' lang='lat' dir='ltr'><strong>Deus</strong></span> <span class='ocrx_word' id='word_1_927' title='bbox 2380 2476 2436 2521; x_wconf 92' lang='lat' dir='ltr'><strong>et</strong></span> <span class='ocrx_word' id='word_1_928' title='bbox 2464 2466 2649 2532; x_wconf 86' lang='lat' dir='ltr'><strong>homo,</strong></span> <span class='ocrx_word' id='word_1_929' title='bbox 2685 2467 2763 2523; x_wconf 86' lang='lat' dir='ltr'><strong>sic</strong></span> <span class='ocrx_word' id='word_1_930' title='bbox 2794 2470 2974 2525; x_wconf 84' lang='lat' dir='ltr'><strong>unitos</strong></span> <span class='ocrx_word' id='word_1_931' title='bbox 3003 2471 3056 2525; x_wconf 91' lang='lat' dir='ltr'><strong>in</strong></span> <span class='ocrx_word' id='word_1_932' title='bbox 3094 2488 3198 2526; x_wconf 86' lang='lat' dir='ltr'><strong>una</strong></span> <span class='ocrx_word' id='word_1_933' title='bbox 3230 2473 3529 2544; x_wconf 85' lang='lat' dir='ltr'><strong>eademque</strong></span> 
     </span>
    </p>
   </div>
   <div class='ocr_carea' id='block_1_82' title="bbox 1936 2558 3533 2633">
    <p class='ocr_par' dir='ltr' id='par_1_82' title="bbox 1936 2558 3533 2633">
     <span class='ocr_line' id='line_1_82' title="bbox 1936 2558 3533 2633; baseline 0.005 -21"><span class='ocrx_word' id='word_1_934' title='bbox 1936 2572 2171 2627; x_wconf 87' lang='lat' dir='ltr'><strong>persona</strong></span> <span class='ocrx_word' id='word_1_935' title='bbox 2198 2602 2212 2625; x_wconf 93' lang='lat'><strong>,</strong></span> <span class='ocrx_word' id='word_1_936' title='bbox 2249 2567 2308 2612; x_wconf 86' lang='lat' dir='ltr'><strong>ut</strong></span> <span class='ocrx_word' id='word_1_937' title='bbox 2339 2558 2548 2628; x_wconf 78' lang='lat' dir='ltr'><strong>legatur</strong></span> <span class='ocrx_word' id='word_1_938' title='bbox 2574 2575 2736 2630; x_wconf 91' lang='lat' dir='ltr'><strong>quam</strong></span> <span class='ocrx_word' id='word_1_939' title='bbox 2763 2575 2907 2632; x_wconf 65' lang='lat' dir='ltr'><strong>saepe</strong></span> <span class='ocrx_word' id='word_1_940' title='bbox 2933 2562 2986 2616; x_wconf 92' lang='lat' dir='ltr'><strong>in</strong></span> <span class='ocrx_word' id='word_1_941' title='bbox 3011 2562 3308 2633; x_wconf 88' lang='lat' dir='ltr'><strong>Scripturis</strong></span> <span class='ocrx_word' id='word_1_942' title='bbox 3336 2565 3533 2620; x_wconf 85' lang='lat' dir='ltr'><strong>divinis</strong></span> 
     </span>
    </p>
   </div>
   <div class='ocr_carea' id='block_1_83' title="bbox 1939 2650 3529 2723">
    <p class='ocr_par' dir='ltr' id='par_1_83' title="bbox 1939 2650 3529 2723">
     <span class='ocr_line' id='line_1_83' title="bbox 1939 2650 3529 2723; baseline 0.006 -19"><span class='ocrx_word' id='word_1_943' title='bbox 1939 2650 2103 2705; x_wconf 91' lang='lat' dir='ltr'><strong>homo</strong></span> <span class='ocrx_word' id='word_1_944' title='bbox 2150 2650 2261 2705; x_wconf 93' lang='lat' dir='ltr'><strong>Deo</strong></span> <span class='ocrx_word' id='word_1_945' title='bbox 2288 2660 2593 2706; x_wconf 65' lang='lat' dir='ltr'><strong>coaeternus</strong></span> <span class='ocrx_word' id='word_1_946' title='bbox 2636 2663 2859 2723; x_wconf 90' lang='lat' dir='ltr'><strong>propter</strong></span> <span class='ocrx_word' id='word_1_947' title='bbox 2899 2655 3154 2711; x_wconf 90' lang='lat' dir='ltr'><strong>unionem</strong></span> <span class='ocrx_word' id='word_1_948' title='bbox 3180 2658 3529 2714; x_wconf 64' lang='lat' dir='ltr'><strong>substantiae:</strong></span> 
     </span>
    </p>
   </div>
   <div class='ocr_carea' id='block_1_84' title="bbox 1941 2742 3532 2821">
    <p class='ocr_par' dir='ltr' id='par_1_84' title="bbox 1941 2742 3532 2821">
     <span class='ocr_line' id='line_1_84' title="bbox 1941 2742 3532 2821; baseline 0.006 -24"><span class='ocrx_word' id='word_1_949' title='bbox 1941 2758 2007 2797; x_wconf 89' lang='lat' dir='ltr'><strong>ac</strong></span> <span class='ocrx_word' id='word_1_950' title='bbox 2048 2743 2245 2798; x_wconf 91' lang='lat' dir='ltr'><strong>deinde</strong></span> <span class='ocrx_word' id='word_1_951' title='bbox 2272 2742 2415 2799; x_wconf 86' lang='lat' dir='ltr'><strong>Deus</strong></span> <span class='ocrx_word' id='word_1_952' title='bbox 2463 2744 2668 2799; x_wconf 88' lang='lat' dir='ltr'><strong>homini</strong></span> <span class='ocrx_word' id='word_1_953' title='bbox 2715 2747 2969 2803; x_wconf 86' lang='lat' dir='ltr'><strong>videatur</strong></span> <span class='ocrx_word' id='word_1_954' title='bbox 3011 2763 3349 2821; x_wconf 89' lang='lat' dir='ltr'><strong>compassus,</strong></span> <span class='ocrx_word' id='word_1_955' title='bbox 3407 2767 3532 2808; x_wconf 92' lang='lat' dir='ltr'><strong>cum</strong></span> 
     </span>
    </p>
   </div>
   <div class='ocr_carea' id='block_1_85' title="bbox 1944 2835 3531 2908">
    <p class='ocr_par' dir='ltr' id='par_1_85' title="bbox 1944 2835 3531 2908">
     <span class='ocr_line' id='line_1_85' title="bbox 1944 2835 3531 2908; baseline 0.005 -18"><span class='ocrx_word' id='word_1_956' title='bbox 1944 2850 2045 2890; x_wconf 90' lang='lat' dir='ltr'><strong>nec</strong></span> <span class='ocrx_word' id='word_1_957' title='bbox 2094 2835 2314 2891; x_wconf 85' lang='lat' dir='ltr'><strong>initialis</strong></span> <span class='ocrx_word' id='word_1_958' title='bbox 2352 2835 2424 2891; x_wconf 87' lang='lat' dir='ltr'><strong>sit</strong></span> <span class='ocrx_word' id='word_1_959' title='bbox 2470 2836 2655 2904; x_wconf 89' lang='lat' dir='ltr'><strong>homo,</strong></span> <span class='ocrx_word' id='word_1_960' title='bbox 2688 2853 2789 2893; x_wconf 90' lang='lat' dir='ltr'><strong>nec</strong></span> <span class='ocrx_word' id='word_1_961' title='bbox 2834 2840 3112 2908; x_wconf 87' lang='lat' dir='ltr'><strong>passibilis</strong></span> <span class='ocrx_word' id='word_1_962' title='bbox 3148 2842 3309 2907; x_wconf 89' lang='lat' dir='ltr'><strong>Dens,</strong></span> <span class='ocrx_word' id='word_1_963' title='bbox 3350 2850 3531 2898; x_wconf 89' lang='lat' dir='ltr'><strong>tamen</strong></span> 
     </span>
    </p>
   </div>
  </div>
