3998 6198
470 216 579 275 135

1509 207 1567 264 S.
1611 203 1993 263 IIIERONYMI
2030 200 2314 260 OPERUM
2351 197 2719 260 MANTISSA.

3665 192 3775 253 156

474 328 998 400 formas'operatum,
1019 325 1577 383 hnmanitatisscilicct
1600 323 2071 388 acdivinitatis,ac
2099 323 2146 382 Α
2175 322 2377 389 piatur,
2407 319 2717 375 adducitur.
2758 318 2850 375 Sic
2887 317 3067 386 itaque
3102 315 3286 373 omnia
3315 314 3577 371 virtutum
3602 328 3776 386 opera

478 442 579 498 per
603 426 704 481 hoc
718 425 855 479 duas
870 422 1177 497 exercuisse
1200 422 1558 490 sperationes.
1574 419 1805 489 Operata
1823 426 1905 471 est
1922 416 2066 470 enim

476 528 706 590 utraque
744 516 914 571 forma
944 512 1029 569 vel
1062 523 1253 568 natura
1278 528 1402 568 cum
1432 512 1657 566 alterius
1684 509 2068 565 communione

476 611 619 684 quod
668 609 948 681 proprium
992 605 1177 660 habuit
1224 624 1236 659 :
1278 605 1460 661 Verbo
1499 602 1768 673 siquidem
1809 609 2070 672 operante

477 703 621 774 quod
665 699 827 755 Verbi
868 707 987 767 est,
1034 708 1089 753 et
1131 712 1299 753 carne
1343 705 1676 765 exsequente
1723 710 1844 764 qua:
1890 692 2071 749 carnis

475 801 669 849 erant:
711 790 1154 845 communicante
1191 789 1239 844 ei
1278 788 1545 859 siquidem
1577 787 1755 842 Verbo
1796 789 1847 841 in
1876 786 2071 841 eadem

474 883 811 955 operatione,
845 881 972 936 dum
1010 891 1063 935 et
1108 879 1250 936 idem
1292 881 1436 935 Deus
1475 888 1639 949 atque
1681 878 1847 933 homo
1884 878 1938 932 in
1965 892 2071 931 una

472 974 777 1031 substantia
818 973 904 1028 vel
939 986 1197 1043 persona,
1227 972 1349 1025 sine
1385 970 1652 1025 divisione
1678 978 1772 1023 aut
1810 970 2073 1026 commix-

475 1068 622 1123 tione
647 1065 911 1128 ereditur.
946 1077 1001 1120 et
1027 1062 1360 1135 prancngnila
1384 1078 1490 1116 una
1516 1063 1776 1117 identitas
1807 1061 2076 1131 prurdica-

475 1170 582 1216 tur.
618 1159 1004 1215 Verumtamen
1051 1158 1197 1212 Deus
1249 1155 1484 1210 Verbum
1529 1164 1636 1219 est,
1678 1164 1732 1209 et
1776 1169 1881 1209 non
1924 1168 2074 1219 caro,

477 1266 803 1323 quamquam
848 1265 1067 1307 carnem
1112 1247 1506 1303 rationabiliter
1532 1248 1825 1302 animatam
1862 1261 2077 1301 assum-

477 1346 651 1417 pserit
674 1362 688 1398 :
714 1344 963 1413 hancque
978 1341 1080 1397 sibi
1104 1340 1215 1413 [ΑΙ.
1239 1350 1370 1396 tacet
1395 1340 1522 1411 sibi]
1551 1341 2003 1397 unione‘naturali
2025 1349 2079 1396 et

478 1437 781 1493 secundum
806 1435 1167 1490 substantiam
1201 1434 1466 1489 connivit.
1491 1433 1753 1489 Similiter
1771 1443 1825 1488 et
1844 1448 1974 1489 caro
1996 1442 2081 1489 est

484 1532 743 1597 animata,
776 1536 832 1582 et
861 1543 970 1582 non
1004 1525 1241 1581 Verbum
1269 1543 1280 1579 :
1323 1526 1450 1581 licet
1469 1524 1633 1580 Verbi
1665 1525 1759 1579 Dei
1791 1540 1919 1579 caro
1948 1540 2081 1581 eon-

482 1631 666 1693 specta
693 1622 765 1676 sit
788 1635 851 1675 ac
879 1620 1015 1674 visa.
1047 1618 1203 1675 Unde
1226 1628 1282 1674 et
1305 1618 1573 1673 Joannes:
1604 1619 1755 1685 Quod
1780 1620 1881 1689 fuit
1901 1618 2081 1672 ubiui-

2171 411 2566 466 considcranda
2595 420 2744 477 sunt,
2780 420 2835 465 ut
2864 409 3159 465 reddamus
3188 408 3304 462 Deo
3332 423 3456 475 qua:
3486 408 3585 462 Dei
3620 415 3775 473 sunt,

2170 513 2227 560 et
2266 503 2472 558 homini
2505 516 2629 573 quae
2684 510 2813 557 sunt
2860 499 3120 556 hominis.
3166 499 3437 567 Quoniam
3489 499 3633 553 sicut
3690 509 3776 553 est

2173 614 2311 653 unus
2351 598 2441 669 qui
2486 597 2745 651 Lazarum
2784 596 2951 651 verbo
3003 593 3264 664 potentia:
3310 607 3425 647 suze
3471 600 3662 657 vocat,
3715 600 3779 647 ut

2173 699 2330 746 exeat
2367 691 2513 744 foras
2539 704 2569 742 a
2607 697 2959 744 monumento
2996 706 3008 741 :
3059 687 3139 742 sic
3178 686 3320 743 idem
3364 687 3482 757 ipse
3510 699 3649 741 unus
3688 692 3777 739 est

2174 786 2265 855 qui
2306 782 2457 838 flevit
2512 781 2865 836 humanitatis
2915 780 3134 835 affectu.
3190 779 3281 833 Sic
3321 779 3522 850 quippe
3571 784 3773 832 cuncta

2175 884 2391 946 oportet
2418 874 2809 933 considerare:
2843 881 3109 944 quatenus
3136 880 3191 927 et
3223 872 3383 942 plena
3417 870 3675 925 divinitas
3717 870 3772 924 in

2177 970 2398 1025 Christo
2430 969 2769 1039 intelligatur
2801 968 3009 1023 homini
3041 967 3213 1033 unita,
3241 975 3295 1021 et
3333 966 3493 1037 plena
3526 963 3778 1020 humani-

2178 1073 2261 1120 tas
2286 1065 2339 1119 in
2367 1064 2536 1119 Deum
2566 1072 2866 1131 assumpta.

2254 1155 2390 1210 XIII.
2419 1155 2545 1211 Haec
2567 1155 2771 1211 idcirco
2800 1154 3029 1211 dixerim
3060 1154 3322 1224 tantisper
3352 1152 3420 1208 de
3452 1150 3560 1208 fide
3589 1151 3779 1207 lucar-

2179 1250 2415 1306 nationis
2471 1247 2716 1314 Christi,
2758 1249 3132 1304 charissimte:
3184 1248 3349 1318 quia,
3396 1246 3536 1316 quod
3590 1246 3780 1315 plures

2181 1341 2537 1398 Orientalium
2578 1342 2921 1396 circumeunt
2948 1341 3060 1394 suis
3099 1338 3325 1393 faecibus
3349 1335 3617 1400 obvoluti,
3652 1348 3782 1389 mo-

2183 1435 2299 1489 neri
2330 1433 2600 1489 debuistis
2620 1476 2634 1499 ,
2671 1448 2738 1487 ne
2775 1447 2875 1486 suo
2903 1430 3229 1486 obnubilare
3256 1443 3355 1483 vos
3384 1427 3551 1482 velint
3581 1426 3784 1480 obscu-

2186 1528 2366 1585 ritatis
2397 1526 2651 1598 eloquio,
2685 1526 2768 1580 vel
2800 1525 2995 1580 Graeco
3024 1523 3243 1578 turbine
3274 1521 3518 1576 Latinam
3541 1518 3780 1574 confun-

2184 1622 2315 1677 dere
2361 1623 2672 1691 puritatem.
2716 1621 2855 1676 Sunt
2897 1620 3041 1675 enim
3073 1627 3130 1673 et
3170 1616 3470 1689 prudentes
3510 1614 3777 1686 virgines,

482 1714 578 1781 tio,
610 1712 817 1785 etquod
841 1713 1135 1765 audivimus
1159 1751 1175 1777 ,
1207 1712 1399 1781 inquit,
1422 1720 1471 1765 et
1500 1711 1720 1764 vidimus
1744 1720 1793 1764 et
1816 1712 2084 1783 perspexi-
2116 1703 2157 1763 Β
2186 1728 2313 1772 sum
2359 1726 2414 1773 et
2460 1716 2643 1771 fatum,
2704 1714 2773 1771 Et
2819 1714 2964 1783 ideo,
3011 1711 3410 1781 dilectissimzn,
3464 1708 3779 1773 imitamini,

485 1823 621 1872 mus,
655 1815 703 1860 et
760 1820 946 1859 manus
995 1811 1186 1857 nostra:
1236 1810 1589 1856 tractaverunt
1648 1802 1710 1856 de
1764 1801 1914 1855 verbo
1965 1803 2081 1856 vitat

484 1898 704 1970 (IJoan.
732 1914 773 1965 ι,
807 1898 860 1966 I)
883 1913 898 1951 :
921 1910 1042 1950 cum
1062 1893 1304 1964 profecto
1328 1908 1486 1949 nemo
1510 1893 1677 1947 Deum
1694 1907 1881 1948 verum
1896 1893 2080 1947 videre

485 2000 579 2045 aut
614 1998 845 2045 tractare
887 1987 1061 2057 possit
1099 1985 1366 2049 manibus,
1413 1984 1517 2038 nisi
1550 2000 1645 2054 per
1675 1994 2079 2040 sacramentum

486 2083 589 2138 sibi
612 2081 748 2137 uniti
774 2080 1032 2136 hominis.
1058 2077 1191 2145 Qum
1213 2078 1469 2133 nimirum
1492 2077 1665 2132 unitio
1685 2087 1791 2131 tam
1815 2077 1953 2132 mira
1975 2087 2080 2143 est,

494 2185 551 2229 ut
603 2173 840 2229 discerni
884 2180 1136 2241 nequeat.
1188 2170 1442 2240 Alioquin
1494 2171 1635 2240 quod
1680 2168 1783 2223 fuit
1819 2169 1888 2223 ab
1924 2169 2082 2223 initio

489 2265 749 2331 Verbum,
774 2264 1048 2336 quomodo
1072 2271 1223 2319 recte
1247 2262 1446 2317 dicitur
1469 2262 1572 2317 hoc
1590 2273 1763 2317 totum
1791 2276 1913 2317 esse
1937 2261 2082 2332 quod

487 2358 721 2430 apostoli
766 2357 1089 2423 audierant,
1143 2354 1285 2425 quod
1329 2354 1601 2423 viderant,
1659 2353 1799 2423 quod
1836 2353 2083 2408 manibus

489 2458 788 2507 tractarant
818 2468 831 2504 :
866 2449 970 2505 nisi
1010 2449 1133 2519 quia
1165 2447 1420 2501 Christus
1465 2460 1605 2500 unus
1646 2445 1897 2515 idemque
1926 2446 2083 2501 erat?

487 2546 568 2600 Ac
612 2557 711 2613 per
752 2543 857 2597 hoc
882 2540 1026 2609 quod
1075 2537 1390 2602 audierant,
1434 2537 1577 2607 quod
1620 2538 1889 2603 viderant,
1938 2538 2083 2607 quod

487 2640 808 2700 tractarant,
856 2630 1092 2686 Verbum
1140 2631 1265 2684 vita:
1312 2638 1465 2685 erat:
1522 2638 1579 2686 et
1635 2630 1773 2685 nihil
1824 2630 1969 2684 aliud
2017 2646 2084 2686 ex

488 2724 699 2780 duabus
737 2723 944 2777 naturis
972 2737 1134 2789 quam
1166 2736 1337 2777 unum
1374 2722 1526 2791 juxta
1558 2721 1966 2777 subsistentiam
1994 2722 2084 2778 vel

490 2829 805 2887 personam.
839 2813 975 2869 Hinc
1005 2822 1088 2869 est
1113 2813 1257 2883 quod
1286 2827 1426 2867 unus
1456 2812 1710 2884 idemque
1740 2829 1965 2869 manens
1998 2814 2086 2870 Fi-

493 2908 599 2962 lius
636 2905 983 2975 unigenitus,
1035 2904 1460 2974 indisseparatus
1489 2903 1542 2957 in
1571 2906 1848 2974 utriusque
1879 2905 2085 2961 naturis

495 3000 859 3073 conspicitur,
889 3010 943 3057 et
968 3015 1089 3071 qua:
1118 3008 1244 3055 sunt
1270 3000 1553 3070 utriusque
1581 2999 1897 3054 substantiae
1924 3008 2083 3055 natu-

2184 1826 2342 1882 quam
2388 1811 2583 1865 amatis
2624 1811 2837 1865 beatam
2868 1817 2923 1863 et
2950 1808 3243 1879 gloriosam
3278 1804 3588 1876 Virginem,
3622 1802 3781 1872 cujus

2186 1905 2346 1959 hodie
2388 1903 2439 1958 in
2474 1903 2633 1959 terris
2673 1902 2808 1957 festa
2836 1901 3049 1957 colitis:
3078 1900 3147 1954 de
3185 1914 3289 1971 qua
3316 1897 3515 1952 dicitur
3551 1912 3565 1950 :
3600 1894 3777 1949 Maria

2183 2005 2355 2050 autem
2368 1993 2699 2049 conservabat
2714 1996 2891 2048 omnia
2908 1992 3059 2046 verba
3078 1992 3187 2046 haec
3211 1992 3356 2062 (qua:
3376 1990 3444 2044 de
3455 1988 3679 2043 Christo
3702 1986 3783 2041 di-

2184 2087 2450 2141 cebantur
2468 2128 2481 2150 ,
2500 2085 2732 2155 scilicet)
2749 2126 2764 2151 ,
2782 2088 3049 2164 copferens
3064 2084 3116 2137 in
3133 2082 3290 2137 corde
3305 2097 3399 2136 suo
3414 2079 3564 2154 (Luc.
3581 2094 3620 2135 tt
3637 2125 3651 2149 ,
3666 2078 3699 2134 5
3714 2079 3779 2148 I).

2183 2176 2443 2233 Conferte
2492 2192 2621 2247 ergo
2662 2186 2718 2231 et
2751 2191 2850 2231 vos
2894 2177 2950 2232 in
2991 2174 3249 2231 cordibus
3290 2174 3523 2237 vestris,
3575 2170 3783 2227 charis-

2186 2271 2372 2337 simze,
2405 2285 2525 2340 qua:
2555 2270 2621 2324 de
2655 2270 2773 2340 ipso
2802 2268 3105 2337 eodemque
3149 2266 3380 2321 Domino
3415 2263 3686 2319 catholice
3706 2262 3785 2317 di-

2187 2372 2381 2419 cuntur
2412 2382 2423 2416 :
2459 2373 2516 2418 ut
2558 2372 2613 2419 et
2659 2363 2818 2417 ﬁdem
2854 2362 3121 2432 integram
3170 2374 3395 2415 servare
3429 2358 3658 2428 possitis
3681 2402 3696 2425 ,
3730 2365 3782 2411 et

2187 2467 2416 2511 matrem
2440 2456 2559 2526 ejus
2588 2456 2768 2511 debite
2798 2455 3070 2511 venerari.
3106 2453 3371 2521 Quoniam
3396 2452 3579 2506 nullus
3607 2450 3777 2505 honor

2187 2548 2306 2618 ejus
2349 2559 2429 2603 cst
2479 2548 2649 2614 alius,
2704 2548 2805 2602 nisi
2849 2563 2971 2603 cum
3015 2547 3105 2601 ille
3144 2546 3269 2615 jure
3313 2544 3649 2607 honoratur,
3689 2541 3779 2613 qui

2190 2642 2339 2696 nasci
2364 2641 2618 2709 dignatus
2648 2650 2733 2697 est
2759 2657 2826 2697 ex
2850 2656 2933 2695 ea.
2960 2641 3230 2695 Caeterum
3260 2654 3392 2709 rogo
3418 2650 3775 2708 quaecumque

2187 2732 2319 2787 estis
2348 2730 2495 2796 liliaz,
2516 2746 2874 2802 quaecumque
2897 2740 3121 2798 matres,
3149 2730 3385 2800 cogitate
3414 2729 3700 2795 attentius,
3724 2736 3776 2782 et

2188 2821 2512 2896 perpendite
2554 2824 2890 2894 diligentius,
2920 2822 3120 2894 quibus
3154 2816 3496 2876 afficiebatur
3532 2820 3689 2875 beata
3730 2826 3785 2874 et

2188 2915 2513 2971 intemerata
2557 2915 2711 2984 virgo
2752 2915 2914 2969 Maria
2956 2913 3240 2970 doloribus
3290 2920 3415 2981 post
3465 2910 3673 2967 Christi
3717 2910 3782 2966 ad

2188 3008 2358 3064 caelos
2389 3023 2703 3075 ascensum,
2721 3007 2955 3078 expletis
2977 3008 3232 3063 omnibus
3248 3022 3371 3078 quze
3396 3006 3465 3062 de
3486 3005 3605 3076 ipso
3627 3016 3784 3061 erant

491 3096 679 3152 raliter
705 3094 1040 3167 operabatur
1077 3094 1185 3167 [ΑΙ.
1219 3090 1522 3164 operatur],
1554 3094 1848 3149 secundum
1877 3094 2078 3149 unicui-

2189 3101 2257 3156 ab
2288 3101 2495 3173 angelis
2528 3102 2844 3170 praedicata,
2879 3111 2933 3157 et
2954 3117 2982 3156 a
3005 3100 3286 3172 prophetis
3316 3100 3620 3156 multifarie
3645 3100 3782 3156 mul-

490 3205 597 3261 qne
641 3188 724 3245 vel
755 3188 971 3244 insitam
1013 3186 1364 3242 essentialem
1396 3186 1753 3255 qualitatem,
1798 3186 1885 3241 vcl
1928 3198 2084 3242 natu-

493 3282 663 3337 ralem
734 3281 1177 3352 proprietatem:
1237 3292 1360 3349 qute
1428 3278 1484 3333 in
1554 3288 1801 3333 naturam
1858 3277 2084 3334 haberet

489 3374 816 3445 singularem
830 3370 1324 3442 etincunjunctam,
1347 3385 1453 3426 non
1482 3380 1668 3441 ageret
1697 3370 1902 3442 utique.
1930 3372 2083 3427 Nunc

492 3479 669 3524 autem
699 3465 1019 3522 Emmanuel
1051 3464 1179 3521 dum
1210 3479 1351 3520 unus
1380 3473 1496 3531 est,
1528 3474 1583 3520 et
1612 3464 1664 3520 in
1694 3480 1761 3522 eo
1788 3467 1906 3535 ipso
1935 3475 2084 3521 utra-

490 3575 617 3631 que,
654 3559 707 3614 id
748 3568 853 3626 est,
902 3558 1047 3615 Deus
1074 3567 1133 3614 et
1166 3558 1351 3624 homo,
1382 3573 1506 3628 quae
1546 3558 1829 3629 utriusque
1874 3568 2082 3614 natura:

488 3638 619 3707 sunt
644 3692 659 3717 ,
680 3652 949 3708 veraciter
973 3651 1175 3721 gessit,
1210 3650 1506 3706 secundum
1544 3650 1687 3705 aliud
1716 3659 1769 3705 et
1791 3651 1937 3706 aliud
1960 3667 2081 3721 qua:

491 3755 641 3816 gesta
674 3754 800 3801 sunt
819 3760 1075 3813 Operans.
1110 3745 1252 3815 Ergo
1280 3744 1581 3800 secundum
1605 3744 1748 3815 quod
1778 3746 1939 3811 Deus,
1966 3747 2081 3816 ipse

490 3837 634 3893 idem
666 3838 777 3908 egit
812 3852 937 3910 qua:
964 3837 1146 3893 divina
1174 3846 1298 3892 sunt
1325 3854 1342 3895 :
1379 3838 1675 3893 secundum
1707 3839 1849 3909 quod
1897 3839 2079 3904 homo,

494 3930 639 3987 idem
678 3934 796 4002 ipse
824 3946 944 4003 qua:
973 3931 1205 3985 humana
1239 3940 1385 3997 sunt,
1418 3930 1659 4000 seipsum
1688 3931 1879 3987 volens
1900 3942 2082 3987 osten-

490 4031 623 4087 dere
647 4026 793 4100 quod
816 4025 961 4081 Deus
984 4023 1128 4080 idem
1152 4022 1268 4093 ipse
1296 4034 1349 4078 et
1380 4023 1540 4079 homo
1564 4024 1656 4079 sit.
1690 4024 1756 4079 Et
1784 4024 1909 4080 ideo
1937 4024 2079 4079 idem

489 4126 604 4197 ipse
630 4133 736 4177 tam
764 4136 886 4193 qua:
932 4118 1110 4173 divina
1158 4126 1284 4171 sunt
1329 4118 1457 4188 agit,
1493 4134 1654 4189 quam
1696 4133 1817 4189 qua:
1848 4120 2079 4173 humana

488 4216 783 4273 similiter:
823 4221 879 4267 et
918 4226 1026 4266 non
1074 4211 1214 4266 alius
1244 4211 1461 4281 quidem
1512 4211 1770 4266 miracula
1818 4224 2081 4281 operatus

487 4318 592 4375 est,
625 4308 765 4361 alius
811 4303 1140 4375 perpetravit
1190 4302 1447 4370 humana,
1484 4303 1875 4373 passionesque
1918 4304 2083 4357 susti-

489 4403 648 4460 nuit:
690 4399 785 4457 sed
830 4412 969 4454 unus
1010 4396 1264 4468 idemque
1306 4395 1561 4451 Christus
1608 4395 1754 4451 filius
1786 4396 1880 4452 Dei
1919 4406 2081 4467 atque

486 4496 723 4552 hominis
770 4493 935 4561 filius,
962 4494 1054 4562 qui
1086 4492 1267 4545 divina
1312 4490 1481 4561 gessit
1514 4499 1568 4545 et
1600 4489 1832 4544 humana
1866 4506 1881 4543 :
1910 4491 2078 4561 siqni-
2105 4474 2158 4536 D

490 4591 617 4647 dem
647 4585 1081 4658 inseparabiliter
1109 4593 1273 4654 atque
1313 4582 1549 4636 indivise
1577 4596 1896 4637 communes
1920 4582 2078 4638 Chri-

486 4694 603 4739 stus
634 4680 823 4737 habuit
841 4678 1109 4734 actiones.
1144 4674 1252 4731 Sed
1282 4673 1652 4743 intelligenda:
1680 4684 1805 4729 sunt
1833 4676 2075 4745 ipsorum

488 4787 714 4843 operum
745 4769 1073 4840 qualitates:
1121 4764 1707 4835 contemplandumque
1750 4780 1969 4834 semper
2009 4766 2075 4821 ad

486 4880 609 4935 quae
650 4861 981 4933 provehatur
1012 4858 1290 4914 humilitas
1327 4857 1530 4924 carnis,
1566 4868 1621 4911 et
1659 4857 1725 4911 ad
1756 4874 1876 4928 qua:
1922 4858 2071 4913 incli-

487 4964 646 5011 netur
677 4952 908 5008 altitudo
934 4950 1238 5007 divinitatis
1271 4967 1286 5008 :
1315 4950 1386 5005 ita
1420 4958 1477 5003 ut
1512 4964 1608 5020 per
1629 4960 1844 5005 omnem
1869 4959 2075 5005 textum

488 5046 663 5103 sancti
712 5044 991 5115 Evangelii
1049 5044 1296 5100 videatur
1350 5042 1491 5097 nihil
1542 5057 1671 5099 caro
1722 5044 1842 5103 sine
1899 5043 2077 5101 Verbo

487 5158 671 5211 agere,
706 5139 883 5213 neque
915 5140 1149 5197 Verbum
1175 5141 1297 5197 sine
1326 5155 1493 5199 carne
1514 5140 1805 5213 quidquam
1832 5138 2072 5195 efﬁcere.

488 5235 644 5293 Ilnde
672 5232 819 5305 quod
857 5233 1094 5304 concipit
1121 5243 1177 5289 et
1216 5234 1358 5305 parit
1389 5233 1556 5305 Virgo
1578 5273 1593 5298 ,
1630 5233 1773 5289 sicut
1814 5247 1920 5286 non
1955 5230 2076 5284 sine

484 5326 727 5401 potentia
755 5323 921 5380 Verbi
950 5332 1057 5393 est,
1083 5325 1155 5379 ita
1181 5339 1289 5380 non
1323 5324 1443 5380 sine
1469 5324 1705 5379 veritate
1724 5323 1905 5380 carnis
1928 5320 2073 5391 quod

485 5422 752 5487 nascitur,
780 5416 922 5488 quod
955 5431 1258 5488 pannorum
1290 5415 1473 5472 fasciis
1498 5416 1641 5486 jacet
1670 5414 1989 5479 involutum,
2018 5421 2074 5467 et

488 5516 542 5571 in
590 5514 862 5585 praesepio
903 5511 1220 5568 reclinatur.
1266 5510 1439 5566 Porro
1482 5511 1628 5581 quod
1673 5510 1827 5566 stella
1866 5509 2005 5565 duce
2041 5522 2073 5562 a

487 5607 660 5676 Magis
687 5604 945 5659 aduratur
979 5603 1161 5673 (Matt.
1188 5619 1247 5670 tt,
1279 5604 1405 5673 II),
1434 5602 1574 5658 sicut
1600 5603 1817 5657 deitatis
1852 5610 1937 5658 est
1960 5620 1975 5656 :
1998 5603 2072 5658 ita

496 5705 550 5759 et
589 5695 970 5765 humanitatis,
998 5709 1123 5752 cum
1152 5694 1206 5751 in
1249 5692 1541 5765 Egyptnm
1573 5709 1668 5766 per
1694 5693 1871 5765 fugam
1896 5708 1963 5750 ne
1983 5708 2072 5750 ca-

2187 3195 2365 3265 tisque
2394 3194 2572 3251 modis
2600 3196 2947 3267 praesignata,
2979 3196 3184 3250 divinis
3210 3195 3485 3251 declarata
3516 3195 3779 3260 oraculis,

2185 3287 2477 3343 virtutibus
2505 3288 2765 3355 exhibita,
2791 3298 2849 3343 et
2872 3304 2993 3359 quze
3024 3288 3375 3343 humanitatis
3402 3296 3531 3343 sunt
3560 3297 3780 3344 ostensa

2185 3382 2485 3452 praesagiis.
2504 3382 2724 3449 Quaaso,
2756 3382 2801 3437 si
2834 3397 2939 3452 qua
2969 3390 3095 3437 sunt
3118 3382 3170 3436 in
3196 3381 3352 3437 vobis
3376 3381 3580 3437 viscera
3607 3383 3781 3453 pieta-

2184 3476 2275 3540 tis,
2309 3475 2652 3531 eonsiderate
2680 3492 2790 3546 quo
2812 3477 3161 3532 cruciabatur
3191 3490 3402 3541 amore,
3433 3490 3657 3547 quoque
3683 3478 3779 3531 de-

2184 3567 2385 3623 siderio
2414 3569 2679 3623 aestuabat
2712 3568 2829 3624 hate
2868 3570 3052 3639 virgo,
3095 3568 3221 3623 dum
3260 3568 3566 3624 revolveret
3597 3570 3778 3623 animo

2184 3672 2374 3719 cuncta
2407 3679 2529 3735 qua:
2554 3664 2834 3731 audierat,
2866 3680 2988 3734 qua:
3013 3664 3245 3734 viderat,
3270 3680 3391 3735 qua:
3421 3674 3775 3735 cognoverat.

2184 3758 2324 3814 Puto
2359 3757 2502 3828 quod
2548 3757 2809 3828 quidquid
2850 3757 3031 3813 cordis
3078 3767 3202 3823 est,
3248 3756 3513 3828 quidquid
3556 3759 3775 3822 mentis,

2184 3852 2445 3923 quidquid
2476 3850 2689 3907 virtutis
2728 3852 3002 3918 humanae,
3035 3851 3081 3907 si
3123 3860 3292 3905 totum
3327 3849 3587 3907 adhibeas
3614 3892 3631 3918 ,
3672 3866 3775 3907 non

2184 3945 2421 4001 sufficiat
2444 3954 2499 3999 ut
2529 3946 2769 4016 cogitare
2796 3946 3001 4012 valeas,
3032 3954 3232 4015 quanto
3257 3944 3637 4001 indesinenter
3658 3960 3775 4001 cre-

2184 4042 2441 4093 mabatur
2466 4036 2662 4093 ardore
2687 4036 2760 4107 pii
2789 4037 2993 4093 amoris
3017 4054 3031 4090 :
3061 4037 3280 4108 quantis
3306 4037 3667 4092 amovebatur
3694 4052 3779 4093 rc-

2184 4134 2324 4202 pleta
2364 4130 2566 4201 Spiritu
2616 4138 2805 4185 sancto
2852 4130 3155 4187 ccelestium
3207 4137 3546 4185 secretorum
3588 4130 3778 4186 incita-

2183 4226 2381 4282 mentis
2406 4242 2418 4277 :
2442 4224 2564 4295 quia
2605 4225 2707 4280 etsi
2736 4224 2999 4293 diligebat
3032 4222 3313 4278 Christum
3339 4237 3405 4277 ex
3434 4230 3552 4278 toto
3579 4223 3769 4289 corde,

2183 4327 2239 4374 et
2278 4332 2344 4372 ex
2385 4325 2491 4371 tota
2524 4316 2725 4383 anima,
2772 4325 2829 4371 et
2865 4331 2931 4371 ex
2976 4323 3087 4370 tota
3125 4315 3351 4379 virtute.
3396 4315 3554 4371 novis
3597 4324 3775 4372 tamen

2184 4411 2425 4482 quotidie
2464 4411 2898 4466 inﬂammabatur
2933 4412 3219 4481 prmsentia
3258 4409 3456 4466 absens
3485 4409 3777 4467 desiderio-

2182 4518 2300 4558 rum
2330 4502 2611 4558 al'fectibus
2638 4521 2649 4555 :
2684 4512 2832 4557 tanto
2861 4500 3126 4572 siquidem
3161 4501 3389 4557 validius
3413 4543 3429 4567 ,
3469 4510 3672 4571 quanto
3699 4502 3775 4557 di-

2180 4596 2321 4651 vinis
2361 4596 2728 4651 illustrabatur
2762 4597 2903 4650 intus
2930 4594 3330 4650 visitationibus
3357 4611 3373 4650 :
3400 4608 3561 4665 quam
3606 4602 3770 4651 totam

2182 4688 2486 4757 repleverat
2510 4688 2745 4758 Spiritus
2768 4689 2937 4743 sancti
2964 4690 3135 4758 gratia
3166 4707 3177 4741 :
3206 4703 3365 4759 quam
3396 4695 3564 4743 totam
3592 4688 3773 4744 incan-

2181 4779 2373 4833 duerat
2401 4778 2615 4831 divinus
2640 4792 2832 4833 amor:
2874 4779 2945 4833 ita
2974 4786 3033 4833 ut
3062 4779 3114 4833 in
3146 4792 3209 4833 ea
3251 4778 3385 4833 nihil
3425 4787 3592 4846 esset,
3622 4794 3774 4835 mun-

2180 4868 2351 4925 danus
2377 4868 2519 4938 quod
2551 4867 2781 4923 violaret
2826 4868 3081 4937 affectus,
3127 4869 3224 4924 sed
3271 4868 3434 4923 ardor
3462 4868 3767 4939 continuus,

2185 4970 2239 5017 et
2279 4961 2513 5017 ebrietas
2543 4960 2743 5031 perfusi
2776 4961 2997 5017 amoris.
3047 4960 3183 5016 Nam
3214 4970 3267 5016 et
3295 4959 3548 5015 Christus
3574 4960 3644 5016 ab
3675 4959 3771 5015 ho-

2185 5052 2417 5108 minibus
2459 5062 2542 5107 est
2604 5052 2885 5118 amandus,
2935 5066 3003 5107 ex
3048 5060 3161 5106 toto
3207 5052 3394 5117 corde,
3444 5062 3501 5107 et
3548 5065 3616 5105 ex
3663 5060 3769 5107 tota

2183 5144 2384 5211 anima,
2426 5151 2586 5215 atque
2631 5158 2701 5199 ex
2751 5151 2863 5197 tota
2903 5143 3100 5199 virtute
3128 5143 3496 5215 quaerendus:
3541 5143 3770 5199 maxime

2185 5246 2361 5292 tamen
2389 5237 2457 5293 ab
2482 5252 2545 5293 ea
2581 5235 2884 5303 ardentius,
2916 5235 3069 5307 cujus
3090 5247 3145 5292 et
3174 5236 3434 5293 Dominus
3462 5244 3603 5303 erat,
3633 5245 3689 5291 et
3713 5237 3771 5291 Ii-

2186 5328 2307 5383 Iius.
2340 5328 2610 5384 Fortassis
2647 5343 2778 5399 ergo
2809 5342 2917 5397 prae
2962 5328 3130 5384 nimio
3167 5342 3383 5396 amore,
3411 5329 3464 5383 in
3512 5328 3637 5383 loco
3664 5343 3770 5401 quo

2180 5420 2424 5490 sepultus
2451 5420 2665 5484 dicitur,
2697 5421 2966 5475 interdum
2996 5421 3269 5476 habitasse
3294 5435 3416 5476 eam
3455 5419 3769 5480 credimus:

2180 5522 2444 5585 quatenus
2491 5513 2595 5582 piis
2641 5522 2958 5582 paseeretur
2994 5514 3238 5569 internus
3278 5528 3431 5569 amor
3469 5512 3767 5571 obtutibus.

2180 5607 2272 5663 Sic
2300 5620 2532 5675 namque
2560 5605 2713 5661 locus
2740 5605 2951 5662 medius
2978 5616 3063 5663 est
3104 5608 3229 5664 hinc
3260 5607 3388 5663 inde
3419 5608 3765 5677 constitutus,

2183 5707 2242 5756 ut
2290 5696 2441 5755 adire
2480 5706 2664 5771 posset
2692 5700 3027 5759 ascensionis
3056 5702 3172 5773 ejus
3209 5699 3452 5774 vestigia,
3492 5709 3549 5757 et
3590 5698 3768 5762 locum
