3998 6198
190 175 291 236 I37

460 178 790 239 EPISTOLA
828 179 923 239 IX.
963 178 1059 239 AD
1097 178 1376 239 PAULAM
1417 178 1503 239 ET
1545 176 2019 252 EUSTOCHIUM,
2062 178 2153 239 DE
2190 178 2675 243 ASSUMPTIONE
2714 184 2772 241 Β.
2816 180 2882 241 ν.
2924 181 3189 241 MANE.

3352 181 3453 243 158

176 300 468 369 sepulturae
496 317 560 359 ac
586 302 1023 369 resurrectionis,
1048 312 1103 359 et
1126 303 1305 359 omnia
1337 301 1391 358 in
1416 302 1608 374 quibus
1640 317 1759 373 pas-
1788 304 1835 361 Α
1864 303 2007 373 quod
2031 318 2223 358 omnes
2249 307 2440 360 anime
2467 304 2734 378 martyrio
2762 303 3067 369 rubricatte,
3095 318 3216 359 eam
3240 312 3460 358 :eternze

174 407 263 446 sus
285 402 392 461 est,
424 396 539 451 loca
570 395 802 453 invisere
836 415 849 452 :
875 412 978 453 non
1008 396 1149 468 quod
1174 396 1284 465 jam
1313 397 1591 451 viventem
1620 410 1765 465 quaa-

175 494 317 540 reret
350 503 471 543 cum
516 491 743 544 mortuis
770 532 783 555 ,
817 491 911 545 sed
944 499 1001 544 ut
1047 489 1162 544 suis
1192 489 1567 544 consolaretur
1612 502 1764 557 aspc-

174 579 365 636 clibus.
399 582 516 639 Hoc
554 586 756 655 quippe
806 584 966 639 habet
1020 584 1314 655 impatiens
1348 598 1503 637 amor
1550 590 1605 635 ut
1648 596 1768 650 qua:

174 673 467 743 desiderat,
495 692 715 748 semper
746 679 992 734 invenire
1031 693 1091 731 se
1125 677 1334 732 credat.
1360 674 1576 745 Ignorat
1603 672 1770 742 siqui—

173 768 290 821 dem
344 768 643 837 judicium,
704 772 916 825 ratione
965 770 1247 824 multoties
1312 777 1496 831 caret,
1548 766 1767 820 modum

172 862 379 929 nescit,
420 878 523 917 nec
555 863 704 918 aliud
736 864 975 934 cogitare
1012 870 1192 932 potest
1218 877 1375 932 quam
1403 859 1544 931 quod
1574 859 1765 930 diligit.

169 956 343 1007 Amor
367 969 479 1007 non
513 955 710 1026 accipit
737 954 806 1011 de
833 954 1265 1025 impossibilitate
1295 953 1568 1019 solatium,
1596 967 1769 1019 neque

169 1062 239 1100 ex
274 1046 596 1103 difﬁcultate
638 1047 958 1102 remedium.
994 1048 1123 1115 Qua:
1169 1046 1375 1100 scilicet
1425 1047 1577 1098 beata
1614 1042 1767 1113 virgo

166 1138 358 1207 Maria,
386 1142 637 1211 quamvis
673 1140 783 1209 jam
816 1141 868 1194 in
898 1140 1091 1209 spiritu
1129 1147 1294 1203 esset,
1331 1147 1508 1189 tamen
1547 1135 1675 1189 dum
1708 1135 1762 1188 in

163 1248 333 1288 carne
363 1236 517 1301 vixit,
551 1233 862 1288 carnalibus
890 1232 1207 1285 movebatur
1236 1228 1511 1293 sensibus,
1555 1236 1606 1281 et
1639 1226 1760 1280 ideo

163 1341 328 1395 quam
373 1341 519 1395 smpe
567 1326 805 1383 locorum
843 1324 1197 1380 recreabatur
1230 1320 1630 1375 visitationibus
1658 1337 1671 1373 :
1704 1329 1760 1373 et

166 1434 327 1487 quem
354 1428 637 1489 genuerat,
682 1418 879 1474 mentis
911 1415 1374 1486 complectebatur
1397 1413 1755 1484 amplexibus.

167 1510 410 1582 Denique
430 1527 584 1566 amor
614 1512 839 1576 Christi,
866 1511 1197 1566 desiderium
1229 1510 1473 1580 pariebat
1498 1510 1510 1561 !
1543 1508 1756 1563 deside-

165 1604 305 1658 rium
332 1620 463 1659 vero
499 1605 735 1675 gliscens
754 1646 769 1669 ,
798 1605 952 1676 quasi
985 1605 1138 1659 novis
1165 1604 1519 1674 reparabatur
1544 1602 1757 1657 ardori-

1869 397 2182 452 dilectionis
2210 399 2636 469 complectuntur
2658 396 3019 468 amplexibus:
3046 406 3100 451 et
3125 396 3456 467 virginitatis

1868 489 2162 559 splendore
2193 491 2515 557 candidatze,
2548 508 2611 546 ac
2660 492 2704 545 si
2738 491 2846 544 lilia
2879 490 2931 543 in
2962 490 3101 543 valle
3134 488 3457 544 humilitatis

1869 586 2147 650 enutritm,
2177 586 2516 641 circumdant
2547 602 2689 652 eam,
2714 584 3079 640 venerationis
3103 585 3271 653 gratia
3301 584 3456 639 obse-

1871 688 2122 747 quentes.
2153 676 2322 732 Recte
2345 678 2534 749 igitur:
2560 677 2812 749 quoniam
2839 677 2996 730 beata
3022 675 3113 729 Dei
3144 675 3378 745 genitrix
3402 685 3455 730 et

1874 779 2099 841 martyr,
2125 779 2180 825 et
2209 771 2361 841 virgo
2390 771 2510 835 fuit,
2534 774 2781 840 quamvis
2812 770 2862 822 in
2888 784 3019 839 pace
3040 769 3205 821 vitam
3232 768 3453 823 ﬁnierit.

1874 862 2009 917 llinc
2055 878 2270 933 quoque
2300 862 2442 930 quod
2474 878 2599 917 vere
2638 877 2791 929 passa
2838 863 2928 926 sit,
2971 869 3203 916 testatur
3233 860 3453 916 Simeon

1872 957 2157 1026 prepheta,
2196 958 2423 1026 loquens
2453 958 2516 1011 ad
2545 973 2705 1012 eam:
2749 956 2817 1010 Et
2858 966 3019 1020 tuam,
3066 956 3259 1025 inquit,
3300 956 3461 1027 ipsius

1870 1050 2099 1101 animant
2142 1049 2474 1118 pertransibit
2518 1049 2729 1119 gladius
2762 1048 2915 1120 (Luc.
2972 1065 3031 1115 ιι,
3077 1047 3195 1119 55).
3228 1048 3308 1103 Ex
3354 1064 3460 1115 quo

1867 1149 2078 1195 constat
2125 1140 2266 1209 quod
2304 1155 2472 1210 supra
2513 1152 2808 1210 martyrem
2854 1142 3038 1196 fuerit.
3072 1141 3178 1195 Alii
3227 1155 3463 1211 namque

1864 1234 2061 1296 sancti,
2092 1234 2194 1288 etsi
2244 1235 2387 1303 passi
2432 1244 2555 1287 sunt
2588 1248 2686 1302 pro
2711 1234 2935 1289 Christo
2972 1236 3022 1287 in
3052 1249 3238 1301 carne,
3277 1244 3459 1289 tamen

1864 1324 1918 1378 in
1948 1325 2151 1391 anima,
2187 1326 2309 1395 quia
2343 1325 2670 1380 immortalis
2706 1334 2811 1390 est,
2848 1327 2953 1393 pati
2990 1342 3095 1380 non
3139 1338 3455 1396 potuerunt.

1864 1416 2026 1471 Beata
2054 1433 2184 1473 vero
2218 1418 2310 1472 Dei
2348 1420 2604 1488 genitrix,
2638 1422 2761 1488 quia
2809 1420 2863 1473 in
2894 1434 2955 1473 ea
2988 1433 3142 1488 parte
3170 1436 3327 1489 passa
3352 1432 3458 1484 est,

1863 1528 1981 1581 qua:
2027 1512 2378 1582 impassibilis
2423 1512 2671 1578 habetur,
2703 1511 2846 1577 ideo,
2879 1522 2935 1566 ut
2983 1513 3054 1565 ita
3088 1511 3279 1577 fatear,
3315 1514 3440 1581 quia

1862 1604 2218 1673 spiritualiter
2249 1613 2305 1661 et
2344 1620 2471 1661 caro
2503 1606 2620 1675 ejus
2652 1620 2807 1675 passa
2852 1614 2934 1659 est
2962 1605 3145 1675 gladio
3192 1604 3458 1673 passionis

165 1698 287 1763 bus,
313 1699 580 1753 intautum
610 1708 668 1753 ut
692 1700 914 1754 credam
949 1712 1379 1767 nonnumquam,
1403 1696 1547 1766 quod
1573 1696 1755 1750 omnia
1788 1694 1837 1755 B
1862 1694 2086 1761 Christi,
2119 1698 2241 1768 plus
2268 1715 2428 1768 quam
2470 1712 2679 1769 martyr
2714 1699 2832 1753 fuit.
2876 1697 3031 1753 Unde
3064 1709 3295 1765 constat,
3329 1702 3456 1768 quia

165 1792 326 1847 etiam
365 1803 423 1847 et
465 1792 815 1862 semetipsam
866 1791 1321 1847 transcenderet:
1362 1789 1486 1859 quia
1532 1789 1758 1843 omnino

168 1897 318 1938 amor
348 1883 657 1954 impatiens,
688 1884 827 1953 quod
863 1894 1027 1947 amat,
1057 1899 1163 1937 non
1198 1890 1380 1953 potest
1409 1898 1514 1936 non
1549 1882 1759 1936 videre.

169 1977 301 2032 llinc
321 1986 424 2041 est,
451 1977 808 2043 cbarissimae,
841 1978 981 2047 quod
1008 1991 1196 2032 omnes
1224 1975 1399 2030 sancti
1428 1974 1608 2029 omnia
1641 1990 1763 2043 qua:

169 2082 503 2141 meruerant,
552 2088 648 2143 pro
687 2072 866 2142 parvis
896 2071 1121 2137 duxere,
1176 2071 1221 2123 si
1272 2070 1559 2125 Dominum
1599 2083 1761 2139 quem

169 2174 520 2227 amaverant,
583 2178 690 2218 non
745 2163 1043 2219 viderent:
1096 2164 1257 2217 sicuti
1310 2173 1366 2217 et
1428 2161 1763 2217 venerabilis

170 2257 323 2312 beata
363 2259 517 2329 virgo
545 2257 735 2326 Maria,
785 2274 891 2313 non
926 2258 1203 2330 indignum
1254 2273 1356 2327 pro
1381 2256 1682 2312 innumeris
1712 2266 1765 2311 et

171 2348 448 2403 immensis
496 2348 776 2403 beneﬁciis
826 2348 1087 2404 reddebat
1126 2349 1399 2405 interdum
1444 2349 1761 2419 obsequium

170 2442 506 2507 sanctitatis,
540 2441 666 2495 dum
701 2441 1088 2496 beneﬁciorum
1139 2443 1190 2496 in
1238 2442 1402 2497 terris
1448 2443 1621 2510 posita
1654 2455 1761 2493 non

171 2543 382 2604 poterat
422 2534 610 2589 videre
644 2535 958 2606 largitorem
988 2555 999 2587 :
1048 2544 1101 2589 et
1138 2534 1260 2590 ideo
1291 2534 1474 2600 hodie,
1522 2533 1761 2588 dilectis-

171 2628 349 2697 simre,
383 2627 632 2683 elevatur
658 2642 821 2697 super
854 2629 1051 2684 choros
1096 2628 1409 2699 angelorum
1441 2672 1455 2695 ,
1502 2637 1561 2682 ut
1591 2630 1761 2697 possit

172 2720 407 2791 speciem
435 2720 751 2792 vultumque
790 2722 977 2777 videre
1009 2721 1325 2783 Salvatoris,
1356 2735 1514 2790 quem
1540 2735 1759 2777 amave-

174 2825 272 2878 rat,
308 2830 469 2885 quem
500 2817 750 2885 cupierat
775 2832 841 2872 ex
874 2825 987 2871 toto
1009 2816 1278 2871 desiderio
1310 2818 1508 2872 cordis.

238 2904 375 2961 XIV.
421 2907 575 2975 Quod
598 2908 643 2962 si
666 2908 915 2978 gaudium
948 2908 1005 2962 ﬁt
1038 2910 1089 2963 in
1114 2909 1253 2964 cmlo
1276 2909 1345 2963 de
1366 2910 1611 2980 quolibet
1635 2924 1762 2980 pec-

171 3008 353 3054 catore
396 3015 690 3067 converso,
722 3001 892 3055 multo
922 3001 1093 3071 magis
1119 3002 1415 3073 putandum
1457 3018 1556 3071 pro
1597 3013 1761 3058 tanta:

1865 1792 1988 1862 plus
2023 1793 2277 1846 omnibus
2306 1792 2514 1853 dilexit,
2560 1804 2845 1863 propterea
2890 1804 2946 1849 ct
2990 1794 3114 1863 plus
3138 1794 3332 1859 doluit,
3366 1797 3454 1848 in-

1868 1890 2075 1935 tautum
2108 1892 2165 1935 ut
2192 1884 2427 1935 animam
2454 1883 2571 1951 ejus
2602 1892 2767 1938 totam
2811 1886 3169 1953 pertransiret
3189 1897 3243 1941 et
3271 1886 3448 1955 pessi-

1868 1974 2116 2029 deretvis
2140 1974 2369 2041 doloris,
2397 1976 2462 2029 ad
2486 1976 2855 2031 testimonium
2875 1978 3089 2033 eximite
3112 1979 3448 2035 dilectionis.

1868 2067 2001 2135 Quae
2040 2069 2165 2138 quia
2195 2078 2376 2123 mente
2404 2084 2562 2138 passa
2605 2078 2707 2131 est,
2757 2070 2875 2139 plus
2905 2085 3063 2140 quam
3096 2082 3300 2142 martyr
3331 2074 3455 2129 fuit.

1866 2157 2133 2215 Nimirum
2166 2161 2309 2231 quod
2357 2162 2474 2232 ejus
2519 2162 2741 2217 dilectio
2793 2164 3024 2233 amplius
3071 2162 3251 2229 fortis,
3300 2182 3461 2231 quam

1868 2267 2017 2307 mors
2064 2252 2187 2315 fuit,
2230 2252 2353 2323 quia
2397 2265 2629 2309 mortem
2661 2254 2860 2310 Christi
2908 2271 3059 2310 suam
3105 2255 3255 2311 fecit.
3308 2258 3461 2313 Nune

1867 2360 2047 2405 autem
2078 2348 2416 2404 circumdant
2444 2366 2561 2403 eam
2588 2350 2751 2406 ﬂores
2782 2365 3047 2419 rosarum,
3094 2351 3465 2407 indesinenter

1866 2442 1985 2511 ejus
2013 2442 2349 2498 admirantes
2395 2442 2853 2512 pulchritudinem
2903 2446 3044 2501 inter
3081 2446 3217 2501 ﬁlias
3242 2446 3463 2501 Jerusa-

1865 2535 1971 2589 lem
2006 2534 2183 2606 (Cant.
2217 2554 2268 2601 v,
2303 2536 2358 2607 7)
2387 2556 2400 2590 :
2438 2537 2492 2591 in
2523 2553 2627 2606 qua
2660 2539 2841 2607 posuit
2868 2553 2962 2593 rex
2997 2540 3251 2594 thronum
3280 2555 3459 2606 suum,

1866 2628 1991 2699 quia
2020 2630 2331 2699 concupivit
2358 2630 2474 2700 ejus
2506 2633 2741 2699 speciem
2772 2646 2835 2685 ac
2865 2630 3118 2687 decorem
3150 2649 3163 2685 :
3196 2633 3461 2687 fuitcnim

1866 2721 2025 2791 plena
2076 2722 2344 2779 charitate
2371 2734 2424 2778 et
2455 2724 2749 2779 dilectione
2777 2742 2789 2779 :
2828 2724 3032 2779 idcirco
3062 2728 3310 2796 sequitur
3342 2736 3462 2797 post

1864 2827 1983 2868 eam
2015 2824 2433 2882 purpuratorum
2460 2816 2754 2883 exercitus,
2789 2825 2843 2871 et
2864 2816 3278 2873 candidatorum
3300 2834 3457 2888 grex.

1939 2904 2058 2959 XV.
2100 2905 2270 2974 Quam
2296 2907 2659 2977 sitliligentius
2680 2908 2933 2976 aSpicias,
2958 2908 3091 2963 nihil
3108 2912 3329 2965 virtutis
3351 2924 3456 2977 est,

1868 2995 2003 3050 nihil
2027 2996 2415 3066 speciositatis,
2447 2998 2578 3053 nihil
2604 2999 2853 3053 candoris
2878 3000 3197 3071 glorimque,
3218 3004 3365 3071 quod
3390 3020 3460 3059 ex

172 3090 409 3164 Virginis
436 3094 765 3149 exultatione
786 3105 836 3148 et
868 3096 1062 3165 gloria,
1095 3098 1238 3165 quod
1272 3096 1562 3151 exsultatio
1589 3098 1680 3150 fiat
1704 3096 1758 3151 iu
1785 3079 1833 3143 Ο
1864 3104 1930 3143 εει
1965 3105 2073 3143 non
2116 3090 2475 3159 resplendeat.
2520 3091 2585 3144 Et
2636 3091 2759 3145 ideo
2800 3091 2937 3146 bene
2975 3093 3311 3147 circumdant
3340 3110 3459 3149 eam

168 3187 459 3255 supernis:
505 3188 659 3255 cujus
690 3186 941 3241 nimirum
975 3188 1261 3251 festivitas,
1299 3190 1540 3242 omnium
1568 3204 1763 3257 super-

170 3293 365 3331 norum
407 3278 602 3333 civium
647 3289 729 3335 est
776 3280 1109 3349 gratulatio:
1156 3283 1455 3350 praesertim
1487 3280 1607 3351 quia
1642 3281 1761 3351 ejus

168 3370 463 3426 celebritas
492 3372 604 3427 laus
650 3382 705 3428 et
747 3373 899 3428 favor
926 3384 1010 3429 est
1041 3374 1363 3431 Salvatoris.
1399 3374 1554 3429 Unde
1586 3373 1762 3429 credi-

167 3476 310 3529 mus,
355 3475 412 3517 ut
452 3479 611 3535 supra
652 3467 855 3521 dictutn
888 3477 991 3529 est,
1026 3468 1170 3538 quod
1212 3485 1317 3524 non
1368 3469 1511 3523 hunc
1549 3478 1759 3523 tantum

169 3555 307 3612 diem
356 3558 660 3616 solemnem
698 3562 903 3617 ducunt
940 3578 1042 3633 pro
1071 3562 1191 3633 ejus
1242 3563 1450 3619 honore
1493 3578 1761 3624 annuum,

171 3665 355 3706 verum
389 3654 554 3708 etiam
586 3656 908 3710 continuum
942 3666 998 3711 et
1034 3666 1297 3712 :rternum
1324 3656 1677 3727 jneunditalis
1704 3663 1759 3710 et

170 3740 364 3799 lattitiae
404 3760 468 3800 ac
499 3748 869 3803 venerationis
898 3748 1185 3820 obsequio,
1224 3765 1344 3804 cum
1378 3750 1524 3804 omni
1567 3749 1759 3804 colunt

172 3838 401 3909 tripudio
429 3845 637 3897 amoris
665 3854 718 3897 ct
739 3843 941 3915 gaudii.
974 3844 1376 3900 Necimmerito
1396 3845 1559 3915 igitur
1578 3844 1758 3898 omnis

170 3930 251 3985 illa
287 3934 527 3990 cmlestis
556 3936 747 3990 civitas
786 3938 1194 4007 congratulatur
1236 3946 1292 3992 et
1320 3947 1610 3992 veneratur
1641 3952 1759 3991 ma-

171 4033 346 4081 trem:
397 4031 555 4099 cujus
602 4043 767 4099 super
811 4045 871 4086 se
917 4032 1109 4085 adorat
1158 4031 1328 4085 ﬁlium
1369 4044 1596 4099 regem:
1633 4038 1756 4085 ante

169 4132 322 4187 quem
368 4130 608 4177 tremunt
654 4132 975 4194 potestates,
1005 4134 1060 4181 et
1100 4136 1358 4179 curvatur
1388 4141 1550 4180 omne
1589 4140 1753 4195 genu.

170 4211 243 4268 De
273 4214 430 4286 hujus
478 4219 735 4273 nimirum
768 4220 835 4274 ad
866 4220 1037 4276 caelos
1076 4220 1418 4287 ascensione,
1451 4219 1622 4273 multo
1663 4218 1758 4272 ad-

168 4305 411 4365 mirantis
440 4311 635 4365 intuitu
666 4322 1001 4367 secretorum
1025 4312 1426 4382 contemplator
1449 4310 1756 4367 caelestium

169 4396 216 4451 in
263 4400 551 4456 Canticis:
604 4401 749 4467 Vidi,
786 4403 978 4473 inquit,
1031 4405 1316 4474 speciosam
1366 4402 1753 4469 ascendentem,

1868 3183 2029 3238 ﬁores
2059 3199 2323 3249 rosarum,
2357 3192 2412 3239 et
2457 3184 2571 3238 lilia
2601 3183 2925 3239 convallium
2949 3226 2963 3249 ,
2998 3193 3054 3239 ut
3085 3186 3312 3239 virtutes
3344 3186 3459 3239 vir-

1868 3278 2073 3333 tutibus
2102 3278 2406 3343 fulciantur,
2439 3286 2494 3332 et
2523 3279 2833 3333 formositas
2856 3277 3052 3332 decore
3079 3277 3338 3333 castitatis
3367 3293 3464 3332 au-

1866 3378 2076 3441 geatur.
2107 3368 2240 3424 Nam
2268 3371 2446 3425 omnis
2474 3370 2735 3438 splendor
2760 3378 2815 3425 et
2856 3370 3050 3439 gloria,
3084 3380 3285 3440 quanto
3313 3372 3463 3426 illus-

1867 3472 2044 3517 tratur
2064 3462 2275 3532 fulgore
2297 3476 2397 3515 suo
2427 3461 2733 3529 sublimius,
2766 3469 2917 3515 tanto
2948 3473 3171 3532 apparet
3193 3476 3463 3533 prmstan-

1868 3557 1975 3610 tior
2005 3556 2252 3609 claritate
2299 3554 2663 3625 quorumlibet
2712 3553 3104 3623 subjectorum,
3138 3563 3192 3611 et
3234 3556 3465 3614 eximior

1867 3649 2211 3717 praedicatur.
2235 3648 2323 3704 Sic
2354 3658 2408 3703 et
2431 3649 2582 3702 beata
2615 3647 2711 3703 Dei
2742 3647 2999 3718 genitrix,
3026 3649 3177 3720 cujus
3201 3650 3462 3720 plantatio

1867 3758 1932 3798 ac
1975 3743 2020 3798 si
2053 3758 2191 3799 rosa:
2222 3742 2272 3797 in
2304 3740 2543 3806 Jericbo,
2576 3741 2866 3811 specialius
2897 3740 3133 3808 refulsit,
3168 3752 3224 3797 et
3252 3744 3462 3799 candor

1868 3836 2192 3907 virginitatis
2216 3836 2548 3903 splendidius
2576 3835 2823 3901 emicuit,
2852 3850 2973 3889 cum
3005 3836 3337 3892 circumdata
3369 3837 3457 3892 of-

1867 3930 1994 3985 ﬁcio
2022 3930 2325 3996 charitatis,
2358 3928 2689 3982 submittitur
2729 3927 2808 3982 illi
2841 3939 3153 3983 sanctorum
3202 3930 3417 3984 claritas
3438 3948 3459 3986 .-

1866 4032 1925 4077 ut
1975 4024 2091 4092 ejus
2120 4023 2349 4093 amplius
2392 4022 2647 4091 splendor
2694 4033 2746 4077 et
2792 4022 2964 4093 gloria
3006 4025 3455 4079 commendetur:

1865 4132 1987 4187 qua:
2032 4131 2199 4186 super
2246 4115 2564 4185 angelorum
2607 4116 2803 4169 choros
2847 4116 3087 4182 elevata,
3140 4117 3250 4187 jam
3299 4118 3458 4173 beata

1866 4208 2211 4275 praedicatur,
2229 4217 2283 4263 et
2300 4210 2409 4277 jam
2428 4207 2758 4263 beatissima.
2776 4207 2906 4262 Nam
2934 4209 3251 4279 angelorum
3267 4224 3452 4279 quam-

1866 4300 1949 4355 vis
1975 4301 2177 4356 celsior
2201 4310 2388 4355 natura
2420 4303 2525 4355 sit:
2562 4316 2670 4355 non
2703 4309 2878 4355 tamen
2907 4303 3077 4371 gratia
3107 4303 3295 4369 major,
3330 4303 3456 4370 quia

1868 4403 1921 4447 et
1958 4395 2056 4463 ipsi
2094 4396 2326 4463 gratuita
2356 4394 2548 4464 gratia,
2601 4412 2667 4450 ne
2699 4404 3043 4464 corruerent,
3086 4405 3212 4450 sunt
3241 4396 3452 4451 salvati.

168 4492 309 4555 quasi
333 4494 627 4548 columbam
656 4496 877 4567 desuper
904 4498 1039 4549 rivos
1069 4513 1339 4566 aquarum.
1372 4495 1441 4549 Et
1468 4509 1600 4550 vere
1630 4509 1756 4564 spe-
1783 4476 1841 4538 Β
1868 4485 2025 4542 Ullde
2052 4487 2217 4542 David
2236 4530 2250 4554 ,
2290 4487 2455 4541 Verbo
2479 4487 2711 4557 Domini,
2737 4488 2931 4559 inquit,
2962 4488 3073 4542 caeli
3098 4488 3290 4555 [innati
3310 4498 3459 4553 sunt,
3536 4478 3541 4484 ’

170 4584 307 4640 ciosa
331 4589 485 4658 quasi
517 4588 792 4657 columba,
815 4590 939 4660 quia
965 4590 1109 4646 illius
1132 4590 1370 4661 speciem
1402 4589 1667 4644 columba:
1689 4605 1753 4645 ac

170 4676 560 4748 simplicitatem
609 4682 1043 4748 demonstrabat,
1091 4699 1214 4754 qua:
1264 4698 1428 4752 super
1466 4683 1751 4737 Dominum

173 4774 335 4843 venit,
366 4786 419 4831 et
442 4776 629 4831 docuit
658 4776 944 4846 Joannem,
972 4779 1116 4850 quod
1148 4779 1235 4833 hic
1265 4788 1349 4835 est
1369 4779 1461 4850 qui
1495 4779 1751 4848 baptizat.

171 4862 231 4919 Et
259 4867 415 4934 bene,
446 4869 683 4941 desuper
723 4871 873 4926 rivos
899 4888 1190 4943 aquarum,
1221 4873 1345 4943 quia
1365 4888 1530 4942 super
1556 4888 1750 4943 aquam

172 4959 476 5017 refectionis
520 4963 851 5019 educaverat
900 4980 1018 5020 eam
1054 4964 1319 5021 Dominus
1365 4974 1419 5020 et
1449 4966 1753 5021 nutriverat

174 5049 337 5119 (Psal.
362 5072 522 5125 χχιιι,
553 5056 651 5129 2);
700 5074 769 5113 ex
805 5074 910 5129 qua
942 5058 1098 5113 multi
1134 5058 1352 5113 deducti
1380 5058 1501 5125 rivi,
1533 5072 1752 5112 omnem

172 5142 379 5218 irrigant
409 5161 609 5206 terram
641 5150 985 5219 deliciarum,
1016 5161 1071 5207 et
1095 5151 1389 5206 infundunt
1416 5150 1633 5205 hortum
1659 5166 1755 5206 vo-

170 5237 399 5313 luptatis,
429 5260 495 5301 ex
526 5247 723 5316 quibus
768 5246 1009 5316 quotidie
1036 5248 1106 5302 ita
1138 5257 1193 5301 et
1224 5244 1441 5315 perfusa
1469 5244 1623 5299 beata
1652 5244 1752 5300 Dei

168 5336 391 5403 genitrix
421 5340 668 5395 ascendit
696 5338 961 5395 hodierna
993 5339 1081 5394 die
1113 5339 1357 5407 Speciosa
1387 5336 1547 5392 valde
1574 5344 1631 5393 et
1658 5338 1755 5391 ad-

168 5429 458 5488 mirabilis:
489 5437 638 5506 cujus
666 5434 795 5488 odor
817 5433 1193 5489 inwstimabilis
1210 5442 1321 5487 erat
1347 5432 1521 5499 nimis,
1546 5440 1599 5486 et
1628 5430 1753 5486 ideo

169 5518 467 5580 inellabilis.
524 5526 606 5581 Ad
652 5526 807 5595 cujus
853 5525 1100 5597 profecto
1152 5526 1501 5597 fragrantiam
1543 5522 1754 5589 odoris,

167 5616 337 5670 omnis
380 5618 465 5674 illa
506 5620 748 5676 ctelcstis
776 5619 1078 5677 Jerusalem
1130 5621 1254 5677 laeta
1295 5618 1559 5684 decurrit,
1592 5632 1756 5687 quam

168 5706 569 5767 circumdabant
598 5714 762 5768 ﬂores
800 5728 1046 5770 rosarum
1085 5722 1143 5770 et
1171 5712 1284 5770 lilia
1310 5710 1660 5778 convallium,
1690 5723 1760 5765 eo

433 5808 707 5871 ΡΑτιιοι..
787 5809 1003 5871 XXX.

1867 4591 1914 4635 et
1938 4583 2129 4651 spiritu
2150 4582 2253 4637 oris
2280 4584 2389 4651 ejus
2408 4583 2575 4636 omnis
2596 4583 2759 4635 virtus
2772 4598 2946 4635 eorum
2966 4579 3139 4650 (Psaf.
3166 4596 3351 4645 χχχιιι,
3371 4579 3449 4650 6).

1867 4676 2019 4744 Quod
2062 4678 2108 4732 si
2151 4677 2341 4747 spiritu
2373 4677 2486 4731 oris
2532 4676 2647 4745 ejus
2675 4676 2850 4729 omnis
2893 4675 3065 4727 virtus
3109 4689 3298 4728 eorum
3328 4674 3455 4730 sub-

1866 4771 2037 4827 sistit:
2060 4780 2274 4826 constat
2296 4772 2505 4825 beatam
2532 4778 2585 4823 et
2605 4768 2897 4838 gloriosam
2914 4766 3177 4835 virginem
3202 4766 3446 4828 Mariam.

1866 4868 1921 4922 in
1952 4882 2113 4937 quam
2148 4865 2465 4934 supervenit
2510 4862 2744 4932 Spiritus
2789 4868 3029 4927 sanctus,
3061 4868 3115 4913 ct
3146 4860 3286 4916 Deus
3313 4869 3454 4917 totus

1866 4961 2089 5028 illapsus
2112 4965 2382 5026 portatum
2413 4968 2606 5008 novem
2635 4951 2915 5005 mensibus
2942 4951 2995 5005 in
3026 4959 3205 5019 utero,
3238 4963 3297 5009 ut
3328 4970 3452 5010 cre-

1863 5048 2101 5106 dendum
2143 5057 2247 5110 est,
2289 5044 2550 5114 ampliora
2581 5043 2949 5111 promeruisse
2996 5042 3255 5100 virtutum
3286 5048 3455 5115 privi—

1863 5143 2024 5213 legia,
2052 5150 2107 5196 et
2137 5138 2444 5209 percepisse
2467 5135 2695 5204 gratiam
2729 5134 2795 5188 ab
2821 5135 3027 5206 angelis
3050 5136 3216 5191 etiam
3242 5139 3448 5193 collau-

1862 5235 2065 5289 datam.
2114 5229 2271 5287 Unde
2318 5236 2373 5281 et
2421 5226 2467 5280 si
2513 5222 2777 5279 mirabilis
2808 5236 2891 5281 est
2934 5240 3127 5281 eorum
3171 5228 3367 5291 virtus,
3402 5236 3458 5281 et

1862 5326 2090 5382 ﬁrmitas
2138 5318 2553 5395 perpetuitatis:
2585 5313 2887 5372 mirabilior
2931 5325 3114 5371 tamen
3159 5317 3216 5371 in
3264 5318 3455 5382 Maria,

1863 5435 2026 5491 quam
2058 5412 2401 5472 obumbravit
2430 5410 2601 5463 virtus
2631 5406 2893 5463 Altissimi
2922 5426 2933 5461 :
2963 5415 3021 5459 ut
3054 5404 3194 5457 ultra
3239 5422 3456 5462 omnem

1865 5517 2117 5568 virtutem
2164 5508 2235 5564 sit
2279 5504 2605 5573 angelicam,
2647 5498 2791 5567 quod
2836 5500 3041 5554 factum
3071 5503 3157 5549 est
3186 5498 3241 5552 in
3287 5514 3371 5569 ea,
3405 5511 3461 5556 et

1866 5603 2185 5660 admirabile
2235 5598 2445 5655 cunctis
2492 5590 2705 5648 smculis
2752 5597 3185 5646 sacramentum.
3236 5591 3315 5646 Ac
3370 5609 3465 5662 per

1866 5700 1971 5756 hoc
2016 5696 2178 5753 etiam
2226 5692 2437 5767 angelis
2467 5682 2663 5744 exinde
2712 5685 2893 5754 major
2944 5688 3238 5755 praastatur
3267 5684 3466 5756 gratia,

2853 5778 2891 5838 5
