4000 6310
490 217 593 276 159

1532 215 1590 272 S.
1632 213 2017 278 HIERONYMI
2055 211 2344 276 OPERUM
2381 211 2746 275 MANTISSA.

3677 204 3786 268 140

489 353 612 393 cum
643 335 1016 391 instaurantur
1040 332 1108 387 ab
1149 345 1213 388 ea
1255 328 1461 400 omnia,
1509 347 1631 402 quae
1659 343 1991 390 venerantur
2029 341 2081 386 et
2109 333 2156 392 A
2188 329 2280 383 Dei
2308 329 2450 402 quod
2481 331 2698 395 amatis,
2745 341 2852 386 non
2895 324 3001 383 nisi
3037 325 3091 382 in
3123 325 3242 382 sinu
3273 323 3448 382 Patris
3476 324 3779 386 invenitur.

493 432 722 486 adurant
749 443 912 497 super
941 443 1000 482 se
1030 423 1308 487 Christum
1349 440 1529 496 regem
1563 426 1850 488 Dominum
1890 434 2076 482 natum

493 543 562 581 cx
591 525 779 583 eadem
809 521 1053 593 Virgine.
1087 519 1229 576 Ilinc
1259 529 1312 578 et
1355 520 1517 580 Maria
1550 520 1764 576 cunctis
1805 531 1953 574 tanto
1980 534 2074 576 ve-

494 617 808 681 nerabilior,
841 624 1040 684 quanto
1067 613 1354 684 gratiosior
1392 631 1404 666 :
1436 621 1492 667 et
1516 621 1718 684 quanto
1759 611 1958 672 virtute
1984 611 2080 674 Al-

488 710 685 766 tissimi
731 707 1009 764 extollitur
1038 706 1105 764 ad
1135 706 1406 772 sublimia,
1443 716 1593 764 tanto
1621 705 1821 762 clarior
1853 705 2079 760 resultat

489 803 542 859 in
584 803 780 874 gloria.
829 801 995 856 Plena
1041 799 1306 871 siquidem
1337 799 1534 870 gratia,
1567 796 1725 868 plena
1753 797 1884 864 Deo,
1917 796 2077 868 plena

486 896 799 961 virtutibus,
831 909 939 950 non
967 901 1152 964 potest
1182 909 1286 948 non
1320 890 1599 961 possidere
1641 891 1802 962 plene
1845 890 2076 962 gloriam

485 989 745 1045 claritatis
775 995 1198 1056 mtertim,quam
1229 983 1540 1056 plenissime
1569 983 1801 1054 accepit,
1830 990 1887 1038 ut
1910 993 2080 1038 mater

485 1084 645 1139 fieret
670 1081 990 1139 Salvatoris.
1027 1080 1194 1148 Quam
1234 1079 1468 1138 uider-unt
1493 1093 1666 1139 omnes
1692 1077 1820 1147 ﬁlio:
1851 1076 2001 1143 Sion,
2032 1085 2080 1130 et

483 1173 832 1229 beatissimam
879 1171 1333 1242 prwdieaverunt,
1387 1185 1448 1226 at:
1499 1169 1692 1242 regina:
1741 1168 2081 1226 laudauerunt

482 1285 594 1323 eam
617 1285 636 1322 :
659 1266 920 1338 quoniam
946 1275 1149 1322 tantam
1164 1278 1283 1322 eam
1307 1263 1582 1330 viderunt,
1607 1270 1866 1333 quantam
1901 1263 2081 1322 nullus

486 1361 762 1420 narrando
791 1360 1035 1431 explevit
1063 1357 1407 1426 mortalium;
1441 1365 1644 1429 quanto
1675 1357 1846 1426 magis
1887 1356 2076 1422 Deum,

485 1456 579 1528 qui
620 1456 787 1512 talem
831 1470 895 1508 ac
939 1459 1141 1511 tantam
1175 1449 1302 1506 fecit
1331 1465 1476 1515 eam,
1522 1459 1579 1506 nt
1623 1451 1741 1519 ipse
1782 1448 1937 1510 fieret
1985 1464 2080 1518 per

486 1551 641 1605 eam!
677 1547 831 1606 Unde
865 1547 1064 1602 David:
1098 1544 1166 1600 Et
1191 1546 1368 1608 horno,
1403 1546 1602 1617 inquit,
1629 1555 1784 1604 natus
1803 1554 1879 1600 est
1905 1546 1958 1599 in
1993 1561 2076 1610 ea,

485 1652 532 1695 et
581 1642 690 1713 ipse
731 1639 969 1712 fundauit
1017 1655 1128 1694 eam
1168 1637 1462 1698 Altissimus
1505 1636 1676 1706 (Psal.
1721 1653 1963 1705 Lxxxvu,
1993 1635 2077 1710 Ω).

2179 425 2332 480 Licet
2380 425 2542 495 igitur
2573 424 2773 495 ubique
2805 431 2948 484 totus
2991 422 3078 488 sit,
3111 431 3166 478 et
3207 437 3318 477 non
3349 422 3508 493 longe
3541 422 3611 478 ab
3639 437 3780 478 uno-

2181 534 2395 589 quoque
2432 526 2701 584 nostrum,
2735 526 2917 574 tamen
2949 531 3054 572 non
3088 515 3191 572 nisi
3219 523 3370 572 casto
3397 529 3616 572 sursum
3647 513 3779 572 hau-

2181 612 2318 666 ritur
2348 622 2589 680 pectore.
2628 609 2800 680 Prope
2819 621 2891 666 est
2918 609 3076 674 enim,
3098 608 3271 680 inquit
3295 607 3528 678 Moyses,
3554 609 3606 661 in
3626 607 3782 662 corde

2184 715 2273 760 tuo
2304 716 2350 764 et
2380 706 2432 760 in
2465 721 2553 760 ore
2584 715 2692 770 tuo,
2718 713 2918 762 tantum
2945 720 3060 762 eum
3086 714 3224 756 recto
3254 703 3298 760 si
3323 702 3587 772 quasieris
3627 700 3781 756 corde

2182 797 2362 870 (Deut.
2393 814 2539 865 XXXI,
2572 797 2680 870 11).
2711 797 3050 868 Unguentum
3095 797 3426 852 exinanitum
3455 803 3542 854 est
3583 810 3781 852 nomen

2181 890 2332 960 ejus:
2368 899 2676 960 propterea,
2702 889 3147 959 adolescentulos,
3173 889 3382 958 diligite
3404 889 3607 954 animo,
3636 887 3779 957 quod

2183 999 2281 1054 pro
2307 983 2462 1040 vobis
2487 983 2713 1040 elfnsnm
2745 991 2848 1039 est.
2892 983 3114 1042 Habetis
3147 999 3399 1054 namque,
3435 991 3641 1038 sanctae
3669 984 3779 1038 vir-

2181 1078 2358 1148 gines,
2407 1093 2662 1148 sponsum
2714 1078 2999 1148 virginem,
3051 1076 3370 1147 virginitatis
3417 1086 3470 1134 et
3518 1075 3782 1138 caSIitatis

2182 1185 2506 1238 amatorem,
2533 1171 2626 1242 qui
2659 1181 2884 1228 matrem
2914 1170 3172 1241 virginem
3213 1169 3334 1225 ideo
3361 1169 3544 1240 elegit,
3578 1177 3635 1222 nt
3663 1170 3779 1238 ipsa

2181 1263 2434 1321 omnibus
2461 1273 2608 1320 esset
2646 1264 2953 1334 exemplum
2985 1262 3272 1329 castitatis,
3307 1263 3357 1322 in
3390 1278 3498 1333 qua
3528 1262 3678 1324 velut
3727 1263 3778 1318 in

2182 1359 2404 1428 speculo
2435 1356 2667 1428 refulget
2706 1357 2877 1418 forma
2904 1356 3140 1415 virtutis.
3177 1356 3401 1414 llabetis
3427 1356 3584 1425 igitur
3628 1355 3682 1418 in
3715 1370 3781 1410 ea

2183 1454 2491 1523 magisteria
2521 1452 2806 1522 probitatis
2831 1467 3120 1519 exuressa,
3145 1450 3270 1520 quid
3296 1450 3526 1520 primum
3549 1447 3778 1518 eligere,

2181 1548 2306 1617 quid
2331 1563 2606 1618 respuere,
2631 1547 2755 1618 quid
2787 1546 2938 1616 sequi
2963 1544 3229 1602 debeatis.
3258 1545 3437 1606 Prima
3464 1543 3583 1614 eius
3608 1544 3782 1599 virtus

2182 1651 2265 1698 cst
2292 1641 2704 1698 fundamentum
2729 1640 2968 1700 omnium
2993 1641 3252 1700 virtutum
3282 1647 3339 1695 et
3363 1649 3571 1704 custos,
3598 1637 3778 1694 Immi-

485 1733 647 1788 Beata
680 1733 841 1803 igitur
873 1732 1002 1787 talis
1027 1745 1090 1786 ac
1133 1739 1277 1788 tanta
1309 1731 1581 1800 nativitas,
1627 1731 1782 1790 beata
1811 1739 1864 1795 et
1889 1744 2075 1799 super-
2110 1728 2159 1790 B
2185 1738 2306 1793 litas
2349 1737 2485 1807 ipsa,
2513 1736 2581 1791 de
2622 1753 2724 1806 qua
2755 1735 3060 1806 gloriatur:
3114 1735 3251 1800 Quia
3290 1733 3536 1804 respexit,
3587 1731 3776 1803 inquit,

489 1843 679 1884 norum
706 1828 903 1882 civium
946 1827 1201 1893 societas,
1229 1835 1285 1881 et
1312 1825 1651 1882 admirabilis
1681 1824 1962 1880 charitatis
1986 1839 2078 1882 eo—

485 1936 606 1976 rum
627 1919 988 1976 unauimitas:
1015 1918 1102 1975 ubi
1127 1933 1284 1972 nemo
1308 1917 1648 1988 angelorum.
1668 1932 1830 1974 nemo
1847 1916 2078 1972 archan-

483 2013 753 2084 gelorum,
787 2026 891 2066 non
918 2011 1040 2070 dico
1072 2011 1246 2068 beatae
1278 2009 1506 2080 virginis
1534 2010 1741 2076 Marite,
1773 2025 1957 2068 verum
1983 2025 2078 2066 ne-

485 2120 593 2176 que
621 2104 854 2173 alicujus
883 2112 1195 2162 sanctorum
1239 2103 1444 2158 invidet
1468 2103 1740 2173 gloriam:
1775 2103 1871 2160 sed
1907 2116 2076 2169 totum

485 2199 538 2252 in
569 2197 738 2252 altero
784 2196 1159 2266 unusquisque
1192 2196 1450 2265 possidet,
1483 2195 1626 2266 quod
1654 2197 1821 2267 gratis
1850 2207 2075 2266 praesta-

483 2297 569 2344 tur
598 2289 852 2344 omnibus
887 2306 899 2341 :
931 2298 992 2344 ut
1019 2287 1089 2342 de
1116 2288 1392 2354 omnibus,
1427 2297 1482 2343 et
1514 2288 1564 2342 in
1594 2288 1847 2343 omnibus
1877 2289 2080 2358 glorili-

481 2391 632 2439 cetur
664 2382 826 2450 Deus,
859 2383 1156 2440 honoretur
1183 2391 1236 2437 et
1267 2381 1528 2438 adoretur
1562 2381 1631 2438 ab
1659 2383 1911 2440 omnibus
1941 2400 1955 2434 :
1989 2381 2076 2436 ubi

487 2493 590 2534 non
613 2491 796 2541 sexus,
833 2492 939 2530 non
969 2483 1122 2544 tetas,
1158 2491 1263 2534 non
1294 2475 1531 2546 dignitas
1568 2477 1805 2550 generis,
1837 2475 1933 2532 sed
1966 2491 2081 2531 me-

483 2571 707 2625 ritorum
764 2568 998 2639 qualitas
1057 2569 1174 2624 sola
1229 2568 1598 2625 discernitur:
1649 2569 1744 2626 ubi
1791 2569 2082 2641 plurimum

482 2661 638 2718 stella
685 2676 715 2716 a
763 2661 922 2716 stella
950 2659 1170 2718 differre
1196 2660 1467 2728 claritate,
1513 2661 1763 2732 quamvis
1795 2676 1987 2720 omnes
2022 2663 2078 2718 in

483 2767 584 2809 suo
613 2751 722 2808 sint
758 2753 951 2819 ordine
990 2753 1311 2818 suseilandi.
1341 2753 1494 2822 Quod
1538 2757 1582 2808 si
1613 2766 1698 2816 est
1727 2755 1833 2812 alia
1859 2755 2081 2812 claritas

487 2847 640 2910 solis,
673 2852 728 2900 et
758 2845 861 2904 alia
889 2846 1108 2910 claritas
1134 2846 1298 2912 lunai,
1329 2858 1383 2902 et
1410 2847 1514 2902 alia
1545 2847 1765 2906 claritas
1793 2849 2075 2906 stellarum

485 2938 529 3010 (ι
558 2935 680 2993 Cor.
721 2952 822 3002 xv,
872 2937 964 3008 4|)
996 2958 1008 2991 :
1051 2954 1154 2994 una
1188 2951 1368 2995 tamen
1400 2939 1620 2996 claritas
1661 2951 1742 2996 est
1767 2982 1780 3006 ,
1812 2957 1915 3014 qua
1957 2941 2077 3000 illtt-

483 3040 725 3086 strantur
745 3033 948 3086 omnia.
967 3031 1171 3088 Idcirco
1193 3033 1350 3090 beata
1373 3035 1467 3089 Dei
1487 3035 1742 3104 genitrix,
1760 3051 1879 3107 quin
1901 3035 2078 3092 adhuc

485 3122 650 3180 tantis
695 3123 747 3180 in
792 3135 934 3180 terra
982 3124 1305 3194 praedicatur
1332 3124 1607 3191 laudibus,
1656 3141 1761 3184 non
1811 3121 2152 3185 immeritoC
2184 3142 2288 3201 rat,
2319 3143 2373 3188 et
2403 3132 2642 3203 respexit
2677 3131 3036 3190 humilitatem
3083 3130 3294 3186 ancilla:
3328 3146 3439 3185 suae
3488 3148 3500 3183 :

481 3214 722 3282 creditur
751 3215 1010 3274 hodierna
1042 3218 1128 3271 die
1157 3217 1388 3272 exaltata
1419 3225 1472 3272 et
1508 3217 1829 3288 gloriﬁcent,
1867 3235 2078 3278 necnon

483 3317 538 3364 et
580 3306 896 3373 clariﬁcata,
939 3317 1200 3376 quantum
1245 3308 1394 3367 novit
1424 3308 1513 3364 ille
1539 3309 1629 3380 qui
1673 3325 1791 3366 eam
1832 3310 1992 3381 elegit
2026 3313 2078 3368 in

484 3415 578 3458 sua
610 3403 896 3473 sapientia,
919 3416 1023 3472 qua
1050 3401 1318 3470 disiiosuit
1344 3402 1543 3462 omnia.
1579 3402 1734 3470 Quod
1759 3405 1805 3460 si
1835 3403 1888 3459 in
1915 3403 2079 3464 domo

489 3493 657 3564 patris
695 3493 1004 3556 mansiones
1050 3494 1231 3550 multa:
1269 3503 1416 3562 sunt,
1451 3493 1724 3553 credimus
1751 3496 2080 3565 splendidio-

490 3601 602 3640 rem
630 3585 790 3646 matri
831 3585 993 3641 hodie
1022 3585 1191 3642 filinm
1222 3587 1564 3656 praestitisse,
1596 3604 1757 3658 quam
1799 3589 1903 3650 sibi
1947 3590 2076 3644 olim

488 3675 775 3742 aedificavit
813 3675 1056 3744 domum,
1090 3679 1372 3742 subnixam
1417 3680 1684 3736 columnis
1723 3692 1930 3753 septem
1966 3700 1980 3737 :
2022 3683 2075 3738 iu

487 3784 592 3840 qua
644 3769 808 3836 domo
857 3768 1114 3832 nimirum
1167 3779 1422 3839 parantur
1473 3774 1673 3842 nuptirc
1710 3774 2076 3832 Ecclesiarum

491 3862 609 3929 Dei,
653 3873 707 3924 et
737 3861 1070 3920 truderentur
1098 3863 1326 3928 terrenis
1368 3865 1630 3930 coelestia.
1665 3865 1720 3926 In
1753 3882 1818 3922 eo
1845 3883 2076 3940 namque

491 3965 642 4012 utero
665 3954 921 4025 Virginis,
948 3970 1152 4024 sponso
1176 3956 1467 4021 immortali
1492 3959 1769 4030 virginitas
1791 3975 2079 4022 consecra-

492 4060 599 4112 tur,
623 4054 682 4104 ιιι
709 4047 780 4102 sit
807 4057 976 4110 totum
1005 4047 1226 4113 cmlestc
1241 4050 1648 4108 commercium.

563 4137 704 4194 XVI.
751 4139 816 4206 Et
851 4136 993 4207 ideo,
1028 4138 1395 4208 cltarissitnaa,
1438 4143 1716 4201 celebrate
1760 4146 2079 4208 solentnitct‘

494 4230 730 4302 Virginis
759 4231 978 4298 festum,
1003 4247 1124 4303 qua:
1153 4234 1426 4300 cmlestem
1454 4236 1610 4292 vobis
1641 4239 1805 4301 vitam
1834 4239 1885 4302 in
1920 4240 2076 4296 terris

490 4324 725 4388 ostendit
750 4341 760 4377 :
791 4325 1045 4394 quoniam
1075 4325 1166 4396 qui
1193 4344 1297 4382 non
1327 4328 1549 4398 nubent,
1579 4347 1755 4402 neque
1781 4332 2073 4401 nubentur,

489 4429 650 4482 erunt
691 4418 833 4474 sicut
873 4419 1046 4490 angeli
1086 4419 1142 4478 in
1172 4421 1330 4478 coelo.
1385 4422 1495 4479 Nec
1539 4426 1734 4488 mirum
1776 4427 1821 4482 si
1873 4428 2079 4498 angelis

2181 1827 2523 1883 humilitatem
2548 1828 2754 1883 ancilla
2779 1843 2887 1882 suae
2914 1844 2932 1882 :
2962 1843 3076 1882 ecce
3094 1826 3233 1882 enim
3263 1842 3325 1886 ea
3347 1823 3442 1880 hoc
3473 1823 3677 1882 beatam
3705 1840 3781 1880 me

2179 1922 2354 1977 dicent
2383 1937 2557 1976 ontnes
2584 1920 2938 1989 generationes
2969 1919 3122 1991 (Luc.
3154 1934 3193 1982 ι.
3228 1919 3342 1988 18),
3373 1919 3514 1989 Ergo
3547 1918 3779 1989 primum

2178 2013 2422 2069 discendi
2487 2012 2943 2078 incitamentum,
3005 2010 3263 2066 nobilitas
3313 2019 3399 2068 est
3470 2009 3774 2079 magistri:

2179 2106 2376 2162 deinde
2422 2120 2630 2160 merces
2672 2105 2877 2159 laboris
2907 2105 3118 2174 optimi,
3151 2103 3365 2161 fructus
3401 2103 3778 2159 beatitudinis.

2180 2199 2318 2266 Quid
2352 2199 2520 2268 igitur
2547 2198 2783 2254 nobilius
2810 2209 2979 2253 matre
3009 2198 3246 2263 Domini,
3277 2197 3405 2269 quid
3439 2197 3781 2268 splendidius

2180 2307 2242 2350 ea
2267 2335 2280 2356 ,
2315 2307 2477 2362 quant
2519 2292 2774 2360 splendor
2804 2291 2971 2362 elegit
2997 2300 3234 2362 paternte
3260 2290 3476 2360 gloriae?
3527 2289 3669 2357 Quid
3695 2305 3782 2348 ca-

2181 2385 2316 2440 stius
2337 2402 2423 2451 ea,
2451 2401 2569 2455 quae
2592 2401 2790 2454 corpus
2816 2383 3015 2442 Christi
3045 2385 3163 2440 sine
3191 2383 3512 2452 contagione
3537 2383 3784 2452 corporis

2180 2479 2495 2549 generavit!
2520 2488 2575 2538 et
2610 2486 2787 2534 tamen
2821 2478 2871 2532 in
2895 2492 2959 2534 ea
2993 2477 3168 2534 solum
3201 2477 3562 2537 humilitatem
3592 2491 3781 2546 respe-

2181 2573 2326 2626 xisse
2353 2571 2636 2632 Dominttm
2665 2571 2979 2638 confitetur,
3005 2585 3124 2639 quae
3145 2576 3328 2629 custos
3357 2579 3436 2624 est
3461 2579 3781 2632 emterarum

2180 2662 2464 2718 virtutum.
2493 2661 2876 2718 Colloeaverat
2905 2663 3048 2720 enim
3077 2663 3130 2718 in
3165 2673 3280 2718 tuto
3309 2662 3562 2720 elationis
3596 2671 3775 2733 portu,

2180 2755 2427 2810 sublimia
2465 2757 2778 2816 meritorum
2807 2771 3028 2812 suorum
3062 2755 3321 2814 exercitia
3359 2773 3370 2808 :
3404 2765 3460 2811 et
3491 2754 3614 2810 ideo
3643 2754 3782 2810 divi-

2181 2849 2323 2904 nitus
2362 2849 2680 2906 illustratur.
2715 2849 2866 2906 Unde
2894 2851 3152 2910 Dominus
3177 2851 3288 2912 ait:
3324 2850 3403 2906 Ad
3430 2867 3582 2920 quem
3612 2851 3774 2920 respi-

2180 2947 2336 3013 ciam,
2365 2946 2465 3000 nisi
2494 2947 2560 3000 ad
2587 2946 2829 3000 humilem
2853 2955 2898 2999 et
2924 2946 3154 3016 quietum
3175 2985 3188 3008 ,
3241 2960 3302 2998 ac
3346 2952 3644 3000 trententeut
3676 2955 3781 3000 ser-

2183 3055 2354 3094 mones
2382 3055 2516 3092 uicos
2541 3037 2678 3110 (Ise.
2711 3055 2857 3104 nim,
2881 3037 2975 3105 ψ
2999 3037 3143 3092 Fecit
3167 3037 3313 3092 enim
3339 3037 3483 3106 quod
3515 3035 3782 3104 promise-

3548 3130 3691 3190 tttttlo
3722 3138 3782 3184 et

2181 3225 2337 3286 beata
2366 3225 2480 3295 jam
2516 3228 2583 3282 ab
2625 3225 2775 3284 omni
2817 3224 3018 3279 saeculo
3067 3223 3416 3294 praedicatur.
3474 3222 3682 3277 Idcirco
3725 3233 3779 3282 et

2183 3338 2298 3390 vos,
2330 3336 2362 3375 ο
2393 3319 2536 3382 filim,
2560 3317 2608 3374 si
2636 3333 2765 3373 vere
2789 3316 3028 3384 virgines
3055 3331 3181 3372 esse
3210 3315 3392 3379 vultis,
3418 3312 3776 3376 humilitatem

2180 3412 2467 3470 sectamini
2496 3428 2508 3466 :
2538 3423 2590 3466 et
2620 3422 2848 3466 matrem
2884 3409 3132 3474 Domini,
3173 3424 3294 3477 qua:
3319 3424 3380 3466 se
3401 3408 3653 3471 ancillam
3687 3424 3779 3462 vo-

2180 3520 2290 3572 cat,
2323 3505 2509 3566 cordis
2539 3520 2729 3560 amore
2761 3503 2960 3560 imitari
2992 3512 3317 3574 procurate,
3350 3517 3473 3572 qua}
3494 3501 3684 3564 didit-it
3713 3501 3782 3556 ab

2181 3603 2298 3669 ipso
2319 3612 2540 3668 sponso.
2566 3599 2650 3652 cui
2702 3611 2796 3651 vos
2831 3594 3127 3652 devovistis
3179 3594 3541 3657 humilitatem
3566 3635 3581 3660 ,
3612 3607 3773 3663 quam

2184 3708 2282 3750 vos
2299 3707 2365 3748 ex
2396 3705 2456 3746 se
2484 3689 2686 3746 docuit.
2715 3687 2870 3744 Unde
2896 3687 2971 3748 ait
2997 3687 3139 3751 idem
3165 3703 3178 3742 :
3211 3686 3400 3740 Discite
3428 3702 3459 3742 α
3502 3701 3580 3750 me
3605 3726 3620 3750 ,
3655 3685 3775 3755 quia

2133 3789 2138 3794 ’
2178 3785 2316 3838 milia
2335 3799 2448 3838 sum
2462 3792 2508 3837 et
2526 3781 2731 3836 lauinilis
2747 3781 2900 3842 corde
2917 3777 3109 3853 (Ma-ult
3121 3822 3133 3834 .
3150 3793 3223 3848 xl,
3237 3777 3354 3849 εἴ).
3372 3776 3487 3834 Non
3504 3791 3635 3845 ergo
3650 3778 3775 3834 bea-

2181 3888 2232 3932 ta
2263 3875 2357 3932 Dei
2380 3875 2614 3946 genitrix
2637 3889 2666 3927 a
2697 3873 2810 3928 tilio
2837 3888 2938 3928 suo
2965 3871 3200 3936 Domino
3231 3881 3419 3928 nostro
3442 3869 3634 3934 didicit
3661 3883 3772 3924 coa-

2183 3969 2262 4023 los
2291 3966 2584 4035 fabricare,
2621 3983 2726 4020 non
2759 3966 2981 4036 angelos
3005 3980 3214 4028 creare,
3247 3979 3353 4026 non
3376 3961 3633 4027 miracula
3654 3961 3771 4018 dei-

2181 4061 2307 4116 tatis
2336 4059 2566 4128 insignia
2599 4059 2814 4128 operari
2851 4075 2862 4108 :
2899 4057 2992 4114 sed
3030 4066 3237 4112 tantum
3259 4054 3571 4119 humiliari,
3613 4061 3775 4110 ciete-

2183 4170 2351 4224 raqttc
2393 4155 2651 4212 virtutum
2701 4152 3026 4218 documenta
3055 4193 3070 4216 ,
3126 4150 3264 4210 intra
3305 4148 3626 4204 humilitatis
3679 4163 3772 4204 cu-

2180 4245 2411 4300 stodiam
2465 4260 2780 4316 aggregare.
2809 4243 2959 4306 Unde
2997 4257 3118 4304 cum
3170 4257 3230 4296 ca
3277 4257 3492 4313 semper
3531 4241 3772 4314 singula-

2182 4356 2300 4395 rum
2326 4341 2578 4395 virlututu
2607 4337 2860 4408 pudicitia
2882 4352 3070 4396 contos
3098 4337 3355 4394 irremota
3387 4337 3619 4402 mansit:
3646 4337 3768 4409 quia

2180 4433 2407 4494 omnino
2439 4431 2612 4502 pudor
2639 4429 2948 4490 individuus
2975 4428 3270 4500 virginitati
3298 4444 3419 4484 esse
3443 4427 3628 4498 debet,
3652 4429 3770 4484 sine

488 4519 832 4580 comparatur
853 4510 1154 4582 virginitati,
1187 4528 1305 4584 quae
1335 4516 1649 4586 angelorum
1685 4518 1932 4586 Domino,
1977 4518 2074 4577 fm-
2106 4523 2154 4582 Π
2179 4541 2286 4592 quo
2317 4536 2462 4581 recte
2488 4525 2708 4580 castitas
2730 4539 2852 4580 tera
2882 4523 3094 4580 servari
3120 4540 3224 4578 non
3244 4533 3440 4592 potest.
3462 4521 3764 4593 Numquam

488 4605 618 4664 dere
663 4604 947 4676 copulatur
979 4608 1304 4677 nuptiarum.
1340 4608 1406 4664 Et
1433 4609 1480 4670 si
1510 4612 1766 4680 quailibet
1798 4613 2076 4684 virginitas

482 4706 687 4762 tantum
717 4696 964 4766 erigitur,
997 4709 1054 4753 ut
1073 4701 1279 4771 angelis
1308 4714 1673 4773 comparetur,
1703 4706 1877 4768 multo
1902 4708 2076 4779 magis

487 4791 638 4844 licata
671 4798 726 4844 et
759 4789 995 4858 gloriosa
1036 4791 1185 4863 virgo
1225 4792 1417 4859 Maria,
1452 4810 1573 4863 quae
1619 4797 1877 4868 singulari
1925 4815 2074 4866 com-

485 4882 770 4942 mendatur
784 4883 1083 4954 privilegio,
1105 4895 1160 4952 ct
1181 4885 1450 4952 immenso
1465 4887 1676 4946 dicatur
1694 4892 2067 4949 mercimonio.

483 4972 712 5041 Idcirco,
764 4972 1145 5044 dilectissimaa,
1187 4985 1364 5034 amate
1393 4993 1554 5048 quam
1595 4979 1795 5050 colitis,
1825 4993 1879 5048 et
1907 4984 2071 5042 colite

483 5080 644 5134 quam
685 5067 876 5133 amatis
904 5083 918 5128 ξ
951 5066 1075 5138 Quia
1107 5075 1234 5138 tunc
1256 5084 1375 5139 eam
1419 5086 1547 5140 vero
1571 5073 1744 5143 colitis
1771 5085 1823 5138 et
1850 5078 2065 5148 amatis,

478 5157 524 5210 si
569 5156 766 5220 imitari
811 5157 991 5220 velitis
1023 5157 1090 5213 de
1134 5167 1247 5229 toto
1274 5162 1441 5232 corde
1468 5179 1627 5237 quam
1657 5166 1907 5236 laudatis.
1943 5169 2069 5236 Hinc

477 5264 712 5321 namque
747 5250 853 5320 vita
896 5249 1050 5320 vobis
1097 5250 1166 5322 de
1206 5254 1346 5325 caelo
1383 5255 1556 5328 ﬂuxit,
1600 5274 1763 5330 quam
1811 5258 2070 5330 professae

476 5343 604 5410 estis
624 5360 639 5396 :
662 5358 824 5414 supra
841 5359 995 5413 usum
1021 5351 1229 5414 naturae
1256 5346 1373 5418 haec
1392 5351 1498 5407 vita
1525 5360 1631 5420 est,
1653 5368 1814 5425 quam
1843 5354 2063 5420 tenetis:

476 5439 545 5494 de
586 5439 738 5496 coelis
768 5439 916 5508 venit
944 5454 1197 5511 sponsus,
1229 5458 1390 5514 qnam
1428 5448 1581 5518 sequi
1609 5463 1731 5515 cum
1762 5460 1933 5512 matre
1975 5450 2070 5507 de-

475 5530 646 5586 betis:
679 5548 776 5598 nec
806 5533 1076 5601 immerito
1100 5534 1312 5598 vivendi
1337 5553 1494 5594 usum
1515 5540 1586 5598 de
1609 5541 1752 5609 prelo
1771 5543 2063 5616 quaesistis,

475 5637 596 5689 qua:
635 5623 789 5686 vobis
827 5623 897 5680 de
933 5625 1074 5681 ctelo
1116 5641 1377 5697 sponsum
1426 5632 1660 5701 petistis.
1713 5635 1841 5698 Ideo
1886 5647 2065 5696 vestra

473 5716 815 5772 conversatio
859 5715 916 5773 in
951 5716 1108 5775 cmlis
1143 5719 1216 5775 sit
1251 5735 1507 5794 semper:
1547 5725 1799 5797 quoniam
1828 5726 2066 5788 Verbum

2183 4620 2340 4689 igitur
2387 4619 2540 4682 beata
2588 4618 2740 4690 virgo
2785 4617 2948 4678 Maria
2984 4617 3106 4672 sine
3143 4618 3364 4687 pudoris
3404 4618 3485 4672 sui
3540 4616 3767 4675 custode

2183 4713 2480 4784 processit,
2503 4721 2560 4766 et
2589 4711 2708 4768 ideo
2740 4711 2784 4764 si
2812 4711 2987 4780 placet
3024 4710 3207 4776 vobis,
3241 4709 3576 4770 charissima:
3596 4750 3613 4776 ,
3645 4709 3766 4764 talis

2181 4821 2246 4860 ac
2270 4815 2417 4861 tanta
2448 4805 2632 4876 virgo,
2663 4805 2874 4874 placeat
2910 4817 2964 4860 et
3007 4821 3144 4874 opus
3182 4805 3429 4872 virtutis,
3471 4804 3626 4875 cujus
3659 4805 3762 4868 vita

2185 4899 2424 4954 outnium
2466 4906 2550 4952 est
2586 4896 2904 4967 disciplina.
2945 4897 3102 4968 cujus
3145 4913 3325 4962 mores
3363 4898 3608 4960 instituta
3641 4907 3767 4958 sunt

2181 4989 2571 5056 Ecclesiarum,
2613 5006 2732 5060 qua:
2777 4993 3058 5060 prmuessit
3103 4999 3358 5058 cunctos,
3395 4993 3768 5062 supereminet

2176 5082 2468 5138 universis.
2529 5081 2824 5152 Propterea
2861 5099 3219 5156 qumcumquc
3256 5083 3406 5154 virgo
3446 5083 3548 5148 sibi
3585 5083 3655 5146 ab
3698 5100 3758 5143 ea

2177 5188 2326 5247 optat
2358 5179 2635 5246 prmmium
2661 5187 2713 5234 et
2743 5179 2997 5250 implorat
3027 5178 3282 5234 auxilium
3303 5219 3318 5246 ,
3361 5178 3525 5244 debet
3565 5179 3762 5243 imitari

2178 5285 2332 5337 exetn
2345 5269 2511 5338 plum.
2540 5269 2688 5342 llogo
2719 5285 2838 5338 vos,
2873 5288 2906 5330 ο
2933 5271 3188 5342 virgines,
3215 5285 3344 5342 rogo
3362 5282 3414 5328 ct
3432 5270 3763 5336 viduanimi-

2175 5363 2360 5418 tamini
2395 5362 2614 5424 Paulam
2646 5362 2862 5422 viduam
2896 5371 3145 5430 matrem,
3170 5363 3450 5432 exemplar
3477 5365 3760 5430 contineri.

2172 5455 2260 5509 tia:
2290 5463 2347 5509 et
2374 5454 2658 5512 castitatis.
2684 5454 2974 5516 [mittimitti
3007 5455 3383 5523 Eustochium,
3412 5471 3569 5527 quam
3596 5458 3760 5512 halic-

2172 5549 2241 5602 tis
2267 5549 2544 5612 vobiscum
2586 5549 2885 5616 virginem,
2912 5561 2966 5612 et
2997 5549 3289 5615 formosam
3325 5548 3581 5620 perfectae
3618 5553 3754 5616 into-

2172 5637 2404 5708 grilatis.
2433 5638 2584 5706 Quod
2617 5638 2665 5694 si
2695 5641 2872 5696 minus
2908 5639 2961 5696 in
2994 5641 3073 5697 eis
3111 5651 3196 5696 est
3223 5682 3237 5707 ,
3279 5656 3441 5710 quam
3495 5642 3547 5694 in
3585 5653 3755 5698 matre

2168 5731 2419 5802 Domini,
2450 5732 2616 5789 immo
2641 5734 2766 5805 quia
2789 5743 2901 5805 est,
2936 5733 3147 5792 habetis
3180 5734 3333 5805 prole
3372 5734 3659 5800 fecundam
3701 5747 3756 5798 et
