4000 6306
556 280 664 340 “3

1573 274 1633 330 S.
1673 267 2055 327 lllERONYMI
2093 262 2374 326 OPERUM
2414 262 2779 321 MANTISSA.

3747 253 3849 317 ιιι

553 407 831 455 mus:tum
852 396 905 451 in
927 398 1089 453 altero
1113 390 1709 460 San-Germanensi,qui
1736 388 1879 442 varia
1900 384 2150 460 opuscula
2176 382 2233 446 Α
2257 382 2527 437 admonita
2575 380 2721 451 quod
2770 375 3017 444 audivit,
3075 375 3273 431 meruit
3316 370 3657 429 sanctiﬁcata
3707 370 3852 443 quod

551 474 879 541 incompacta
918 469 1138 541 continet
1172 482 1200 541 εΔ
1228 466 1429 541 tametsi
1460 464 1512 516 in
1553 457 1769 541 utroque
1790 475 1929 541 non.
1949 457 2010 538 de
2047 458 2151 537 As:

556 525 970 611 suntptione,sed
994 536 1060 593 de
1079 535 1369 611 Nativitate
1384 537 1555 611 beata:
1582 525 1761 611 Maria;
1790 528 2039 609 Virginis,
2065 525 2153 611 qui

558 600 933 685 prisiinusejus
956 618 1030 685 est
1053 610 1251 672 titulus,
1276 607 1604 685 inscribatur.
1630 601 1858 685 Denique
1880 611 1934 685 et.
1953 600 2005 653 in
2036 600 2155 679 aliis

555 670 701 739 libris
737 670 1091 752 sub:ejusdent
1120 670 1352 752 auctoris
1377 678 1605 752 nomine,
1632 670 2155 752 _t_este_0u‘dino,_in-

556 757 778 810 venitur.
810 740 987 805 Etiam
1014 766 1180 805 sermo
1203 749 1313 805 ι,208
1339 751 1391 802 in
1422 740 1722 817 Appendice
1752 743 1815 817 S.
1848 740 2148 813 Augustini,

556 828 647 896 qui
676 827 727 879 in
752 823 1175 896 -ιιίψαηὶεηδὶιωιΔ
1196 815 1479 892 plerisque,
1500 826 1554 870 ut
1594 816 1693 885 ipsi
1730 815 2016 896 obseruant,
2055 829 2151 865 ms.

557 885 721 950 eidem
743 891 992 948 Fulberto
1021 885 1286 955 tribuitur,
1318 885 1505 963 magna
1537 905 1599 942 ea:
1626 896 1771 959 parte
1801 885 2157 963 iisdem-atque

555 969 652 1023 iste
679 967 915 1029 laciniis,
946 964 1207 1028 verbisque
1239 955 1453 1017 totidem
1494 955 1739 1029 constat:
1779 970 1833 1010 ut
1874 955 2158 1029 facileap-

557 1048 772 1109 pareat,
809 1026 1031 1109 priorem
1067 1026 1217 1089 illam
1248 1032 1477 1109 episcopi
1519 1028 1853 1109 Garnotensis
1890 1026 2158 1109 Itotttiliatrt

559 1097 721 1179 i‘nisse
742 1097 903 1179 (quod
926 1106 1153 1161 solemne
1183 1114 1257 1160 est
1279 1097 1336 1157 id
1357 1097 1517 1179 genus
1538 1097 2037 1179 elucubrationibus)
2064 1112 2158 1179 pro

556 1170 992 1249 inter-palatorum
1022 1179 1302 1249 dicentium
1420 1173 1670 1249 populant
1698 1170 1912 1249 arbitrio
1936 1178 1981 1220 et
2004 1177 2157 1237 captu

562 1241 879 1320 mutilatum,
911 1250 1069 1320 inque
1098 1248 1231 1303 alias
1262 1246 1476 1301 subinde
1503 1245 1693 1315 formas
1726 1242 1865 1296 abire
1882 1241 2103 1311 jussam.

1141 1402 1476 1463 EPISTOLA
1504 1400 1575 1457 X.

840 1550 919 1605 De
943 1544 1306 1616 Assumptione
1330 1541 1393 1596 Β.
1435 1538 1659 1610 Virginis
1688 1535 1894 1591 Marica.

642 1690 685 1745 1.
737 1688 1012 1752 Scientes,
1059 1684 1255 1739 fratres
1304 1678 1675 1746 dilectissimi,
1718 1674 1926 1733 auctori
1979 1658 2166 1731 nostro

2256 474 2507 531 credidit.
2534 473 2779 541 Denique
2812 478 3015 525 tantum
3041 481 3162 523 sese
3181 466 3248 522 ad
3279 464 3402 522 caeli
3427 464 3706 536 fastigium
3728 461 3857 519 sub-

2256 566 2474 631 levavit,
2518 574 2575 620 ut
2608 563 2845 619 Verbum
2877 560 2930 616 in
2965 557 3234 631 principio
3261 556 3404 628 apud
3436 555 3631 623 Deum,
3682 554 3735 610 id
3777 563 3857 610 est

2256 661 2352 718 Dei
2383 660 2423 715 F
2429 662 2601 725 ilium,
2631 661 2700 715 de
2729 674 2941 715 summa
2968 657 3090 713 caeli
3137 671 3227 711 ara
3265 655 3587 725 susciperet.
3612 652 3856 723 Cumque

2256 770 2316 809 se
2350 769 2449 823 per
2486 753 2775 824 mysticum
2815 748 3121 806 divinitatis
3158 761 3416 803 arcanum
3458 746 3613 801 carni
3654 752 3854 799 nostra:

2258 846 2639 918 fragilitatique
2658 846 3070 908 comutisceret,
3089 840 3313 898 latuitin
3336 839 3558 896 homine
3579 838 3853 906 divinitas,

2260 950 2318 997 ut
2358 939 2644 997 divinitate
2673 939 3001 994 humanitas
3049 951 3157 992 non
3191 935 3448 1008 periret:
3497 945 3553 990 et
3598 931 3704 989 sub
3751 931 3855 1004 [AL

2259 1033 2387 1089 dum
2439 1031 2561 1103 sub]
2604 1032 2912 1088 velamento
2942 1036 3235 1101 assumpta:
3271 1025 3453 1083 carnis
3489 1024 3854 1091 absconditus,

2260 1127 2551 1199 pretiosius
2602 1125 2833 1182 redemit
2895 1124 3133 1197 perditos
3160 1164 3177 1193 ,
3237 1139 3399 1196 quam
3450 1122 3495 1178 si
3554 1120 3858 1178 defensaret

2260 1224 2331 1279 ab
2380 1222 2698 1278 imminente
2742 1221 2901 1277 hoste
2933 1219 3194 1290 captivos.
3245 1218 3512 1274 immensa
3563 1216 3762 1287 pietas,
3810 1222 3858 1269 et

2263 1330 2423 1386 supra
2451 1330 2610 1386 quam
2639 1314 2738 1369 fari
2781 1314 2951 1384 possit
2977 1310 3320 1384 praedicanda
3350 1309 3620 1380 majestas,
3653 1307 3859 1363 viscera

2264 1408 2461 1479 puella:
2514 1422 2644 1462 aura
2692 1406 2862 1462 sancti
2907 1405 3141 1477 Spiritus
3188 1402 3548 1474 implebantur
3587 1419 3599 1454 :
3635 1401 3861 1470 innupta

2266 1498 2488 1571 virginis
2539 1499 2693 1555 vulva
2726 1540 2741 1566 ,
2815 1498 2978 1555 Verbi
3033 1498 3241 1553 semine
3295 1504 3572 1553 crescente
3602 1538 3619 1564 ,
3678 1505 3860 1564 turge-

2264 1593 2378 1648 bat.
2425 1591 2826 1665 Replebantur,
2871 1591 3114 1662 inquam,
3163 1604 3361 1645 arcana
3412 1588 3685 1643 viscerum
3731 1586 3861 1641 sacri

2267 1685 2503 1756 Spiritus
2533 1683 2865 1741 fecunditate
2900 1683 3135 1752 repleta,
3176 1690 3232 1737 et
3259 1690 3375 1737 erat
3426 1693 3552 1752 spes
3592 1677 3646 1733 in
3688 1685 3859 1749 partu,

570 1783 801 1839 multum
824 1796 922 1837 nos
942 1780 1142 1835 debere
1163 1775 1570 1845 conditos,plus
1587 1771 1917 1843 redemptos»,
1934 1768 2178 1839 redemp-
2206 1767 2255 1829 B
2280 1778 2405 1850 quia
2450 1794 2556 1835 non
2593 1788 2709 1833 erat
2739 1777 2986 1849 voluptas
3023 1778 3075 1831 in
3103 1777 3271 1831 coitu.
3303 1773 3569 1844 Stupebat
3594 1771 3864 1845 pretiosis-

570 1876 735 1934 tionis
765 1885 965 1931 nostra:
993 1872 1377 1928 commercium
1403 1882 1754 1934 veneremur,
1788 1873 1843 1920 et
1869 1863 2173 1921 sacratissi-

570 1983 722 2025 mum
757 1977 991 2031 ulerum,
1023 1980 1089 2020 ex
1123 1978 1229 2032 qtto
1257 1959 1458 2015 homini
1485 1959 1630 2013 Deus
1666 1958 1846 2012 ttnitus
1884 1955 2169 2026 apparuit,

570 2075 626 2122 et
645 2065 691 2121 si
716 2063 1000 2135 nequimus
1024 2058 1254 2126 meritis,
1282 2056 1471 2112 saltem
1494 2053 1831 2111 celebremus
1856 2051 2128 2123 obsequiis
2153 2067 2169 2105 ε

568 2157 806 2214 scientes
844 2152 1046 2212 erroris
1073 2150 1244 2207 nostri
1277 2149 1551 2215 tenebras,
1583 2147 1777 2216 partim
1804 2144 1922 2215 ejus
1961 2142 2172 2214 fulgore

569 2251 881 2322 dispersas:
907 2248 1030 2319 quia
1050 2261 1170 2318 qua:
1198 2245 1445 2299 homines
1470 2257 1566 2312 per
1591 2238 2050 2310 protoplastorum
2079 2252 2175 2293 ne-

570 2341 909 2415 gligentiam,
938 2339 1129 2408 primm
1156 2336 1345 2392 matris
1366 2332 1676 2390 contumaci
1704 2343 1811 2386 tam
1842 2331 2173 2402 arrogantia,

572 2453 733 2509 quam
760 2434 883 2508 gula
910 2434 1016 2508 [Αἰ.
1041 2430 1251 2502 regula]
1276 2429 1647 2502 perdiderant,
1677 2427 1837 2497 hujus
1858 2442 2028 2483 sacra:
2054 2426 2178 2482 Vir-

572 2533 715 2605 ginis
741 2541 954 2603 partus,
982 2543 1088 2584 non
1120 2528 1291 2583 solum
1319 2526 1646 2582 restauravit
1668 2524 1869 2591 diruta,
1914 2521 2010 2579 sed
2036 2521 2176 2576 dona

575 2625 807 2681 contulit
836 2623 1172 2693 sempiterna
1200 2640 1212 2675 :
1237 2630 1291 2675 et
1318 2619 1441 2675 ideo
1465 2619 1675 2675 cunctis
1703 2618 1989 2689 praeconiis
2016 2630 2181 2671 vene-

578 2732 763 2773 remur
787 2714 981 2771 salutis
1023 2711 1344 2777 auctricem,
1387 2726 1506 2779 quae
1544 2710 1673 2765 dum
1706 2717 1981 2763 auctorem
2022 2720 2177 2761 suum

580 2807 831 2877 concepit
851 2820 917 2861 ex
944 2804 1105 2869 cmlo,
1130 2802 1291 2856 nobis
1313 2801 1709 2871 redemptorem
1738 2797 1974 2854 ostendit
2000 2796 2052 2852 in
2081 2811 2185 2852 saa-

583 2900 709 2957 culo
740 2918 753 2954 :
787 2908 841 2953 et
861 2898 986 2968 quia
1013 2896 1080 2951 ad
1108 2896 1276 2951 vicem
1305 2898 1447 2965 ejus,
1478 2895 1667 2949 matris
1698 2903 1898 2949 nostra:
1924 2891 2183 2947 Ecclesiae

582 2992 758 3048 forma
785 2992 1137 3047 constituitur
1159 3030 1175 3057 ,
1220 2990 1336 3060 ipsa
1366 3004 1483 3044 eam
1514 2990 1653 3043 inter
1684 2987 1954 3059 procellas
2001 2983 2185 3040 saeculi

579 3087 902 3159 frequenter
938 3084 1190 3155 aspiciat,
1228 3084 1343 3154 ipsa
1389 3083 1531 3139 inter
1577 3082 1826 3137 incursus
1881 3079 2185 3136 mundiales

2275 1874 2411 1928 sima
2450 1872 2707 1944 genitrix,
2743 1881 2798 1928 et
2829 1871 2970 1943 apud
2995 1886 3055 1927 se
3080 1871 3243 1926 tacita
3273 1884 3457 1925 rerum
3487 1867 3730 1923 novitate
3773 1866 3864 1921 mi-

2275 1965 2515 2022 rabatur.
2549 1963 2824 2021 Urebatur
2845 1974 2981 2019 aestu
3012 1962 3356 2034 cogitationis
3382 1961 3451 2017 ab
3488 1961 3637 2032 igne,
3664 1969 3721 2016 et
3755 1973 3864 2031 per-

2274 2061 2421 2116 culsa
2474 2058 2582 2131 [AL
2627 2056 2911 2131 percussa]
2947 2071 3127 2112 rerum
3172 2056 3413 2113 novitate
3456 2052 3863 2125 obstupescebat

2276 2152 2620 2209 mirabiliter.
2646 2151 2837 2207 Sciens
2858 2151 3001 2206 enim
3024 2164 3178 2206 suam
3208 2146 3601 2218 integritatem,
3636 2143 3861 2200 miraba-

2277 2256 2363 2301 tur
2393 2246 2599 2303 ventris
2644 2245 2949 2302 ubertatem
2996 2244 3132 2300 felix
3179 2242 3370 2303 Maria,
3408 2243 3453 2297 Ο
3498 2240 3734 2313 genitrix
3766 2239 3867 2311 glo-

2276 2339 2445 2406 riosa,
2481 2354 2515 2393 ο
2554 2353 2824 2411 puerpera
2858 2336 3132 2405 sublimis,
3170 2335 3327 2407 cujus
3354 2334 3663 2392 visceribus
3691 2341 3870 2388 auctor

2279 2433 2403 2489 οωιί
2434 2443 2700 2504 terraeque
2722 2431 3082 2487 committitur
3118 2446 3131 2485 :
3163 2428 3344 2485 felicia
3371 2428 3558 2484 oscula
3588 2426 3757 2482 labris
3778 2426 3868 2481 itu-

2279 2543 2465 2599 pressa
2491 2526 2841 2593 lactentibus,
2868 2540 2992 2581 cum
3015 2524 3156 2580 inter
3176 2522 3367 2579 crebra
3397 2520 3595 2577 indicia
3618 2519 3869 2591 reptantis

2282 2624 2542 2690 infantiae,
2573 2630 2762 2694 utpote
2801 2636 2963 2677 verus
2989 2636 3056 2676 ex
3086 2629 3138 2674 te
3167 2619 3310 2673 filius
3347 2616 3443 2673 tibi
3471 2626 3647 2672 mater
3676 2612 3872 2669 allude-

2283 2728 2390 2781 ret,
2420 2732 2543 2772 cum
2578 2731 2738 2772 verus
2780 2730 2850 2771 ex
2893 2713 3054 2769 Patre
3086 2711 3350 2767 Dominus
3398 2710 3716 2781 imperaret.
3752 2706 3870 2762 Nam

2286 2820 2565 2867 auctorem
2594 2819 2741 2866 tuum
2773 2812 2888 2880 ipsa
2926 2806 3264 2878 concipiens,
3294 2803 3511 2861 edidisti
3544 2804 3597 2859 in
3640 2812 3871 2873 tempore

2287 2905 2571 2974 puberem,
2598 2918 2760 2973 quem
2792 2902 3063 2957 habueras
3090 2908 3221 2955 ante
3245 2908 3493 2968 tempora
3518 2895 3871 2952 conditorem.

2285 2997 2437 3053 Felix
2462 2997 2834 3069 puerperium,
2869 2996 3098 3051 laetabile
3118 2993 3346 3065 angelis,
3370 2989 3742 3060 exspectabile
3763 3003 3876 3045 san-

2289 3094 2412 3159 ctis,
2439 3089 2806 3147 necessarium
2832 3087 3081 3160 perditis,
3103 3100 3398 3156 congruum
3425 3082 3725 3155 profligatis
3751 3099 3766 3136 :
3795 3079 3876 3150 qui

585 3186 842 3239 continua
888 3181 1134 3236 oratione
1178 3178 1486 3234 confoveat.
1533 3176 1720 3248 Neque
1769 3176 1914 3232 enim
1963 3174 2183 3229 dubium
2212 3165 2258 3230 C
2292 3194 2414 3257 post
2453 3184 2650 3240 multas
2689 3191 2980 3253 assumpta;
3016 3180 3194 3236 carnis
3234 3178 3484 3250 injurias,
3527 3175 3595 3231 ad
3638 3173 3877 3230 ultimum

586 3285 693 3343 est,
724 3276 874 3331 illam
906 3289 1024 3344 qum
1062 3273 1261 3329 meruit
1298 3286 1399 3341 pro
1430 3268 1726 3325 liberandis
1772 3268 1916 3324 ferre
1955 3267 2187 3338 pretium

588 3386 770 3442 posse,
810 3368 1078 3442 impartiri
1130 3365 1445 3437 sull‘ragium
1490 3364 1733 3421 liberatis
1768 3380 1783 3418 :
1814 3370 2001 3418 nostra
2047 3361 2189 3417 inter

587 3466 709 3520 hac
746 3464 921 3519 oratio
958 3461 1106 3533 jugis
1134 3460 1203 3515 ad
1236 3460 1519 3514 Dominum
1549 3458 1836 3528 dirigatur,
1873 3465 1933 3511 ut
1973 3456 2063 3525 qui
2092 3470 2190 3524 pro

588 3557 798 3614 honore
826 3556 1060 3612 nominis
1101 3554 1207 3622 sui,
1249 3554 1457 3609 viscera
1491 3552 1582 3606 illa
1612 3567 1735 3622 quae
1762 3548 2192 3605 sanctiﬁcaverat

591 3651 835 3717 intravit,
868 3664 989 3720 quae
1015 3648 1176 3703 etiam
1211 3663 1313 3701 nos
1344 3646 1443 3717 ipsi
1475 3645 1767 3701 sedulitate
1810 3643 1992 3700 debita
2021 3658 2191 3700 vene-

595 3757 802 3808 ramur,
830 3746 1001 3812 prosit
1032 3738 1191 3793 nobis
1215 3737 1283 3793 ad
1316 3738 1636 3803 remedium,
1668 3735 1812 3808 quod
1854 3752 1948 3807 per
1973 3752 2091 3793 eam
2135 3751 2194 3793 se

599 3831 755 3888 nobis
781 3830 930 3886 dedit
961 3832 1215 3900 pretium.

675 3926 741 3980 ll.
770 3924 963 3981 Merito
989 3924 1149 3994 igitur
1175 3922 1331 3978 beata
1352 3922 1515 3977 Maria
1537 3922 1846 3994 singularia
1872 3921 2030 3979 nobis
2058 3938 2197 3993 prae-

600 4018 761 4073 conio
798 4016 1082 4081 attollitur,
1110 4032 1230 4087 quae
1262 4015 1535 4086 singulare
1573 4016 1960 4071 commercium
1992 4015 2196 4070 mundo

603 4110 835 4183 prtebuit
863 4129 878 4165 :
907 4110 1103 4165 tnerito
1128 4109 1269 4165 inter
1295 4109 1520 4164 feminas
1547 4119 1674 4165 tunc
1694 4110 1856 4166 etiam
1887 4109 2195 4178 laetabatur,

600 4220 725 4259 cum
771 4203 1096 4273 singularem
1145 4202 1465 4257 medicinam
1518 4203 1710 4272 pudico
1764 4203 1887 4258 alvo
1930 4201 2194 4272 gestabat.

601 4296 823 4352 Sciebat
850 4295 1068 4364 quidem
1102 4295 1340 4365 pondera
1371 4293 1598 4360 ventris,
1628 4310 1748 4364 qua:
1793 4294 2057 4365 pudorem
2091 4311 2197 4349 non

606 4388 918 4461 perdiderat
947 4389 1234 4443 castitatis.
1264 4387 1559 4442 Mirabatur
1589 4396 1771 4457 partus
1794 4386 2049 4459 insignia,
2078 4402 2201 4458 quae

607 4484 754 4538 nulla
784 4492 1011 4537 noverat
1038 4482 1140 4536 viri
1162 4482 1427 4551 contagia.
1461 4480 1506 4535 Ο
1533 4480 1672 4536 bene
1716 4482 1943 4537 fecunda
1975 4481 2201 4552 virgini-

2292 3279 2613 3335 verberatus
2651 3277 2900 3348 ﬂagellis,
2945 3284 3160 3346 potatus
3202 3272 3347 3337 felle,
3390 3268 3632 3342 patibulo
3674 3267 3874 3331 afﬁxus,

2292 3381 2352 3427 ut
2383 3382 2433 3427 te
2460 3386 2644 3427 veram
2672 3379 2901 3424 matrem
2923 3366 3256 3430 ostenderet,
3290 3378 3476 3419 verum
3503 3376 3563 3419 se
3587 3360 3874 3421 hominem,

2295 3462 2549 3537 patiendo
2587 3471 2853 3517 tormenta
2885 3460 3224 3515 monstravit.
3271 3458 3351 3513 Tu
3384 3472 3536 3529 ergo,
3579 3455 3742 3512 beata
3778 3452 3879 3525 glo-

2294 3560 2547 3628 riosaqtte
2567 3556 2752 3621 Maria,
2779 3557 2917 3611 inter
2940 3556 3038 3609 ista
3062 3551 3371 3621 laudabilis,
3396 3567 3519 3623 quae
3540 3550 3621 3605 sic
3646 3546 3882 3605 meruisti

2296 3652 2495 3708 donum
2521 3649 2883 3719 fecunditatis,
2906 3665 3024 3719 qua:
3046 3646 3372 3717 virginitatis
3396 3659 3504 3700 non
3527 3641 3760 3699 amisisti
3782 3639 3883 3696 sui-

2297 3748 2547 3818 fragium.
2581 3744 2660 3800 Tu
2698 3760 2755 3800 cs
2791 3742 2934 3799 enim
2982 3740 3267 3797 benedicta
3313 3738 3456 3794 inter
3486 3736 3764 3792 mulieres.
3812 3733 3883 3788 Tu

2299 3851 2596 3912 praerogata
2644 3836 2855 3893 cunctis
2901 3835 3170 3905 virginum
3216 3832 3472 3889 catervis.
3521 3830 3602 3886 Tu
3651 3826 3884 3901 sequeris

2297 3936 2509 4004 Agnum
2539 3945 2880 4002 quocumque
2910 3926 3238 4000 perrexerit.
3270 3925 3348 3981 Tu
3391 3924 3663 3996 virgineos
3700 3922 3885 3978 choros

2299 4038 2355 4083 et
2374 4028 2444 4082 ab
2467 4026 2753 4082 incentiva;
2768 4024 2950 4080 carnis
2974 4022 3247 4079 illecebris
3273 4020 3506 4087 alienos,
3530 4033 3628 4089 per
3657 4017 3885 4073 albentia

2298 4119 2412 4175 lilia
2461 4133 2723 4189 rosasque
2753 4123 3043 4172 vernantes
3068 4157 3083 4183 ,
3125 4113 3191 4167 ad
3229 4113 3430 4167 fontem
3471 4110 3730 4181 perennis
3776 4108 3889 4163 viae

2302 4212 2519 4267 invitas.
2567 4210 2649 4265 Tu
2706 4210 2756 4264 itt
2810 4209 2901 4263 illa
2958 4208 3240 4262 beatorum
3286 4203 3601 4260 felicissima
3655 4202 3886 4273 regione,

2302 4305 2460 4375 primi
2491 4302 2697 4359 ordinis
2734 4302 3049 4374 dignitatem
3093 4300 3287 4369 adepta
3316 4315 3397 4364 es,
3440 4297 3640 4368 plantis
3671 4296 3891 4353 roscidis

2303 4399 2588 4463 oberrans,
2628 4394 2770 4451 inter
2814 4393 3048 4463 paradisi
3106 4392 3451 4449 amoenitates
3493 4399 3551 4446 et
3592 4388 3892 4461 gramineos

2304 4490 2504 4545 choros
2524 4497 2715 4544 tenero
2741 4487 2944 4559 poplite
2968 4501 3218 4558 pergens,
3246 4484 3498 4555 felicique
3526 4483 3704 4554 palma
3732 4483 3892 4539 violas

610 4587 713 4643 '35.
742 4591 862 4647 quae
884 4590 1024 4630 "0V0
1055 4576 1404 4647 inauditoque
1425 4592 1625 4645 εειιθτε
1653 4584 1710 4631 ει
1734 4585 1907 4631 male?
1935 4577 2040 4630 diei
2069 4591 2199 4647 pus-
2225 4563 2283 4627 D
2308 4582 2789 4642 immarcescibiles
2834 4581 3038 4650 carpis.
3070 4579 3152 4634 Tn
3194 4576 3609 4632 concinentibus
3644 4577 3764 4632 sine
3800 4577 3895 4630 line

609 4681 695 4728 set
715 4680 771 4725 et
799 4669 970 4739 virgo.
1002 4671 1217 4740 Peperit
1239 4670 1384 4725 enim
1417 4684 1446 4723 a
1476 4686 1582 4739 quo
1609 4670 1882 4738 concepit,
1910 4673 2143 4739 portavit
2173 4686 2205 4725 a

609 4778 718 4833 quo
745 4770 929 4817 creata
956 4762 1186 4817 ex5titit.
1229 4760 1507 4832 Siquidem
1548 4761 1660 4831 ipse
1689 4770 1772 4814 est
1806 4770 1994 4816 auctor
2028 4762 2207 4817 Maria:

611 4853 706 4925 qui
751 4864 836 4908 est
881 4862 1033 4908 ortus
1073 4868 1139 4907 ex
1192 4853 1379 4907 Maria.
1438 4852 1526 4907 Sic
1573 4851 2007 4908 inenarrabiliter
2052 4853 2204 4909 beata

618 4947 781 5001 Maria
813 4956 983 5001 mater
1004 4957 1058 5001 et
1086 4947 1235 5016 virgo
1265 4955 1368 5009 est,
1392 4959 1515 5015 qum
1546 4943 1671 4998 dum
1701 4944 1931 5000 fructum
1964 4960 2207 5015 praegna-

616 5038 780 5093 tionis
807 5039 1023 5101 extulit,
1066 5038 1392 5110 integritatis
1421 5037 1763 5107 dispendium
1794 5054 1899 5094 non
1929 5040 2158 5095 incurrit
2190 5056 2206 5092 :

611 5131 754 5202 apud
796 5147 956 5201 quam
1004 5132 1074 5187 ita
1118 5130 1357 5186 caelestis
1404 5130 1736 5199 providentia
1787 5132 1984 5201 negotii
2039 5131 2207 5201 ipsius

614 5223 982 5280 conditionem
1013 5222 1301 5294 disposuit,
1342 5231 1399 5276 ut
1433 5223 1606 5293 magis
1633 5222 1999 5277 obedientiam
2039 5224 2207 5278 exhi—

614 5322 770 5376 beret
792 5320 845 5375 in
870 5322 1144 5383 mandato,
1176 5333 1295 5373 cum
1330 5317 1797 5373 honorificentiam
1825 5332 1978 5372 suam
2008 5332 2211 5388 cogno—

613 5423 794 5469 sceret
833 5428 898 5468 ex
932 5411 1144 5481 angelo.
1174 5410 1358 5480 Neque
1387 5412 1529 5465 enim
1557 5410 1717 5465 ﬁdem
1756 5410 1980 5480 derogat
2010 5411 2206 5478 nuntii,

613 5523 737 5579 qua:
781 5506 1099 5575 dignitatem
1141 5504 1396 5574 intelligit
1435 5504 1763 5571 nuntiantis,
1804 5504 1998 5573 angelo
2036 5505 2083 5557 ei
2124 5505 2211 5558 di-

615 5608 774 5655 cente
800 5618 813 5653 :
847 5599 1075 5670 Spiritus
1102 5608 1311 5651 sanctus
1333 5598 1653 5669 superveniet
1678 5598 1734 5650 in
1760 5606 1829 5660 te,
1857 5607 1904 5649 et
1930 5596 2093 5650 virtus
2120 5598 2211 5651 Al-

616 5693 798 5746 tissimi
820 5691 1134 5745 obuntbrabit
1164 5692 1251 5745 tibi
1294 5707 1311 5744 :
1336 5691 1547 5760 ideoque
1568 5699 1613 5742 et
1639 5689 1776 5758 quod
1802 5701 2037 5745 nascetur
2066 5707 2131 5745 ea:
2160 5699 2210 5744 te

614 5793 875 5856 sanctum,
916 5784 1177 5841 vocabitur
1208 5781 1383 5842 Filius
1422 5782 1522 5841 Dei
1558 5783 1708 5858 (an.
1747 5799 1785 5856 ι,
1815 5784 1926 5856 55).
1966 5782 2209 5842 Credidit

2307 4680 2514 4750 angelis
2544 4677 2850 4747 conjuncta,
2883 4673 3337 4744 archangelisque
3368 4671 3594 4737 sociata,
3636 4670 3895 4727 indefessa

2307 4773 2588 4827 clamitare
2610 4785 2762 4834 voce,
2785 4777 3017 4834 sanctus,
3038 4777 3269 4837 sanctus,
3296 4777 3520 4832 sanctus,
3548 4781 3656 4821 non
3680 4764 3895 4821 desinis.

2378 4864 2466 4918 lll.
2501 4862 2607 4918 Sed
2648 4861 2775 4934 quid
2812 4863 2989 4917 dicam
3033 4876 3238 4930 pauper
3281 4860 3534 4931 ingenio,
3566 4874 3691 4915 cum
3734 4858 3803 4913 de
3844 4868 3890 4912 te

2310 4956 2570 5027 quidquid
2600 4955 2793 5013 dixero
2819 4995 2834 5020 ,
2877 4954 3058 5009 minus
3094 4952 3343 5023 profecto
3374 4962 3458 5008 cst
3481 4967 3646 5023 quam
3671 4950 3897 5022 dignitas

2316 5062 2402 5104 tua
2434 5048 2707 5104 meretur?
2733 5047 2787 5105 Si
2816 5058 3046 5103 matrem
3073 5061 3263 5101 vocent
3292 5046 3561 5117 gentium,
3586 5044 3856 5116 praecellis
3885 5059 3896 5094 :

2317 5141 2363 5196 si
2393 5140 2623 5196 formam
2658 5140 2754 5196 Dei
2784 5138 3078 5210 appellem,
3111 5138 3269 5209 digna
3301 5138 3492 5194 existis
3522 5155 3535 5192 :
3566 5138 3615 5192 si
3644 5138 3900 5194 nutricem

2316 5235 2555 5291 cmlestis
2576 5234 2731 5306 panis
2755 5235 3013 5302 vocitem,
3037 5234 3193 5290 lactis
3209 5233 3502 5289 dulcedine
3523 5233 3724 5303 reples.
3745 5232 3903 5289 Laeta

2316 5343 2468 5398 ergo,
2490 5339 2681 5397 mater,
2710 5325 2889 5381 cibum
2913 5335 3183 5390 nostrum,
3204 5326 3342 5381 laeta
3367 5324 3545 5379 cihutn
3567 5325 3903 5395 angelorum,

2318 5421 2453 5474 laeta
2483 5435 2605 5474 euut
2638 5419 2729 5489 qui
2775 5419 2939 5474 talem
2974 5427 3025 5473 te
3054 5418 3218 5483 fecit,
3252 5424 3312 5470 ut
3352 5416 3469 5486 ipse
3515 5416 3672 5472 fieret
3718 5416 3771 5470 in
3813 5425 3862 5468 te
3891 5430 3903 5464 :

2321 5510 2414 5579 qui
2432 5510 2526 5563 tibi
2552 5526 2743 5564 munus
2762 5509 3108 5565 fecunditatis
3128 5509 3307 5564 attulit
3324 5517 3620 5578 conceptus
3638 5554 3653 5579 ,
3674 5518 3735 5563 et
3752 5508 3907 5563 decus

2322 5601 2648 5671 virginitatis
2694 5616 2800 5655 non
2847 5603 3074 5658 abstulit
3114 5612 3272 5656 natus
3301 5616 3315 5655 :
3345 5600 3436 5670 qui
3468 5601 3786 5672 priusquam
3820 5614 3909 5654 na—

2320 5702 2585 5759 sceretur,
2618 5704 2668 5749 te
2713 5705 2939 5751 matrem
2983 5696 3207 5759 creavit,
3236 5709 3303 5749 ex
3336 5709 3440 5764 qua
3483 5706 3823 5759 nasceretur,
3854 5698 3909 5745 ut

2319 5787 2467 5848 illinc
2494 5786 2813 5859 procederet
2857 5797 3129 5861 tamquam
3160 5798 3391 5861 Sponsus
3414 5783 3483 5844 de
3515 5784 3759 5847 thalamo
3787 5797 3905 5851 suo,
