3998 6198
158 236 253 296 145
1033 239 1368 299 EPISTOLA
1408 238 1499 297 XI.
1544 238 1636 298 DE
1675 236 2119 299 HONORANDIS
2154 238 2614 302 PARENTIBUS.
3344 245 3449 307 146

154 372 254 429 quo
279 357 608 416 mortalibus
635 360 805 418 oculis
829 369 1013 435 posset
1034 361 1229 417 videri.
1257 362 1465 429 Quanta
1494 348 1600 416 fuit
1624 362 1736 417 haec
1762 363 1817 423 Α
1838 375 1957 430 qum
1986 360 2125 417 adeo
2148 371 2229 416 est
2255 378 2440 418 eorum
2474 361 2688 419 meritis
2712 362 2990 429 attributa,
3016 369 3077 418 ut
3106 362 3227 435 ipsa
3248 362 3318 419 de
3345 380 3440 420 vo-

152 449 419 523 dignatio,
450 464 507 509 ut
533 464 813 512 crearetur
842 472 908 513 ex
938 465 990 512 te
1015 498 1030 523 ,
1060 472 1221 526 quam
1266 455 1478 511 creavit
1510 473 1524 510 :
1557 464 1740 525 porta-
1840 453 1925 509 bis
1959 454 2140 525 exigat
2167 456 2311 526 quod
2342 465 2529 512 natura
2564 457 2761 527 jubere
2788 472 2896 513 non
2927 458 3121 527 potuit.
3166 457 3433 514 Matribus

153 551 295 598 retur
325 545 577 601 manibus
599 590 615 613 ,
649 563 783 619 quas
810 547 1061 603 formavit
1096 566 1107 600 :
1142 558 1363 617 sugeret
1409 557 1497 602 tua
1528 548 1697 604 ubera
1719 588 1736 616 ,

151 650 267 704 quas
295 638 411 706 ipse
439 636 686 710 implevit
713 642 728 695 ι
762 641 908 710 Quas
936 641 1117 712 itaque
1147 640 1338 695 laudes
1366 634 1619 696 charitati
1646 640 1741 696 Dei

151 728 409 793 dicemus.
436 748 571 802 quas
598 734 801 804 gratias
826 737 877 790 ei
902 736 1162 804 agemus?
1189 734 1279 806 qui
1304 750 1405 788 nos
1427 734 1503 789 ita
1530 732 1743 799 dilexit,

151 829 208 876 ut
248 832 473 894 propter
518 840 620 880 nos
668 827 832 881 homo
879 826 1075 892 fieret,
1124 837 1181 882 ut
1230 837 1461 883 matrem
1512 826 1745 882 hominis

148 914 413 986 eligeret,
448 926 507 971 ut
536 927 751 973 uterum
784 929 983 974 nostra:
1016 919 1343 974 conditionis
1376 922 1604 973 intraret
1627 959 1643 985 ,
1690 927 1746 974 ut

145 1008 507 1064 contumelias
564 1010 676 1065 nati
721 1010 941 1065 infantis
1001 1011 1268 1080 subiret,
1325 1020 1489 1081 atque
1544 1022 1742 1066 cuncta

146 1100 509 1157 humanitatis
554 1106 859 1160 necessaria
915 1105 1231 1160 sustineret.
1285 1104 1522 1174 Agentes
1569 1120 1737 1175 ergo,

144 1206 416 1264 quantum
460 1194 790 1258 sufﬁcimus,
822 1196 1067 1253 Creatori
1119 1206 1307 1250 nostro
1356 1196 1561 1265 gratias
1584 1236 1598 1260 ,
1632 1197 1739 1252 As-

143 1286 514 1365 sumptionem
536 1286 946 1357 gloriosissime
973 1287 1064 1341 Dei
1085 1286 1363 1357 genitricis
1392 1302 1517 1341 cum
1543 1287 1741 1356 gaudio

146 1370 513 1435 celebremus.
569 1380 798 1451 Dignum
848 1370 1079 1452 namque
1135 1389 1219 1435 est
1265 1396 1389 1435 cum
1431 1396 1643 1436 summa
1687 1382 1739 1438 ei

147 1473 510 1543 gratulatione
533 1471 805 1543 famulari,
836 1490 931 1544 per
962 1490 1123 1544 quam
1152 1476 1388 1545 insignia
1414 1476 1741 1547 virginitatis

148 1564 523 1636 pullularunt:
552 1566 820 1637 siquidem
858 1567 971 1636 ipsa
1008 1566 1173 1637 Virgo
1209 1566 1417 1622 exstitit
1440 1578 1568 1623 ante
1611 1584 1743 1623 con-

146 1656 353 1728 jugiutn
381 1699 397 1723 ,
431 1659 584 1729 virgo
614 1658 667 1712 in
697 1658 950 1729 eonjugio
976 1703 989 1727 ,
1023 1659 1178 1729 virgo
1222 1674 1507 1730 praegnans
1528 1701 1543 1725 ,
1583 1660 1739 1731 virgo

1840 561 2058 618 quoque
2087 547 2323 603 debitam
2355 549 2654 619 impendite
2689 550 3050 607 reverentiam
3074 592 3090 616 ,
3123 566 3246 623 qua:
3277 552 3431 608 vobis

1844 641 1982 694 uteri
2014 639 2207 695 labore
2249 641 2552 698 servientes
2577 688 2591 712 ,
2624 643 3029 712 pondusvestri
3066 645 3319 713 corporis
3352 654 3433 700 to-

1846 731 2053 797 lerant,
2108 741 2267 804 atque
2307 733 2543 804 ignotam
2586 744 2866 804 portantes
2905 734 3223 799 infantiam.
3265 738 3431 791 tamu-

1849 823 2015 879 latum
2044 826 2330 895 quemdam
2380 825 2641 882 exhibent
2686 827 2992 882 nascituris.
3044 826 3143 882 Illo
3196 837 3435 895 tempore

1849 934 1954 975 non
1985 920 2086 974 sibi
2122 930 2326 975 tantum
2371 931 2548 976 mater
2577 922 2779 986 esurit,
2808 936 2912 976 nec
2935 929 3193 990 acceptos
3218 922 3329 975 sola
3359 921 3436 975 di-

1846 1014 1984 1083 gerit
2016 1013 2185 1067 cibos.
2233 1012 2479 1069 Materno
2516 1014 2663 1069 victu
2709 1014 2875 1069 alitur
2917 1023 2972 1069 et
3013 1014 3105 1069 ille
3135 1014 3226 1084 qui
3266 1014 3436 1080 latet,

1844 1101 2075 1173 ejusque
2106 1102 2346 1157 membra
2378 1104 2605 1158 alterius
2632 1106 2969 1161 comestione
2998 1117 3303 1177 pasettntur
3332 1124 3346 1159 :
3380 1116 3439 1162 ut

1844 1194 2009 1248 homo
2038 1195 2271 1259 futurus,
2299 1196 2495 1250 alienis
2526 1198 2800 1252 morsibus
2827 1208 3124 1255 saturetur.
3153 1200 3293 1267 Quid
3327 1201 3442 1271 ipsa

1843 1300 2144 1341 memorem
2172 1290 2522 1351 nutrimenta,
2558 1296 2613 1343 et
2642 1296 2847 1344 tenera:
2877 1290 3120 1347 infantiae
3147 1292 3336 1347 dulces
3360 1296 3442 1347 in.

1836 1380 2011 1451 jurias
2036 1421 2051 1445 ,
2079 1394 2213 1449 quas
2260 1380 2545 1435 nutritoris
2574 1380 2800 1437 affectus
2824 1383 2894 1438 de
2919 1384 3035 1439 suis
3064 1387 3310 1454 parvulis
3347 1402 3439 1440 su-

1843 1473 1982 1527 mit?
2012 1472 2151 1540 Quid
2191 1472 2343 1528 cibos
2392 1474 2445 1527 in
2494 1483 2671 1529 matre
2709 1474 2989 1531 confectos
3014 1521 3028 1543 ,
3060 1477 3151 1546 qui
3188 1476 3439 1535 femineis

1843 1578 2127 1624 manantes
2172 1584 2235 1624 ex
2282 1569 2541 1624 membris
2567 1612 2581 1634 ,
2616 1570 2850 1625 lacteum
2896 1571 3185 1626 solvuntur
3214 1571 3267 1626 in
3308 1588 3434 1628 suc-

1842 1676 1963 1715 cum
1985 1702 1998 1726 ,
2031 1668 2086 1715 et
2118 1659 2296 1716 fauces
2324 1661 2591 1715 invalidas
2620 1660 2825 1730 liquido
2852 1676 3048 1730 sapore
3077 1662 3430 1732 perfundunt.

153 1754 369 1822 pariens
394 1795 409 1816 ,
438 1754 596 1824 virgo
629 1752 835 1808 lactans
862 1770 876 1807 :
907 1764 964 1808 et
991 1754 1138 1808 dicta
1165 1754 1361 1810 merito
1388 1763 1586 1816 mater,
1634 1770 1743 1810 non
1774 1752 1821 1814 Β
1847 1752 2090 1823 Cogente
2120 1762 2304 1806 natura
2325 1794 2340 1812 ,
2370 1762 2590 1807 sumunt
2627 1754 2856 1808 infantes
2885 1754 2954 1809 de
2981 1762 3155 1811 matre
3181 1756 3325 1827 quod
3358 1757 3436 1811 bi-

151 1844 218 1901 de
246 1845 465 1900 marito.
514 1844 733 1900 Sanctae
761 1844 959 1915 quippe
1005 1843 1163 1899 Matri
1200 1845 1546 1915 omnipotens
1575 1844 1745 1900 Filius

150 1937 303 1994 nullo
343 1936 508 1992 modo
544 1944 704 1991 natus
743 1937 1107 2007 virginitatem
1146 1937 1398 2002 abstulit,
1445 1952 1604 2006 quam
1644 1953 1743 1993 na-

150 2032 381 2088 sciturus
408 2030 594 2102 elegit.
611 2030 900 2085 Exsultent
923 2044 1054 2100 ergo
1074 2029 1338 2099 virgines,
1356 2030 1509 2101 virgo
1532 2029 1747 2100 peperit

149 2126 419 2181 Christum
448 2142 461 2179 :
489 2124 626 2180 nihil
660 2139 728 2179 ex
771 2140 837 2180 eo
864 2123 1010 2194 quod
1042 2131 1309 2179 voverunt
1347 2132 1538 2191 putent
1562 2132 1747 2177 exter-

152 2218 408 2273 minatum
438 2258 454 2284 ,
482 2218 610 2289 quia
640 2216 835 2271 mansit
885 2217 1040 2287 virgo
1067 2225 1188 2284 post
1222 2223 1435 2285 partum
1462 2214 1571 2287 [AL
1605 2215 1745 2268 abest

153 2310 259 2366 haec
279 2312 520 2383 pericope
550 2326 713 2383 usque
739 2311 807 2364 ad
839 2307 1107 2381 agnovit].
1146 2309 1433 2364 Exsultent
1459 2307 1635 2363 vidua:
1660 2307 1744 2365 fe-

153 2415 291 2460 stum
322 2404 550 2476 virginis
572 2404 913 2460 celebrantes
943 2420 957 2457 :
984 2404 1139 2458 Anna
1164 2403 1325 2458 vidua
1352 2402 1613 2472 virginem
1631 2418 1747 2459 ma-

154 2509 282 2555 trem
316 2499 560 2570 agnovit.
609 2497 896 2554 Exsultcnt
924 2496 1229 2567 eonjugata:
1263 2495 1525 2551 solemnia
1575 2495 1745 2550 heatte

155 2595 343 2651 matris
374 2596 783 2664 frequentantes
814 2609 829 2646 :
863 2590 1446 2660 Elizabethcoujugata
1473 2605 1501 2643 a
1535 2590 1746 2659 virgine

160 2696 326 2743 matre
353 2687 587 2741 salutata
616 2693 701 2742 est
742 2683 979 2740 Domini.
1032 2682 1317 2738 Exsultent
1344 2692 1399 2737 ct
1428 2683 1582 2751 pueri
1609 2697 1711 2738 con

154 2781 435 2836 tinentiam
460 2788 722 2836 voventes
750 2792 937 2850 puero.
963 2777 1085 2849 Ipse
1109 2777 1470 2847 integritatem
1500 2776 1746 2847 pueritiae

153 2875 516 2937 consecravit,
541 2873 631 2945 qui
658 2888 770 2928 sure
803 2871 961 2927 matri
992 2870 1382 2928 fecunditatem
1409 2869 1613 2936 attulit,
1636 2871 1746 2925 vir-

153 2967 426 3036 ginitatem
468 2981 575 3021 non
621 2964 860 3021 abstulit.
912 2963 1018 3035 Ipsi
1060 2963 1237 3034 gloria
1270 2977 1369 3033 per
1396 2962 1606 3017 inﬁnita
1646 2977 1747 3017 εω-

152 3061 270 3115 cula
298 3059 653 3116 saeculorum.
683 3057 882 3113 Amen.

274 3174 594 3231 MONITUM
633 3173 701 3229 IN
742 3170 1131 3228 EPISTOLAM
1169 3170 1615 3241 SEQUENTEM.

223 3290 425 3346 Incerti
449 3302 521 3345 est
541 3290 789 3357 auctoris,
811 3306 966 3358 quam
992 3305 1079 3341 nec
1101 3288 1217 3341 licet
1241 3304 1305 3358 ea:
1335 3288 1557 3342 breviore
1580 3290 1745 3346 isthoc

150 3364 355 3418 dictato
384 3363 756 3429 internoscere,
806 3357 899 3413 nec
936 3361 1157 3426 videtur,
1198 3360 1244 3413 si
1283 3357 1472 3429 liceat,
1510 3361 1745 3430 facturus

149 3451 323 3507 Opera:
360 3436 616 3507 pretium,
647 3434 749 3507 qui
776 3431 1060 3486 studiosius
1096 3431 1353 3507 inquirit}.
1396 3430 1595 3486 Caetera
1637 3444 1745 3507 tam

146 3502 370 3562 euidens
389 3514 486 3572 est,
517 3513 573 3577 ut
597 3502 671 3558 ait
702 3503 977 3577 Erasmus,
1003 3502 1125 3577 styli
1155 3502 1456 3577 discrimen,
1486 3513 1541 3558 ut
1566 3506 1745 3577 cujus-

149 3595 364 3649 cumque
392 3578 480 3643 sit,
516 3575 821 3646 Hieronymi
848 3573 1014 3628 videri
1041 3590 1145 3627 non
1174 3576 1358 3643 possit.

710 3686 1045 3745 EPISTOLA
1089 3686 1183 3743 XI.

560 3782 643 3840 De
670 3779 992 3838 honorandis
1021 3779 1337 3853 parentibus.

216 3897 253 3952 Ι.
298 3900 601 3957 Parentum
641 3896 852 3955 meritis
892 3896 1187 3968 subjugans
1225 3896 1363 3952 ﬁlios
1401 3901 1746 3970 omnipotens

152 3992 320 4057 Deus,
360 3993 643 4051 serviendi
687 3993 859 4064 legem
890 3990 943 4045 in
972 3990 1170 4047 officiis
1210 3994 1445 4062 posteris
1474 3993 1654 4063 dedit,
1687 4004 1748 4051 ut

146 4086 244 4142 hoc
271 4088 467 4143 divino
513 4096 777 4159 cogantur
825 4084 1004 4142 facere
1054 4086 1321 4156 imperio,
1367 4088 1510 4156 quod
1562 4088 1749 4145 debuit

146 4176 318 4245 pietas
361 4178 603 4235 suadere
632 4195 646 4235 :
674 4177 887 4232 dicente
917 4176 1012 4230 illo
1042 4175 1095 4230 in
1126 4175 1264 4230 libro
1307 4175 1480 4230 Exodi
1505 4218 1520 4241 ,
1560 4177 1612 4230 in
1642 4193 1748 4248 quo

143 4268 212 4323 ita
253 4271 531 4343 scriptum
574 4280 702 4326 est:
741 4267 963 4323 Honora
1011 4277 1209 4340 patrem
1249 4276 1395 4320 tuum
1435 4276 1484 4321 et
1532 4277 1747 4323 matrem

144 4372 305 4434 tuam,
331 4364 474 4420 sicut
508 4363 753 4434 praccpit
782 4360 872 4415 tibi
900 4359 1173 4426 Dominus,
1205 4370 1261 4414 ut
1290 4361 1412 4415 bene
1442 4361 1509 4414 sit
1538 4361 1628 4415 tibi
1656 4377 1674 4416 :
1700 4370 1749 4415 et

146 4456 211 4511 sis
256 4456 441 4532 longa
488 4458 606 4512 vitae
646 4470 801 4527 super
846 4463 1037 4509 terram
1064 4494 1078 4517 ,
1121 4469 1277 4524 quam
1319 4451 1575 4509 Dominus
1609 4452 1747 4508 Deus

1848 1846 1998 1909 bant,
2032 1855 2085 1899 et
2110 1844 2273 1899 dente
2304 1859 2409 1897 non
2436 1854 2587 1909 nato,
2619 1845 2724 1899 hoc
2754 1847 2855 1900 sibi
2887 1848 3237 1903 currentibus
3267 1849 3435 1904 labris

1846 1937 2113 2001 eliciunt,
2145 1935 2287 2005 quod
2333 1950 2437 1989 non
2470 1936 2543 1990 sit
2588 1952 2815 1992 necesse
2857 1938 3132 1994 mordere.
3180 1940 3436 1997 Serviunt

1849 2040 2093 2087 materna
2118 2029 2356 2099 posueris
2377 2040 2623 2099 pectora,
2644 2020 2891 2084 serviunt
2912 2030 3042 2100 ipsis
3063 2031 3438 2099 incunabulis.

1850 2140 2043 2180 manus
2087 2133 2141 2179 et
2186 2133 2332 2192 terga
2376 2122 2638 2178 membris
2672 2122 2866 2178 devota
2898 2123 3212 2179 lactentium
3254 2135 3436 2195 gratos

1848 2228 2000 2272 artus
2030 2214 2321 2281 accipiunt.
2354 2214 2516 2285 Optat
2542 2224 2715 2269 mater
2736 2215 3019 2285 parvulum
3045 2230 3314 2283 crescere,
3340 2234 3438 2287 op-

1850 2319 1929 2364 tat
1955 2310 2064 2363 cito
2092 2308 2274 2363 videre
2305 2307 2599 2376 majorem,
2631 2321 2869 2377 eumque
2908 2306 3150 2363 numeris
3175 2307 3435 2378 juvenum

1850 2402 2082 2457 miscere
2102 2400 2343 2465 festinat,
2364 2414 2658 2469 numquam
2688 2398 2791 2453 sibi
2826 2398 3051 2454 forsitan
3083 2401 3437 2457 serv-iturum.

1850 2496 1945 2552 His
1970 2503 2052 2551 tot
2080 2495 2349 2564 tantisque
2380 2493 2813 2564 praecedentibus
2845 2492 3001 2549 factis
3024 2534 3041 2561 ,
3074 2496 3390 2565 parentibus
3417 2540 3431 2564 ,

1850 2590 2007 2644 matri
2036 2594 2147 2642 tota
2179 2586 2339 2642 debet
2362 2587 2642 2641 alacritate
2668 2585 2881 2640 serviri.
2922 2584 3202 2642 Reddatur
3229 2599 3436 2643 natura:

1848 2682 2116 2746 debitum,
2135 2680 2393 2736 reddatur
2413 2690 2465 2734 et
2490 2680 2721 2748 posteris
2737 2679 2882 2750 quod
2907 2679 3153 2737 debetur.
3182 2682 3433 2750 Exsolve,

1851 2774 1946 2838 Illi,
1972 2772 2114 2844 quod
2138 2772 2326 2841 debes,
2353 2781 2409 2827 et
2429 2771 2603 2825 otticia
2627 2771 2809 2826 debita
2832 2772 3216 2842 qualicumque
3238 2773 3435 2831 exhibe

1850 2867 2130 2934 famulatu,
2154 2865 2277 2934 quia
2304 2862 2619 2933 parentibus
2646 2878 2807 2918 nemo
2832 2872 3010 2931 potest
3034 2864 3263 2920 reddere
3286 2867 3428 2935 quod

1852 2958 2101 3014 debetur.
2133 2955 2417 3010 liutnilitas
2469 2955 2666 3009 talibus
2701 2955 2881 3009 oblata
2912 2956 3184 3025 personis,
3216 2957 3429 3011 vivendi

1855 3063 2068 3123 tempus
2097 3051 2341 3106 extendit
2372 3067 2385 3102 :
2417 3058 2473 3103 et
2501 3058 2675 3102 morte
2702 3048 2889 3114 dilata,
2925 3048 3158 3104 multum
3189 3061 3429 3105 nostrain

1771 3141 1817 3206 C
1848 3152 2104 3217 prorogat
2128 3144 2314 3207 vitam,
2347 3140 2630 3209 vicemque
2656 3140 2984 3194 facientibus
3018 3140 3282 3205 reddens,
3314 3144 3433 3196 otti-

1851 3242 1931 3297 cia
1963 3249 2176 3303 nostra,
2212 3236 2439 3290 Domino
2487 3234 2708 3302 jubente
2734 3274 2749 3295 ,
2796 3232 3146 3287 commendat
3179 3250 3192 3285 ;
3225 3233 3315 3302 qui
3353 3236 3433 3287 itt-

1849 3341 2054 3390 tantum
2084 3345 2281 3386 nomen
2311 3338 2598 3398 parentum
2628 3326 2827 3396 diligit,
2859 3334 2922 3380 ut
2948 3326 3185 3396 seipsum
3217 3325 3430 3382 Patrem

1842 3426 2068 3499 jusserit
2095 3423 2225 3479 dici.

1919 3522 1983 3578 II.
2027 3521 2339 3575 lrreverens
2372 3526 2552 3569 autem
2586 3513 2758 3581 (ilius,
2788 3512 2913 3583 quid
2951 3512 3019 3570 de
3062 3514 3290 3571 Domino
3318 3515 3435 3585 ipse

1849 3622 2148 3675 mereatur,
2196 3605 2508 3663 Salomonis
2553 3604 2691 3658 dicta
2738 3612 3005 3659 testantur
3048 3622 3059 3657 ε
3103 3604 3433 3663 Contumeliis

1847 3704 2085 3776 afﬁciens
2113 3708 2332 3769 patrem,
2365 3707 2411 3751 et
2439 3706 2767 3751 contemnens
2795 3705 3054 3751 senectam
3082 3700 3281 3767 matris,
3312 3717 3435 3755 con-

1852 3800 2101 3872 fundetur
2126 3838 2141 3862 ,
2174 3804 2220 3847 et
2264 3795 2319 3847 in
2361 3792 2655 3864 opprobriis
2704 3794 2824 3847 erit.
2869 3792 3042 3850 Filius
3078 3795 3433 3870 derelinquens

1848 3890 2107 3945 custodire
2130 3885 2460 3955 disciplinam
2482 3886 2663 3955 patris,
2690 3885 3020 3941 meditabitur
3040 3905 3300 3945 sermones
3325 3908 3436 3945 ma-

1850 3984 1997 4038 litim.
2032 3979 2364 4035 Maledicenti
2400 3988 2595 4047 patrem
2634 3989 2679 4031 et
2715 3989 2932 4033 matrem
2966 3982 3319 4054 cxstinguetur
3351 3986 3433 4037 lu.

1854 4097 1965 4135 men
1995 4122 2009 4146 ,
2058 4086 2107 4131 et
2153 4075 2370 4147 pupilla:
2426 4076 2695 4129 oculorum
2743 4080 2854 4149 ejus
2912 4078 3148 4132 ridebunt
3206 4080 3436 4133 tenebras

1850 4171 2036 4242 (Prov.
2072 4167 2209 4240 χιχ).
2240 4167 2379 4223 Audi
2408 4209 2423 4233 ,
2458 4168 2532 4221 ﬁli
2562 4208 2576 4231 ,
2609 4178 2819 4236 patrem
2849 4171 2939 4238 qtti
2974 4178 3025 4223 te
3069 4170 3255 4239 genuit
3284 4188 3298 4223 :
3334 4188 3438 4226 uec

1850 4263 2247 4334 contempseris
2277 4263 2405 4331 quia
2457 4259 2636 4315 senuit
2681 4272 2855 4316 mater
2902 4272 3013 4317 tua.
3059 4262 3249 4317 Pareat
3300 4267 3437 4333 patri

1848 4356 2051 4427 lingua,
2083 4369 2243 4425 quam
2273 4351 2481 4425 genuit,
2514 4362 2569 4406 et
2596 4362 2823 4408 matrem
2855 4369 3008 4408 suam
3039 4369 3199 4409 nemo
3229 4354 3438 4410 crudeli

1854 4450 2019 4505 verbo
2066 4447 2352 4519 percutiat.
2400 4448 2489 4503 Sic
2522 4456 2573 4503 te
2600 4448 2807 4519 rapiat,
2841 4448 2947 4515 fili,
2976 4448 3233 4518 juvenilis
3261 4451 3438 4505 artatis

144 4557 255 4604 tuus
284 4550 441 4606 dabit
474 4548 570 4605 tibi
605 4546 802 4621 (Exod.
834 4562 944 4611 xx,
980 4544 1087 4617 I2).
1124 4543 1318 4600 Audite
1340 4587 1354 4609 ,
1390 4545 1516 4610 filii,
1548 4546 1743 4601 saluti.
1775 4535 1827 4597 D
1857 4542 2150 4596 auctoritas
2176 4583 2190 4604 ,
2246 4552 2302 4594 ut
2351 4540 2569 4595 noveris
2622 4542 2763 4595 unde
2809 4541 2885 4595 sis
2935 4550 3113 4595 natus.
3172 4540 3439 4596 Memento

147 4641 303 4700 feram
331 4644 647 4715 jussionem
682 4659 694 4693 :
725 4649 781 4694 et
821 4645 1093 4710 praecepta
1145 4638 1280 4707 legis
1330 4637 1529 4693 affectu
1574 4637 1747 4694 debiti

146 4738 339 4794 amoris
372 4737 623 4807 implete.
672 4734 885 4790 Servite
930 4732 1192 4803 patribus,
1237 4730 1404 4787 fttturi
1436 4742 1619 4802 patres
1651 4752 1664 4789 :
1697 4742 1752 4790 et

147 4840 337 4887 matres
369 4839 596 4887 vestras
626 4836 813 4882 tenera
841 4826 1047 4896 diligite
1078 4827 1281 4895 pietate
1307 4866 1321 4889 ,
1369 4834 1427 4879 ut
1467 4836 1520 4879 et
1554 4835 1751 4881 vestrm

144 4925 402 4996 conjuges
433 4931 755 4979 mereantur
781 4930 1011 4975 matrum
1044 4920 1263 4975 nomine
1289 4921 1614 4990 nuncupari.
1647 4919 1752 4976 Nc-

147 5032 226 5071 mo
270 5030 499 5089 patrem
543 5016 753 5085 asperis
783 5013 967 5070 verbis
1014 5014 1215 5081 laedat,
1269 5029 1377 5068 non
1424 5014 1516 5069 ﬁat
1564 5030 1748 5071 amara

147 5110 392 5168 dulcedo.
450 5111 569 5166 Hoc
610 5109 681 5163 sit
722 5108 864 5163 inter
893 5116 1145 5178 parentes
1175 5117 1232 5163 et
1268 5107 1411 5163 filios
1436 5150 1450 5173 ,
1490 5110 1630 5179 quod
1660 5109 1749 5179 ju-

150 5199 297 5259 bente
344 5202 635 5271 Domino,
685 5208 877 5255 natura
922 5198 1210 5255 continuit.
1279 5199 1545 5256 Aﬂectutn
1596 5210 1753 5256 sonet

148 5298 398 5368 quidquid
461 5296 664 5367 lingua:
713 5296 951 5351 dixerint
995 5296 1320 5351 liberorum.
1374 5296 1520 5351 Inter
1560 5297 1756 5354 charas

148 5391 588 5461 conjunctasque
635 5404 940 5459 personas,
995 5390 1210 5459 pietatis
1266 5390 1390 5458 jura
1442 5400 1753 5445 serventur.

150 5482 253 5539 Hoc
284 5486 537 5540 filiorum
570 5498 669 5538 ora
708 5483 1027 5553 loquantur,
1063 5482 1206 5553 quod
1240 5492 1495 5552 parentes
1524 5483 1761 5537 delectat

152 5577 352 5635 audire.
406 5577 733 5633 Prmheatur
777 5576 1021 5646 patribus
1065 5578 1237 5631 amori
1283 5578 1449 5631 mixta
1490 5575 1756 5641 formido,

159 5673 240 5740 qui
274 5673 452 5742 primi
492 5670 654 5726 nobis
699 5681 820 5724 sunt
854 5684 1016 5724 causa
1058 5669 1337 5725 nascendi.
1370 5669 1633 5723 Exhibetc
1666 5683 1759 5735 pa-

159 5767 343 5837 tribus,
376 5768 509 5835 Iilii,
538 5766 683 5836 quod
710 5780 803 5821 vos
828 5773 1067 5836 potestas
1094 5764 1304 5835 paterni
1334 5761 1568 5819 nominis
1596 5758 1761 5831 cogit,

1860 4637 2151 4709 Scriptura:
2181 4638 2465 4693 sententia:
2495 4634 2621 4709 [Msa
2643 4636 2878 4688 Ambros.
2907 4633 3153 4704 sanctae],
3183 4634 3295 4701 ubi,
3330 4637 3443 4707 Spi-

1859 4733 1965 4789 ritu
2007 4743 2197 4787 sancto
2231 4733 2521 4798 loquente,
2562 4730 2763 4783 dictum
2805 4737 2931 4783 est:
2968 4728 3101 4794 Quia
3146 4729 3236 4798 qui
3280 4732 3441 4787 male-

1857 4826 2042 4880 dixerit
2073 4824 2209 4895 patri
2238 4833 2325 4875 aut
2357 4821 2529 4888 matri,
2590 4830 2750 4873 morte
2776 4819 3027 4871 moriatur
3056 4818 3198 4886 (Leu.
3229 4837 3322 4885 xx,
3356 4822 3435 4894 il).

1861 4918 2132 4972 Memento
2161 4928 2289 4983 ergo
2313 4924 2592 4983 parentum
2622 4926 2742 4965 esse
2766 4913 2907 4977 quod
2945 4911 3065 4965 talis
3090 4927 3150 4965 es
3174 4929 3187 4966 ε
3210 4929 3438 4982 quorum

1860 5006 2107 5064 manibus
2138 5019 2409 5057 crementa
2459 5002 2756 5071 sutupsiSti.
2804 5002 3010 5058 Fauces
3054 5014 3157 5060 tut:
3209 5008 3437 5062 necdum

1856 5105 2084 5157 lacteum
2117 5099 2467 5168 perdiderunt
2496 5112 2746 5165 saporem
2778 5140 2791 5163 ,
2826 5113 2985 5167 quem
3027 5100 3123 5154 tibi
3152 5102 3235 5170 pia
3265 5112 3437 5157 mater

1858 5192 2165 5254 infundens,
2202 5189 2435 5257 linguam
2470 5187 2628 5240 istaut
2677 5189 2819 5257 parit
2861 5199 2991 5259 potu
3037 5194 3303 5262 corporis.
3336 5194 3440 5246 Ιιηο

1860 5284 2033 5357 pende
2069 5282 2310 5338 debitum
2343 5290 2481 5349 patri
2520 5282 2787 5352 matrique
2816 5283 3099 5338 servitium
3128 5302 3140 5338 :
3170 5285 3264 5353 qui
3294 5299 3448 5336 utun-

1862 5399 2023 5454 quam
2054 5394 2173 5435 tuos
2196 5379 2404 5447 vagitus
2434 5377 2739 5445 horrentes,
2775 5387 2943 5431 totum
2974 5377 3026 5429 in
3061 5386 3111 5430 te
3141 5378 3453 5432 lambebant

1862 5475 2064 5530 osculis
2090 5484 2305 5540 corpus.
2339 5469 2420 5524 Sit
2452 5467 2549 5521 tibi
2580 5481 2731 5537 grata
2780 5470 2931 5524 salus
2964 5468 3223 5535 ipSnrum,
3256 5471 3451 5540 quibus

1865 5569 2075 5625 charior
2108 5574 2192 5619 est
2240 5574 2323 5617 tua
2370 5563 2475 5617 vita
2517 5577 2674 5629 quam
2728 5562 2965 5632 propria.
3017 5560 3206 5618 Redde
3253 5565 3454 5621 artioris

1867 5664 2040 5723 vicem
2071 5657 2312 5712 colenda:
2353 5656 2588 5727 pietatis.
2633 5656 2793 5709 Facta
2828 5660 3115 5723 parentum
3155 5655 3258 5709 tuis
3283 5670 3454 5710 cuna-

1877 5757 2018 5814 bulis
2047 5754 2334 5809 couunoda
2363 5794 2377 5817 ,
2414 5750 2607 5806 ciliciis
2638 5749 2874 5821 propriis
2926 5748 3170 5803 exsolve.
3206 5750 3463 5805 Part-rites
