3998 6198
572 247 677 303 147

1606 234 1666 292 S.
1709 228 2096 291 HIERONYMI
2132 225 2415 291 ορειιυιι
2454 222 2815 287 MANTISSA.

3756 220 3853 276 148

571 364 725 421 enim
769 364 892 419 ideo
916 360 1113 415 debent
1158 353 1345 412 haberi
1373 351 1651 411 dulciores
1678 389 1695 417 ,
1732 348 1857 418 quia
1905 361 2002 417 per
2027 345 2164 403 alios
2190 346 2240 411 Α
2268 359 2381 421 cum
2403 341 2709 421 episcoqu
2743 338 3170 421 Narbonensem,
3201 336 3628 421 Iinﬂquibusdam
3649 335 3859 421 .nullius

575 454 827 526 reparari
852 466 958 508 non
986 456 1212 519 possunt
1241 464 1253 499 :
1285 453 1341 501 et
1372 460 1496 500 cum
1526 458 1622 500 eos
1653 441 1743 496 lex
1784 446 1992 495 natura)
2028 438 2164 499 sub-

572 546 844 610 traxerit,
877 556 974 599 nec
1004 548 1215 611 patrem
1249 538 1343 595 tibi
1370 538 1600 595 alterum
1644 532 1855 604 poteris
1882 532 2163 597 invenire,

574 653 680 693 nec
724 646 973 691 matrem.
1046 629 1256 687 Mutato
1296 627 1550 699 coniugio
1595 639 1698 680 nec
1740 623 1967 679 vitricus
2012 630 2166 693 pater

568 738 673 795 est,
699 743 800 784 nec
829 734 1061 781 noverca
1094 729 1274 793 potest
1294 735 1497 779 nomen
1527 718 1719 774 matris
1747 716 1998 787 implere.
2029 714 2161 771 Nul-

567 822 653 876 lus
678 820 844 890 igitur
869 816 1108 873 filiorum
1128 822 1412 870 auctorem
1440 810 1577 868 lucis
1593 823 1707 866 sua:
1728 809 1902 865 credat
1926 808 2161 879 injuriis.

567 912 738 969 Nemo
778 908 1095 981 parentibus
1138 914 1295 978 optet
1340 904 1572 962 adversa
1599 944 1615 970 ,
1642 904 1734 972 qui
1784 903 1985 959 liberos
2028 902 2160 976 [Ms.

564 1006 806 1062 Ambros.
836 1000 1061 1073 livores]
1090 1016 1206 1057 suat
1225 998 1392 1057 saluti
1422 1007 1779 1069 anteponunt.
1811 996 2164 1054 Intolerabile

566 1098 724 1155 nefas
752 1104 872 1165 est,
903 1111 967 1151 es
999 1095 1095 1149 illo
1126 1108 1224 1150 ore
1251 1101 1567 1163 protervum
1600 1090 1789 1149 audire
1816 1105 2160 1159 sermonem,

563 1200 661 1245 aut
710 1191 823 1245 illis
868 1186 1077 1259 pulsari
1122 1185 1375 1243 manibus
1398 1226 1415 1252 ,
1447 1198 1582 1255 quas
1610 1198 1767 1240 amor
1799 1183 1980 1254 diligit
2020 1182 2165 1256 [Duo

568 1279 914 1351 mss.diluit].
944 1279 1243 1335 Oculorum
1267 1288 1572 1335 vestrorum
1600 1277 1782 1333 timete
1809 1275 2160 1346 sententiam,

565 1392 726 1446 quam
759 1376 1023 1431 Dominus
1053 1372 1305 1444 promisit
1330 1370 1581 1442 ingratis.
1613 1370 1853 1426 Meretur
1877 1370 2023 1426 enim
2056 1385 2163 1426 cte-

566 1468 752 1523 citatis
782 1480 900 1523 sure
928 1465 1115 1521 subire
1142 1461 1504 1534 supplicium,
1536 1462 1628 1532 qui
1663 1469 1947 1532 parentum
1976 1460 2163 1516 vultus

570 1561 658 1615 vel
702 1568 860 1616 torvo
900 1557 1022 1613 visu
1050 1555 1399 1627 despexerit,
1440 1562 1497 1610 et
1534 1554 1696 1611 elatis
1739 1554 1909 1610 oculis
1959 1553 2164 1610 laeserit

573 1659 855 1728 pietatem.
882 1654 941 1712 Si
973 1653 1266 1726 quidquam
1294 1649 1509 1722 sapitis,
1539 1650 1657 1717 ﬁlii,
1687 1664 1755 1705 eo
1780 1648 1960 1705 animo
1988 1647 2164 1705 videte

2271 414 2415 468 habet
2431 407 2645 467 nomen.
2666 410 2867 465 Deinde
2891 412 2943 464 in
2965 410 3089 464 aliis
3113 407 3379 463 codicibus
3400 408 3620 461 habetur
3643 407 3858 479 integra,

2267 487 2321 540 in
2360 482 2479 537 aliis
2512 481 2713 536 mutila.
2751 482 3021 536 Postremo
3046 496 3147 533 non
3171 490 3245 534 est
3298 481 3405 533 veri
3450 480 3622 533 simile
3649 519 3663 541 ,
3694 479 3856 532 divum

2268 556 2662 625 Hieronymum,
2686 556 2731 608 si
2753 555 2813 607 de
2841 570 2897 607 re
2919 562 3084 621 tanta,
3111 562 3315 606 tantum
3333 553 3628 625 scripsisset
3646 550 3857 625 librum,

2266 644 2367 683 non
2398 622 2588 681 alicubi
2618 628 2900 687 citatarum
2940 627 3122 693 fuisse,
3156 640 3273 677 cum
3307 622 3470 678 multo
3519 622 3775 679 breviores
3816 634 3858 681 st

2267 699 2470 753 levioris
2501 698 2791 769 argumenti
2815 706 2917 753 tam
2948 698 3245 768 frequenter
3266 695 3406 749 citet.

2813 848 3149 907 EPISTOLA
3188 846 3304 904 XII.

2338 980 2437 1022 SEU
2474 979 2788 1021 OPUSCULUII
2828 979 2895 1020 DE
2935 978 3139 1019 SEPTE)!
3178 976 3454 1018 0RDINIBUS
3494 974 3785 1017 εοοιεειιις.

2336 1102 2602 1159 Sufficere
2619 1102 2837 1174 quidem
2861 1100 2983 1157 fidei
3010 1110 3115 1157 tute
3136 1100 3849 1158 arbitrorconversationem

2265 1205 2507 1253 sanetam
2532 1240 2545 1265 ,
2570 1209 2733 1266 quam
2755 1194 2928 1249 babes
2954 1194 3007 1249 in
3034 1192 3256 1249 Christo
3281 1191 3413 1249 lesu
3440 1192 3507 1247 ad
3541 1192 3853 1249 sacerdota-

2265 1288 2333 1344 lis
2354 1288 2564 1344 ordinis
2588 1286 2906 1358 dignitatem
2931 1328 2946 1353 ,
2970 1295 3172 1341 arctam
3198 1285 3291 1341 tibi
3319 1293 3376 1340 et
3394 1295 3681 1356 angustam
3707 1284 3859 1341 intel-

2269 1383 2446 1439 lectus
2472 1382 2616 1437 viam
2645 1380 2696 1436 in
2721 1381 2951 1438 Domino
2982 1393 3254 1442 reserare,
3277 1378 3406 1449 quia
3429 1378 3862 1449 prmcedentibus

2266 1475 2483 1532 meritis
2510 1490 2575 1532 ac
2602 1474 2820 1530 virtutis
2848 1473 3157 1544 insignibus
3175 1513 3190 1539 ,
3217 1471 3284 1527 ad
3313 1472 3417 1527 hoc
3446 1470 3691 1526 officium
3720 1470 3860 1527 elec-

2266 1578 2352 1625 tus
2378 1585 2410 1625 a
2433 1570 2545 1625 Deo
2570 1583 2650 1625 es.
2676 1568 2827 1625 Licet
2856 1569 2910 1623 in
2944 1566 3126 1622 multis
3157 1566 3331 1636 gratia
3359 1565 3563 1621 Christi
3589 1565 3712 1621 sine
3734 1579 3858 1635 ope-

2266 1664 2416 1720 ribus
2446 1662 2852 1733 comprobatur.
2885 1669 2942 1717 et
2983 1666 3235 1716 cessante
3266 1658 3460 1715 merito
3488 1657 3859 1715 conversatio-

571 1749 916 1806 venerabiles
947 1745 1136 1811 facies,
1164 1760 1273 1817 quo
1302 1756 1401 1799 vos
1428 1743 1562 1813 ipsae
1589 1741 1953 1812 conspiciunt,
1985 1748 2042 1796 et
2068 1754 2144 1797 eo-

2265 1758 2357 1814 nis
2384 1773 2447 1813 ac
2476 1758 2598 1813 vita:
2620 1798 2635 1823 ,
2660 1756 2777 1812 sola
2810 1755 2907 1811 Dei
2938 1754 3078 1810 dona
3111 1751 3483 1809 fructificient.
3505 1751 3717 1809 Tamen
3739 1752 3856 1822 quia

572 1860 691 1899 tum
735 1841 905 1898 labris
950 1839 1200 1896 dulcibus
1244 1836 1448 1895 osculis
1475 1834 1767 1901 inbatrete,
1799 1834 1926 1905 quia
1971 1848 2161 1890 eorum

570 1937 754 1993 oscula
785 1935 960 1990 adhuc
988 1933 1205 1990 habetis
1240 1932 1297 1987 in
1337 1929 1624 1987 membris.
1669 1927 1903 1984 Senibus
1950 1927 2163 1985 servire

572 2030 829 2100 perfacile
855 2036 969 2097 est,
998 2042 1136 2098 quos
1181 2038 1343 2081 nemo
1394 2033 1579 2095 potnt,
1609 2034 1775 2078 nemo
1803 2023 1973 2077 nutrit
1997 2035 2160 2078 succo

568 2123 816 2192 rorporis
846 2122 951 2176 sui.
986 2119 1265 2177 Foveatur
1305 2118 1488 2187 itaque
1534 2124 1817 2186 parentum
1864 2122 2118 2171 senectus
2142 2155 2157 2181 ,

564 2228 621 2274 et
650 2218 811 2275 factis
861 2232 1054 2273 eorum
1100 2213 1421 2271 vicissitudo
1464 2210 1740 2267 reddatur.
1793 2208 1967 2265 Habet
2014 2210 2158 2265 enim

565 2313 854 2383 quamdam
887 2319 1143 2367 senectus
1189 2306 1496 2365 infantiam.
1525 2304 1756 2359 Videant
1801 2302 1957 2358 liberi
1987 2302 2161 2359 vestri

564 2406 695 2477 quid
727 2405 968 2471 faciant,
1004 2402 1164 2458 vobis
1202 2401 1379 2455 vicem
1418 2395 1655 2452 similem
1702 2394 1992 2451 reddituri.
2034 2393 2160 2450 lmi-

558 2497 754 2554 tamini
780 2496 951 2552 lilium
994 2493 1365 2550 Machameum
1393 2528 1410 2557 ,
1437 2488 1531 2559 qui
1571 2487 1733 2543 matri
1774 2495 2005 2542 mortem
2037 2500 2160 2541 sua-

561 2589 717 2645 denti
762 2586 1031 2651 servivit,
1080 2594 1134 2640 et
1162 2585 1362 2637 durum
1414 2578 1701 2650 imperium
1747 2585 2026 2648 gratanter
2064 2592 2157 2647 ag-

560 2696 785 2753 gressus
808 2690 911 2746 est,
942 2693 1010 2733 ne
1037 2675 1343 2732 offenderet
1364 2669 1689 2744 genitricem
1722 2668 1793 2741 (Il
1818 2667 2063 2723 Machab.
2088 2669 2155 2739 ι).

566 2775 755 2832 Maluit
789 2774 1019 2828 fratrum
1068 2769 1267 2827 sociari
1314 2766 1634 2831 funeribus,
1679 2776 1843 2835 quam
1891 2763 2157 2819 voluntati

562 2869 757 2924 matris
778 2866 1071 2921 obsistere.
1103 2862 1182 2917 Ita
1207 2862 1354 2917 enim
1383 2859 1573 2914 matris
1601 2857 1885 2913 suadentis
1905 2856 2158 2913 voluntas

564 2960 806 3032 perfecta
848 2970 967 3024 est,
1013 2968 1071 3013 ut
1116 2956 1231 3010 Deo
1258 2955 1429 3008 lilium
1472 2953 1677 3008 faceret
1720 2961 2016 3021 martyrem
2043 2992 2057 3017 ,
2100 2960 2155 3006 et

562 3056 795 3109 fratrum
824 3050 1042 3107 coronis
1064 3046 1536 3119 comparticipem.
1562 3044 1803 3114 Denique
1828 3042 2149 3114 obsequium

2269 1859 2325 1905 tu
2356 1860 2468 1920 prae
2497 1848 2714 1904 caeteris
2767 1846 2976 1903 electus
3007 1861 3039 1900 a
3069 1846 3177 1901 Deo
3203 1846 3274 1899 ob
3302 1843 3407 1899 hoc
3445 1844 3820 1912 comprobaris
3841 1884 3856 1909 ,

2266 1940 2360 2011 qui
2386 1948 2443 1995 et
2469 1940 2602 2011 legis
2631 1952 2798 2011 opera
2838 1938 3069 2008 impleas
3088 1980 3104 2007 ,
3136 1945 3190 1994 et
3210 1937 3577 1992 commoraris
3607 1936 3659 1990 in
3689 1936 3858 2007 gratia

2267 2047 2437 2104 usque
2457 2033 2526 2088 ad
2548 2031 3048 2101 supereminentem
3070 2030 3312 2087 scientiae
3330 2028 3654 2086 charitatem
3672 2074 3689 2099 ,
3709 2030 3859 2088 intel-

2262 2126 2405 2183 lectu
2462 2125 2558 2182 Dei
2608 2133 2788 2181 tecum
2820 2125 3107 2195 loquente,
3136 2122 3462 2179 festinanter
3492 2122 3854 2179 existentibus

2262 2217 2690 2290 cogitationibus
2719 2216 3028 2287 insignibus
3046 2257 3060 2284 ,
3090 2214 3196 2271 hoc
3220 2214 3301 2270 vis
3329 2228 3492 2271 nosse
3517 2215 3664 2286 quod
3688 2214 3858 2271 factus

2262 2325 2343 2367 es.
2373 2309 2564 2366 Totius
2593 2310 2688 2365 tibi
2732 2309 2991 2367 Ecclesiae
3039 2318 3199 2380 prout
3229 2306 3483 2378 praecipis
3522 2315 3857 2367 sacramenta

2262 2403 2523 2459 reserabo
2548 2420 2562 2456 :
2596 2402 2860 2459 doctrina;
2888 2402 3139 2458 ordinem
3159 2410 3216 2458 et
3244 2402 3422 2457 locum
3451 2402 3787 2469 custodiens,
3805 2413 3855 2457 et

2259 2495 2391 2566 quid
2419 2496 2653 2566 qualiter
2682 2494 2985 2551 observare
3007 2495 3212 2550 debeas
3240 2494 3479 2567 docens:
3522 2495 3569 2550 si
3602 2496 3767 2551 modo
3793 2494 3856 2550 ad

2259 2588 2514 2659 iniuriam
2539 2604 2646 2643 non
2671 2603 2898 2645 revoces
2922 2587 3123 2644 novelli
3147 2587 3512 2644 exhortataris
3534 2587 3856 2646 industriam

2260 2695 2324 2737 ac
2359 2692 2411 2736 te
2439 2694 2547 2735 non
2580 2680 2782 2751 pudeat
2820 2680 3097 2751 paulisper
3126 2681 3391 2737 minorem
3430 2694 3555 2736 esse
3595 2679 3727 2736 dum
3770 2680 3855 2735 di-

2254 2775 2367 2831 scis
2385 2792 2398 2829 :
2417 2776 2542 2845 quia
2567 2775 2829 2845 seposito,
2845 2785 2903 2829 ut
2928 2775 3103 2840 vides,
3127 2773 3415 2845 privilegio
3439 2772 3749 2843 dignitatis,
3762 2773 3857 2830 ba-

2258 2868 2354 2924 bes
2378 2867 2446 2923 de
2472 2868 2634 2924 nobis
2659 2867 2899 2938 amplius
2928 2867 3073 2939 quod
3115 2882 3347 2937 quaeras.
3396 2866 3464 2921 Et
3493 2866 3549 2921 id
3572 2867 3719 2937 quod
3745 2866 3855 2936 jam

2256 2960 2467 3031 pridem
2498 2961 2556 3016 in
2585 2961 3001 3019 consecratione
3026 2971 3385 3017 consecutum
3414 2970 3468 3017 te
3497 2976 3622 3016 esse
3652 2961 3855 3028 credis,

2256 3062 2427 3109 restat
2456 3064 2512 3108 ut
2558 3055 2784 3123 capias:
2834 3071 2902 3110 ne
2950 3056 3130 3110 minor
3168 3054 3461 3110 invenieris
3509 3055 3565 3110 in
3611 3053 3851 3122 Christo,

560 3165 721 3205 suum
752 3147 971 3209 melius,
1000 3151 1179 3200 morte
1223 3140 1458 3212 probans
1483 3179 1499 3205 ,
1540 3138 1849 3194 suasionem
1882 3136 2144 3194 sermonis

2255 3163 2414 3217 quam
2448 3148 2500 3204 in
2533 3148 2734 3205 mundo
2764 3148 2986 3206 interim
3018 3150 3317 3206 uominaris
3346 3163 3411 3205 ac
3438 3148 3487 3207 si
3528 3148 3655 3207 falsi
3688 3163 3852 3204 voca-

466 3220 469 3227 I
562 3241 756 3296 matris
790 3236 1035 3309 implevit
1067 3252 1082 3291 :
1114 3244 1168 3290 et
1200 3235 1377 3288 lucem
1409 3233 1565 3286 istam
1596 3229 1883 3285 moriendo
1907 3238 2153 3286 contem-

559 3350 728 3400 nens,
773 3346 1005 3389 consors
1032 3341 1332 3401 martyrum
1360 3326 1534 3381 factus
1562 3336 1648 3380 est
1670 3366 1685 3391 ,
1718 3333 1776 3379 ut
1806 3324 1895 3379 illa
1938 3341 2153 3395 germa-

560 3430 703 3485 nitas
730 3437 937 3483 teternn
963 3425 1196 3495 collegio
1222 3421 1555 3477 ﬁrmaretur.
1580 3420 1721 3475 Ecce
1742 3418 1873 3488 quid
1901 3419 2154 3489 praestitit

559 3524 778 3578 animus
823 3520 984 3575 matri
1029 3519 1326 3589 subjectus.
1380 3515 1618 3570 Devotus
1657 3512 1801 3570 ﬁlius
1846 3513 2149 3570 obediendo

557 3627 844 3686 promotus
868 3628 969 3680 est,
1003 3617 1094 3686 qui
1125 3616 1319 3670 nolens
1352 3621 1652 3669 maternam
1682 3613 2029 3684 aliquatenus
2054 3614 2150 3668 lae-

560 3710 693 3766 dere
722 3710 975 3779 pietatem
1004 3750 1019 3774 ,
1050 3715 1367 3777 perpetuam
1393 3704 1554 3759 vitam
1585 3706 1838 3775 passione
1864 3706 2107 3777 suscepit
2133 3725 2143 3758 :

558 3805 651 3874 qui
702 3800 992 3856 Dominum
1018 3798 1328 3853 confitendo
1352 3840 1367 3863 ,
1400 3806 1638 3854 meretur
1665 3813 1785 3853 cum
1831 3798 2087 3854 fratribus
2115 3814 2144 3854 a

568 3898 803 3957 Domino
830 3909 1011 3951 coram
1036 3891 1245 3965 angelis
1272 3893 1541 3948 coronari.

680 4052 994 4111 MONITUM
1037 4050 1102 4107 IN
1142 4049 1529 4106 EPISTOLAM
1567 4050 2015 4118 SEQUENTEM.

630 4172 910 4225 Eruditum
938 4184 1150 4239 prorsus
1175 4177 1221 4220 et
1266 4167 1399 4239 lectu
1425 4166 1641 4237 dignum
1663 4166 2005 4239 opusculum,
2051 4172 2143 4225 sed

552 4246 709 4313 quod.
741 4255 794 4296 ut
840 4237 970 4294 nihil
1013 4240 1158 4293 aliud
1186 4237 1417 4302 accedat,
1452 4255 1555 4313 non
1586 4254 1693 4313 esse
1722 4237 2047 4313 Hieronymi.
2078 4258 2141 4296 ea:

551 4305 671 4385 styli
703 4313 1054 4382 discrepantia
1076 4314 1189 4378 jam
1211 4317 1429 4363 constet.
1456 4305 1653 4385 Prodit
1677 4310 1907 4385 etiant_s_e
1920 4305 2134 4385 'auctor,

550 4378 847 4449 aequiorum
874 4378 980 4437 esse
1005 4393 1311 4453 temporum,
1334 4380 1560 4453 quodex
1578 4379 1785 4453 Isidoro
1809 4378 1855 4432 11
1863 4378 2132 4452 ispalensi,

549 4460 637 4526 qui
662 4457 880 4529 septimo
901 4451 1314 4529 ineuntesteculo
1337 4452 1537 4529 ﬂoruit,
1567 4451 1822 4529 nonnulla
1845 4463 2132 4529 mutuatur:

552 4520 605 4581 ut
632 4520 751 4581 sunt
776 4528 889 4585 illa.
937 4542 1051 4595 qua?
1078 4542 1141 4579 ea:
1171 4525 1301 4578 libro
1332 4538 1401 4575 vn
1433 4520 1706 4595 originum
1736 4540 1853 4595 cap.
1887 4524 1976 4589 12,
2010 4529 2132 4581 toti-

549 4603 663 4652 dem
684 4604 791 4669 fere
813 4594 969 4653 verbis
993 4597 1067 4669 ad
1087 4596 1329 4648 ostiarios
1358 4594 1527 4646 retulit
1546 4594 1683 4661 :lpsi
1709 4594 1850 4669 enim
1884 4604 2128 4654 tenentes

545 4665 784 4735 clavem,
834 4669 1013 4723 omnia
1058 4667 1234 4726 intus.
1269 4676 1532 4738 extraque
1586 4665 1932 4719 custodiunt:
1964 4674 2128 4738 atque

549 4743 691 4797 inter
721 4745 890 4794 bonos
921 4748 976 4793 et
1004 4741 1178 4792 malus
1210 4737 1472 4790 habentes
1497 4736 1759 4803 judicium
1786 4778 1797 4799 ,
1826 4738 2012 4792 fideles
2040 4736 2127 4796 re-

546 4815 785 4881 cipiunt,
805 4820 1072 4879 respuunt
1094 4808 1380 4881 infideles;
1406 4815 1516 4881 tum
1538 4808 1633 4863 illa
1660 4824 1775 4881 qua:
1796 4810 1863 4862 ad
1891 4810 2125 4879 quintum

546 4877 767 4951 gradum
787 4926 800 4947 ,
830 4877 918 4937 seu
949 4884 1193 4935 diaconos
1221 4895 1239 4933 :
1266 4877 1498 4951 Sicuti"
1531 4877 1816 4935 sacerdote
1838 4877 2127 4937 consecra-

544 4948 640 5015 ιιι»,
674 4957 744 5007 ita
800 4956 848 5007 in
901 4954 1130 5005 diacono
1177 4948 1459 5004 ministerii
1492 4951 1821 5017 dispensatio
1869 4954 2116 5008 habetur.

542 5026 699 5077 Enim
724 5040 840 5077 vero
868 5027 973 5077 IuBC
1004 5023 1262 5077 [siderum
1293 5039 1324 5074 a
1357 5033 1532 5075 nostra
1560 5038 1839 5096 accepisse,
1863 5025 2000 5095 quod
2040 5028 2119 5096 [a—

544 5098 612 5149 cil
634 5118 639 5127 ι
663 5097 856 5164 opponi
881 5106 1069 5167 posset,
1091 5096 1194 5148 ueri
1216 5105 1413 5147 tantam
1431 5095 1647 5162 speciem
1671 5111 1771 5147 non
1792 5094 1941 5149 habet
1962 5137 1976 5159 ,
1999 5094 2117 5167 pro-

539 5171 679 5220 .l'lllts‘
718 5167 987 5240 autemab
1028 5165 1119 5218 illo
1143 5177 1373 5221 nostrum
1394 5176 1564 5240 ‘wtate
1584 5167 1831 5236 abfuisse,
1860 5165 2120 5240 puta—ipso

536 5242 753 5307 septimo
778 5240 844 5289 ad
874 5238 1024 5306 ﬁnem
1051 5246 1300 5307 vergunte,
1326 5236 1403 5289 vel
1443 5238 1645 5289 demum
1689 5236 1867 5290 octavo
1904 5236 2117 5303 amcitia,

536 5310 690 5376 facile
710 5310 942 5362 adducar
963 5316 1017 5358 ut
1038 5323 1264 5360 creaam.
1286 5310 1355 5359 Ac
1376 5324 1501 5360 sane
1527 5307 1841 5362 Hiucmarus
1865 5308 2093 5365 Rhemen
2108 5342 2119 5352 -

532 5383 625 5441 sis.
637 5384 726 5453 qui
746 5382 939 5435 sarculo
957 5380 1295 5453 subsequente
1303 5380 1529 5445 scripsit,
1544 5396 1646 5453 non
1666 5380 1832 5435 solum
1855 5383 2119 5451 epistolam

536 5449 667 5505 hanc
698 5454 896 5514 laudat,
922 5450 1011 5504 sed
1032 5462 1078 5503 et
1109 5466 1203 5519 pro
1244 5449 1654 5519 Ilieronymiana
1694 5456 1841 5504 habet
1866 5449 1890 5504 ἑ
1910 5468 1971 5505 ea:
2019 5470 2119 5519 quo

533 5523 770 5591 colligas.
786 5522 992 5589 jamdiu
1007 5532 1156 5573 antea
1179 5524 1320 5591 fama
1339 5519 1642 5589 scriptorum
1668 5523 1963 5576 ittt‘alttisse.
1980 5522 2118 5577 Lau-

533 5593 622 5663 dat
646 5588 693 5643 et
720 5588 992 5663 Microloqi
1032 5588 1301 5663 auctor-Le!
1340 5588 1618 5645 subsecutis
1662 5594 1973 5663 temporibus
1996 5597 2112 5649 alii.

532 5660 599 5711 In
627 5679 748 5713 mss.
774 5660 1175 5726 exemplaribus,
1200 5661 1420 5714 Erasmo
1443 5672 1586 5727 teste,
1628 5660 1787 5717 variat
1818 5667 2020 5720 titulus.
2046 5668 2114 5722 In

530 5730 797 5786 "multis
827 5731 893 5782 ad
926 5729 1201 5786 Damasum
1225 5732 1475 5800 inscripta
1494 5743 1587 5800 est,
1618 5735 1670 5789 in
1696 5736 1813 5791 aliis
1840 5738 1908 5791 ad
1929 5738 2110 5795 Rusti-

2254 3239 2366 3295 buli
2394 3240 2604 3295 inutilis
2636 3252 2820 3312 pastor
2844 3245 3077 3310 existas,
3103 3258 3223 3296 eum
3253 3240 3369 3295 haec
3389 3256 3509 3311 qua:
3540 3241 3593 3295 in
3621 3240 3853 3295 Domino

2254 3331 2425 3388 latent
2466 3343 2809 3389 sacramenta
2849 3335 3115 3391 nescires.
3155 3335 3267 3391 Nos
3307 3343 3484 3390 tamen
3518 3344 3768 3391 tenentes
3797 3336 3851 3389 in

2252 3428 2399 3482 omni
2423 3426 2795 3496 disputatione
2818 3428 3084 3484 rationem
3107 3470 3121 3494 ,
3144 3443 3209 3483 nc
3232 3437 3407 3482 tecum
3430 3428 3757 3497 simpliciter
3779 3430 3851 3482 fa-

2252 3520 2502 3576 bulantes
2518 3560 2533 3585 ,
2552 3535 2737 3575 verum
2762 3528 2815 3575 te
2839 3521 3152 3590 episcopum
3177 3519 3483 3576 animarum
3506 3520 3711 3577 debere
3730 3535 3850 3577 esse

2251 3615 2699 3670 monstrabimus:
2723 3622 2777 3669 ut
2799 3615 2973 3671 iactus
2998 3614 3091 3671 tibi
3118 3613 3234 3685 ipse
3251 3613 3417 3683 judcx
3436 3657 3451 3681 ,
3477 3614 3580 3668 llOC
3602 3613 3750 3685 quod
3773 3610 3847 3669 io-

2248 3707 2466 3777 quimur
2493 3707 2717 3778 implere
2743 3707 3010 3763 festinans
3032 3749 3046 3775 ,
3072 3716 3128 3762 et
3152 3705 3309 3761 nobis
3334 3707 3688 3761 consentiens
3709 3748 3726 3774 ,
3754 3723 3846 3761 ve-

2248 3799 2507 3855 recnndia
2537 3809 2593 3855 et
2619 3796 2940 3854 confusione
2984 3799 3186 3868 reiecta
3208 3840 3221 3863 ,
3248 3799 3417 3869 eligas
3449 3798 3697 3867 abjeetus
3725 3814 3847 3854 esse

2246 3894 2303 3949 in
2347 3895 2513 3949 dumo
2554 3894 2648 3950 Dei
2702 3894 2871 3965 magis
2898 3909 3059 3965 quam
3094 3892 3341 3949 habitare
3390 3893 3442 3947 in
3474 3893 3846 3949 tabernaculis

2246 3997 2619 4058 peccatorum.
2652 3988 2743 4043 Sic
2768 3989 2915 4043 enim
2943 3988 3101 4042 Jesus
3130 3988 3206 4041 ait
3239 4004 3253 4041 :
3299 3985 3465 4060 Reges
3493 3988 3723 4057 gentium
3752 3990 3846 4041 do-

2245 4081 2511 4135 minantur
2532 4096 2731 4147 eorum,
2757 4090 2805 4134 ct
2825 4081 2913 4151 qui
2943 4088 3247 4151 potestatem
3270 4079 3495 4145 habent,
3518 4078 3734 4135 Domini
3751 4095 3841 4133 vo-

2243 4183 2454 4238 cantur;
2479 4190 2568 4229 vos
2592 4182 2767 4229 autem
2796 4189 2897 4228 non
2924 4176 3022 4227 sic:
3046 4173 3135 4227 sed
3156 4174 3246 4241 qui
3276 4173 3445 4243 major
3477 4182 3552 4227 est
3572 4183 3801 4227 vestrum
3821 4218 3836 4241 ,

2242 4268 2335 4335 ﬁat
2374 4267 2505 4321 sicut
2535 4268 2724 4332 minor,
2770 4276 2819 4321 et
2849 4267 2934 4336 qui
2978 4267 3215 4337 princeps
3244 4276 3349 4330 est,
3382 4266 3476 4335 fiat
3505 4267 3639 4320 sicut
3679 4267 3837 4321 mini-

2240 4369 2367 4414 ster.
2393 4360 2522 4425 Quis
2545 4360 2683 4413 enim
2711 4362 2883 4428 major
2904 4369 2977 4414 est
2994 4398 3010 4425 ,
3034 4361 3119 4429 qui
3144 4360 3428 4425 recumbit,
3452 4377 3520 4413 an
3563 4362 3653 4429 qui
3683 4362 3837 4415 mini-

2238 4449 2483 4505 strat?1u
2500 4452 2737 4520 gentibus
2758 4452 2966 4523 quidem
2986 4453 3073 4522 qui
3101 4450 3403 4515 discumbit,
3427 4454 3601 4517 maior
3622 4464 3697 4507 est
3720 4470 3737 4504 :
3761 4455 3838 4507 iu-

2235 4552 2310 4596 ter
2331 4560 2416 4597 vos
2445 4554 2617 4599 autem
2645 4561 2750 4599 non
2769 4546 2843 4599 sic
2865 4590 2878 4613 ,
2904 4546 2991 4599 sed
3019 4547 3107 4614 qui
3132 4545 3416 4600 ministrat.
3448 4544 3561 4616 Ego
3581 4558 3755 4601 autent
3782 4548 3836 4602 in

2234 4636 2400 4691 medio
2426 4644 2648 4691 vestrum
2674 4654 2789 4691 sum
2820 4638 2953 4691 sicut
2974 4638 3060 4707 qui
3090 4637 3371 4691 ministrat.
3397 4635 3463 4689 Et
3488 4653 3574 4691 vos
3598 4640 3724 4709 quia
3750 4655 3833 4692 cs-

2230 4730 2295 4785 tis
2322 4742 2679 4799 permanentes
2710 4744 2911 4782 mecum
2932 4730 2986 4782 in
3014 4730 3386 4785 tentationibus
3412 4730 3539 4785 meis
3562 4748 3582 4784 ε
3604 4748 3699 4803 ego
3724 4734 3837 4787 dis-

2228 4836 2363 4891 pono
2382 4820 2517 4874 vobis
2544 4820 2674 4875 sicut
2696 4820 2953 4892 disposuit
2980 4821 3107 4874 mihi
3133 4821 3292 4875 Pater
3318 4838 3463 4876 tttctts
3486 4839 3705 4893 regnum
3729 4864 3746 4888 ,
3771 4836 3829 4878 ut

2226 4912 2393 4965 edatis
2416 4925 2460 4965 et
2483 4913 2669 4967 bibatis
2699 4920 2753 4968 in
2782 4930 2957 4968 mensa
2980 4931 3093 4968 mea
3118 4916 3173 4969 in
3198 4931 3359 4988 regno
3391 4931 3502 4969 meo
3524 4958 3538 4984 ,
3564 4928 3611 4969 et
3633 4918 3833 4979 sedatis

2220 5022 2374 5076 super
2391 5006 2538 5059 sedes
2559 5007 2832 5061 duodecim
2844 5008 3140 5081 judicantes
3158 5008 3438 5063 duodecim
3461 5009 3621 5063 tribus
3649 5010 3677 5063 1
3684 5011 3829 5081 smel

2225 5098 2376 5169 (Luc.
2404 5098 2610 5167 XXII,
2636 5099 2737 5165 25,
2768 5080 2921 5171 seq.).
2951 5103 3017 5155 Et
3036 5102 3163 5157 alibi
3190 5118 3207 5155 .'
3230 5100 3504 5156 [lectorem
3536 5080 3830 5169 posuerunt

2225 5200 2300 5257 te,
2325 5190 2432 5245 noli
2472 5193 2649 5246 extolli
2674 5234 2688 5256 ,
2734 5194 2823 5247 sed
2852 5202 2960 5247 esto
3001 5202 3267 5263 tamquam
3298 5210 3431 5245 unus
3463 5210 3528 5247 ea;
3556 5194 3706 5265 ipsis.
3754 5195 3829 5251 Et

2223 5284 2394 5339 alibi:
2420 5284 2537 5339 Non
2563 5297 2615 5339 ut
2654 5285 2937 5341 domineris
2962 5287 3123 5353 clero,
3152 5289 3241 5341 sed
3271 5298 3321 5339 ut
3351 5287 3523 5354 {arma
3543 5291 3617 5341 sis
3647 5293 3827 5345 omni-

2225 5374 2315 5427 bus
2347 5375 2389 5443 μ
2430 5374 2549 5429 Pet.
2585 5392 2634 5439 v,
2671 5376 2746 5446 5|.
2799 5378 2869 5431 Et
2904 5376 3082 5431 alibi:
3124 5375 3394 5449 Templum
3428 5375 3527 5431 Dei
3557 5380 3679 5432 estis
3707 5422 3721 5448 ,
3777 5391 3830 5435 et

2225 5464 2458 5534 Spiritus
2488 5464 2583 5519 Dei
2613 5466 2808 5520 habitat
2840 5469 2892 5521 in
2923 5468 3082 5525 vobis.
3112 5470 3173 5523 Si
3216 5469 3328 5538 quis
3350 5477 3525 5522 autem
3569 5475 3833 5541 templum

2221 5555 2320 5610 Dei
2352 5557 2648 5623 tiolaverit,
2688 5559 2951 5631 disperdat
2984 5562 3133 5615 illum
3180 5561 3335 5614 Deus.
3372 5558 3643 5623 Templum
3680 5563 3828 5617 enim

2220 5650 2319 5705 Dei
2343 5658 2576 5703 sanctum
2598 5663 2700 5720 est,
2725 5656 2864 5724 quod
2908 5657 3027 5709 estis
3064 5672 3172 5709 vos.
3200 5654 3245 5723 (1
3270 5652 3388 5708 Cor.
3416 5670 3498 5718 Ill,
3546 5655 3613 5709 16
3649 5658 3827 5729 seq.).

2221 5744 2479 5815 Quoniam
2502 5746 2722 5818 exipso,
2762 5757 2809 5803 et
2846 5767 2936 5822 per
2955 5750 3147 5823 ipsum,
3171 5760 3215 5806 et
3237 5749 3289 5804 in
3331 5749 3441 5821 ipso
3463 5758 3584 5805 sunt
3608 5755 3823 5823 ontnia,
