3998 6198
238 237 337 295 M9

1019 245 1352 304 EPISTOLA
1391 246 1507 305 Ill.
1549 248 1640 305 DE
1677 247 1949 308 SEPTEM
1985 247 2350 310 ORDINIBUS
2388 250 2771 310 ECCLESUE.

3407 262 3510 320 150

228 356 327 425 ipsi
352 354 527 426 gloria
547 357 603 412 in
632 357 825 414 stccula
840 373 856 412 :
872 369 1012 415 unus
1031 363 1168 416 enim
1188 359 1330 417 Deus
1351 372 1526 417 noster
1563 374 1610 418 et
1655 363 1812 420 Pater
1835 366 1892 427 Α
1916 378 2064 420 sonas
2078 374 2186 421 tute
2205 381 2333 422 cura
2345 366 2616 439 ofﬁciique
2629 369 2955 441 reverentia,
2968 384 3186 429 servum
3199 375 3373 431 servis
3384 393 3506 437 esse

230 447 438 502 Domini
460 452 626 505 nostri
638 452 672 504 J
678 469 767 507 esu
784 452 975 508 Christi
991 496 1006 519 ,
1023 470 1084 510 ex
1097 472 1197 527 quo
1212 457 1411 523 omnia,
1425 466 1475 512 et
1498 474 1590 512 nos
1612 458 1665 511 in
1680 459 1811 530 ipso,

228 551 273 595 et
300 558 432 596 unus
454 542 711 601 Dominus
744 537 897 603 Iesus
919 546 1155 603 Christus
1173 592 1189 618 ,
1215 568 1305 621 per
1323 569 1475 621 quem
1521 553 1724 620 omnia,
1770 564 1816 608 et

227 650 317 688 nos
345 651 436 705 per
457 638 624 706 ipsum
647 638 828 710 (Rom.
850 655 924 707 at,
950 642 1051 709 36;
1094 642 1113 696 ι
1144 642 1261 698 Cor.
1290 659 1407 709 vm,
1431 643 1536 716 6.).
1570 645 1676 701 Sed
1710 661 1815 701 non

227 730 279 784 in
300 731 555 787 omnibus
572 742 660 788 est
678 737 929 789 scientia.
950 735 1168 791 Claritas
1189 738 1335 793 enim
1356 740 1572 809 conligit
1593 757 1655 794 ea:
1676 750 1817 809 parte

224 826 276 879 in
302 824 513 893 Israel;
533 827 701 882 donec
722 827 993 899 plenitudo
1020 831 1251 900 gentium
1274 833 1524 897 intraret,
1548 843 1594 886 et
1614 835 1691 887 sic
1713 850 1819 889 ont-

225 920 306 976 nis
343 918 511 976 Israel
531 922 705 981 salvus
728 924 895 992 ﬁeret.
921 922 1188 980 Conclusit
1210 942 1338 997 ergo
1364 925 1505 981 Deus
1528 930 1703 982 omnia
1723 929 1817 983 sub

223 1018 460 1080 peccato,
483 1022 539 1066 ut
563 1016 793 1069 omnium
812 1018 1115 1071 misereatur
1130 1018 1305 1089 (Rem.
1331 1034 1401 1084 xi,
1425 1019 1496 1073 25
1525 1020 1664 1089 δι).
1684 1021 1817 1077 Ante

224 1106 404 1159 omnia
427 1107 769 1161 humilitatem
788 1106 948 1179 dilige
961 1124 981 1162 :
1002 1114 1125 1179 quia
1143 1108 1385 1179 superbia
1406 1118 1702 1180 apostatare
1728 1114 1812 1184 fa-

175 1232 179 1236 »
224 1198 295 1251 cit
324 1215 356 1251 a
375 1197 523 1253 Deo:
543 1209 591 1252 et
613 1199 817 1252 initium
838 1201 1005 1253 omnis
1029 1202 1257 1269 peccati,
1279 1200 1516 1273 superbia
1546 1211 1639 1257 est.
1665 1202 1810 1260 Deus

216 1291 369 1344 enim
396 1300 587 1345 noster
603 1295 826 1361 formam
845 1293 979 1345 serui
998 1294 1274 1363 accipiens,
1308 1294 1602 1350 humiliaeit
1630 1312 1686 1350 se
1714 1313 1808 1353 us-

215 1398 313 1453 que
326 1382 400 1436 ad
422 1391 662 1449 mortem,
685 1392 897 1439 mortem
917 1393 1085 1439 autem
1106 1387 1273 1440 crucis
1294 1384 1460 1459 (Phil.
1483 1392 1523 1456 ι,
1549 1390 1650 1460 8.).
1674 1390 1805 1446 Otu-

218 1490 313 1531 nes
331 1476 649 1547 Scripturas
669 1485 851 1533 mente
872 1491 1152 1548 pereurre,
1172 1487 1345 1535 totum
1365 1478 1641 1539 Canonem
1664 1485 1801 1555 lege:

218 1581 378 1642 atque
407 1570 617 1627 habens
642 1580 771 1627 ante
806 1571 997 1628 oculos
1023 1576 1278 1647 exempla
1302 1584 1612 1632 sanctorum
1638 1619 1654 1643 ,
1686 1577 1809 1634 itai-

217 1672 333 1720 tare
359 1664 507 1735 quod
538 1664 742 1721 bonum
771 1674 855 1722 est
876 1707 892 1733 ,
934 1667 1197 1723 stimulare
1244 1669 1388 1739 quod
1419 1681 1666 1727 sanctum
1697 1682 1801 1728 est.

1916 465 1971 514 te
1997 458 2294 514 convenit:
2320 468 2482 530 atqoe
2510 461 2580 516 ita
2611 460 2778 519 lsrael
2802 462 2857 519 in
2880 465 3129 521 omnibus
3171 470 3460 537 perdocere
3485 490 3499 527 :

1917 559 1975 604 ut
2001 550 2328 621 quicumque
2354 561 2404 606 te
2429 552 2690 621 audiunt,
2716 558 3130 614 conversatione
3162 567 3249 616 tua
3299 566 3465 634 magis
3483 607 3499 630 ,

1918 658 2078 713 quam
2111 658 2364 699 sermone
2393 644 2696 715 proﬁciant.
2747 648 2839 703 Sic
2891 651 3038 705 enim
3090 653 3347 721 scriptum
3377 664 3459 712 est
3482 674 3499 709 :

1919 733 1988 789 In
2009 736 2266 805 sapientia
2287 736 2544 790 ambulate
2564 736 2630 791 ad
2649 754 2735 793 eos
2756 740 2846 806 qui
2871 741 2999 810 foris
3024 751 3141 796 sunt
3167 741 3303 814 (Col.
3322 761 3395 809 tv,
3423 745 3498 817 l).

1920 828 2039 884 Non
2068 839 2118 884 te
2148 829 2379 885 extollat
2408 831 2661 889 salutatio
2690 832 3072 902 plurimorum.
3102 836 3323 891 Munera
3364 837 3501 893 divi-

1919 930 2031 976 tum
2060 929 2116 976 et
2158 922 2419 993 obsequia
2452 933 2503 977 te
2548 940 2656 979 non
2685 925 2943 981 vincant:
2990 928 3112 997 quin
3158 945 3402 996 munera,
3445 943 3505 986 ut

1916 1013 2178 1082 scriptum
2207 1024 2293 1067 est
2312 1055 2326 1077 ,
2363 1025 2623 1069 exerceant
2650 1017 2829 1071 oculos
2848 1018 3115 1090 judicum.
3151 1019 3263 1076 Nec
3292 1022 3409 1091 plus
3435 1025 3507 1079 sit

1913 1103 2054 1173 apud
2082 1112 2134 1157 te
2155 1112 2403 1159 matrona
2425 1106 2626 1161 nobilis
2647 1117 2701 1164 et
2720 1107 2874 1163 dives
2891 1150 2906 1175 ,
2928 1125 3086 1178 quam
3114 1113 3352 1181 professa
3375 1130 3506 1185 pau-

1912 1210 2007 1266 per
2037 1204 2201 1266 atque
2226 1195 2504 1263 mendica,
2532 1206 2625 1253 aut
2648 1198 2809 1255 vidua
2836 1204 3069 1259 maritali
3100 1205 3305 1262 auxilio
3336 1207 3502 1263 desti-

1910 1296 2023 1342 tuta
2047 1329 2060 1350 ,
2089 1287 2316 1357 aequalis
2353 1289 2402 1344 ei
2425 1328 2439 1352 ,
2466 1303 2587 1359 quas
2615 1289 2779 1346 habet
2806 1292 2984 1348 virum
3013 1305 3291 1366 potentem
3319 1298 3371 1357 in
3402 1315 3504 1355 sm-

1909 1378 2063 1445 culo,
2089 1379 2361 1437 videatur.
2385 1380 2638 1438 Alienum
2666 1391 2719 1438 te
2760 1400 2792 1438 a
2820 1387 3069 1454 personis
3102 1390 3344 1447 omnium
3378 1394 3501 1449 red-

1909 1471 2148 1529 dendum
2196 1471 2408 1543 judiea;
2464 1488 2526 1531 ac
2574 1486 2801 1547 propter
2830 1476 3150 1548 injustitiam
3198 1482 3251 1537 in
3295 1483 3502 1554 judicio

1909 1576 2204 1635 pauperem
2233 1581 2341 1622 non
2370 1565 2665 1638 defendas,
2697 1585 2799 1626 nec
2824 1580 3044 1643 propter
3064 1576 3295 1645 gratiam
3343 1577 3496 1635 diviti

1909 1658 2232 1716 indecenter
2250 1660 2495 1718 assistas.
2519 1660 2626 1718 Aut
2648 1663 2691 1718 si
2715 1664 2818 1719 hoc
2841 1680 2948 1721 non
2981 1677 3136 1736 potes
3158 1666 3344 1725 facere
3361 1710 3377 1737 ,
3396 1687 3493 1729 co-

213 1754 524 1828 Factusque
540 1756 635 1813 tibi
649 1755 986 1831 ierosolyma
1004 1758 1393 1829 εωιοειίε,1)εο
1408 1770 1534 1817 vota
1551 1764 1801 1822 resume,
1830 1742 1883 1806 Β
1910 1751 2212 1823 gnitionem
2244 1766 2440 1825 respue
2489 1768 2796 1811 causarum.
2827 1756 2949 1813 Sola
2980 1770 3101 1815 esto
3131 1760 3227 1815 tibi
3257 1760 3493 1819 lectione

213 1850 445 1906 Domum
471 1849 524 1906 in
555 1857 631 1915 te,
651 1854 709 1906 et
735 1851 999 1922 tetnplntn
1030 1850 1340 1908 Salomonis
1365 1850 1574 1911 aediﬁca
1592 1897 1608 1924 ,
1633 1856 1806 1913 taber-

212 1944 468 1999 naculum
499 1942 705 1999 fabrica
722 1974 740 2010 ι
766 1952 820 1999 et
844 1944 1159 2015 diligentius
1181 1961 1454 2003 exornare
1481 1946 1697 2006 festina.
1719 1950 1807 2008 ln-

212 2050 293 2093 tra
324 2038 524 2095 Sancta
578 2046 928 2103 sanctorum,
969 2038 1286 2095 indeﬂciens
1315 2038 1498 2096 lumen
1528 2044 1800 2112 ascende,

212 2131 606 2202 perfectionem
638 2133 691 2186 in
722 2132 976 2187 omnibus
1008 2138 1153 2189 tene.
1200 2133 1351 2189 Pone
1378 2137 1684 2192 custodiam
1718 2139 1802 2195 ori

214 2234 327 2293 tuo,
355 2232 411 2278 et
440 2224 644 2277 ostium
675 2224 1102 2281 circumstantiae
1130 2224 1288 2281 labiis
1315 2227 1443 2282 tuis.
1470 2227 1590 2285 Non
1620 2230 1720 2286 des
1746 2233 1799 2288 in

216 2316 567 2371 tentatiouem
620 2316 860 2370 animum
890 2325 1075 2381 tuam,
1114 2326 1170 2373 et
1196 2333 1305 2373 non
1352 2319 1662 2377 obdormiat
1704 2325 1799 2395 qui

210 2408 448 2465 custodit
477 2416 553 2463 te.
579 2406 770 2463 Exalta
803 2423 992 2465 vocem
1022 2419 1168 2465 tuam
1186 2452 1202 2479 ,
1225 2422 1281 2468 et
1306 2411 1429 2469 dic:
1466 2412 1648 2469 Omnis
1676 2432 1799 2471 caro

212 2508 387 2573 fenum
406 2544 421 2565 ,
457 2509 503 2555 et
534 2502 699 2555 omnis
726 2500 898 2572 gloria
922 2503 1143 2556 hominis
1172 2514 1228 2557 ut
1256 2505 1357 2573 ﬂos
1389 2506 1515 2576 feni.
1539 2507 1690 2561 Aruit
1718 2511 1797 2581 [e-

210 2604 329 2651 nam
352 2604 400 2651 et
428 2598 533 2665 ﬂos
563 2596 799 2650 decidit:
824 2597 1032 2652 uerbum
1078 2606 1250 2652 autem
1297 2599 1512 2655 Domini
1546 2614 1718 2659 manet
1743 2607 1798 2659 in

209 2702 458 2744 teternum
492 2687 629 2761 (lea.
662 2704 751 2756 ιι,
785 2687 839 2751 6,
881 2690 935 2753 7,
961 2688 1040 2759 8).
1081 2690 1351 2747 Sacerdos
1391 2693 1537 2748 enim
1578 2695 1796 2752 Domini

207 2782 297 2852 qui
315 2782 386 2837 de
412 2797 509 2837 ore
531 2796 632 2836 suo
656 2780 862 2850 profert
882 2780 1145 2851 justitiam
1160 2820 1176 2850 ,
1197 2794 1252 2839 et
1273 2786 1684 2855 esquirentibus
1706 2805 1797 2843 au-

207 2876 429 2931 nunciat
460 2876 744 2931 veritatem
770 2916 785 2939 ,
808 2876 1033 2945 angelus
1057 2874 1155 2932 Dei
1183 2880 1571 2948 omnipotentis
1602 2892 1707 2937 est.
1736 2882 1795 2939 ln

206 2969 461 3024 omnibus
490 2968 670 3024 causis
700 2981 855 3024 serva
898 2969 1184 3040 justitiam.
1230 2972 1676 3044 Peregrinantem
1700 3020 1715 3045 ,
1740 2989 1795 3034 et

208 3066 547 3135 orphanum,
569 3074 627 3120 et
648 3062 894 3130 viduam,
919 3074 975 3119 et
1004 3078 1327 3135 pauperem,
1373 3069 1459 3123 vel
1489 3072 1752 3141 pupillum

1908 1853 1964 1898 et
2006 1842 2257 1898 oratione
2284 1850 2593 1900 contentus.
2624 1844 2904 1905 Neminem
2936 1850 3115 1920 enim,
3150 1861 3205 1907 ut
3234 1854 3491 1926 scriptum

1912 1942 1997 1989 est
2020 1972 2035 2000 ,
2065 1932 2248 2002 diligit
2276 1932 2420 1989 Deus
2440 1974 2455 1999 ,
2484 1935 2589 1989 nisi
2618 1950 2740 1991 eum
2772 1938 2868 2007 qui
2893 1953 3015 1997 cum
3044 1942 3316 2011 sapientia
3346 1946 3497 2003 habi-

1906 2036 2020 2091 tat,
2061 2042 2125 2083 ac
2155 2028 2361 2083 nullum
2393 2027 2543 2083 laedit
2581 2027 2752 2100 (Eccl.
2785 2045 2858 2096 tv,
2890 2032 3001 2102 i5).
3040 2033 3145 2089 ista
3186 2036 3231 2091 si
3263 2037 3488 2108 feceris,

1904 2123 2018 2179 Deo
2039 2121 2189 2177 utilis
2208 2122 2261 2176 in
2278 2121 2534 2177 omnibus
2557 2122 2943 2192 comprobatus
2959 2167 2973 2195 ,
2993 2125 3291 2195 perlectum
3314 2146 3493 2191 sacer-

1902 2213 2109 2269 dotium
2135 2212 2246 2285 [ΑΙ.
2275 2222 2407 2267 tacet
2436 2213 2829 2285 sacerdotium}
2856 2216 2911 2273 in
2942 2224 2995 2272 te
3026 2221 3347 2281 retentabis.
3377 2225 3491 2283 Ex-

1901 2305 2044 2377 pelle
2070 2305 2138 2359 de
2166 2305 2368 2374 templo
2394 2304 2637 2371 Christi,
2686 2322 2817 2363 oves
2845 2316 2901 2363 et
2925 2308 3094 2366 boves
3131 2320 3187 2367 et
3216 2316 3492 2377 columbas

1899 2397 2201 2454 vendentes
2222 2437 2237 2461 ,
2262 2409 2315 2452 et
2344 2398 2838 2455 nummulariorum
2869 2414 3059 2459 everte
3085 2420 3333 2473 mensas;
3364 2413 3489 2479 quia

1898 2492 2096 2547 domus
2126 2491 2307 2546 Patris
2337 2492 2547 2557 nostri,
2594 2491 2790 2548 domus
2817 2497 3203 2566 negotiationis
3231 2516 3353 2557 esse
3379 2518 3489 2559 non

1899 2582 2096 2651 debet,
2125 2580 2220 2637 sed
2250 2582 2536 2637 orationis.
2561 2581 2632 2639 Et
2654 2588 2797 2652 quod
2820 2585 3030 2656 judicio
3053 2588 3150 2647 Dei
3181 2592 3486 2665 projicitur,

1897 2674 2201 2731 desiderari
2223 2684 2447 2745 propter
2463 2676 2830 2734 damnationis
2849 2690 3175 2747 sententiam
3194 2701 3303 2749 non
3326 2703 3490 2760 Opor-

1901 2775 2008 2833 tet,
2036 2781 2105 2821 ne
2134 2768 2347 2836 reprobi
2376 2769 2719 2825 inveniamur
2744 2772 2798 2826 in
2822 2772 3063 2831 Christo.
3087 2776 3283 2847 Sicque
3308 2779 3404 2837 ﬁet
3428 2792 3487 2843 ut

1898 2858 1955 2915 in
1985 2860 2214 2915 veritate
2254 2862 2560 2917 consistens
2583 2900 2600 2929 ,
2629 2864 2964 2933 septiformis
2994 2868 3250 2924 Ecclesiae
3302 2887 3484 2931 sacra-

1897 2960 2138 3007 mentum
2170 2967 2329 3008 nosse
2362 2955 2652 3022 merearis,
2680 2956 2824 3026 quod
2876 2958 2930 3013 in
2955 2961 3352 3033 omnipotentis
3386 2965 3481 3021 Dei

1896 3061 2019 3102 cum
2044 3060 2140 3103 sua
2170 3049 2525 3104 veneratione
2549 3051 2837 3117 consistit,
2884 3052 2935 3107 id
2972 3063 3088 3119 est,
3118 3057 3171 3111 in
3203 3057 3363 3113 Patre
3383 3097 3398 3127 ,
3426 3069 3482 3115 et

208 3117 617 3226 γλιξέιξέτειίηξ)
640 3117 1033 3211 ηδήήδίέηῇιίέέ,
1059 3117 1244 3227 ιώφιθ
1265 3117 1791 3231 ιιξεεθυτξιξιυιιιιιξ
1817 3121 1869 3191 C
1900 3138 1953 3193 in
1987 3137 2147 3205 Filio,
2174 3151 2229 3195 et
2258 3140 2311 3194 in
2338 3141 2543 3210 Spiritu
2573 3153 2789 3208 sancto,
2819 3146 2870 3197 in
2898 3146 3270 3215 archangelis,
3299 3150 3350 3203 in
3381 3165 3477 3205 an-

207 3248 296 3302 ubi
326 3256 380 3302 et
409 3262 503 3301 cor
542 3254 690 3301 tuum
719 3254 832 3314 est,
859 3247 1055 3301 conde.
1087 3245 1223 3303 Cum
1253 3250 1504 3307 omnibus
1536 3251 1794 3311 fratribus

209 3339 351 3405 tuis,
371 3339 510 3393 sicut
528 3339 789 3409 scriptum
808 3348 920 3405 est,
946 3354 1135 3410 pacem
1166 3341 1321 3398 habe.
1337 3343 1573 3400 Consilia
1600 3347 1795 3419 impio-

206 3446 323 3484 rum
348 3429 503 3500 lnge:
534 3446 606 3493 ne
635 3434 763 3485 dum
790 3430 1038 3500 judicas,
1084 3432 1487 3491 condemneris.
1527 3438 1620 3493 Sic
1645 3440 1790 3496 enim

202 3528 463 3595 scriptum
496 3533 618 3580 est:
639 3522 833 3580 Beatus
854 3527 930 3579 vir
956 3528 1049 3598 qui
1078 3545 1179 3581 non
1209 3529 1337 3582 abiit
1375 3535 1429 3584 in
1449 3533 1668 3587 consilio
1692 3535 1793 3588 im-

200 3617 403 3686 piorum
424 3659 439 3683 ,
463 3626 509 3670 et
531 3618 585 3669 itt
614 3618 694 3670 uia
719 3626 1043 3684 peccatorum
1064 3635 1168 3674 non
1194 3622 1369 3684 stetit,
1392 3635 1437 3676 et
1464 3625 1520 3678 in
1543 3626 1790 3683 cathedra

202 3713 511 3779 pestilenthe
541 3727 643 3765 non
672 3713 824 3767 sedit.
852 3712 959 3768 Sed
982 3714 1035 3768 in
1061 3715 1170 3787 lege
1200 3716 1410 3772 Domini
1431 3720 1531 3789 fuit
1553 3721 1786 3777 voluntas

200 3808 308 3876 ejus
328 3847 344 3872 ,
378 3814 426 3859 et
452 3806 507 3861 in
540 3805 654 3874 lege
681 3806 795 3871 eius
818 3806 1155 3860 meditabitur
1178 3808 1260 3862 die
1290 3826 1351 3863 ac
1376 3822 1522 3865 nocte
1544 3812 1717 3883 (Psal.
1749 3831 1786 3883 t,

200 3900 252 3965 l,
275 3898 354 3971 2).
401 3900 687 3955 Potentum
712 3913 1003 3969 personas,
1032 3900 1259 3957 divitum
1284 3904 1531 3971 notitias,
1554 3911 1792 3963 salutan-

201 3993 327 4046 tium
357 3992 625 4063 obsequia
656 3992 729 4046 ita
757 3992 941 4061 accipe
962 4035 976 4060 ,
1004 3996 1060 4047 ut
1090 4010 1385 4065 pauperem
1410 4014 1519 4053 non
1550 4005 1790 4061 contris-

199 4094 274 4138 tes
294 4125 311 4152 ,
338 4100 441 4140 nec
463 4085 561 4139 ulli
593 4083 865 4139 lastidium
894 4087 1261 4141 excusationis
1287 4087 1531 4145 inducas.
1558 4093 1675 4148 Non
1706 4111 1789 4151 re-

198 4180 353 4234 cedat
384 4181 524 4233 liber
550 4178 714 4248 legis,
741 4190 800 4233 ut
828 4181 1089 4249 scriptum
1119 4190 1235 4247 est,
1260 4182 1328 4238 de
1351 4199 1513 4239 manu
1545 4195 1635 4243 tua
1653 4236 1666 4258 ,
1690 4193 1787 4247 sed

199 4274 464 4328 meditare
496 4271 549 4326 in
582 4289 647 4328 eo
669 4274 761 4328 die
788 4288 849 4329 ac
878 4282 1063 4331 nocte.
1086 4275 1177 4333 Sid
1197 4280 1345 4334 enim
1372 4282 1636 4353 scriptum
1670 4297 1788 4346 est;

200 4365 325 4419 Sine
346 4366 643 4434 o/fensione
664 4375 827 4420 estote
856 4364 1090 4435 Iudicis,
1117 4381 1164 4424 et
1193 4369 1422 4440 Graecis,
1451 4384 1499 4431 et
1538 4376 1790 4437 Ecclesia:

198 4454 292 4512 Dei
307 4475 327 4512 τ
348 4460 487 4513 sicut
513 4468 562 4512 et
591 4475 685 4528 ego
706 4459 941 4514 omnibus
965 4478 1058 4531 per
1078 4466 1252 4518 omnia
1278 4468 1456 4537 placeo
1472 4514 1485 4539 ,
1520 4488 1621 4528 non
1651 4488 1792 4547 qum-

198 4567 307 4606 rens
333 4553 481 4621 quod
505 4550 643 4605 mihi'
660 4553 790 4607 utile
817 4563 911 4619 est,
935 4554 1024 4609 sed
1044 4557 1180 4623 quod
1208 4558 1404 4631 multis,
1425 4574 1480 4616 ut
1508 4568 1637 4620 salui
1660 4570 1790 4638 ﬁant

196 4644 371 4716 (lCor.
400 4646 569 4714 1,33,
590 4647 705 4717 55).
730 4647 1043 4720 Priusquam
1066 4652 1275 4719 audias,
1295 4671 1360 4710 ne
1378 4656 1792 4731 judicesquem-

196 4754 354 4807 quam
390 4757 406 4794 ε
443 4751 609 4811 atque
637 4751 763 4796 ante
792 4746 1167 4812 probationem
1197 4753 1556 4808 accusationis
1596 4757 1789 4825 illatae,

199 4835 473 4891 neminem
499 4848 531 4888 a
548 4843 635 4891 tua
662 4839 1042 4893 communione
1064 4844 1366 4912 suspendas
1382 4862 1395 4899 :
1410 4847 1531 4917 quia
1554 4865 1660 4905 non
1684 4852 1793 4907 sla-

199 4928 287 4983 tim
312 4929 410 5001 qui
441 4938 730 4984 aecttsatur
750 4944 876 4984 reus
892 4940 995 4998 est,
1015 4933 1109 4988 sed
1132 4936 1221 5004 qui
1246 4938 1589 4996 cenvineitur
1613 4943 1793 4998 crimi-

200 5035 386 5079 nosus.
400 5022 521 5078 Nec
536 5022 906 5092 praestandum
928 5024 1067 5080 odiis
1088 5025 1425 5097 singulorum
1444 5042 1547 5098 est,
1566 5042 1624 5087 ut
1647 5035 1793 5091 inno-

200 5133 412 5179 centum
447 5123 675 5179 t‘ratrntn
701 5124 1010 5181 dominetur
1038 5126 1232 5195 injuria
1263 5142 1277 5183 :
1309 5129 1612 5199 quinimmo
1635 5130 1794 5185 timor

202 5214 410 5273 Domini
441 5228 572 5272 ante
604 5220 791 5272 oculos
820 5232 1035 5289 semper
1064 5226 1148 5274 est
1188 5219 1465 5276 habendus
1501 5238 1513 5274 :
1543 5228 1597 5275 et
1624 5230 1794 5277 totum

204 5313 335 5378 quod
350 5314 555 5384 agitur.
574 5312 687 5367 Deo
702 5312 985 5367 ethristo
1002 5316 1140 5369 scias
1155 5330 1277 5371 esse
1297 5317 1795 5386 praestandummon

204 5405 456 5473 tempori.
478 5404 609 5457 Nam
634 5404 878 5473 przeterit
895 5404 1062 5475 iigdra
1083 5407 1243 5478 hujus
1261 5408 1468 5473 mundi,
1486 5410 1665 5464 elDeo
1687 5424 1799 5463 ma-

202 5496 517 5564 gisobedire
534 5496 791 5550 convenit
811 5512 971 5566 qttam
994 5497 1321 5567 hominibus,
1336 5501 1427 5573 qui
1452 5503 1554 5557 scit
1576 5511 1801 5569 praeter-

206 5589 292 5657 ita,
323 5590 476 5647 etde
500 5591 691 5645 futuris
714 5592 965 5646 aestimat.
991 5592 1108 5647 Uno
1133 5595 1277 5649 enim
1300 5608 1557 5650 sermmte
1582 5599 1689 5645 tota
1715 5592 1800 5647 lex

205 5688 566 5757 adimpletur:
601 5685 765 5741 Ontne
783 5686 919 5757 quod
941 5687 1031 5740 tibi
1058 5688 1172 5755 fieri
1193 5690 1445 5751 nolueris,
1476 5687 1568 5741 alii
1591 5702 1655 5738 ne
1676 5689 1801 5755 [ece-

207 5782 271 5836 ris
286 5778 511 5853 (Matth.
526 5788 619 5850 vlt,
640 5777 749 5851 η).
773 5778 927 5836 Domi
953 5780 995 5838 si
1016 5780 1131 5838 ﬁeri
1160 5790 1338 5852 potest
1366 5777 1666 5852 postposita
1684 5790 1799 5845 per-

1894 3231 2032 3301 gelis
2054 3272 2069 3297 ,
2094 3232 2146 3287 iu
2170 3233 2432 3299 sapientia
2454 3278 2468 3302 ,
2496 3236 2548 3288 in
2576 3234 2908 3291 hominibus.
2934 3238 3067 3303 Quae
3088 3241 3267 3294 omnia
3291 3242 3335 3295 si
3358 3241 3483 3297 dili-

1892 3336 2088 3399 genter
2114 3330 2377 3399 aspicias,
2413 3331 2577 3385 totius
2610 3332 2661 3385 in
2696 3332 2779 3387 Itis
2804 3332 3253 3401 dispositionibus
3279 3334 3475 3393 Eccle-

1893 3424 1990 3477 siae
2036 3422 2323 3477 catholicae
2360 3421 2709 3478 luttdameuta
2763 3439 3081 3493 cegnosces.
3135 3428 3203 3483 Et
3251 3445 3349 3500 per
3379 3430 3478 3488 bos

1893 3515 2092 3585 gradus
2113 3557 2127 3581 ,
2166 3516 2211 3570 si
2243 3516 2495 3570 universa
2524 3515 2914 3571 observaveris
2939 3533 3061 3587 quae
3090 3523 3292 3591 scripta
3319 3535 3475 3593 sunt,

1894 3606 2039 3661 Deus
2065 3608 2172 3662 erit
2199 3608 2253 3663 in
2282 3609 2542 3667 memoria
2568 3624 2681 3679 tua,
2714 3622 2770 3669 et
2791 3622 2844 3667 tu
2875 3614 2927 3671 in
2955 3612 3173 3669 domum
3213 3625 3355 3673 tuam
3386 3636 3475 3682 re-

1894 3700 2145 3754 verteris.

1965 3811 2005 3867 Ι.
2046 3812 2124 3867 De
2151 3815 2315 3881 primo
2342 3811 2507 3884 gradu
2533 3810 2801 3879 Ecclesim,
2834 3814 2918 3885 qui
2946 3811 3312 3872 Fossariorum
3345 3820 3474 3875 ordo

1893 3920 1984 3966 est.
2036 3909 2245 3962 Primus
2276 3906 2436 3976 igitur
2479 3907 2531 3962 itt
2561 3906 2776 3962 clericis
2806 3905 3163 3964 lossariorum
3192 3912 3327 3967 ordo
3356 3923 3474 3971 est:

1893 4004 1982 4074 qui
2013 4003 2064 4055 in
2095 4001 2501 4055 similitudinem
2526 4000 2707 4056 Tobiat
2736 4002 2906 4058 sancti
2928 4046 2941 4069 ,
2967 4005 3202 4075 sepelire
3231 4019 3476 4065 mortuos

1893 4095 2291 4159 admonentur,
2346 4101 2402 4147 ut
2454 4093 2769 4148 exhibentes
2816 4094 3109 4151 visibilium
3157 4112 3337 4152 rerum
3378 4114 3477 4153 en.

1895 4202 2012 4243 ram
2037 4226 2053 4251 ,
2095 4185 2161 4240 ad
2205 4185 2554 4241 invisibilium
2584 4185 2880 4245 festinent:
2923 4198 2977 4243 et
3021 4190 3475 4245 resurrectionem

1892 4282 2071 4339 carnis
2100 4282 2391 4337 credentes
2441 4282 2493 4335 in
2540 4280 2789 4346 Domino,
2838 4291 3009 4337 totum
3057 4282 3199 4353 quod
3249 4281 3474 4353 iaciunt,

1900 4376 2009 4429 Deo
2034 4390 2092 4429 se
2142 4385 2427 4443 praestare,
2482 4390 2587 4429 non
2634 4374 2865 4431 mortuis
2914 4384 3267 4446 cognoscant.
3313 4376 3477 4431 Tales

1896 4483 2027 4538 ergo
2059 4470 2319 4523 lossarios
2338 4482 2462 4523 esse
2486 4467 2744 4524 Ecclesiae
2766 4470 3049 4535 convenit,
3080 4470 3256 4537 qualis
3282 4467 3479 4524 Tobias

1897 4560 2157 4632 propheta
2188 4559 2323 4615 fuit:
2354 4562 2473 4629 ejus
2499 4559 2643 4625 ﬁdei,
2665 4561 2783 4630 ejus
2808 4560 3132 4622 sanctitatis,
3157 4560 3273 4627 ejus
3302 4558 3481 4613 scien-

1896 4655 1984 4708 tim
2012 4661 2173 4723 atque
2201 4654 2434 4707 virtutis.
2467 4652 2584 4713 Non
2616 4665 2747 4721 ergo
2780 4661 2937 4719 putes
2962 4665 3185 4719 parvum
3215 4664 3340 4705 esse
3360 4650 3478 4705 olli-

1895 4748 2033 4803 cium
2068 4748 2443 4810 fossariorum.
2482 4755 2577 4802 aut
2603 4747 2745 4800 sicut
2767 4745 2955 4800 caueri
2980 4744 3296 4801 sacerdotes
3319 4745 3374 4801 in
3402 4747 3478 4803 la-

1897 4842 2057 4898 mulis
2088 4842 2182 4895 Dei
2228 4841 2503 4913 despicias
2532 4847 2958 4904 Sacramentum,
3000 4852 3065 4891 ac
3095 4836 3213 4906 plus
3236 4836 3482 4895 diverso-

1897 4949 2014 4988 rum
2071 4934 2243 4995 servis
2288 4935 2503 4989 dercras
2553 4932 2639 4988 vel
2691 4931 2920 4999 amicis,
2974 4946 3137 5001 quam
3180 4932 3378 4988 Chrisn
3427 4933 3481 4989 in

1898 5025 2119 5095 templo,
2150 5040 2272 5080 cum
2320 5040 2509 5094 preces
2538 5024 2743 5090 fundis,
2786 5025 2939 5096 cujus
2964 5028 3206 5084 membra
3239 5046 3474 5088 venera-

1898 5124 1995 5189 ris,
2044 5138 2168 5181 cum
2212 5124 2463 5179 omnibus
2493 5120 2819 5195 participare
2850 5131 2904 5179 te
2932 5126 3210 5194 convenit,
3255 5143 3363 5185 non
3392 5141 3485 5180 so-

1900 5216 2006 5271 lum
2040 5216 2092 5269 in
2120 5215 2299 5280 altari,
2327 5214 2423 5270 sed
2459 5225 2513 5270 et
2538 5215 2706 5283 domi,
2748 5231 2868 5270 cum
2900 5217 3152 5274 omnibus
3187 5233 3308 5274 esse
3354 5234 3484 5271 con-

1902 5312 2097 5374 vivam,
2139 5322 2299 5381 atque
2348 5308 2489 5362 inter
2528 5306 2855 5364 domesticos
2899 5311 3132 5380 parietes
3165 5309 3486 5378 simpliciter

1903 5405 2166 5461 residere.
2200 5404 2255 5460 Si
2309 5418 2459 5456 amas
2507 5392 2730 5456 Tobiam
2780 5398 3123 5472 prOphetatn,
3169 5413 3225 5458 et
3270 5408 3313 5456 si
3366 5402 3482 5473 ejus

1902 5497 2130 5551 imitaris
2158 5494 2486 5562 exemplum,
2542 5494 2587 5546 si
2636 5492 2832 5562 imples
2876 5491 3018 5563 quod
3052 5492 3318 5562 scriptum
3353 5502 3437 5549 est
3467 5514 3481 5549 :

1908 5588 2013 5652 Qui
2040 5587 2217 5653 recipit
2245 5585 2549 5653 prophetam
2582 5586 2633 5636 in
2660 5586 2860 5637 nomine
2883 5586 3167 5654 prapheta',
3203 5589 3485 5643 mercedem

1909 5679 2166 5749 prapttette
2193 5677 2402 5746 accipiet
2441 5675 2653 5745 (Matth.
2691 5693 2723 5731 χ
2742 5719 2755 5741 ,
2780 5674 2873 5745 bl)
2902 5693 2913 5728 :
2948 5690 3078 5731 cave
3107 5690 3175 5733 ne
3204 5677 3331 5734 huic
3360 5680 3486 5733 olli-

1911 5772 1995 5827 cio
2025 5786 2118 5841 per
2158 5770 2462 5841 saperbiam
2520 5779 2663 5825 tuam
2716 5769 2895 5840 aliqua
2942 5768 3210 5841 irrogetur
3254 5771 3478 5842 injuria,
