3998 6198
534 271 635 327 151

1558 262 1613 318 S.
1656 253 2038 315 HIERONYMI
2076 252 2360 312 OPERUM
2400 249 2764 309 MANTISSA.

3716 251 3818 308 152

533 402 694 457 quam
727 386 917 449 laicus,
941 383 1030 454 qui
1063 380 1238 437 minor
1268 389 1350 435 est
1380 378 1569 444 Tobia,
1617 390 1727 431 non
1753 380 2016 429 moretur.
2045 370 2122 426 Te
2144 376 2192 434 Α
2223 387 2253 425 a
2296 368 2506 424 cunctis
2561 367 2851 424 ﬁdelibus:
2908 382 2971 423 ac
3021 367 3116 424 tibi
3176 366 3293 437 ipse
3345 366 3567 423 odibilis
3623 367 3814 440 factus,

532 483 675 537 enim
710 482 777 534 ita
812 479 878 533 de
910 477 1003 531 Dei
1038 475 1297 530 membris
1341 481 1557 543 oportet
1586 468 1789 524 habere
1831 467 2117 534 judicium,

531 582 593 628 ut
664 572 935 639 intelligas
1001 566 1264 623 Ecclesiae
1332 572 1756 620 sacramentum.
1821 556 2120 627 Religionis

528 666 674 721 enim
704 673 757 718 et
782 661 1084 715 sanctitatis
1111 668 1213 724 est,
1247 657 1389 727 quod
1419 656 1705 723 episcopus
1744 650 1943 705 diceris
1964 691 1979 716 ,
2011 665 2118 703 non

528 758 759 812 Romani
788 754 1101 809 consulatus
1132 760 1225 807 aut
1260 750 1414 820 juris.
1450 749 1507 803 Si
1560 750 1663 801 hoc
1693 745 1775 799 vis
1806 759 1930 800 esse
1974 743 2120 814 quod

527 849 705 902 factus
738 862 818 914 es,
850 860 1006 900 serva
1037 844 1284 899 ordinem
1330 854 1499 907 tuum,
1552 839 1840 905 locumque
1882 835 2115 890 custodi.

527 942 685 997 Defer
738 939 1052 1010 prophetae,
1100 944 1160 991 ut
1203 936 1468 1005 propheta
1522 931 1725 987 serviat
1780 928 1897 983 tibi.
1947 928 2119 997 Dilige

526 1033 780 1105 mysteria
834 1031 955 1095 Dei,
988 1040 1047 1084 ut
1092 1028 1290 1083 ameris
1337 1043 1365 1078 a
1415 1024 1656 1079 Christo.
1711 1020 1834 1076 Noli
1880 1020 2119 1090 aliquem

524 1126 847 1181 contristare
900 1123 1112 1188 illicite,
1163 1129 1259 1174 aut
1309 1118 1515 1187 iujttsto
1560 1114 1688 1169 odio
1719 1111 2115 1183 prosequaris:

523 1222 648 1293 quia
692 1220 835 1275 sicut
875 1228 930 1272 tu
958 1214 1161 1272 Christi
1201 1228 1284 1278 es,
1317 1212 1396 1265 sic
1433 1219 1487 1265 et
1524 1208 1601 1263 illi
1632 1206 1834 1261 Christi
1866 1214 2031 1259 sunt:
2066 1212 2122 1258 et

523 1330 685 1372 nemo
716 1324 912 1384 potens
944 1319 1030 1366 est
1054 1310 1108 1363 in
1150 1307 1253 1361 hoc
1283 1303 1510 1369 steculo,
1540 1300 1630 1371 qui
1661 1299 1899 1369 aliquem
1927 1311 2120 1352 servo-

522 1426 644 1465 rum
672 1422 892 1464 suorum
917 1404 1045 1458 velit
1074 1402 1143 1456 ab
1172 1400 1291 1453 aliis
1314 1396 1651 1452 conculcari.
1704 1394 1785 1448 Tu
1824 1393 1941 1463 ipse
1981 1407 2123 1462 quo-

524 1516 653 1572 que,
682 1499 727 1553 si
755 1499 988 1552 libenter
1016 1492 1288 1563 accipias,
1335 1489 1480 1559 quod
1520 1487 1767 1542 dicturus
1807 1501 1947 1552 sum,
1980 1498 2119 1538 cun-

526 1602 738 1646 ctorum
763 1586 979 1642 famulis
1018 1594 1240 1655 pr0pter
1260 1597 1377 1651 eos,
1406 1580 1605 1651 quibus
1647 1578 1907 1643 serviunt,
1947 1576 2122 1631 bono-

527 1700 643 1740 rem
677 1681 857 1738 defers
889 1700 903 1736 :
946 1689 1107 1751 atque
1133 1690 1571 1747 unumquemque
1611 1681 1772 1744 prout
1815 1682 2009 1744 potens
2035 1683 2119 1727 est

2227 478 2463 516 amaram
2494 463 2659 516 vitam
2685 462 2738 516 in
2769 461 2971 517 sarculo
2993 461 3313 517 retentabis.

2294 556 2358 609 ll.
2410 554 2489 609 De
2522 557 2749 610 secundo
2798 557 2967 625 gradu
3011 554 3295 621 Ecclesiae,
3342 557 3432 627 qui
3473 556 3813 614 Ostiariorunt

2225 649 2351 701 ordo
2375 658 2469 703 est.
2498 679 2569 689 —
2590 648 2873 704 Secundus
2895 649 3243 704 ostiarinrum
3272 648 3421 703 locus
3448 659 3559 716 est,
3585 654 3676 720 qui
3707 654 3812 708 cla-

2224 759 2316 798 ves
2344 745 2497 814 regni
2519 746 2782 800 ccelorum
2808 754 3017 807 tenent,
3064 759 3183 814 qua:
3230 744 3561 813 patriarchis
3599 746 3808 814 dantur,

2222 840 2479 907 quoniam
2511 849 2749 906 prtcsunt
2778 838 2951 907 portis
2996 836 3324 902 Jerusalem,
3362 844 3526 908 atque
3555 839 3699 897 inter
3726 842 3813 897 ho-

2221 947 2351 987 num
2377 941 2434 987 et
2470 931 2670 987 malum
2724 932 2985 987 habentes
3029 929 3318 1000 judicium,
3374 932 3630 1002 aperiunt
3674 936 3811 1005 quod

2224 1040 2385 1080 nemo
2414 1026 2641 1089 claudit,
2685 1033 2741 1079 et
2771 1024 3033 1078 claudunt
3070 1024 3214 1094 quod
3256 1040 3417 1079 nemo
3454 1028 3649 1097 aperit.
3696 1028 3809 1084 .latu

2223 1118 2314 1173 hic
2339 1120 2687 1174 considerare
2728 1128 2779 1174 te
2807 1118 3082 1182 convenit,
3112 1134 3234 1188 qua:
3264 1120 3412 1174 circa
3439 1122 3699 1177 ostiarios
3722 1124 3811 1179 Dei

2224 1210 2385 1266 debet
2410 1226 2531 1266 esse
2556 1210 2862 1282 diligentia,
2886 1220 3084 1281 quanta
3109 1210 3197 1265 his
3228 1212 3488 1269 membris
3512 1223 3676 1285 atque
3701 1216 3814 1271 ofﬁ-

2182 1342 2185 1345 λ
2223 1305 2323 1358 ciis
2352 1303 2651 1359 reverentia
2677 1320 2771 1373 per
2800 1314 2855 1359 te
2876 1303 3170 1359 deferenda
3194 1305 3285 1359 sit.
3318 1305 3524 1361 Intrare
3553 1309 3812 1378 templum

2222 1395 2328 1451 nisi
2358 1411 2455 1465 per
2486 1396 2586 1452 bos
2626 1413 2734 1451 non
2778 1406 2949 1467 potes.
2996 1396 3063 1450 Hi
3092 1397 3235 1451 enim
3268 1408 3394 1452 sunt
3433 1397 3669 1455 ordinati
3719 1417 3816 1471 per

2227 1488 2374 1544 vices
2404 1504 2552 1556 suas,
2587 1499 2647 1544 ut
2678 1489 2859 1545 omnia
2890 1505 3012 1561 quae
3043 1490 3190 1545 intus
3238 1503 3389 1555 sunt,
3428 1501 3690 1564 extraque
3722 1511 3815 1549 cu-

2224 1583 2485 1650 stodiant,
2508 1594 2668 1654 atque
2699 1584 2926 1654 perfecti
2950 1583 3008 1638 in
3037 1584 3289 1640 omnibus
3316 1584 3501 1642 ﬁdeles
3527 1587 3809 1659 recipiant,

2224 1687 2481 1743 respuant
2512 1676 2779 1732 inﬁdeles.

530 1780 646 1851 ejus
670 1776 952 1841 Dominus,
978 1775 1276 1829 veneraris.
1313 1773 1407 1825 Dic
1430 1770 1557 1824 mihi
1576 1814 1591 1837 ,
1617 1782 1821 1839 quaeso,
1853 1767 1976 1837 quis
2001 1783 2115 1822 ma-
2144 1765 2194 1829 Β
2293 1768 2379 1823 lll.
2420 1766 2500 1823 De
2531 1770 2680 1823 tertio
2694 1769 2863 1842 gradu
2881 1767 3147 1833 Ecclesiw,
3164 1769 3255 1840 qui
3274 1768 3548 1826 Lectorum
3569 1775 3699 1828 ordo
3724 1786 3809 1831 est.

526 1873 615 1943 jor
640 1881 725 1930 est
754 1867 1013 1926 Christo?
1040 1876 1137 1922 aut
1180 1863 1267 1919 cui
1316 1873 1524 1917 tantum
1567 1862 1753 1926 debes,
1794 1860 1886 1928 qui
1928 1875 2027 1929 pro
2068 1869 2122 1916 te

530 1965 845 2035 sanguinem
880 1976 1035 2015 suum
1072 1958 1235 2022 fudit,
1268 1964 1325 2011 et
1349 1954 1440 2025 qui
1472 1962 1525 2009 te
1555 1952 1817 2007 Ecclesia:
1840 1966 1953 2005 suae
1981 1967 2123 2020 pra:-

530 2054 730 2123 posuit,
758 2062 814 2108 et
858 2053 949 2123 qui
989 2063 1042 2106 te
1071 2049 1359 2105 honoravit
1395 2047 1449 2100 in
1490 2045 1724 2110 cunctis,
1757 2046 1845 2115 qui
1876 2044 2119 2098 omnium

526 2152 621 2205 tibi
652 2149 957 2204 divinorum
991 2150 1330 2199 sacramenta
1359 2139 1666 2194 concessit?
1697 2137 1966 2206 Numquid
2006 2153 2123 2193 me-

526 2251 678 2297 retur
720 2239 983 2294 Dominus
1027 2236 1171 2292 Deus
1211 2242 1358 2299 tuus,
1395 2243 1450 2285 ut
1480 2246 1604 2285 cum
1640 2232 1753 2284 haec
1802 2230 2122 2299 praestiterit

527 2342 750 2405 propter
772 2330 1064 2386 bonitatem
1088 2337 1142 2382 et
1163 2322 1588 2381 misericordiam
1617 2337 1792 2389 suam,
1823 2336 2121 2377 conservos

527 2438 650 2481 tuos
684 2422 984 2493 deprimas,
1031 2418 1260 2487 deroges
1302 2414 1544 2479 Christo,
1576 2426 1640 2465 ac
1681 2411 1884 2465 nullum
1931 2412 2035 2465 nisi
2069 2423 2121 2468 te

528 2522 705 2577 solum
752 2529 912 2589 putes
960 2514 1026 2570 ad
1073 2510 1360 2566 Dominum
1412 2507 1733 2577 pertinere:
1765 2508 1861 2561 tibi
1910 2516 2121 2561 tantum

529 2612 811 2669 existimes
881 2601 1239 2662 reverentiam
1306 2597 1697 2664 deferendam,
1773 2612 1837 2653 ac
1893 2598 2122 2654 famulos

532 2702 739 2761 Christi
764 2702 818 2755 in
837 2695 1250 2755 conversatione
1281 2692 1377 2747 tibi
1401 2691 1778 2758 creditos,non
1808 2690 1862 2745 in
1879 2690 2122 2746 ministe-

531 2794 613 2850 rio
638 2801 699 2848 ut
727 2791 929 2845 liberos
958 2788 1182 2851 habeas,
1212 2784 1309 2840 sed
1342 2793 1398 2837 ut
1441 2797 1634 2838 servos
1659 2780 1716 2836 in
1746 2780 2123 2839 dominatione

531 2883 853 2957 possideas?
896 2882 1021 2935 Haec
1048 2878 1193 2933 enim
1222 2892 1330 2948 pra:
1368 2874 1582 2932 caeteris
1612 2874 1754 2929 Deus
1783 2874 2026 2942 damnat,
2065 2884 2122 2930 et

532 2978 668 3035 nihil
706 2975 923 3048 gravius
959 2974 1083 3038 fert,
1124 2985 1286 3041 quam
1338 2979 1412 3036 ut,
1463 2981 1583 3021 cum
1615 2967 1758 3021 scias
1807 2964 2121 3023 hominibus

532 3068 909 3134 deferendum,
937 3065 1049 3121 Deo
1095 3064 1211 3134 ipse
1256 3075 1365 3117 non
1421 3058 1679 3137 deferas:
1732 3072 1853 3112 cum
1902 3073 2117 3114 servum

2224 1891 2296 1902 —
2322 1861 2543 1917 Tertius
2591 1864 2852 1918 lectorum
2885 1862 3023 1917 ordo
3049 1872 3152 1931 est,
3195 1865 3287 1935 qui
3339 1866 3471 1936 Deo,
3517 1864 3738 1924 Christo
3763 1880 3813 1925 et

2179 1995 2187 2001 .
2226 1957 2501 2026 prophetis
2526 1957 2707 2021 datur,
2732 1957 3028 2012 secundum
3059 1959 3201 2028 quod
3231 1961 3496 2030 scriptum
3518 1971 3636 2018 est:
3663 1962 3814 2019 Exul-

2188 2106 2189 2109 η
2224 2058 2276 2102 ta
2306 2065 2473 2103 vocem
2515 2058 2678 2116 tuam,
2708 2060 2756 2103 et
2777 2051 2862 2103 dic
2882 2066 2901 2103 :
2949 2048 3134 2104 Omnis
3180 2067 3303 2106 caro
3331 2054 3528 2125 fenum,
3557 2066 3605 2110 et
3654 2058 3813 2111 omnis

2223 2141 2391 2213 gloria
2411 2142 2634 2195 hominis
2663 2142 2795 2195 sicut
2825 2145 2923 2212 ﬂos
2951 2143 3095 2211 feni:
3123 2144 3261 2197 aruit
3289 2145 3489 2212 fenum,
3523 2158 3569 2200 et
3600 2152 3699 2218 [los
3728 2150 3814 2204 dc-

2223 2236 2385 2302 cidit,
2412 2236 2619 2290 verbum
2644 2245 2811 2289 autem
2842 2236 3054 2290 Domini
3083 2249 3255 2292 manet
3279 2240 3332 2292 in
3376 2251 3632 2295 (uernum
3677 2241 3810 2313 (Isa.

2224 2343 2315 2393 ιι,
2349 2329 2403 2394 6,
2437 2328 2489 2396 7,
2522 2327 2598 2399 8).
2629 2328 2868 2398 Denique
2892 2329 3154 2384 Dominus
3181 2340 3367 2388 noster
3396 2334 3582 2404 legens
3612 2336 3667 2391 in
3691 2346 3814 2391 tem-

2224 2423 2343 2493 plo,
2371 2421 2601 2479 formam
2628 2423 2855 2480 lectoris
2890 2427 3207 2497 assumpsit.
3239 2427 3302 2482 Hi
3334 2438 3463 2485 sunt
3490 2446 3623 2503 ergo
3654 2434 3815 2489 lecto-

2226 2531 2336 2582 res,
2354 2518 2445 2586 qui
2474 2525 2691 2571 cantant
2719 2519 2989 2574 canticum
3019 2520 3186 2591 Moysi
3210 2530 3265 2576 et
3286 2524 3422 2594 Agni
3456 2542 3468 2577 :
3501 2526 3554 2579 hi
3581 2516 3703 2581 sunt
3730 2531 3816 2600 qui

2224 2617 2508 2676 sequuntur
2530 2608 2921 2664 immaculatum
2960 2610 3162 2683 Agnum
3205 2629 3527 2686 quocumque
3564 2619 3703 2685 ierit,
3730 2624 3815 2691 qui

2223 2716 2339 2753 cum
2368 2700 2663 2755 mulieribus
2690 2717 2742 2755 se
2765 2718 2865 2756 non
2887 2704 3348 2773 coinquinaverunt
3382 2748 3397 2772 ,
3419 2708 3641 2782 virgines
3676 2715 3810 2767 enim

2225 2802 2345 2846 sunt
2376 2792 2563 2864 (Apoc.
2610 2809 2723 2859 xiv,
2781 2792 2900 2866 xv).
2935 2793 3138 2850 Horum
3182 2812 3442 2854 numerus
3483 2812 3564 2856 est
3594 2806 3814 2875 angelo-

2225 2901 2341 2940 rum
2374 2903 2387 2939 :
2424 2896 2479 2940 et
2504 2902 2704 2943 nomen
2733 2887 2926 2958 Angeli
2962 2892 3360 2946 convenienter
3382 2894 3653 2950 sacerdoti
3691 2899 3815 2953 ada-

2224 2986 2428 3047 ptatur,
2446 2979 2536 3050 qui
2560 2994 2731 3050 usque
2754 2980 2890 3035 adeo
2916 2982 3152 3051 aequales
3175 2982 3271 3037 tibi
3298 2995 3425 3039 sunt
3445 3001 3541 3055 per
3559 2987 3677 3043 haec
3697 2991 3815 3045 ofﬁ-

2223 3072 2308 3128 cia
2337 3071 2662 3140 sanctitatis,
2695 3074 2834 3129 sicut
2857 3074 3123 3144 scriptum
3152 3075 3285 3147 legis
3315 3094 3328 3129 :
3362 3076 3621 3135 Sacerdos
3641 3084 3730 3152 qui
3754 3084 3815 3137 de

532 3163 795 3237 principis
836 3170 998 3232 atque
1027 3158 1147 3229 ejus
1172 3156 1380 3211 militiae
1417 3154 1735 3223 deputatum
1769 3154 2019 3222 persequi
2064 3164 2118 3209 et
2140 3157 2193 3225 α
2224 3180 2311 3218 ore
2335 3180 2429 3218 suo
2458 3164 2655 3233 profer:
2697 3165 2979 3236 justitiam,
3031 3176 3082 3220 et
3124 3167 3508 3236 exquirentibus
3545 3176 3816 3228 annuntiat

533 3263 803 3317 lacessere
838 3272 946 3312 non
973 3254 1195 3317 audeas,
1225 3266 1320 3307 eos
1348 3250 1440 3321 qui
1484 3248 1606 3303 veri
1657 3247 1750 3302 Dei
1780 3248 1925 3302 servi
1963 3259 2116 3316 sunt,

531 3364 586 3410 et
616 3369 743 3409 vero
774 3350 975 3407 Christi
1007 3348 1321 3404 charactere
1352 3344 1567 3413 censiti,
1617 3360 1680 3399 ac
1726 3359 1823 3414 per
1865 3343 2119 3413 baptismi

531 3448 761 3517 gratiam
791 3443 979 3507 liberi,
1011 3452 1065 3496 et
1088 3454 1184 3510 per
1206 3438 1497 3493 clericatus
1525 3435 1765 3491 ofﬁcium
1798 3436 2117 3501 militantes,

530 3538 818 3608 abjectioni
853 3546 1009 3605 putes
1036 3545 1090 3589 et
1135 3532 1449 3604 ignominia:
1487 3530 1864 3601 deputandos:
1900 3540 1958 3585 ut
2000 3530 2122 3602 plus

533 3630 805 3685 interdum
833 3629 973 3696 apud
1010 3626 1400 3681 conscientiam
1436 3635 1602 3691 tuam,
1643 3624 1690 3679 si
1720 3624 1978 3694 injuriam
2012 3638 2120 3679 non

533 3724 695 3777 faciat
723 3728 908 3775 nostra
935 3718 1231 3788 correptio,
1263 3719 1437 3771 servis
1463 3732 1621 3784 quam
1654 3715 1866 3771 clericis
1888 3731 2079 3787 parcas
2104 3733 2117 3769 ε

532 3828 588 3872 ct
612 3816 666 3870 in
694 3813 779 3869 his
808 3814 1040 3883 aliquem
1068 3810 1413 3866 vernaculum
1439 3811 1654 3880 diligas,
1674 3811 1796 3866 illos
1817 3810 1966 3866 velut
1988 3812 2119 3866 alie-

533 3922 634 3962 nos
661 3906 951 3976 despicias,
973 3915 1022 3959 et
1053 3903 1210 3957 malis
1232 3902 1433 3957 mundo
1454 3902 1669 3971 placere
1697 3919 1856 3973 quam
1876 3902 2116 3958 Christo.

535 4001 641 4057 Pro
669 3998 798 4065 ﬁde,
845 4014 946 4070 pro
1005 3998 1292 4067 religione,
1343 4011 1441 4068 pro
1492 3998 1770 4067 proposito
1820 3997 2120 4053 sanctitatis

532 4092 753 4150 deferre
779 4090 1053 4148 interdum
1079 4090 1311 4146 clericus
1336 4104 1501 4145 servo
1528 4090 1841 4159 cogiturzet
1869 4090 1934 4143 ad
1964 4088 2120 4160 igno-

532 4188 753 4242 miniam
801 4202 908 4241 non
954 4184 1259 4251 ferendam,
1294 4184 1416 4239 vilis
1460 4184 1733 4254 iudicatur
1780 4186 1835 4239 in
1885 4185 2115 4252 mundo,

530 4280 621 4350 qui
644 4292 888 4335 summus
918 4278 973 4333 in
1002 4277 1145 4333 caelo
1184 4286 1286 4333 est.
1318 4278 1486 4332 ltecte
1517 4278 1634 4332 haec
1660 4276 1935 4348 repudias,
1971 4287 2120 4334 recte

531 4374 633 4427 ista
678 4386 786 4427 non
812 4385 1017 4439 servas,
1049 4371 1095 4425 si
1140 4369 1427 4441 episcopus
1455 4385 1577 4426 esse
1606 4386 1713 4426 non
1742 4371 1843 4439 vis,
1874 4370 1919 4426 si
1947 4372 2117 4429 ctelo-

524 4481 645 4520 rum
675 4479 838 4535 regna
866 4463 1188 4529 contemnis,
1220 4464 1266 4519 si
1289 4464 1498 4519 nullum
1528 4479 1650 4519 cum
1675 4464 1788 4518 Deo
1813 4462 1998 4534 cupias
2020 4464 2117 4519 ha-

2224 3258 2509 3323 veritatem,
2537 3258 2748 3327 angelus
2778 3260 3144 3323 omnipotentis
3163 3257 3262 3314 Dei
3287 3272 3360 3315 est
3375 3260 3634 3333 (Malach.
3660 3282 3718 3333 tt,
3738 3267 3812 3339 1).

2296 3349 2385 3407 ιν.
2430 3349 2504 3404 De
2541 3359 2727 3420 quarto
2754 3352 2920 3421 gradu
2947 3350 3218 3419 Ecclesiae,
3251 3358 3339 3424 qui
3367 3354 3818 3415 Subdiaconorum

2226 3443 2354 3497 ordo
2381 3452 2475 3498 est.
2507 3471 2577 3481 —
2603 3441 2840 3510 Quartus
2893 3443 3279 3500 ecclesiasticae
3339 3447 3714 3519 dispositionis
3765 3454 3817 3507 in

2205 3523 2556 3590 ‘subdiacono
2586 3544 2669 3588 est
2698 3535 2853 3599 ordo,
2881 3535 2973 3604 qui
3008 3535 3060 3589 iu
3108 3534 3276 3590 Esdra
3309 3536 3599 3596 Nathinnei
3630 3544 3816 3613 appel-

2224 3627 2425 3697 lantur,
2460 3628 2513 3683 iu
2565 3627 2873 3684 humilitate
2927 3628 3155 3684 Domino
3211 3629 3539 3689 servientes.
3590 3634 3818 3706 Propter

2226 3723 2329 3776 hoc
2360 3721 2413 3775 in
2454 3720 2747 3790 Evangelia
2776 3721 2999 3775 Joannis
3043 3721 3202 3777 Jesus
3249 3720 3316 3777 ad
3351 3722 3653 3781 Nathauael
3698 3728 3772 3783 ait
3802 3748 3816 3783 :

2225 3811 2363 3867 Ecce
2390 3829 2504 3867 vere
2533 3811 2795 3879 Israelita,
2824 3814 2877 3867 in
2903 3829 3004 3885 quo
3030 3813 3181 3867 dolus
3204 3830 3308 3869 non
3334 3825 3430 3870 est.
3460 3816 3561 3873 Cui
3590 3834 3819 3891 respon-

2223 3906 2358 3961 dens
2406 3906 2701 3961 Nathanael
2755 3906 2933 3961 dixit:
2972 3904 3221 3978 Magister
3249 3907 3387 3962 unde
3433 3927 3513 3965 me
3543 3914 3723 3969 nosti?
3752 3914 3821 3969 Et

2222 4000 2299 4052 ait
2324 3998 2519 4054 Jesus:
2550 3999 2837 4069 Antequam
2876 3996 3155 4069 Philippus
3181 4009 3227 4053 te
3253 4012 3455 4055 vocaret
3480 4019 3499 4069 ;
3546 4020 3661 4057 cum
3687 4022 3819 4060 esses

2222 4093 2314 4147 sub
2345 4094 2449 4163 ﬁcu
2486 4094 2604 4147 novi
2648 4102 2696 4147 te
2748 4091 2997 4163 (Joan.l,
3034 4093 3126 4159 47,
3166 4093 3281 4164 48).
3326 4094 3478 4162 Quod
3528 4106 3819 4169 propterea

2222 4190 2482 4258 scriptum
2510 4198 2592 4243 est
2616 4230 2631 4253 ,
2664 4197 2723 4243 ut
2752 4196 2806 4241 tu
2829 4187 2948 4256 ejus
2971 4186 3147 4241 locum
3171 4186 3697 4261 dispositionemque
3727 4209 3820 4247 co-

2221 4296 2469 4351 gnoscas.
2502 4280 2800 4351 Propterea
2826 4278 3087 4334 Dominus
3116 4290 3301 4335 noster
3331 4285 3553 4353 formam
3577 4286 3711 4339 servi
3733 4303 3818 4339 ac-

2222 4375 2433 4447 cipiens,
2465 4374 2758 4429 humiliari:
2784 4391 2839 4429 se
2865 4392 3021 4447 usque
3045 4375 3114 4429 ad
3138 4386 3375 4445 mortem,
3403 4388 3619 4434 mortem
3649 4392 3820 4438 autem

2222 4471 2404 4525 crucis.
2429 4470 2653 4540 Propter
2678 4469 2822 4541 quod
2853 4485 3068 4538 semper
3092 4486 3231 4543 genu
3248 4472 3389 4527 flexo
3416 4488 3575 4530 orare
3595 4477 3820 4533 manda-

526 4559 656 4614 bere
696 4556 1056 4613 consortium.
1089 4556 1247 4613 Certe
1276 4556 1325 4611 si
1354 4557 1583 4612 electum
1613 4568 1664 4612 te
1688 4572 1718 4611 a
1746 4557 1857 4612 Deo
1884 4557 2121 4628 gratula-
2144 4554 2198 4615 D
2226 4581 2366 4620 mur.
2393 4564 2572 4620 Omnis
2588 4565 2722 4619 enim
2744 4567 2831 4635 qui
2858 4581 2911 4619 se
2930 4562 3192 4631 humiliat,
3209 4566 3551 4635 exaltabitur;
3576 4580 3625 4625 et
3650 4572 3741 4642 qui
3764 4590 3818 4628 se

528 4653 627 4717 ris,
657 4654 702 4707 si
730 4651 932 4706 factum
975 4663 1025 4705 te
1053 4660 1322 4721 pastorem
1355 4651 1551 4719 gregis,
1589 4647 1636 4702 si
1681 4658 1731 4703 te
1755 4659 1997 4705 creatum
2029 4665 2119 4705 sa-

528 4752 801 4809 cerdotem
828 4752 1043 4807 clericis
1071 4750 1441 4821 recognoscis,
1484 4748 1733 4804 laborare
1774 4748 2017 4815 debebis,
2052 4768 2119 4808 ne

528 4856 624 4910 tihi
650 4865 738 4909 tua
767 4855 1007 4911 membra
1037 4854 1378 4924 displiceant,
1410 4868 1479 4907 ne
1508 4852 1562 4906 id
1604 4851 1748 4923 quod
1791 4852 1988 4907 Christi
2037 4866 2122 4910 est

526 4958 868 5025 reprobetur.
898 4957 985 5013 Sic
1011 4957 1155 5013 enim
1189 4956 1265 5011 ait
1294 4957 1583 5027 Apostolus
1615 4973 1626 5007 :
1658 4953 1928 5025 Numquid
1957 4967 2119 5027 potest

527 5066 681 5127 caput
737 5059 949 5127 pedibus
996 5060 1161 5113 dicere
1189 5076 1208 5113 :
1262 5058 1386 5113 Non
1431 5058 1665 5112 desidero
1708 5076 1866 5129 opera
1918 5061 2121 5115 vestra?

529 5158 703 5215 Unum
751 5158 887 5212 enim
935 5174 1123 5228 corpus
1170 5169 1216 5214 et
1245 5160 1410 5215 multa
1454 5169 1574 5214 sunt
1630 5161 1854 5214 membra
1902 5163 1945 5233 (1
1993 5160 2114 5217 Cor.

523 5280 705 5330 xxxu,
734 5262 815 5333 ‘2).
850 5262 903 5318 Si
945 5272 999 5317 tu
1031 5274 1189 5333 caput
1233 5280 1314 5332 es,
1349 5265 1545 5335 pedum
1578 5265 1671 5319 tibi
1709 5265 1887 5320 ofﬁcia
1928 5280 2121 5321 neces-

522 5370 665 5424 saria
695 5376 862 5423 sunt:
896 5366 1169 5435 pertinere
1215 5366 1281 5421 ad
1332 5366 1591 5422 honorem
1644 5378 1792 5422 tuum
1842 5376 2004 5437 atque
2048 5366 2116 5421 ad

519 5470 877 5528 substantiam
906 5469 1242 5539 corporalem
1274 5468 1457 5538 pedes,
1497 5470 1609 5540 ipse
1636 5470 1922 5541 cognoscis
1956 5488 1967 5523 :
1996 5470 2115 5525 sine

519 5576 626 5642 his,
659 5585 719 5629 ut
740 5576 857 5643 ipse
887 5573 1049 5637 nosti,
1081 5574 1361 5629 ambulare
1403 5590 1509 5629 non
1540 5586 1713 5645 potes.
1748 5576 1811 5631 lli
1857 5586 1911 5631 te
1948 5578 2110 5632 susti-

521 5685 671 5741 nent,
706 5672 762 5726 bi
791 5681 964 5727 totum
991 5688 1187 5744 corpus
1216 5686 1552 5745 promovent,
1586 5678 1638 5732 hi
1669 5678 1906 5748 dirigunt
1929 5688 2109 5748 caput,

513 5774 570 5831 hi
599 5775 835 5847 primum
864 5781 918 5831 te
945 5785 1064 5829 esse
1092 5773 1311 5832 faciunt.
1354 5776 1584 5834 Perditis
1611 5778 1715 5846 his,
1740 5782 2105 5839 contcinneris

2223 4660 2437 4726 exultat,
2464 4658 2823 4712 humiliabitur
2849 4657 3002 4729 (Luc.
3033 4675 3180 4728 xxrv,
3207 4660 3317 4732 11).
3347 4660 3573 4733 Propter
3593 4664 3699 4719 hoc
3722 4662 3822 4721 Αἰ-

2224 4763 2417 4825 gyptus
2443 4751 2883 4821 competentibus
2915 4750 3086 4822 plagis
3136 4753 3439 4822 percutitur
3477 4769 3508 4808 a
3561 4755 3815 4813 Domino.

2225 4845 2353 4898 Haec
2381 4843 2500 4898 dies
2527 4843 2885 4912 profectionis
2934 4860 2999 4898 ex
3038 4843 3296 4917 Egypto,
3348 4846 3548 4916 pascha
3598 4848 3819 4907 Domini

2226 4946 2599 5007 nuncupatur;
2648 4948 2709 4993 ut
2744 4940 2867 5010 quia
2909 4938 3103 5009 pascha
3151 4951 3379 4996 nostrum
3421 4943 3719 4998 immolatus
3744 4956 3819 5000 est

2227 5030 2460 5086 Christus
2505 5032 2549 5101 (l
2597 5030 2718 5088 Cor.
2763 5048 2815 5097 ν,
2848 5033 2923 5103 7),
2957 5032 3347 5102 plenitudinem
3376 5036 3542 5091 totius
3570 5040 3819 5109 mysterii

2222 5136 2385 5197 atque
2416 5126 2769 5193 sacramenti,
2798 5128 2851 5181 in
2879 5126 3273 5199 rerumjofliciis
3294 5143 3682 5200 recognoscas,
3712 5147 3821 5187 nec

2223 5235 2322 5290 per
2351 5220 2716 5289 arrOgantiam
2766 5235 2869 5276 non
2920 5220 3223 5288 ferendam,
3257 5221 3526 5292 despicias
3574 5239 3675 5280 eos
3724 5226 3816 5297 qui

2223 5324 2315 5368 aut
2343 5314 2643 5369 oblationes
2689 5314 2741 5369 in
2786 5315 2992 5386 templo
3022 5316 3117 5371 Dei
3149 5315 3478 5384 suscipiunt,
3507 5326 3603 5372 aut
3632 5335 3821 5376 secre-

2226 5415 2403 5459 torum
2431 5406 2677 5460 omnium
2710 5416 2900 5474 testes,
2949 5408 3239 5477 participes
3284 5406 3448 5463 etiam
3496 5410 3819 5480 passionum

2217 5506 2339 5551 sunt
2361 5506 2411 5550 et
2436 5507 2652 5553 cmtera.
2698 5499 2760 5553 Hi
2792 5500 2937 5555 enim
2972 5499 3131 5570 primi
3158 5499 3428 5555 desideria
3474 5512 3666 5558 nostra
3701 5522 3821 5563 sus-

2217 5590 2445 5660 cipiunt,
2483 5589 2537 5644 hi
2567 5592 2793 5660 probant
2820 5593 2874 5647 in
2908 5595 3061 5649 nobis
3103 5592 3338 5662 optimas
3384 5595 3723 5663 voluntates,
3766 5600 3819 5655 hi

2216 5683 2504 5754 rcputﬁant
2527 5686 2719 5753 malas,
2748 5688 2799 5743 hi
2834 5698 2892 5743 ut
2920 5707 2948 5743 a
2972 5689 3085 5745 Deo
3108 5690 3489 5757 suscipiantur,
3519 5693 3819 5762 assistunt,

2214 5792 2444 5847 quorum
2487 5776 2578 5833 tibi
2611 5779 2751 5838 sicut
2791 5780 3079 5840 visibiliter
3116 5780 3413 5839 ministeria
3463 5782 3661 5841 adesse
3712 5802 3781 5844 co
