3998 6198
175 234 270 292 155

927 227 1259 286 EPISTOLA
1296 224 1409 282 XII.
1470 221 1562 279 DE
1598 216 1872 279 SEPTEM
1909 219 2282 281 0RDINIBUS
2317 218 2694 282 ECCLESUE.

3354 213 3459 276 154

168 353 400 426 gnoscis,
428 352 500 408 ita
531 352 694 409 etiam
728 348 1069 406 invisibiliter
1109 360 1297 417 pacem
1328 351 1384 400 et
1408 339 1755 399 concordiam
1781 336 2044 397 Aofticio
2115 340 2326 397 diaconi
2386 342 2643 399 sacerdos
2672 383 2687 403 ,
2738 340 2883 395 sicut
2946 348 2998 395 et
3050 336 3315 394 diaconus
3365 350 3457 392 sa-

170 444 352 500 utilem
381 460 508 501 esse
539 443 841 515 perpende,
885 456 954 497 ne
997 438 1270 496 coniicere
1310 450 1509 506 corpus
1558 432 1761 489 Christi

167 553 226 594 ac
260 539 583 609 sanguinem
610 538 756 593 ultra
786 552 894 591 non
925 534 1126 605 possis,
1154 534 1201 588 si
1227 539 1489 588 venturus
1526 528 1593 584 ad
1624 528 1760 583 alta-

167 633 299 688 rium
329 631 448 698 Dei,
475 630 741 687 Ecclesia:
769 628 1011 685 membra
1038 626 1367 698 neglexeris.

233 724 294 780 ν.
336 722 418 778 De
454 724 635 792 quinto
680 723 846 796 gradu
885 720 1170 785 Ecclesiw,
1202 718 1290 790 qui
1329 715 1625 771 Levitarum
1672 726 1762 766 seu

165 818 516 873 Diaconorum
541 818 671 871 ordo
697 825 793 870 est.
828 845 899 855 —
929 814 1161 883 Quintus
1192 812 1247 865 in
1280 808 1598 865 diaconibus
1626 802 1761 859 ordo

161 911 492 969 sacramenti
519 919 608 965 est
640 928 654 962 :
684 922 914 978 quorum
934 920 1055 961 sors
1078 906 1222 960 Deus
1250 910 1356 969 est,
1386 900 1478 972 qui
1504 896 1761 954 recedere

158 1005 225 1061 de
254 1003 463 1074 templo
494 1002 712 1058 Domini
734 1001 821 1057 die
849 1016 913 1055 ac
942 1007 1101 1054 nocte
1140 994 1517 1066 prohibentur,
1550 990 1637 1060 qui
1668 1002 1761 1043 co-

156 1100 343 1156 lumna
374 1106 432 1154 et
457 1097 864 1154 fundamentum
900 1093 1145 1150 veritatis
1174 1098 1323 1156 sunt,
1356 1088 1446 1158 qui
1480 1083 1756 1141 Ecclesias

155 1192 257 1249 Dei
283 1191 585 1257 sustinent,
617 1188 709 1258 qui
736 1186 907 1241 altare
941 1182 1139 1238 Christi
1167 1188 1316 1245 sunt,
1345 1179 1398 1232 in
1429 1191 1537 1248 quo
1578 1173 1753 1230 conﬁ-

151 1285 376 1343 ciuntur
402 1290 769 1345 sacramenta,
812 1279 866 1333 in
910 1291 1020 1347 quo
1066 1273 1293 1328 offertur
1332 1270 1556 1326 oblatio.
1611 1265 1751 1335 Quid

153 1392 282 1448 ergo
304 1378 360 1432 in
392 1375 596 1445 templo
624 1372 742 1437 Dei,
773 1379 833 1426 ut
863 1372 979 1439 ipse
1010 1365 1177 1431 nosti,
1202 1362 1569 1419 venerabilius
1588 1358 1751 1414 altari

156 1485 276 1526 esse
304 1467 524 1539 potest?
554 1466 677 1537 quis
716 1478 822 1519 non
851 1476 910 1517 se
936 1460 1003 1515 ad
1050 1472 1293 1513 mensam
1324 1454 1537 1510 Domini
1566 1466 1751 1506 acces-

155 1580 313 1622 surus
342 1561 632 1619 humiliet?
657 1560 722 1615 Et
750 1558 807 1613 hi
828 1563 976 1621 sunt,
1000 1568 1136 1625 quos
1170 1552 1223 1605 in
1258 1547 1583 1620 Apocalypsi
1618 1544 1751 1616 legi—

157 1675 293 1725 mus,
319 1665 526 1727 septem
559 1652 736 1725 angeli
767 1646 1340 1718 Ecclesiarum(Apoc.
1365 1639 1603 1711 t,20),hi
1624 1647 1751 1694 sunt

1863 433 2107 490 cerdotis
2139 454 2154 489 :
2188 451 2287 491 nec
2321 436 2473 491 dives
2496 437 2630 491 sine
2669 448 2927 504 paupere,
2960 446 3059 487 nec
3097 446 3300 503 pauper
3329 430 3447 487 sine

1862 529 2031 587 divite
2076 546 2198 587 esse
2234 540 2429 601 potest.
2464 532 2593 587 Post
2626 529 3089 585 consecrationem
3137 528 3278 583 enim
3327 543 3445 583 om-

1864 626 2011 681 nium
2063 635 2545 693 sacramentorum,
2597 633 2717 694 post
2755 622 3063 688 orationes,
3108 631 3227 686 post
3255 620 3444 675 recita-

1865 720 2040 775 tiones
2070 719 2372 779 nominum,
2399 728 2521 788 post
2542 716 2722 771 omnia
2763 713 3024 786 mysteria
3048 710 3282 775 deitatis,
3319 726 3442 780 per-

1863 809 2028 865 fectio
2062 825 2251 865 rursus
2289 808 2492 865 Levitis
2524 808 2579 863 in
2629 805 2785 861 altari
2821 804 3002 859 datur.
3054 804 3353 869 Diaconus,
3386 812 3444 858 ut

1859 902 2114 973 superius
2140 901 2271 969 dixi,
2298 901 2523 957 calicem
2552 900 2737 963 tradit,
2766 898 2918 953 testis
2959 897 3247 967 passionis,
3289 896 3443 951 testis

1860 995 2302 1066 dispensationis,
2331 995 2483 1047 testis
2519 991 2862 1055 humilitatis,
2889 1005 2957 1045 ne
2978 990 3152 1045 elatus
3176 990 3228 1043 in
3258 1003 3443 1058 super-

1859 1087 2001 1141 biam
2030 1088 2075 1140 is
2104 1087 2194 1156 qui
2233 1085 2451 1151 obtulit,
2488 1084 2623 1139 nihil
2655 1083 2982 1154 sperandum
3009 1082 3111 1136 sibi
3160 1096 3188 1134 a
3218 1080 3445 1135 diacono

1855 1190 2229 1251 recognoscat.
2262 1178 2390 1235 Ideo
2415 1180 2602 1235 Levita
2629 1180 2682 1234 in
2727 1179 3143 1235 consecratione
3174 1178 3443 1248 perfectus

1854 1281 1958 1338 est,
2004 1286 2107 1327 nec
2154 1271 2290 1326 ultra
2327 1271 2440 1340 jam
2490 1272 2632 1326 sicut
2680 1271 2849 1326 laicus
2902 1270 3263 1337 benedicitur,
3318 1269 3441 1340 quia

1853 1363 2148 1434 perfectam
2196 1364 2247 1418 in
2303 1377 2364 1418 se
2398 1363 2599 1418 habere
2653 1363 2873 1432 jubetur
2924 1362 3137 1417 Domini
3180 1364 3441 1417 sanctita-

1855 1467 1983 1513 tem.
2012 1456 2257 1526 Denique
2294 1471 2361 1510 ex
2384 1454 2635 1510 omnibus
2664 1454 2909 1508 tribubus
2953 1455 3005 1508 in
3043 1452 3170 1507 Jesu
3198 1452 3343 1505 Nave
3377 1451 3443 1505 li-

1854 1550 1950 1605 bro
1989 1549 2127 1617 (los.
2168 1548 2331 1620 XXI),
2393 1548 2597 1605 Levita:
2636 1548 2885 1604 civitates
2932 1546 3251 1616 accipiunt:
3289 1555 3347 1599 ut
3383 1552 3437 1598 tu

1854 1641 2148 1711 intelligas,
2180 1641 2390 1695 nullum
2417 1656 2539 1697 esse
2566 1641 2842 1695 hominum
2872 1654 3065 1709 genus,
3098 1637 3298 1693 nullam
3326 1646 3437 1690 ter-

157 1762 361 1823 septem
388 1747 716 1806 candelabra
744 1759 933 1810 aurea,
981 1743 1036 1796 hi
1069 1754 1233 1795 voces
1270 1738 1632 1794 tonitruorum
1652 1778 1665 1802 ,
1698 1734 1752 1789 hi
1784 1718 1829 1778 Β
1860 1752 1997 1797 ratu,
2030 1734 2242 1788 nullum
2289 1734 2490 1800 locum,
2522 1734 2723 1789 nullam
2750 1743 2989 1805 gentem.
3014 1748 3135 1801 qua:
3181 1746 3287 1785 non
3318 1730 3441 1784 huic

160 1848 207 1902 in
247 1842 659 1901 similitudinem
690 1840 806 1895 Noe
844 1842 1313 1894 sacramentorum
1346 1830 1578 1900 justitia:
1617 1843 1756 1899 prte-

158 1951 340 2002 cones,
373 1950 482 1991 non
512 1935 779 1989 habentes
815 1932 870 1986 in
899 1945 958 1985 se
986 1926 1253 1983 maculam
1283 1933 1375 1979 aut
1403 1936 1593 1994 rugam
1625 1937 1639 1975 :
1672 1926 1758 1974 at-

159 2046 251 2101 que
281 2031 341 2085 in
371 2027 666 2084 candorem
712 2025 847 2080 lucis
886 2020 1088 2087 eﬁ‘ecti,
1129 2020 1182 2075 in
1212 2017 1360 2072 omni
1392 2016 1555 2071 Israel
1588 2015 1756 2070 Deum

160 2124 337 2179 valent
362 2120 697 2193 prospicere,
726 2116 845 2188 puri
875 2114 1172 2177 mentibus,
1199 2108 1486 2165 animabus
1511 2105 1753 2171 candidi,

162 2220 412 2274 virtutum
446 2212 768 2287 operatione
825 2206 1095 2280 praeclari,
1158 2202 1461 2259 humilitate
1513 2199 1751 2270 prtediti,

161 2311 345 2382 quieti,
378 2307 636 2373 humiles,
671 2302 1107 2374 evangelizantes
1129 2312 1341 2368 pacem,
1369 2292 1759 2349 annuntiantes

163 2405 316 2469 bona,
350 2398 732 2458 dissensiones
762 2404 819 2452 et
853 2395 1000 2450 rixas
1041 2400 1098 2447 et
1134 2386 1391 2445 scandala
1420 2391 1753 2451 resecantes,

162 2498 251 2554 soli
277 2496 401 2552 Deo
448 2492 851 2563 colloquentes,
907 2486 960 2541 in
1004 2481 1208 2552 templo
1260 2478 1393 2535 nihil
1438 2477 1506 2533 de
1554 2473 1757 2532 mundo

164 2589 371 2659 penitus
402 2587 707 2658 cogitantes
735 2600 750 2638 :
775 2581 1023 2637 dicentes
1054 2576 1195 2647 patri
1218 2581 1275 2629 et
1301 2571 1490 2639 matri,
1521 2584 1630 2625 non
1658 2582 1758 2622 no-

164 2686 331 2739 vimus
361 2695 500 2738 vos:
531 2686 590 2735 et
615 2676 756 2732 tilios
782 2689 911 2729 suos
955 2687 1063 2727 non
1103 2674 1481 2739 agnoscentes.
1516 2664 1756 2732 Denique

164 2787 215 2833 et
238 2777 393 2842 Levi,
423 2783 481 2829 ut
503 2773 767 2843 scriptum
796 2768 1046 2839 legimus,
1066 2759 1422 2820 sacerdotalis
1447 2758 1621 2814 tribus
1648 2765 1754 2819 est,

166 2881 216 2927 et
252 2878 420 2942 caput
457 2867 701 2923 omnium
747 2860 1090 2918 sacerdotum
1130 2875 1143 2911 :
1176 2856 1297 2911 sine
1351 2853 1454 2908 hoc
1500 2848 1758 2907 sacerdos

167 2980 355 3021 nomen
386 2979 497 3019 non
523 2960 706 3024 habet,
758 2966 940 3013 ortum
992 2967 1099 3009 non
1148 2948 1337 3014 habet,
1368 2943 1614 3000 oflicium
1649 2955 1758 2995 non

168 3063 323 3119 habet
354 3078 373 3116 :
408 3059 498 3114 hic
522 3054 769 3112 minister
801 3051 899 3107 Dei
919 3049 1140 3113 dicitur,
1172 3043 1301 3116 quia
1329 3041 1593 3109 scriptum
1623 3044 1709 3092 est
1738 3051 1754 3089 :

169 3157 290 3222 Qui:
320 3157 499 3227 major
546 3159 662 3216 est,
712 3148 802 3220 qui
845 3146 1135 3209 ministrat,
1184 3157 1254 3195 an
1305 3138 1395 3193 cui
1443 3135 1763 3190 ministratur

167 3249 347 3320 (Deut.
383 3264 443 3313 χ,
472 3263 517 3299 c.
543 3246 579 3301 8
623 3241 789 3313 seqq.)
815 3240 838 3295 ?
865 3239 936 3295 Et
964 3237 1105 3293 sicut
1144 3235 1197 3290 in
1248 3230 1536 3288 sacerdote
1564 3240 1763 3283 conse-

167 3318 366 3410 cratio,
400 3339 474 3393 ita
502 3336 555 3392 in
606 3333 860 3390 ministro
900 3336 990 3385 est
1033 3324 1358 3383 sacramenti
1404 3318 1760 3391 dispensatio.

167 3433 248 3488 Illi
288 3446 479 3499 orare,
526 3427 653 3484 huic
694 3424 933 3497 psallere
964 3420 1271 3479 mandatur.
1306 3416 1404 3473 llle
1430 3414 1609 3470 oblata
1637 3426 1767 3467 san-

165 3526 389 3591 ctificat,
418 3522 508 3579 hic
527 3520 870 3577 sanctificata
893 3515 1193 3586 dispensat.
1226 3510 1364 3582 Ipsis
1392 3509 1555 3564 etiam
1583 3518 1765 3561 sacer-

168 3618 387 3675 dotibus
417 3624 639 3688 propter
668 3608 1147 3682 praasumptiouem
1178 3619 1284 3660 non
1313 3603 1443 3658 licet
1481 3598 1550 3655 de
1577 3609 1765 3652 mensa

170 3709 373 3767 Domini
423 3706 620 3764 tollere
668 3702 917 3770 calicem,
973 3700 1079 3756 nisi
1114 3699 1194 3755 eis
1248 3694 1482 3752 traditus
1532 3690 1697 3747 fuerit
1734 3704 1765 3743 a

169 3804 439 3860 diacono:
471 3809 531 3854 ut
556 3796 905 3871 praecedente
945 3792 1253 3849 ministerio
1295 3788 1620 3851 sanctitatis,
1670 3785 1771 3838 hu-

168 3896 402 3951 miliatus
436 3891 715 3967 pauliSper
743 3898 870 3962 post
897 3885 1398 3945 consecrationem,
1446 3880 1573 3936 dum
1602 3877 1765 3933 mini-

169 3999 277 4045 stro
301 3985 680 4046 reverentiam
710 3982 953 4049 exhibet,
1014 3988 1267 4049 quantam
1323 3973 1625 4030 ministerio
1672 3968 1768 4026 Dei

168 4083 359 4140 debeat
397 4086 766 4151 recognoscat
805 4093 819 4130 :
858 4076 932 4129 ita
954 4073 1100 4129 enim
1129 4071 1276 4127 Deus
1305 4078 1494 4123 noster
1522 4063 1772 4133 omnipo-

169 4189 283 4234 tens
307 4178 572 4234 universa
604 4170 895 4241 disposuit,
923 4177 984 4224 ut
1010 4165 1102 4237 qui
1132 4162 1391 4233 majorem
1415 4174 1475 4214 se
1503 4172 1624 4214 esse
1653 4170 1771 4211 cre-

166 4271 384 4339 diderit,
418 4268 608 4327 minor
646 4266 757 4320 sit:
801 4271 856 4319 et
896 4262 988 4333 qui
1014 4259 1296 4315 videretur
1340 4256 1543 4319 minor,
1598 4249 1773 4321 major

166 4366 446 4422 existeret.
480 4358 726 4429 Denique
754 4370 915 4428 quam
960 4353 1065 4408 hoc
1092 4365 1283 4407 verum
1322 4348 1418 4413 sit,
1464 4346 1585 4417 ipse
1634 4360 1760 4415 per-

166 4457 360 4528 pende.
393 4454 607 4513 Levita:
641 4448 882 4505 inferunt
915 4444 1220 4501 oblationes
1257 4440 1313 4496 in
1355 4439 1536 4495 altari.
1569 4438 1770 4494 Levita:

166 4556 512 4623 componunt
540 4560 784 4603 mensam
826 4539 1061 4596 Domini.
1094 4537 1295 4593 Levita:
1321 4550 1442 4590 cum
1474 4533 1771 4590 sacerdoti-

165 4644 277 4713 bus,
304 4646 442 4702 dum
475 4645 818 4697 sacramenta
851 4634 1268 4698 benedicuntur,
1303 4631 1585 4685 assistunt.
1613 4628 1771 4684 Levi.

169 4749 383 4797 tmante
438 4736 759 4795 sacerdotes
804 4742 986 4797 orant,
1035 4738 1097 4783 ut
1117 4728 1162 4784 si
1194 4724 1478 4782 distinctio
1530 4723 1770 4779 locorum

168 4837 407 4893 creditur
440 4835 502 4889 in
531 4827 756 4896 mundo,
790 4830 955 4882 etiam
985 4824 1037 4877 in
1066 4820 1223 4876 altari
1256 4818 1355 4873 Dei
1404 4815 1626 4872 videant
1666 4816 1769 4871 sibi

169 4930 433 5000 episc0pi,
470 4927 518 4983 si
548 4923 767 4995 superbi
805 4930 954 4987 sunt,
987 4918 1248 4974 diaconos
1278 4915 1555 4984 anteponi.
1587 4913 1645 4969 Si
1674 4912 1773 4967 hu-

171 5026 453 5081 militatem
491 5020 746 5091 diligunt,
780 5015 1015 5085 majores
1055 5027 1115 5067 se
1154 5025 1276 5066 esse
1307 5009 1359 5063 in
1390 5024 1455 5064 eo
1477 5008 1618 5079 quod
1649 5016 1775 5062 sunt

173 5117 427 5182 humiles,
464 5118 822 5186 cognoscant.
878 5109 1031 5165 Tunc
1060 5105 1258 5162 deinde
1294 5114 1353 5158 ut
1382 5118 1544 5157 aures
1577 5102 1774 5156 habea-

175 5230 282 5271 mus
301 5214 374 5271 ad
407 5212 734 5275 Dominum,
761 5207 1022 5261 diaconus
1049 5199 1473 5269 acclamat,ipse
1496 5198 1775 5268 prtedicat,

174 5305 279 5375 ipse
321 5309 607 5371 hortatur,
639 5302 759 5371 ipse
797 5306 1108 5354 commonet
1151 5293 1455 5349 astantibus
1482 5289 1782 5346 sacerdoti-

175 5397 287 5465 bus,
320 5415 391 5456 ne
422 5397 625 5453 leviter
654 5393 798 5449 hanc
822 5405 1034 5454 vocem,
1065 5404 1187 5459 quae
1214 5386 1479 5457 loquitur,
1509 5391 1566 5439 et
1589 5398 1778 5452 pacem

176 5496 493 5559 annuntiat,
528 5498 621 5546 aut
679 5488 1018 5558 negligenter
1063 5482 1320 5551 aSpicias,
1372 5490 1467 5535 aut
1517 5478 1777 5534 condem-

177 5587 407 5643 nandam
438 5590 620 5655 putes.
642 5580 855 5637 Sufﬁcit
876 5578 1002 5633 huic
1032 5577 1205 5631 ordini
1232 5583 1437 5629 tantum
1471 5588 1566 5642 per
1599 5568 1781 5625 Domi-

182 5698 298 5735 num
379 5680 559 5735 fuisse
613 5689 965 5741 concessum,
1021 5680 1081 5727 ut
1134 5686 1239 5725 non
1307 5668 1460 5723 solus
1526 5663 1782 5720 sacerdos

186 5776 234 5832 in
267 5775 487 5848 templo
530 5781 700 5829 totum
747 5784 913 5841 agerc
957 5777 1012 5826 ct
1062 5766 1290 5838 implere
1330 5763 1597 5819 videatur.
1651 5758 1785 5827 Eget

1858 1840 2079 1899 propter
2107 1828 2391 1883 Dominum
2413 1828 2623 1884 servire
2656 1829 2929 1897 jubeatur.
2972 1828 3051 1883 De
3098 1826 3302 1883 Levitis
3348 1842 3441 1881 au-

1862 1930 1971 1977 tem
2010 1921 2253 1977 decimas
2281 1920 2612 1975 decimarum
2656 1920 2932 1988 accipiunt
2963 1918 3299 1981 sacerdotes,
3340 1933 3441 1975 nec

1859 2018 1992 2073 dare
2019 2018 2171 2085 ipsis,
2201 2016 2296 2071 sed
2325 2016 2575 2085 accipere
2605 2014 2952 2069 mandantur.
2984 2012 3139 2069 Nunc
3165 2026 3347 2069 autem
3373 2028 3442 2068 ex

1860 2126 1969 2180 quo
2023 2107 2077 2162 in
2124 2106 2384 2163 Ecclesiis
2431 2106 2572 2162 sicut
2617 2105 2669 2160 in
2723 2106 2969 2159 Romano
3018 2104 3251 2171 imperio
3279 2104 3451 2159 crevit

1858 2201 2105 2265 avaritia,
2135 2200 2285 2269 periit
2317 2200 2401 2253 lea:
2427 2199 2491 2252 de
2534 2198 2814 2262 sacerdote,
2857 2206 2907 2252 et
2932 2197 3060 2251 vitio
3080 2197 3143 2250 de
3172 2196 3442 2268 propheta.

1859 2295 2066 2365 Singuli
2124 2292 2325 2363 quique
2370 2306 2468 2363 pro
2518 2292 2754 2361 potentia
2811 2289 3139 2362 episcopalis
3190 2288 3446 2354 nominis,

1857 2405 2018 2457 quam
2046 2386 2151 2443 sibi
2183 2387 2283 2457 ipsi
2306 2386 2500 2442 illicite
2518 2387 2723 2457 absque
2751 2385 2991 2441 Ecclesia
3016 2383 3448 2449 vindicaverunt,

1858 2491 2030 2537 totum
2060 2480 2205 2552 quod
2248 2479 2560 2535 Levitarum
2592 2490 2698 2545 est,
2735 2481 2787 2533 in
2822 2493 2955 2534 usus
2985 2492 3116 2533 suos
3151 2475 3445 2548 redigunt:

1859 2590 1959 2631 nec
1999 2575 2101 2629 hoc
2129 2573 2233 2628 sibi
2261 2572 2402 2642 quod
2431 2572 2692 2641 scriptum
2734 2580 2819 2627 est
2847 2569 3146 2637 vindicant,
3178 2569 3278 2625 sed
3317 2584 3451 2626 cun-

1856 2670 1960 2723 ctis
2009 2666 2260 2722 auferunt
2289 2666 2564 2722 universa.
2610 2665 2882 2721 Mendicat
2911 2664 3097 2719 infelix
3134 2662 3363 2719 clericus
3393 2664 3446 2717 in

1861 2763 2076 2832 plateis.
2108 2771 2164 2818 et
2183 2762 2329 2816 civili
2354 2776 2521 2830 Opere
2552 2760 2909 2831 mancipatus.
2946 2758 3217 2829 publicam
3252 2772 3282 2812 a
3311 2773 3445 2825 quo-

1859 2855 1992 2909 libet
2015 2853 2261 2923 deposcit
2297 2854 2606 2908 alimoniam
2636 2868 2651 2906 :
2684 2861 2738 2907 et
2764 2851 2983 2923 quidem
3026 2866 3093 2906 ex
3121 2865 3188 2905 eo
3212 2849 3445 2918 despici—

1861 2956 1947 3002 tur
1972 2962 2002 3001 a
2022 2945 2230 3003 cunctis
2258 2945 2597 3001 sacerdotale
2628 2945 2891 3009 olficium,
2923 2945 3050 2999 dum
3076 2942 3445 2999 misericordia

1863 3043 2154 3109 desolatus,
2182 3042 2326 3110 juste
2374 3050 2589 3111 putatur
2616 3040 2684 3096 ad
2731 3040 2870 3095 hanc
2905 3037 3254 3108 ignominiam
3283 3038 3448 3092 devc-

1865 3134 2028 3189 nisse.
2062 3134 2194 3203 Eget
2222 3133 2276 3189 in
2300 3134 2430 3189 sede
2467 3134 2774 3205 presbyter,
2816 3132 2870 3186 in
2892 3130 3049 3185 altari
3070 3128 3251 3197 levita,
3282 3129 3334 3182 in
3364 3143 3450 3181 sc-

1862 3228 2095 3285 eretario
2120 3227 2514 3292 subdiaconus,
2543 3226 2595 3280 in
2644 3226 2878 3281 lectione
2911 3225 3102 3289 lector,
3145 3230 3201 3275 et
3228 3220 3279 3274 iu
3316 3229 3451 3273 tem-

1864 3321 1952 3391 plo
1993 3321 2265 3386 ostiarius,
2307 3321 2361 3374 in
2426 3319 2713 3388 sepultura
2763 3316 3026 3371 fossarius
3072 3331 3085 3367 :
3146 3312 3451 3368 moriuntur

1864 3412 2026 3479 fame,
2076 3412 2167 3483 qui
2195 3413 2330 3467 alios
2355 3410 2589 3480 sepelire
2618 3408 2943 3464 mandantur
2980 3424 2994 3461 :
3038 3414 3267 3475 poscunt
3289 3404 3453 3460 misc—

1865 3506 2183 3572 ricordiam,
2216 3505 2308 3574 qui
2335 3501 2585 3558 misereri
2630 3500 2755 3556 aliis
2783 3507 2907 3555 sunt
2932 3497 3207 3570 prtecepti.
3238 3496 3302 3552 Et
3326 3495 3453 3552 dum

1865 3600 1967 3655 ista
1993 3599 2146 3661 ﬁunt,
2180 3596 2441 3651 sacerdos
2470 3596 2560 3666 qui
2607 3593 2707 3649 hoc
2742 3608 2850 3649 non
2885 3591 3093 3656 fecerit,
3123 3587 3455 3646 condemna-

1868 3702 1975 3748 tur.
2019 3690 2180 3746 Solus
2212 3687 2431 3743 incubat
2456 3687 2679 3752 divitiis,
2722 3685 2872 3741 solus
2914 3684 3218 3740 ministerio
3262 3683 3453 3749 utitur,

1867 3785 2017 3841 solus
2072 3785 2324 3839 universa
2361 3784 2465 3838 sibi
2517 3783 2776 3847 vindicat,
2819 3780 2971 3835 solus
3019 3788 3199 3851 partes
3252 3775 3459 3834 invadit

1869 3878 2097 3943 alienas,
2140 3875 2291 3930 solus
2322 3875 2521 3931 occidit
2548 3874 2851 3929 universos.
2896 3871 3027 3927 Nam
3074 3872 3117 3926 si
3160 3869 3456 3925 secundum

1870 3969 2085 4024 divinos
2131 3968 2298 4022 libros
2336 3968 2519 4021 omnia
2551 3966 2857 4022 faceremus
2894 3980 2908 4017 :
2953 3978 3053 4017 nec
3088 3963 3279 4017 deesse
3306 3958 3459 4031 quid-

1872 4077 2032 4133 quam
2070 4059 2360 4115 visibiliter
2407 4068 2621 4129 poterat
2647 4057 2884 4123 cunctis,
2928 4064 2985 4112 et
3029 4054 3141 4110 sola
3170 4055 3222 4108 in
3260 4052 3459 4107 Christi

1874 4156 2113 4210 Ecclesia
2148 4152 2411 4208 sanctitas
2441 4152 2756 4206 abundaret.
2790 4150 2926 4205 llinc
2957 4156 3181 4218 propter
3210 4143 3462 4199 sacerdo-

1875 4258 1984 4303 tum
2008 4247 2291 4303 avaritiam
2324 4246 2446 4301 odia
2481 4254 2832 4316 consurgunt,
2867 4242 2995 4297 hinc
3030 4238 3271 4310 episcopi
3307 4252 3467 4290 accu-

1875 4352 2062 4401 santur
2096 4359 2125 4398 a
2151 4343 2388 4410 clericis,
2414 4342 2540 4396 hinc
2568 4341 2878 4411 principum
2915 4337 3060 4401 lites,
3101 4334 3226 4387 hinc
3250 4330 3466 4384 desola-

1876 4440 2080 4494 tionum
2142 4452 2320 4492 caus:e
2354 4478 2370 4503 ,
2426 4435 2553 4491 hinc
2605 4436 2759 4505 origo
2809 4430 3075 4487 criminis.
3140 4423 3351 4481 Etenim
3419 4422 3467 4478 si

1878 4530 2260 4602 unusquisque,
2296 4530 2369 4585 ita
2402 4528 2545 4584 hunc
2586 4528 2847 4583 mundum
2871 4523 3161 4578 visibiliter
3190 4515 3467 4589 possidere

1876 4625 2190 4688 mandatur,
2232 4635 2286 4678 ut
2310 4640 2406 4679 sua
2442 4632 2651 4678 tantum
2684 4619 3027 4692 possessione
3056 4623 3345 4670 contentus
3374 4611 3470 4677 sit,

1876 4734 1939 4774 ac
1969 4735 2061 4775 res
2087 4734 2197 4775 non
2228 4718 2450 4773 invadat
2477 4719 2687 4772 alienas
2714 4732 2727 4767 :
2763 4729 2870 4767 non
2901 4726 3090 4781 agrum
3123 4708 3343 4779 pauperi
3371 4707 3472 4763 tol-

1886 4812 1982 4878 lat,
2015 4830 2121 4867 non
2150 4813 2383 4875 vineam,
2421 4826 2526 4864 non
2573 4806 2941 4875 subjecmrum
2972 4800 3214 4871 aliquod,
3250 4816 3356 4855 non
3399 4800 3477 4855 fa-

1879 4907 2074 4967 mulos,
2110 4921 2216 4960 non
2247 4906 2459 4958 fructus
2490 4921 2503 4954 :
2537 4907 2739 4969 quanto
2770 4896 2941 4967 magis
2969 4895 3059 4964 qui
3095 4892 3351 4949 Ecclesim
3376 4893 3470 4949 Dei

1880 5006 2098 5067 pricest,
2132 4996 2292 5049 debet
2336 4995 2405 5048 ita
2440 4994 2495 5047 in
2535 4990 2786 5045 omnibus
2833 5003 3052 5043 servare
3097 4987 3387 5057 justitiam,
3418 4996 3478 5042 ut

1875 5090 1977 5145 sibi
2018 5088 2119 5143 hoc
2169 5094 2374 5141 tantum
2413 5086 2652 5139 vindicet
2700 5082 2847 5152 quod
2891 5082 2974 5136 sui
3016 5082 3156 5151 juris
3205 5097 3328 5138 esse
3376 5097 3471 5137 co-

1878 5172 2129 5254 gnoscit!~
2175 5180 2363 5235 Aliena
2400 5195 2507 5232 non
2542 5177 2859 5248 contingat,
2903 5177 3080 5232 aliena
3120 5191 3227 5232 non
3276 5176 3474 5244 rapiat,

1880 5277 2140 5349 aequalem
2174 5288 2233 5328 se
2260 5273 2474 5327 caneris
2521 5270 2681 5323 faciat
2716 5287 2729 5322 :
2759 5280 2813 5325 et
2836 5272 2975 5326 sicut
3008 5272 3126 5325 sine
3156 5270 3240 5324 his
3272 5271 3325 5321 in
3370 5266 3476 5322 Ec-

1882 5372 2049 5427 clesia
2076 5384 2180 5423 non
2214 5365 2337 5427 fuit.
2374 5364 2447 5419 ita
2479 5372 2536 5419 et
2559 5364 2679 5417 sine
2705 5364 2790 5418 his
2817 5367 2870 5419 in
2900 5365 3158 5437 Ecclesia:
3188 5361 3475 5415 ministerii

1884 5462 2285 5533 dispensatione
2333 5474 2439 5513 non
2487 5456 2653 5511 vivat.
2694 5456 2877 5521 Certe,
2913 5468 2969 5509 ut
3021 5457 3136 5523 ipse
3169 5453 3332 5516 nosti,
3384 5454 3476 5524 qui

1885 5557 2169 5611 visibiliter
2195 5555 2246 5608 iu
2275 5552 2377 5605 hoc
2419 5551 2624 5606 mundo
2647 5548 2736 5617 jus
2767 5550 2974 5605 invadit
3003 5549 3267 5615 alicnutn,
3313 5565 3473 5604 accu-

1885 5666 2032 5713 satur
2070 5673 2098 5711 a
2150 5670 2407 5726 paupere,
2437 5654 2727 5707 damnatur
2771 5669 2800 5706 a
2838 5651 3023 5720 judice
3054 5667 3068 5704 :
3100 5651 3171 5705 ita
3198 5661 3251 5706 et
3294 5650 3347 5705 in
3383 5651 3480 5707 Ec-

1838 5802 1847 5809 .
1886 5752 2050 5809 clesia
2084 5752 2176 5809 Dei
2223 5766 2341 5807 cum
2388 5745 2757 5817 unusquisque
2809 5743 3080 5817 stipendia
3129 5758 3227 5800 sua
3280 5742 3473 5814 perdit,
