3998 6198
546 222 651 281 155

1564 217 1623 276 S.
1666 208 2051 274 HIERONYMI
2087 206 2372 273 OPERUM
2410 210 2775 276 MANTISSA.
3722 216 3817 274 156

546 338 746 396 clamat
782 337 849 395 ad
880 338 1071 403 Deum,
1100 336 1386 393 exauditur
1426 350 1455 391 a
1483 335 1720 405 Christo,
1755 346 1855 390 nec
1883 334 2133 390 diﬂertur
2160 335 2212 397 Α
2234 332 2441 401 firmos,
2473 340 2630 390 orare
2660 346 2756 403 pro
2784 333 3057 399 invalidis,
3095 338 3260 404 atque
3296 333 3478 389 omnia
3514 330 3610 390 Del
3646 346 3815 391 saera-

553 433 606 487 in
649 433 751 488 hae
790 442 943 504 parte
988 430 1208 486 ultionis
1253 428 1547 496 sententia,
1598 429 1642 483 si
1686 442 1790 483 non
1834 427 2136 482 redduntur

547 527 821 582 universa.
862 524 1162 579 Moderatio
1205 524 1347 579 enim
1403 525 1537 589 Dei,
1582 538 1793 595 preces,
1849 536 1913 578 ac
1960 524 2131 579 solum

549 626 792 676 nostrum
822 618 1053 673 reditum
1075 618 1290 689 qumrit,
1331 631 1394 673 ac
1421 630 1520 672 nos
1540 616 1735 687 quaerit
1762 630 1856 670 sua
1891 617 2135 673 bonitate

546 712 775 766 salvere.
830 709 936 765 Sed
978 712 1022 764 si
1052 726 1158 765 non
1182 709 1572 773 convertimur,
1601 708 1645 762 si
1687 707 1808 762 duri
1846 709 2011 763 corde
2039 723 2131 763 su-

546 818 688 870 mus,
719 804 764 857 si
812 802 865 857 in
904 804 1142 872 peccatis
1172 816 1341 871 usque
1367 800 1432 855 ad
1462 811 1691 855 mortem
1721 800 1910 856 ililcltc
1936 802 2137 872 perdu-

544 912 770 953 ramus:
800 896 1020 953 Assidue
1066 896 1328 968 peccauti,
1367 896 1506 950 sicut
1538 895 1797 966 scriptum
1841 904 1957 963 est,
1998 895 2134 951 Deus

543 1007 648 1045 non
677 991 971 1045 miseretur.

618 1082 706 1140 Vi.
752 1083 832 1139 De
887 1092 1030 1139 sexto
1093 1082 1262 1156 gradu
1318 1080 1598 1145 Ecclesiae,
1648 1082 1735 1149 qui
1800 1082 2137 1137 ﬂacerdotum

543 1182 674 1235 ordo
709 1188 804 1237 est.
828 1181 1113 1236 —Sextus
1142 1179 1418 1234 seniorum
1450 1176 1586 1232 ordo
1630 1186 1712 1231 est
1747 1178 1837 1247 qui
1879 1176 2135 1232 sacerdo-

540 1273 686 1330 tibus
723 1275 900 1337 datur,
952 1273 1044 1344 Qui
1085 1271 1390 1342 presbyteri
1438 1269 1730 1338 dicuntur,
1764 1270 1853 1339 qui
1901 1276 2140 1337 praesunt

543 1366 806 1422 Ecclesiae
855 1366 965 1429 Dei,
1001 1375 1056 1420 et
1090 1362 1295 1419 Christi
1336 1370 1683 1419 sacramenta
1713 1361 2029 1417 coniiciunt.
2074 1364 2137 1420 lli

543 1469 727 1513 autem
772 1457 824 1512 in
866 1455 1246 1512 benedictione
1273 1470 1394 1510 cum
1421 1454 1696 1525 episcopis
1722 1460 2001 1509 consortes
2034 1455 2137 1509 mi-

544 1551 893 1605 nisteriorum
959 1554 1112 1602 sunt.
1181 1546 1338 1602 Nulla
1390 1546 1440 1600 in
1516 1545 1855 1601 conliciendo
1909 1558 2138 1616 corpore

544 1643 747 1700 Christi
782 1659 845 1698 ac
875 1641 1139 1713 sanguine
1170 1641 1313 1695 inter
1342 1655 1435 1696 eos
1462 1649 1516 1693 et
1554 1640 1838 1711 episcOpos
1868 1639 2135 1695 credenda

2236 437 2416 482 menta
2460 428 2757 499 eomplcre,
2809 426 3110 498 praesertim
3156 434 3279 481 cum
3326 428 3379 481 in
3426 426 3657 484 Oriente
3707 441 3818 484 eam

2235 522 2680 579 consuetudinem
2710 533 2765 580 et
2808 523 2862 578 in
2894 523 3132 595 illyrico,
3164 531 3218 579 et
3258 523 3310 577 in
3348 522 3524 587 Italia,
3564 528 3731 595 atque
3771 527 3819 581 in

2234 618 2413 670 Africa
2461 616 2712 671 omnibus
2754 616 2806 671 in
2839 616 3009 684 locis,
3067 616 3404 685 temporibus
3453 618 3817 687 apostolorum

2236 707 2405 766 fuisse
2433 709 2773 765 :nanifesnuin
2805 711 2895 765 sit.
2940 711 3019 765 Ac
3047 709 3163 765 sola
3193 716 3426 779 propter
3451 710 3819 767 auctoritatem

2237 816 2448 859 sutnmo
2483 803 2753 859 sacerdoti
2782 801 3105 857 clericorum
3147 802 3440 870 ordinatio,
3473 811 3527 858 et
3555 803 3821 874 virginum

2236 896 2574 952 consecratio
2617 900 2899 952 reservata
2928 896 3019 961 sit,
3069 906 3193 950 cum
3223 893 3486 960 basilicae,
3534 894 3730 950 altoris
3776 905 3823 952 et

2238 989 2549 1043 chrismatis
2568 987 2934 1053 dedicatione,
2953 988 3040 1042 vel
3062 985 3517 1052 sanctificatione,
3540 1000 3610 1043 ne
3635 1002 3665 1042 a
3694 989 3823 1043 mul-

2238 1084 2309 1135 tis
2336 1079 2614 1152 disciplina
2655 1080 2912 1137 Ecclesiae
2943 1078 3217 1135 vindicata
3252 1079 3601 1135 concordiam
3650 1090 3825 1136 sacer-

2239 1170 2424 1231 dOtum
2455 1176 2711 1243 solveret,
2757 1164 3013 1230 scandala
3046 1181 3351 1245 generaret.
3383 1172 3614 1244 Propter
3648 1174 3755 1230 hoc
3777 1185 3827 1231 et

2241 1276 2415 1339 nuper
2430 1269 2753 1338 episcOpalis
2783 1267 2984 1323 electio
3006 1267 3070 1322 ad
3098 1267 3572 1336 metropolitanum
3601 1267 3826 1323 remissa

2242 1373 2324 1417 cst
2357 1379 2370 1414 :
2403 1368 2602 1417 etcum
2650 1362 2773 1415 huic
2822 1366 3033 1416 Summa
3063 1360 3222 1416 datur
3263 1369 3517 1430 potestas,
3564 1361 3689 1416 aliis
3718 1360 3830 1417 adi-

2242 1457 2407 1511 mitur
2453 1456 2567 1511 htrc
2599 1455 2848 1523 facultas,
2868 1465 2921 1511 et
2945 1455 3210 1527 incipiunt
3236 1455 3402 1510 etiam
3422 1455 3617 1511 summi
3652 1468 3829 1511 sacer-

2242 1548 2397 1605 dotes
2420 1550 2552 1620 pati,
2574 1564 2681 1603 non
2714 1564 2782 1605 ex
2810 1549 2952 1619 jure,
2977 1548 3071 1604 sed
3103 1556 3167 1604 es
3197 1549 3525 1604 necessitate
3551 1548 3719 1603 alium
3749 1562 3830 1605 tis-

2241 1641 2536 1698 cerdutem.
2593 1640 2761 1696 Nemo
2795 1639 2924 1696 hinc
2971 1641 3357 1711 episcoporum
3406 1640 3608 1697 invidis
3646 1639 3828 1696 diabo-

545 1733 800 1791 distantia
820 1740 1007 1790 est:et
1028 1732 1421 1789 Eucharistiam
1438 1730 1547 1801 jam
1570 1730 1772 1800 pridem
1797 1738 1893 1800 per
1914 1732 2137 1804 presby-
2166 1728 2216 1791 B
2244 1734 2363 1789 lica:
2420 1735 2730 1790 tentationis
2801 1733 3019 1789 inflatus
3077 1733 3334 1789 irascitur
3381 1735 3436 1789 in
3487 1734 3737 1804 templo,
3786 1734 3828 1788 si

548 1836 693 1883 teros
722 1825 1088 1892 benedictum,
1115 1826 1164 1879 si
1191 1839 1316 1878 usus
1337 1828 1599 1893 exegerit,
1631 1824 1869 1893 episcopi
1892 1825 2139 1894 accipere

547 1920 770 1990 debent,
803 1934 864 1974 ac
889 1933 949 1974 se
975 1917 1218 1983 Christo,
1259 1932 1323 1970 ac
1352 1916 1675 1986 plenitudini
1698 1916 1816 1985 ejus
1839 1919 2140 1972 communi-

547 2022 674 2067 care
703 2020 1052 2082 cognoscere.
1093 2008 1225 2062 Nam
1268 2010 1313 2062 si
1348 2007 1468 2077 quis
1498 2007 1564 2061 ad
1600 2007 1851 2075 injuriam
1894 2018 2138 2074 revocet,

544 2111 639 2159 aut
680 2108 829 2175 putet
877 2117 937 2159 se
994 2102 1245 2173 accipere
1296 2117 1401 2155 non
1451 2101 1652 2155 debere
1706 2096 2136 2169 Eucharistiant,

543 2206 704 2268 quam
755 2198 1043 2269 presbyter
1080 2194 1356 2250 benedixit
1407 2210 1420 2247 :
1472 2195 1515 2248 is
1555 2192 1802 2262 profecto
1854 2206 2141 2264 perversos

520 2296 650 2356 test,
684 2290 917 2344 credens
947 2287 1235 2343 Dominum
1255 2287 1364 2339 duo
1391 2299 1620 2355 corpora
1647 2284 1902 2339 habuisse
1930 2302 1943 2339 :
1975 2300 2141 2340 unum

544 2384 742 2454 majus,
772 2394 827 2438 et
874 2394 1038 2438 unum
1071 2382 1274 2435 minus.
1306 2380 1477 2447 Majas
1507 2378 1651 2449 quod
1680 2379 1971 2448 episcopus
2006 2394 2139 2432 con-

548 2478 660 2533 iicit
691 2496 702 2530 :
735 2477 879 2547 quod
910 2476 1216 2547 presbyter,
1253 2476 1450 2527 minus.
1487 2473 1583 2526 i-iic
1620 2472 1890 2526 Christum
1926 2473 2140 2538 dividit,

545 2572 706 2639 eique
733 2569 863 2622 facit
894 2567 1172 2636 injuriatn.
1202 2566 1342 2636 Ergo
1374 2565 1517 2619 inter
1538 2564 1868 2633 baptismum
1891 2576 1943 2619 et
1969 2566 2142 2634 bapti-

549 2678 725 2718 smum
754 2671 934 2733 potest
971 2674 1094 2714 esse
1142 2658 1425 2722 distantia,
1460 2669 1517 2711 ut
1562 2659 1804 2711 sanctior
1841 2658 2141 2727 judicetur,

551 2770 711 2826 quem
743 2753 1036 2825 baptizavit
1074 2754 1382 2824 episcopus,
1436 2766 1593 2822 quam
1633 2751 1680 2805 is
1719 2765 1880 2822 quem
1909 2750 2097 2807 Levita
2128 2770 2140 2806 :

552 2852 693 2903 sicut
737 2850 790 2902 in
843 2847 1066 2902 Actibus
1113 2846 1486 2917 apostolorum
1540 2845 1693 2915 legis,
1755 2846 2064 2901 eunuchum
2114 2865 2142 2903 a

555 2942 806 3012 Philippo
829 2942 1059 2996 diacono
1083 2940 1410 3010 baptizatum
1437 2940 1623 3006 fuiSse,
1647 2949 1704 2993 ut
1727 2942 1986 3011 scriptum
2015 2952 2101 2997 cst
2129 2961 2142 2997 :

556 3040 688 3094 Ecce
714 3054 870 3111 aqua,
903 3039 1016 3107 quis
1062 3037 1294 3110 prohibet
1322 3054 1401 3093 me
1447 3038 1698 3109 baptizari
1720 3041 1746 3093 Ρ
1794 3041 1860 3095 Et
1904 3041 1995 3096 ille
2026 3040 2097 3096 ait
2128 3062 2141 3097 :

520 3132 710 3202 'nihil,
742 3134 787 3188 si
813 3136 979 3189 credis
1004 3133 1140 3205 (Act.
1177 3147 1292 3201 vttt,
1325 3137 1379 3197 5,
1412 3136 1492 3203 li).
1537 3133 1698 3189 Fides
1729 3139 1875 3189 enim
1913 3144 1997 3190 est
2026 3144 2144 3206 qlia:

553 3226 683 3282 facit
715 3227 973 3283 mundum
1008 3244 1022 3283 :
1056 3236 1111 3283 et
1138 3226 1258 3297 quin
1284 3242 1389 3282 non
1422 3236 1505 3282 est
1528 3226 1722 3293 dantis,
1757 3229 1853 3282 sed
1876 3229 2146 3299 accipien-

557 3320 626 3372 tis
660 3335 673 3372 :
707 3320 780 3374 ita
812 3319 1147 3375 credendum
1185 3327 1268 3374 est
1309 3321 1359 3374 in
1396 3320 1541 3374 omni
1591 3319 1768 3374 anima
1818 3320 2145 3391 baptismum

555 3427 678 3469 esse
708 3414 1023 3482 perfectum,
1057 3421 1112 3467 et
1141 3414 1191 3467 in
1223 3412 1373 3467 omni
1400 3415 1685 3467 sacerdote
1720 3428 1919 3482 corpus
1942 3414 2144 3470 Christi

554 3521 675 3561 esse
707 3507 1026 3577 perfectum.
1081 3507 1183 3574 Qui
1227 3522 1334 3561 non
1378 3508 1743 3562 communicat
1795 3507 2147 3563 Eucharistiue

557 3601 1024 3670 presbyterorum,
1057 3616 1164 3653 non
1193 3602 1557 3653 communicat
1590 3598 1809 3654 Christo
1840 3617 1854 3655 :
1901 3616 2004 3656 nec
2037 3600 2146 3655 Eu-

557 3691 874 3745 rharistiam
906 3690 1021 3761 ipse
1048 3693 1340 3756 benedicit,
1373 3690 1499 3761 quia
1531 3692 1581 3744 in
1608 3695 1748 3746 eoin
1785 3706 1892 3763 quo
1915 3693 2146 3763 judicat,

558 3784 978 3853 condemnatur,
1012 3791 1173 3854 atque
1204 3787 1254 3839 in
1289 3783 1699 3839 similitudinem
1735 3786 1886 3840 Juda:
1919 3787 2148 3842 tradito-

557 3878 637 3933 ris
681 3878 898 3932 tradens
932 3876 1239 3943 Dominum,
1285 3877 1439 3931 nullo
1470 3886 1719 3948 cogente,
1758 3880 1881 3949 ipse
1911 3879 2016 3933 sibi
2061 3880 2144 3935 itt-

558 3972 662 4028 fcrt
694 3986 885 4026 manus
916 3987 979 4026 ac
1018 3972 1315 4042 suspendio
1338 3973 1499 4043 perit,
1528 3974 1649 4043 quia
1675 3975 1930 4044 superbia
1961 3986 2146 4045 peccat

556 4065 612 4121 in
646 4064 834 4120 Deum.
869 4063 978 4120 Nec
1004 4081 1104 4136 ego
1134 4066 1256 4119 dico
1297 4066 1656 4135 praesentibus
1691 4068 1960 4137 episcopis
1985 4076 2148 4139 atque

556 4161 858 4216 astantibus
876 4162 1057 4229 altari,
1092 4162 1443 4233 presbyteros
1470 4178 1629 4232 posse
1658 4171 1992 4216 sacramenta
2018 4176 2149 4217 con-

558 4258 743 4312 iicere.
788 4255 894 4312 Sed
936 4256 982 4310 si
1011 4256 1151 4310 forte
1184 4271 1311 4310 usus
1343 4259 1613 4327 exegerit,
1665 4265 1721 4310 ut
1768 4254 2051 4310 venientes
2080 4256 2147 4309 ad

555 4352 846 4409 ecclesiam
878 4352 1192 4407 Sacerdotes
1218 4351 1423 4406 eisdem
1455 4349 1628 4413 horis,
1660 4350 1854 4419 quibus
1882 4356 1976 4403 aut
1996 4349 2149 4403 obla-

554 4448 631 4502 tio
664 4456 850 4518 parata
876 4465 980 4502 non
1003 4448 1095 4511 sit,
1128 4456 1219 4501 aut
1242 4462 1345 4501 non
1376 4448 1547 4519 possit
1572 4448 1779 4513 olicrri,
1809 4464 1912 4502 non
1945 4448 2145 4515 debere

554 4543 867 4612 episcOpmn
910 4541 1199 4608 repudiare
1242 4540 1641 4595 Eucharistiam
1684 4541 2139 4611 presbyterorum,

553 4638 597 4691 si
646 4645 877 4705 ponatur
927 4637 979 4689 in
1016 4636 1212 4698 altari,
1259 4650 1422 4704 quam
1461 4634 1632 4705 accipi
1659 4645 1875 4705 oportet
1923 4644 2144 4704 propter

555 4728 852 4799 Christum,
874 4731 1125 4802 quoniam
1148 4744 1347 4799 corpus
1366 4727 1566 4785 Christi
1589 4734 1694 4792 est,
1717 4730 1861 4785 sicut
1882 4728 2142 4797 scriptum

554 4832 688 4878 est:
734 4824 838 4877 Vos
884 4825 1023 4877 enim
1068 4825 1188 4878 estis
1236 4838 1425 4889 corpus
1477 4821 1669 4876 Christi
1719 4829 1766 4876 et
1814 4823 2037 4877 membra
2080 4839 2143 4876 ex

558 4924 720 4985 parte.
763 4914 1003 4969 Charitas
1038 4916 1178 4970 enim
1222 4915 1450 4984 cooperit
1482 4912 1868 4968 multitudinem
1904 4924 2143 4987 peccato-

555 5023 714 5061 rum:
747 5003 934 5073 Fides,
976 5025 1123 5079 spes,
1155 5008 1411 5071 Charitas,
1447 5007 1543 5061 tria
1572 5006 1703 5073 liter,
1745 5011 1913 5080 major
1952 5006 2032 5063 his
2072 5017 2146 5063 est

556 5102 802 5157 clmritas.
836 5099 1077 5157 Charitas
1110 5101 1305 5169 patiens
1337 5110 1433 5168 est,
1465 5101 1683 5177 benigna
1723 5112 1817 5169 est,
1843 5121 1944 5158 non
1982 5121 2143 5160 a’mu-

556 5197 716 5260 latur,
750 5210 853 5247 non
889 5194 1120 5265 inﬂatur,
1149 5211 1247 5248 non
1280 5212 1545 5267 perperam
1575 5198 1683 5269 agit
1715 5213 1733 5250 :
1759 5198 1931 5249 omnia
1960 5197 2143 5263 credit,

556 5288 729 5342 omnia
776 5288 1033 5341 sustinrt:
1082 5286 1307 5342 charitas
1359 5305 1639 5356 numquam
1685 5290 1871 5344 excidit
1923 5288 1967 5361 (i
2020 5288 2142 5345 Cor.

554 5379 698 5441 XIII,
735 5381 836 5443 l5;
871 5378 997 5433 ibid.
1022 5390 1167 5435 νάιος.
1195 5381 1226 5435 4
1252 5385 1452 5452 seqq.).
1486 5383 1547 5435 Et
1571 5384 1693 5453 quia
1723 5383 1981 5451 scriptum
2014 5388 2096 5439 est
2127 5401 2139 5438 :

554 5468 853 5541 Presbyteri
869 5471 1069 5535 duplici
1085 5471 1279 5527 honore
1298 5474 1634 5539 hortarentur,
1658 5474 1881 5527 maxime
1901 5476 1990 5542 qui
2008 5476 2149 5529 labo-

553 5574 673 5614 rant
694 5563 746 5613 in
768 5562 917 5615 verbo
939 5560 1199 5634 Domini(l
1221 5562 1359 5617 Tim.
1384 5580 1437 5627 v,
1464 5564 1551 5627 l7)
1578 5584 1589 5618 :
1615 5565 1915 5633 prauiicarc
1943 5581 2036 5621 eos
2056 5565 2151 5621 dc-

555 5664 661 5714 cet,
689 5653 824 5704 utile
845 5662 928 5704 est
952 5653 1298 5720 benedicere,
1323 5670 1619 5726 congruum
1642 5658 1990 5723 confirmare,
2014 5672 2147 5715 con-

556 5742 707 5799 venit
726 5742 954 5799 reddere
977 5747 1437 5816 communionem,
1459 5762 1687 5808 necesse
1710 5759 1798 5806 est
1820 5751 2038 5809 visitare
2066 5754 2149 5813 in-

2171 3113 2217 3177 Ο
2252 3145 2371 3199 pus,
2411 3136 2463 3185 et
2504 3135 2679 3185 minor
2715 3133 2881 3187 Maria
2928 3148 3087 3203 quam
3138 3137 3400 3191 Dominus

2242 1828 2537 1900 presbyteri
2564 1828 2834 1884 interdum
2865 1828 3219 1885 exhortentur
3240 1828 3479 1898 plebem,
3502 1828 3547 1883 sl
3577 1829 3632 1883 in
3657 1828 3825 1884 eccle-

2241 1920 2335 1975 siis
2358 1919 2676 1991 prredlcent,
2709 1920 2753 1974 si
2787 1920 3057 1991 plebibus,
3085 1928 3143 1975 ut
3183 1922 3443 1991 scriptum
3469 1929 3574 1986 est,
3618 1922 3830 1976 benedi—

2240 2024 2405 2069 cant:
2443 2014 2642 2068 dictum
2674 2013 2931 2068 abnuenti
2965 2014 3095 2069 mihi
3138 2014 3240 2069 ista
3268 2016 3347 2069 sic
3369 2015 3566 2080 dicam,
3600 2016 3695 2086 qui
3730 2028 3827 2069 non

2241 2104 2357 2159 vult
2392 2106 2737 2177 presbyteros
2780 2104 2961 2161 facere
2987 2122 3107 2178 qua:
3132 2108 3393 2176 jubenthr
3435 2120 3464 2162 a
3499 2109 3631 2171 Deo,
3672 2108 3829 2173 dicat,

2242 2199 2362 2269 quis
2392 2198 2564 2267 major
2599 2206 2684 2252 est
2724 2196 2988 2254 Christo?
3025 2209 3117 2253 aut
3154 2200 3281 2269 quid
3314 2201 3531 2270 corpori
3563 2200 3704 2269 ejus,
3746 2213 3834 2256 aut

2243 2292 2488 2361 sanguini
2537 2292 2734 2361 poterit
2780 2293 3079 2363 anteponi?
3127 2295 3182 2349 Si
3230 2294 3517 2365 presbyter
3554 2288 3830 2350 Christum

2244 2390 2548 2450 consecrat,
2572 2394 2692 2441 cum
2724 2386 2776 2440 in
2805 2387 2996 2441 altario
3022 2388 3115 2443 Dei
3149 2396 3494 2445 sacramenta
3521 2391 3795 2447 benedicit
3820 2410 3829 2444 :

2246 2477 2569 2533 benedicere
2610 2481 2814 2548 popqu
2848 2486 2954 2534 non
2998 2480 3190 2546 debet,
3236 2482 3325 2551 qui
3354 2481 3630 2537 Christum
3678 2482 3832 2538 etiam

2247 2570 2441 2625 meruit
2462 2571 2822 2626 consecrare?
2858 2570 3103 2644 Virgines
3125 2575 3287 2628 etiam
3308 2575 3423 2641 Dei,
3453 2575 3583 2631 licet
3611 2574 3835 2645 Aposm-

2247 2661 2332 2717 ius
2357 2660 2500 2716 dicat
2532 2680 2544 2715 :
2576 2659 2656 2716 De
2682 2663 2967 2735 virginibus
2998 2677 3309 2736 prteceptum
3351 2668 3563 2721 Domini
3593 2685 3700 2723 non
3746 2670 3836 2723 lto-

2248 2754 2339 2810 beo
2368 2752 2409 2827 (l
2437 2754 2555 2809 Cor.
2601 2771 2699 2819 \‘ll,
2730 2758 2824 2828 ‘25)
2860 2774 2872 2785 ·
2907 2767 3087 2813 tamen
3122 2761 3223 2816 hoc
3249 2760 3460 2815 ratione
3508 2760 3762 2830 faciente,
3794 2762 3837 2816 si

2250 2863 2379 2904 usus
2409 2850 2671 2920 exegerit,
2700 2862 2793 2920 per
2816 2860 2941 2907 eum
2973 2854 3243 2924 benedici,
3272 2855 3319 2910 sl
3343 2868 3571 2911 necesse
3593 2865 3696 2922 est,
3730 2868 3839 2912 ms-

2249 2942 2501 2997 nifestum
2533 2955 2621 2997 est
2656 2944 2816 3014 :quia‘
2847 2944 3008 2999 Maria
3037 2956 3211 3003 mater
3237 2947 3451 3003 Domini
3487 2950 3720 3016 Christi,
3754 2965 3840 3005 so-

2251 3042 2340 3090 ror
2390 3044 2472 3089 est
2504 3035 2794 3105 virginum,
2850 3046 2904 3092 et
2954 3038 3294 3095 Eucharistia
3335 3038 3541 3095 Christi
3590 3052 3676 3097 est
3716 3050 3837 3099 cor-

3443 3154 3457 3189 :
3500 3145 3684 3193 tamen
3720 3153 3839 3194 cre-

2249 3225 2486 3280 dendum
2548 3237 2631 3282 est
2696 3230 2891 3283 summi
2958 3230 3258 3286 sacerdotis
3310 3230 3555 3301 judicio,
3620 3241 3677 3288 et
3743 3232 3843 3289 hoc

2210 3319 2557 3376 'faclendum
2598 3322 2741 3389 quod
2791 3321 3019 3392 jusserit
3060 3326 3201 3379 circa
3244 3326 3413 3381 laicos
3464 3333 3518 3381 et
3564 3327 3840 3383 mulieres.

2248 3414 2572 3471 lubentibus
2595 3416 2748 3469 vobis
2772 3417 3125 3484 injustissinie
3150 3417 3547 3485 sacerdotibus,
3572 3435 3679 3475 non
3699 3431 3847 3476 recte

2250 3506 2534 3577 presbyter
2567 3507 2660 3562 Dei
2708 3507 3109 3565 benedictionis
3140 3512 3322 3580 perdit
3354 3512 3616 3580 officium,
3649 3514 3848 3569 amittit

2250 3600 2447 3669 iingrue
2474 3615 2633 3669 epos,
2690 3616 2792 3656 non
2830 3601 2991 3657 habet
3032 3604 3418 3660 conﬁdentiam
3458 3605 3790 3675 praedicandi
3832 3626 3847 3663 :

2252 3704 2531 3750 truncatus
2573 3704 2659 3751 est
2702 3698 2847 3751 omni
2884 3707 3036 3769 parte
3076 3698 3369 3768 virtutum,
3402 3699 3579 3755 solum
3626 3698 3849 3773 presby-

2252 3790 2349 3844 teri
2399 3803 2595 3844 nomcn
2644 3789 2825 3857 habet,
2874 3790 3267 3861 plenitudinem
3315 3800 3378 3849 ac
3433 3794 3847 3864 perfectionem,

2250 3896 2369 3953 qum
2397 3885 2791 3938 consecrationi
2816 3886 2933 3954 ejus
2964 3888 3249 3957 competit,
3283 3896 3390 3943 non
3417 3898 3675 3944 retentat.
3723 3890 3852 3957 Quis

2251 3976 2356 4041 hic,
2394 3993 2547 4047 rogo,
2578 3994 2611 4031 ο
2639 3979 2978 4048 sacerdotes,
3018 3981 3195 4037 honor
3221 3992 3401 4038 vester
3427 3992 3532 4044 cst.
3564 3993 3620 4038 ut
3653 3985 3849 4040 damna

2250 4074 2499 4144 gregibus
2528 4072 2811 4131 inferatis?
2842 4077 3100 4145 quoniam
3130 4092 3251 4131 cum
3290 4077 3592 4146 pastoribus
3626 4092 3727 4148 per
3752 4095 3849 4149 po-

2252 4168 2471 4221 tentiam
2502 4180 2740 4223 vestrant
2784 4168 3027 4223 aufertur
3059 4170 3170 4225 Deo
3194 4170 3353 4241 digna
3382 4170 3690 4239 diligentia,
3723 4184 3853 4227 coo-

2250 4258 2452 4328 tagium
2476 4259 2744 4330 quoddam
2778 4266 2831 4314 ct
2854 4260 3128 4314 calamitas
3158 4264 3352 4317 crescit
3384 4264 3433 4317 in
3465 4261 3720 4333 grcgibUs
3748 4282 3760 4318 :
3788 4281 3851 4321 ac

2254 4350 2363 4405 Dco
2397 4362 2600 4414 HOSU'O,
2649 4366 2751 4405 non
2798 4351 3101 4421 patrimonii
3154 4356 3233 4407 sui
3264 4354 3458 4407 damna
3503 4356 3849 4424 conquiritis,

2260 4442 2382 4496 dum
2420 4441 2521 4497 soli
2560 4443 2727 4497 vultis
2781 4444 2832 4497 in
2885 4442 3139 4498 Ecclesiis
3178 4446 3476 4514 polentari?
3521 4446 3767 4518 Denique
3801 4460 3856 4502 ct

2252 4534 2557 4589 chrismatis
2609 4551 2671 4590 ea
2713 4536 2849 4589 ratio
2901 4544 3005 4601 est,
3055 4545 3216 4606 atque
3256 4536 3343 4591 hic
3395 4538 3531 4592 ordo
3580 4538 3853 4607 legitimus

2248 4626 2622 4693 consecrandi,
2653 4627 2980 4696 baptizatum
3015 4628 3297 4683 Dominum
3323 4637 3373 4683 et
3406 4630 3458 4683 in
3498 4630 3856 4687 similitudine

2248 4723 2511 4778 columbae
2543 4722 2594 4776 in
2622 4722 2803 4790 specie
2830 4720 3140 4776 chrismatis
3182 4740 3211 4775 a
3243 4732 3397 4792 patre
3428 4733 3646 4779 unctum
3681 4725 3854 4782 fuisse

2249 4814 2589 4871 manifestum
2646 4822 2759 4881 est,
2813 4831 2874 4868 ac
2934 4813 3211 4884 plenitudo
3251 4819 3606 4883 scramenti,
3652 4835 3855 4890 corpus

2248 4908 2365 4978 ejus
2406 4915 2460 4965 et
2503 4907 2716 4978 sanguis
2757 4917 3032 4964 ostensus.
3078 4908 3210 4975 Quae
3265 4923 3386 4964 cum
3448 4910 3646 4968 oii‘erre
3699 4911 3855 4981 licet,

2252 5004 2412 5057 etiam
2466 5002 2693 5072 reliqua,
2734 5016 2854 5069 qua:
2898 5004 2951 5055 in
2983 5016 3048 5055 eo
3078 5012 3201 5056 sunt
3240 5014 3588 5066 consecrare,
3639 5006 3767 5074 quia
3798 5007 3853 5059 iu

2252 5095 2457 5151 Christo
2502 5096 2666 5150 omnis
2717 5096 2986 5166 plenitudo
3034 5095 3316 5151 divinitatis
3358 5098 3702 5169 corporaliter
3755 5102 3855 5153 ha-

2253 5192 2397 5243 bitat.
2420 5188 2722 5260 Presbyteri
2740 5203 2890 5257 ergo,
2924 5190 2967 5242 si
2992 5203 3213 5243 necesse
3235 5196 3337 5251 est,
3364 5201 3589 5258 possunt
3608 5191 3856 5248 chrisma

2252 5284 2544 5345 coniicere,
2573 5282 2697 5351 quia
2729 5282 2783 5335 in
2815 5295 3045 5350 corpore
3074 5281 3193 5351 ejus
3239 5281 3478 5336 chrisma
3518 5291 3625 5338 est.
3674 5284 3857 5355 Siqui-

2252 5379 2375 5434 dem
2426 5378 2540 5431 hasc
2590 5377 2772 5445 regula
2817 5381 2977 5431 etiam
3017 5392 3158 5433 nunc
3201 5388 3452 5433 servatur
3495 5392 3523 5432 a
3574 5380 3853 5448 plurimis,

2252 5479 2410 5540 atque
2443 5471 2492 5522 in
2518 5470 2764 5523 ecclesiis
2787 5470 2971 5524 multis
2997 5472 3077 5525 sio
3104 5471 3203 5524 ista
3230 5470 3431 5525 faciunt
3459 5489 3471 5524 :
3504 5478 3685 5529 tamen
3715 5492 3855 5532 mete

2253 5564 2358 5619 hoc
2386 5562 2523 5616 scito
2553 5576 2674 5616 esse
2719 5565 3023 5625 sententiae,
3057 5564 3189 5617 nulli
3235 5564 3489 5631 episcOpo
3528 5580 3696 5636 super
3747 5569 3857 5625 hoc

2252 5654 2503 5724 injuriam
2529 5667 2651 5708 esse
2680 5654 2999 5721 faciendam,
3040 5670 3139 5710 nec
3169 5655 3341 5723 legent
3371 5672 3398 5708 a
3434 5674 3520 5711 me
3566 5675 3857 5729 apponen-

2252 5749 2377 5807 dam
2408 5759 2527 5803 esse
2559 5747 2632 5811 ei,
2661 5745 2753 5816 qui
2779 5745 2863 5803 lex
2890 5756 2973 5803 est
3000 5746 3324 5819 presbyteri.
3360 5746 3441 5802 Ab
3472 5747 3652 5820 initio,
3690 5763 3748 5808 ut
3780 5754 3857 5809 lc-
