3998 6198
228 218 322 277 157

974 208 1311 270 EPIS’I‘OLA
1349 207 1465 267 XII.
1510 207 1600 264 DE
1638 204 1906 271 SEPTEM
1944 201 2313 264 OHDlNlBUS
2349 203 2730 262 ECCLESIIE.

3408 205 3505 263 158

218 335 419 407 gimus,
443 336 788 407 negotiorum
812 332 1021 405 iudices
1039 344 1164 387 esse
1184 325 1417 383 mandati
1441 322 1802 396 suntpresby-
1834 325 1888 391 Α
1986 317 2095 377 VII.
2127 317 2209 375 De
2234 322 2449 394 septimo
2482 330 2531 376 et
2584 320 2843 391 ρνιεεὶριιο
2890 320 3057 392 gradu
3104 318 3369 387 Ecclesite,
3417 321 3506 389 qui

220 431 343 497 teri,
374 430 640 485 interesse
675 428 1022 485 sacerdotum
1050 423 1296 482 consilio.
1327 420 1595 490 Quoniam
1626 428 1679 472 et
1707 416 1809 487 ipsi

218 523 547 595 presbyteri,
594 532 655 577 ut
704 521 949 591 legimus,
982 514 1222 587 episcopi
1270 518 1676 583 nuncupantur,
1725 524 1810 567 se-

218 617 453 671 cundum
500 615 646 685 quod
694 615 955 684 scripturn
986 620 1072 667 est
1108 610 1176 666 ad
1220 608 1403 664 Titum
1443 622 1462 660 :
1514 603 1694 675 Hujus
1737 602 1811 657 rei

216 711 384 780 gratia
424 710 613 779 reliqui
656 718 703 763 te
731 706 898 763 Crette
927 724 948 762 :
987 715 1043 760 ut
1079 721 1141 760 ea
1176 718 1292 774 qua:
1332 701 1516 756 desunt
1561 697 1813 770 corrigas,

214 813 262 856 et
290 804 579 857 constituas
620 817 713 873 per
742 802 970 855 ciuitates
998 798 1342 871 presbyteros,
1381 791 1813 865 quemadmodum

213 910 309 966 ego
347 896 442 950 tibi
483 895 720 966 disposui
743 893 874 965 (Tit.
911 910 951 960 ι,
994 894 1076 958 5),
1106 902 1163 947 et
1213 898 1431 946 caetera.
1481 887 1643 943 Vides
1689 899 1815 954 ergo

214 987 599 1059 presbyterum
637 988 954 1058 episcopum
990 984 1119 1050 diei,
1163 993 1216 1039 et
1254 979 1486 1051 apostoli
1512 977 1669 1035 Pauli
1694 988 1815 1031 esse

212 1079 594 1135 sententiam?
643 1079 711 1134 Et
752 1078 879 1133 alibi
926 1077 993 1133 ad
1042 1072 1381 1131 Timotheum
1437 1069 1507 1127 de
1553 1067 1811 1123 Ecclesia:

212 1174 411 1229 ordine
454 1188 472 1225 :
524 1172 740 1241 Oportet
798 1170 1096 1239 episcopum
1144 1164 1641 1237 irrepreliensibilem
1701 1178 1811 1217 esse

210 1265 257 1331 (Ι
278 1264 417 1318 Tim.
461 1277 542 1326 ιιι,
574 1262 655 1332 2),
685 1270 740 1317 et
776 1272 995 1316 cratera.
1030 1258 1191 1313 Vides
1226 1272 1356 1327 ergo
1386 1256 1474 1310 hic
1505 1254 1806 1325 presbyteri

210 1372 317 1413 non
350 1357 470 1412 lieri
516 1355 875 1419 mentionem,
905 1352 1000 1408 sed
1046 1352 1188 1406 hunc
1226 1365 1349 1406 esse
1389 1349 1591 1413 locum,
1647 1363 1805 1418 quem

211 1452 587 1521 episcopatum
616 1449 806 1504 vocat?
851 1448 917 1502 Et
954 1446 1080 1501 alibi
1111 1445 1178 1501 ad
1223 1444 1566 1501 Timotheum
1598 1445 1807 1513 episeo-

215 1560 382 1614 pum:
426 1542 664 1611 Prwcipe
715 1542 823 1595 hac
870 1550 918 1597 et
978 1540 1104 1593 doce
1147 1553 1169 1594 :
1209 1554 1359 1592 nemo
1408 1536 1806 1591 adolescentiam

212 1648 350 1692 tuam
374 1644 693 1701 contemnat,
724 1635 814 1689 sed
841 1636 1014 1706 forma
1041 1643 1149 1688 esto
1178 1630 1413 1701 ﬁdelium
1462 1630 1517 1683 in
1543 1640 1800 1693 sermone,

1910 416 2039 473 ordo
2082 416 2433 488 Episcopalis,
2473 434 2565 473 seu
2611 415 2981 488 Episcoporum
3007 424 3099 469 est.
3132 444 3204 454 —
3230 414 3504 485 Septimus

1911 522 2093 570 autem
2124 513 2178 566 in
2208 512 2292 566 his
2327 512 2775 583 dispositionibus
2802 508 3124 579 episcopalis
3146 507 3281 564 ordo
3307 519 3410 575 est,
3452 518 3507 565 et

1914 606 2006 675 qui
2045 605 2248 675 primus
2284 614 2340 661 et
2381 603 2653 674 perlectus
2681 604 2734 658 in
2764 602 2973 663 cunctis
3000 613 3107 667 eat,
3137 603 3230 670 qui
3260 602 3509 673 omnipo-

1918 698 2100 752 tentiae
2127 697 2245 766 Dei,
2276 708 2331 753 et
2362 697 2418 751 in
2448 694 2665 753 Christo
2698 695 2951 763 donatur,
2984 709 3051 755 ex
3076 708 3183 765 quo
3223 708 3505 764 processus

1917 790 2156 849 omnium
2186 791 2482 862 gloriarum
2512 797 2569 847 et
2590 788 2865 859 plenitudo
2891 796 2976 845 est
3002 788 3288 855 virtutum,
3312 803 3380 844 ex
3403 804 3509 858 quo

1917 883 2119 948 omnia,
2153 884 2205 938 in
2237 898 2345 953 quo
2367 884 2570 938 omnia.
2602 882 2721 952 Ipse
2746 880 2889 938 enim
2918 881 3134 937 ordinat
3171 880 3504 949 sacerrimus,

1915 975 2035 1046 ipse
2061 976 2271 1039 levitas,
2322 977 2441 1046 ipse
2484 976 2872 1044 subdiaconos,
2924 975 3039 1045 ipse
3087 976 3343 1043 lectores,
3396 975 3510 1046 ipse

1912 1068 2186 1135 ostiarios,
2218 1068 2335 1137 ipse
2366 1070 2647 1136 tossarios,
2681 1070 2798 1140 ipse
2825 1069 3143 1125 arundinem
3174 1078 3364 1127 tenam
3400 1084 3514 1126 me-

1913 1160 2040 1213 titur
2064 1158 2387 1227 Jerusalem,
2418 1161 2535 1230 ipse
2563 1160 2786 1218 fabricis
2818 1161 2914 1217 Dei
2947 1170 3177 1231 prmest,
3213 1163 3333 1233 ipse
3373 1162 3513 1233 quod

1909 1250 2281 1321 unusquisque
2304 1250 2490 1308 facere
2508 1251 2673 1307 debet
2697 1254 2958 1319 ostendit,
2991 1254 3106 1324 ipse
3123 1253 3367 1322 damnat,
3394 1254 3509 1326 ipse

1908 1342 2122 1411 recipit,
2156 1343 2271 1411 ipse
2301 1343 2454 1413 ligat,
2479 1343 2594 1413 ipse
2614 1343 2777 1413 ligata
2802 1345 2979 1409 solvit,
3008 1344 3126 1413 ipse
3149 1346 3332 1402 claves
3352 1348 3505 1418 regni

1908 1438 2168 1491 caelorum
2191 1424 2372 1500 habet,
2397 1434 2515 1504 ipse
2545 1435 2803 1491 thronum
2830 1435 2926 1490 Dei
2959 1446 3171 1492 reserat
3198 1448 3254 1492 et
3284 1439 3507 1505 claudit,

1907 1541 2067 1596 supra
2112 1542 2173 1584 se
2221 1526 2353 1583 nihil
2402 1528 2629 1584 habens.
2682 1527 2740 1584 Si
2791 1527 3011 1585 humilis
3048 1539 3104 1584 et
3130 1529 3306 1587 bonus
3334 1533 3428 1599 sit,
3462 1534 3507 1587 si

1911 1622 2178 1690 perlectus
2200 1629 2259 1676 ut
2285 1621 2545 1691 scripturn
2575 1630 2695 1677 est:
2726 1619 2905 1676 Estots
2926 1623 3144 1694 perfecti
3169 1624 3299 1679 sicut
3326 1633 3374 1679 et
3400 1624 3509 1680 Pa-

212 1736 264 1788 iu
307 1733 725 1800 conversatione,
782 1732 837 1785 in
884 1728 1155 1797 cheritate,
1192 1728 1247 1782 in
1288 1726 1420 1795 ﬁde,
1467 1725 1525 1778 in
1571 1724 1805 1779 castitate
1832 1714 1881 1776 Β
1910 1723 1985 1768 ἵει·
2032 1724 2192 1769 ναῖεν
2236 1718 2490 1783 Petimus
2531 1723 2605 1771 ut
2650 1713 2864 1787 (Matth.
2916 1730 2971 1783 v,
2998 1714 3133 1789 40):
3173 1716 3219 1772 si
3251 1718 3505 1777 observat

212 1824 370 1895 (Ibid.
421 1824 504 1896 4),
549 1834 603 1878 et
640 1830 862 1878 cauere.
908 1818 1171 1890 intelligis
1216 1832 1346 1886 ergo
1388 1816 1441 1869 in
1483 1812 1806 1885 presbytero
1907 1806 2110 1875 omnia,
2142 1807 2189 1863 si
2218 1805 2520 1876 hospitalis,
2552 1808 2598 1862 si
2624 1806 2748 1865 sine
2772 1808 3023 1877 crimine,
3047 1810 3093 1865 si
3117 1809 3323 1869 habens
3346 1812 3498 1869 testir

212 1934 475 1975 summam
532 1917 819 1974 sacerdotii
850 1912 1154 1971 collocari?
1192 1911 1261 1966 Et
1298 1910 1423 1964 alibi
1465 1908 1533 1963 ad
1572 1907 1806 1977 majores
1906 1898 2147 1954 monium
2178 1899 2402 1964 bonum,
2435 1900 2480 1953 si
2508 1899 2663 1954 unius
2694 1900 2934 1955 mulieris
2964 1902 3046 1961 vir
3068 1912 3171 1968 est,
3202 1904 3252 1959 id
3274 1913 3380 1973 est,
3400 1919 3499 1961 sua

212 2022 338 2068 natn
383 2029 401 2067 :
453 2012 558 2078 Qui
609 2024 695 2067 vos
745 2011 916 2081 posuit
966 2007 1237 2079 episcopos
1281 2018 1456 2076 regere
1512 1998 1806 2056 Ecclesium

215 2124 355 2164 suam
387 2106 654 2180 Philippis
694 2106 829 2177 (Act.
863 2104 986 2170 XX,
1011 2101 1126 2174 ΞΒ).
1152 2104 1310 2157 Certe
1340 2112 1444 2153 una
1476 2095 1805 2152 Macedonia.-

212 2204 401 2258 civitas
432 2211 520 2259 est
548 2219 563 2259 :
596 2210 648 2257 et
674 2215 800 2256 cum
842 2200 913 2255 ibi
942 2199 1142 2253 Paulus
1172 2195 1439 2267 episcopis
1482 2196 1539 2247 et
1560 2187 1803 2245 diaconi-

213 2306 306 2356 bus
333 2300 575 2370 scripsit,
622 2298 749 2369 quid
773 2297 873 2351 nisi
915 2309 1010 2351 eos
1039 2294 1132 2364 qui
1180 2299 1423 2362 praesunt
1468 2284 1796 2359 presbyteri,

213 2397 497 2465 episcopos
539 2392 728 2449 vocat?
759 2390 996 2460 Denique
1024 2397 1078 2443 et
1104 2385 1380 2457 apostolus
1420 2382 1663 2437 Joannes
1687 2378 1802 2447 epi-

214 2504 404 2559 smpus
436 2488 665 2543 scribit:
703 2484 889 2542 Senior
916 2485 1092 2538 electa:
1114 2480 1340 2535 dominre
1362 2492 1514 2548 quam
1543 2472 1706 2544 diligo
1747 2470 1800 2526 in

212 2582 417 2635 veritate
451 2579 519 2650 (ll
552 2578 713 2634 Joan.
749 2576 821 2648 ι).
857 2576 989 2631 Nam
1033 2572 1319 2645 presbyter
1357 2569 1532 2624 :etatls
1567 2577 1652 2622 est
1697 2580 1797 2620 no-

216 2690 354 2735 men,
394 2673 691 2741 episcoims
742 2667 1055 2739 dignitatis;
1103 2666 1357 2721 Salomon
1418 2672 1633 2731 quoque
1681 2658 1798 2712 ait:

216 2763 524 2833 Presbytero
555 2761 772 2817 humilia
803 2762 1035 2815 animam
1076 2769 1239 2813 tuam.
1270 2756 1377 2813 Sed
1418 2754 1652 2810 oderunt
1696 2752 1798 2808 hoc

210 2857 523 2914 sacerd'ites
557 2854 776 2927 superbi
808 2856 860 2908 in
897 2852 1229 2924 presbyteris
1251 2863 1470 2912 nomen,
1494 2847 1585 2917 qui
1607 2846 1798 2901 nolunt

214 2966 328 3006 esse
354 2950 458 3006 hoc
488 2949 635 3019 quod
666 2947 934 3009 Christus,
970 2945 1061 3015 qui
1093 2938 1484 3012 discipulorum
1519 2940 1682 3009 pedes
1714 2939 1792 2992 la-

212 3043 305 3109 vit,
333 3044 424 3112 qui
472 3042 775 3111 baptizatus
804 3045 890 3095 est
919 3050 947 3089 a
992 3036 1222 3103 Joanne,
1254 3034 1381 3088 licet
1410 3032 1792 3101 baptizanduni

1909 2000 2117 2047 tantum
2160 2005 2327 2047 carne
2366 1999 2674 2054 contentus,
2723 1992 2888 2047 alieni
2931 1995 3177 2064 corporis
3215 1995 3499 2054 illecebras

1907 2099 2016 2139 non
2062 2082 2339 2154 requirat:
2382 2081 2526 2138 ﬁlios
2557 2082 2763 2140 habens
2798 2084 3045 2140 subditos
3084 2087 3138 2143 in
3166 2091 3418 2146 castitate
3448 2100 3504 2147 et

1904 2177 2238 2233 sobrietate:
2270 2178 2393 2248 quia
2420 2192 2650 2248 peccare
2675 2178 2729 2235 in
2760 2179 3026 2250 operibus
3062 2198 3169 2236 non
3199 2182 3384 2251 debet,
3412 2189 3502 2255 qui

1904 2273 1958 2328 in
1988 2272 2252 2331 electione
2285 2271 2554 2343 perlectus
2575 2283 2677 2329 est.
2707 2273 2877 2342 Hujus
2918 2275 3269 2332 sacerdotalis
3311 2280 3497 2347 vestis,

1902 2376 1988 2422 est
2016 2365 2253 2435 perlecta
2291 2364 2387 2420 Dei
2428 2364 2623 2435 gloria.
2661 2365 2742 2421 Ad
2778 2366 2921 2425 hunc
2958 2369 3192 2437 pertinet
3228 2368 3501 2427 chrisma:

1901 2463 2025 2533 quia
2056 2462 2172 2533 ipse
2193 2460 2441 2520 Christus
2466 2462 2901 2521 Christianarum
2928 2477 3034 2533 est,
3063 2466 3117 2523 id
3146 2478 3252 2533 est,
3280 2482 3499 2528 sanctus

1897 2566 2229 2622 sanctorum,
2259 2564 2315 2613 et
2337 2557 2635 2628 Episcopus
2662 2558 2987 2627 animarum,
3020 2560 3317 2618 secundum
3349 2565 3493 2633 quod

1899 2651 2159 2722 scriptum
2188 2661 2309 2709 est:
2347 2649 2526 2704 Nolite
2550 2660 2755 2720 tangere
2783 2650 3002 2707 christos
3032 2669 3192 2722 riuos,
3221 2663 3271 2708 et
3298 2656 3353 2711 in
3374 2672 3499 2727 pro-

1900 2744 2064 2813 phetis
2089 2744 2214 2799 meis
2241 2743 2399 2799 nolite
2418 2743 2693 2811 malignari
2712 2740 2885 2813 (Psal.
2910 2759 3016 2809 Civ,
3046 2745 3159 2815 15).
3194 2746 3328 2805 liuic
3347 2764 3499 2804 sum-

1901 2851 1989 2892 nia
2015 2851 2046 2891 a
2075 2836 2284 2895 cunctis
2308 2837 2521 2893 clericis
2540 2847 2702 2906 atque
2720 2837 2789 2890 ab
2808 2838 2957 2894 omni
2982 2840 3178 2909 populo
3198 2840 3492 2897 deferenda

1900 2930 2199 2985 reverentia
2239 2938 2323 2986 est
2358 2946 2374 2983 :
2413 2929 2535 2999 quia
2583 2944 2691 2983 non
2723 2930 2854 2984 dicit
2883 2932 3196 3001 ﬁgmentum
3228 2934 3278 2989 ei
3308 2934 3398 3005 qui
3429 2950 3490 2990 se

1902 3025 2072 3090 tinxit,
2105 3024 2288 3094 utquid
2337 3039 2423 3079 me
2455 3022 2653 3078 tinxisti
2686 3023 2800 3077 sic?
2826 3022 2925 3077 Aut
2956 3040 3057 3079 non
3087 3023 3237 3081 habet
3266 3036 3492 3096 potesta-

189 3149 264 3187 -se
292 3098 557 3189 ,Jo'annes.
582 3146 613 3188 a
654 3126 884 3189 Domino
933 3098 1310 3200 proclamaret.
1358 3098 1652 3194 Propterea
1686 3122 1799 3176 hare
1822 3098 1871 3163 Β
1902 3129 2000 3174 tem
2027 3121 2215 3191 ﬁgulus
2246 3122 2364 3187 luti,
2391 3137 2455 3175 es
2480 3123 2658 3175 eadem
2688 3136 2861 3174 massa
2891 3126 3084 3191 facere,
3114 3122 3264 3175 aliud
3288 3123 3494 3190 quidem

207 3227 407 3291 scribo,
438 3228 557 3281 utsi
588 3226 844 3296 praeteriti
874 3223 1136 3293 temporis
1164 3235 1321 3275 error
1347 3234 1453 3273 non
1487 3216 1797 3288 potestiam

208 3320 482 3380 revocari,
511 3320 597 3372 vel
632 3318 697 3372 ad
729 3330 968 3386 praesens
997 3316 1050 3368 in
1080 3311 1326 3369 ecclesiis
1351 3321 1599 3365 servetur
1626 3308 1802 3364 humi-

206 3412 348 3475 litas,
384 3421 442 3466 ut
474 3412 767 3483 presbyteri
798 3411 902 3464 hoc
930 3410 980 3463 in
1008 3406 1258 3463 ccclesiis
1288 3405 1399 3458 suis
1431 3404 1627 3458 faciant
1654 3400 1798 3472 quod

203 3503 415 3571 Romar,
445 3506 559 3559 sive
580 3505 722 3574 quod
757 3504 810 3558 in
840 3502 1083 3567 Oriente,
1116 3499 1257 3568 quod
1287 3500 1339 3553 in
1366 3498 1539 3563 Italia,
1570 3496 1712 3566 quod
1744 3496 1797 3549 in

201 3597 384 3663 Creta,
414 3598 562 3668 quoii
592 3598 644 3651 in
676 3598 877 3667 Cypro,
907 3595 1049 3665 quod
1079 3595 1131 3647 in
1180 3593 1379 3654 Africa,
1413 3590 1561 3661 quod
1594 3591 1646 3645 in
1676 3591 1800 3661 Illy—

201 3689 334 3752 rico,
379 3687 528 3758 quod
575 3688 628 3741 in
676 3686 950 3755 Hispania,
997 3684 1138 3754 quod
1194 3684 1245 3737 in
1299 3681 1599 3746 Britannia,
1653 3681 1797 3750 quod

199 3780 357 3833 etiam
388 3796 458 3835 ex
494 3788 643 3846 parte
686 3794 780 3847 per
823 3778 1048 3841 Gallias,
1086 3775 1228 3846 quod
1272 3774 1326 3830 iii
1368 3774 1617 3829 omnibus
1661 3773 1799 3829 locis

198 3871 285 3926 ubi
331 3871 617 3928 humilitas
664 3882 1001 3942 perseverat,
1047 3870 1189 3939 quod
1234 3872 1285 3923 in
1326 3869 1481 3923 caelis
1528 3868 1607 3931 lit,
1654 3866 1796 3936 quod

199 3965 366 4031 majus
396 3975 509 4029 est,
536 3965 624 4018 ubi
656 3965 811 4019 sedes
839 3978 1029 4019 eorum
1062 3962 1197 4031 legis
1237 3975 1357 4017 esse
1399 3961 1711 4031 dispositas,
1742 3968 1799 4014 ut

201 4065 410 4113 terrena
445 4069 791 4122 contemnas,
823 4070 878 4112 ut
898 4058 1032 4112 nihil
1062 4057 1157 4111 tibi
1185 4057 1253 4111 de
1281 4055 1463 4110 mundi
1496 4057 1649 4111 istius
1669 4070 1797 4111 con-

194 4152 512 4207 versatione
560 4165 877 4220 przsuinas.
937 4150 1167 4218 Respice
1212 4147 1515 4204 Jerusalem
1572 4158 1795 4203 matrem

192 4247 436 4301 omnium
478 4257 797 4300 sanctorum
829 4254 1076 4299 ornatam
1105 4243 1443 4313 patriarchis,
1494 4242 1792 4313 prophetis,

189 4340 451 4407 apostolis
487 4350 544 4393 et
584 4338 790 4406 angelis
830 4338 968 4393 Dei:
1009 4337 1175 4407 ipsius
1217 4335 1665 4391 consuetudinem
1711 4349 1797 4389 se-

188 4450 373 4505 quere,
402 4438 583 4508 ipsius
610 4446 951 4490 sacramenta
986 4434 1217 4490 custodi.
1253 4431 1395 4487 Nihil
1424 4432 1518 4487 tibi
1550 4434 1622 4486 sit
1648 4445 1798 4485 corn-

189 4543 346 4583 inone
374 4545 515 4583 cum
554 4527 788 4591 ceteris,
822 4528 910 4598 qui
944 4541 1186 4581 errorem
1229 4540 1386 4580 suum
1426 4524 1611 4578 illicita
1659 4537 1793 4591 prte-

183 4624 508 4693 sumptione
547 4620 862 4685 defendunt,
897 4632 949 4674 et
994 4618 1406 4674 consuetudinis
1444 4618 1635 4671 dicunt
1674 4628 1794 4670 esse

190 4719 327 4783 quod
354 4717 473 4772 voti
504 4725 611 4771 est.
643 4713 775 4768 Nam
805 4714 849 4768 si
873 4714 1066 4783 aliquis
1098 4723 1342 4766 nostrum
1372 4712 1630 4781 praeteriti
1661 4720 1796 4765 tem-

187 4820 326 4886 poris
374 4816 849 4876 consuetudinem
900 4815 1068 4887 possit
1126 4828 1445 4886 agnoscere,
1506 4813 1793 4884 probarem

190 4919 273 4975 tibi
304 4922 413 4977 hoc
442 4921 596 4992 quod
630 4918 844 4989 loquor,
870 4918 938 4973 ab
962 4918 1118 4972 initio
1142 4928 1522 4986 seinper,cum
1555 4917 1788 4986 apostoli

188 5026 588 5093 pnedicarent,
612 5023 662 5077 in
693 5022 937 5077 ecclesiis
966 5021 1134 5076 fuisse
1158 5030 1453 5085 servatum,
1476 5030 1527 5075 et
1550 5028 1791 5090 postmo-

192 5125 304 5182 dum
350 5130 486 5185 odio
541 5125 881 5197 singulorum
934 5126 1116 5180 vitiata
1161 5123 1374 5193 aliqua,
1425 5122 1599 5192 aliqua
1653 5138 1789 5190 pra:-

193 5240 415 5298 sumpta.
447 5227 562 5283 Sed
594 5242 755 5281 nemo
780 5226 1114 5280 damnandus
1137 5237 1242 5293 est,
1267 5240 1426 5279 nemo
1446 5225 1786 5292 judicandw,

194 5327 347 5384 immo
378 5346 586 5387 omnes
626 5331 678 5383 in
723 5331 1134 5386 mansuetudine
1177 5340 1233 5386 et
1276 5330 1538 5387 charitate
1568 5329 1790 5401 spiritus

197 5429 375 5502 [Mam
405 5442 548 5487 tacet
576 5430 823 5503 spiritus]
846 5433 1227 5503 amplectendi,
1265 5443 1322 5486 nt
1351 5433 1479 5487 dum
1507 5432 1786 5488 nobiscum

192 5532 444 5590 bonitatis
488 5533 698 5591 Christi
746 5533 1089 5590 fundamenta
1127 5543 1478 5606 cognoscunt,
1511 5534 1577 5589 ad
1620 5530 1790 5587 aedili-

195 5637 321 5693 cium
346 5638 442 5694 Dei
473 5644 780 5707 spontanea
814 5636 1087 5693 voluntate
1125 5639 1474 5705 conveniant,
1507 5649 1559 5693 ut
1590 5638 1643 5693 in
1671 5638 1787 5692 cul-

196 5738 327 5797 mine
349 5736 550 5812 templi
579 5737 863 5797 nobiscum
897 5753 1117 5796 manere
1142 5748 1476 5797 mereantur.

1898 3231 1982 3268 vas
2008 3216 2061 3267 in
2088 3213 2355 3278 honorent,
2386 3213 2537 3267 aliud
2564 3213 2619 3266 in
2640 3213 3011 3267 contumeliam
3041 3213 3229 3284 (Rom.
3265 3228 3342 3276 lx,
3368 3213 3499 3283 Si)?

1898 3306 2031 3362 Huic
2060 3323 2165 3361 non
2192 3306 2434 3376 cogitare
2467 3306 2536 3360 de
2565 3307 2827 3367 crastino,
2860 3321 2959 3373 pro
2983 3303 3316 3377 perfectione
3346 3318 3497 3360 mau-

1898 3398 2075 3454 datur.
2107 3397 2203 3453 llic
2228 3401 2295 3453 de
2322 3398 2641 3453 vestimento
2670 3407 2723 3452 et
2750 3398 2898 3451 victu
2928 3397 3192 3453 sollicitus
3218 3412 3341 3453 esse
3370 3414 3497 3467 pro-

1900 3490 2135 3546 hibetur.
2168 3490 2265 3546 llic
2296 3506 2390 3560 per
2414 3490 2593 3545 omnia
2623 3490 2819 3544 similis
2850 3492 2958 3544 Deo
2990 3503 3092 3553 cst,
3124 3491 3170 3546 si
3199 3507 3306 3546 non
3338 3506 3489 3548 me—

1899 3582 1994 3636 dat
2036 3596 2067 3636 a
2101 3581 2341 3649 Christo,
2380 3582 2676 3638 secundum
2715 3580 2858 3651 quod
2888 3584 3149 3651 scriptum
3179 3592 3301 3639 est:
3334 3584 3415 3638 Tu
3442 3602 3496 3640 es

1899 3674 2138 3729 sacnrdos
2165 3675 2217 3728 in
2243 3684 2494 3730 alternum
2530 3673 2809 3729 secundum
2848 3674 3083 3728 ordinem
3118 3674 3495 3731 Melchisedech

1900 3766 2085 3840 (Prol.
2107 3782 2217 3833 ctx,
2242 3769 2319 3838 4).
2354 3766 2451 3823 llic
2477 3768 2529 3822 in
2551 3782 2715 3823 carne
2735 3767 3041 3835 ambulans,
3063 3784 3169 3824 non
3192 3769 3491 3825 secundum

1898 3876 2119 3916 carnem
2147 3862 2358 3915 militat.
2394 3860 2489 3917 Hic
2513 3877 2619 3916 non
2646 3861 2760 3915 vult
2789 3876 2909 3917 esse
2939 3860 3042 3917 nisi
3070 3876 3190 3918 cum
3216 3863 3365 3920 Jesu.
3396 3864 3493 3919 llic

1898 3956 2170 4011 neminem
2201 3954 2460 4011 damnat:
2493 3956 2581 4011 hic
2606 3957 2721 4027 ipse
2748 3957 2910 4012 etiam
2933 3957 3108 4023 διιὼν,
3148 3960 3329 4015 sciens
3367 3974 3490 4015 eutn

1900 4048 2061 4103 talem
2094 4062 2216 4104 esse
2243 4049 2295 4102 in
2325 4048 2596 4117 passione,
2626 4050 2883 4120 pacilicus
2913 4061 3020 4107 est.
3049 4051 3147 4106 llic
3171 4052 3417 4106 osculum
3442 4053 3490 4108 ei

1899 4140 2042 4195 data
2076 4154 2183 4211 quo
2209 4141 2437 4197 traditus
2469 4152 2571 4196 est.
2607 4142 2704 4198 llic
2736 4159 2833 4213 pro
2860 4145 3070 4199 cunctis
3112 4143 3349 4213 patitur:
3394 4144 3491 4199 llic

1898 4242 2066 4291 salvat
2117 4236 2421 4293 universos.
2470 4237 2546 4292 De
2586 4238 2690 4293 hoc
2727 4239 2908 4293 ollicio
2950 4238 3182 4307 amplius
3217 4237 3491 4307 disputare

1899 4329 2031 4384 nihil
2070 4345 2311 4398 possum,
2344 4333 2596 4401 quoniam
2624 4331 2768 4401 quod
2800 4334 2854 4387 in
2874 4332 3090 4388 clericis
3115 4342 3488 4386 consecratum

1901 4440 2019 4479 esse
2049 4425 2425 4496 praididicisti,
2449 4426 2765 4496 episcopum
2806 4428 2980 4481 solum
3024 4425 3227 4481 habere
3267 4423 3496 4480 manife-

1900 4529 2044 4575 stum
2071 4531 2172 4575 est.
2201 4521 2257 4575 In
2289 4522 2392 4576 illis
2423 4536 2543 4577 esse
2571 4531 2752 4590 partes
2780 4530 2837 4577 et
2863 4521 3103 4577 membra
3134 4521 3413 4585 virtutum,
3438 4518 3489 4574 in

1899 4614 2154 4683 episcopo
2194 4615 2581 4684 plenitudinem
2615 4615 2910 4671 divinitatis
2948 4614 3192 4668 habitare
3236 4626 3494 4681 corpora-

1897 4709 2041 4763 liter.
2074 4713 2247 4779 Atque
2274 4709 2345 4764 ita
2375 4720 2478 4776 est,
2504 4719 2563 4763 ut
2595 4711 2647 4763 in
2672 4710 2909 4779 episc0pi
2930 4708 3237 4771 Dominum,
3263 4707 3316 4761 in
3342 4722 3492 4775 pres-

1897 4800 2101 4873 byteris
2120 4803 2414 4872 apostolos,
2439 4801 2529 4871 qui
2557 4808 2613 4855 et
2636 4801 2736 4869 ipsi
2766 4808 2913 4865 sunt,
2946 4813 3350 4868 recognoscas:
3381 4800 3489 4857 Sed

1895 4898 2017 4966 quia
2048 4898 2306 4965 scriptum
2336 4904 2419 4949 est
2442 4910 2456 4948 :
2489 4893 2612 4948 Non
2642 4909 2727 4947 vos
2754 4909 2833 4946 me
2861 4890 3108 4963 elegistis,
3133 4891 3223 4946 sed
3243 4909 3337 4966 ego
3359 4892 3495 4965 elegi

1894 5003 1980 5041 eos
2012 4985 2202 5059 (Joan.
2230 5001 2323 5049 xv,
2376 4987 2519 5054 16):
2568 4999 2814 5038 summus
2858 4983 3118 5039 sacerdos
3165 4984 3256 5054 qui
3302 4985 3486 5056 elegit,

1894 5078 2130 5141 dicitur;
2180 5079 2267 5146 qui
2317 5092 2447 5131 vero
2477 5078 2631 5131 electi
2680 5085 2827 5140 sunt,
2882 5078 3211 5133 sacerdotes.
3258 5078 3485 5135 Omnem

1880 5172 2036 5227 .enim
2068 5183 2216 5224 suam
2247 5174 2563 5237 potestatem
2594 5167 2738 5223 Deus
2769 5169 3054 5240 discipulis
3076 5172 3193 5225 suis
3223 5170 3402 5226 dedit:
3436 5177 3491 5223 et

1894 5264 2115 5334 Moysen
2138 5260 2308 5316 Deum
2329 5258 2434 5313 dici
2460 5257 2628 5313 voluit
2647 5258 2966 5317 Pharaonis.
2988 5260 3165 5331 Atque
3187 5261 3305 5328 ipse
3329 5261 3489 5312 homo

1892 5356 2054 5412 Jcsus
2080 5353 2326 5410 Christus
2357 5351 2530 5419 major
2564 5351 2617 5404 in
2643 5368 2708 5407 eo
2737 5354 2880 5423 quod
2924 5354 2977 5408 in
3015 5369 3176 5408 carne
3216 5349 3486 5420 apparuit,

1890 5449 2011 5505 fuit.
2034 5448 2099 5504 Et
2132 5447 2235 5502 hoc
2258 5454 2340 5497 est
2366 5444 2681 5513 mysterium
2708 5444 2983 5508 Ecclesiae,
3007 5447 3151 5515 quod
3175 5444 3375 5499 Esdras
3392 5443 3489 5499 de-

1889 5543 2124 5611 scripsit,
2157 5536 2376 5609 quodin
2407 5535 2643 5605 quinque
2682 5536 2936 5605 gradibus
2974 5536 3314 5601 collocatum,
3349 5550 3482 5590 scn-

1890 5649 1983 5689 sus
2025 5632 2194 5686 nostri
2234 5630 2429 5699 capitis
2468 5638 2634 5685 tenet.
2677 5630 2920 5698 Namque
2958 5627 3091 5680 visui
3130 5630 3476 5698 cpisc0patus

1888 5724 2220 5795 presbyteris
2266 5721 2483 5791 dantur,
2532 5721 2826 5787 secundum
2857 5716 3002 5789 quod
3047 5719 3306 5789 scriptum
3349 5731 3457 5785 est,
