4000 6306
467 264 571 323 159

1489 268 1549 325 S.
1592 259 1974 322 lllERONYMl
2012 256 2303 318 OPERUM
2343 260 2713 321 MANTISSA.

3658 256 3768 317 160

466 378 853 453 Speculatorem
894 389 940 435 te
977 380 1124 452 posui
1162 380 1337 437 domui
1378 377 1546 435 Israel
1579 375 1797 449 (Ezech.
1826 389 1905 441 ιιι,
1936 371 2048 442 l7).
2078 370 2133 433 Α
2157 387 2261 443 que
2304 373 2538 429 dehitrix
2585 374 2677 440 sit,
2719 374 2861 445 quod
2898 374 2965 431 ad
2994 375 3098 431 hoc
3125 373 3365 431 ofﬁcium
3396 371 3621 440 volasti,
3655 390 3765 447 qua

464 471 666 529 Levita:
692 472 958 537 odoratui,
990 472 1110 542 quia
1140 472 1237 541 ipsi
1263 473 1632 529 sacerdotibus
1646 466 2063 540 juncti,colnm-

466 581 552 621 me
582 575 637 621 et
664 565 1065 620 fundamentum
1093 565 1337 619 veritatis
1382 570 1528 630 sunt,
1580 560 1681 633 ipsi
1709 559 1927 628 Spiritus
1953 557 2063 613 for-

465 675 575 727 ma,
608 659 761 729 puris
786 656 1059 713 mentibus
1082 656 1217 713 odor
1246 656 1370 712 vitae
1398 658 1450 713 in
1486 658 1648 711 vitam
1679 664 1826 721 sunt,
1868 662 1923 709 et
1965 667 2064 722 per

462 765 651 807 omnes
679 764 865 805 eorum
904 748 1041 805 odor
1090 749 1339 805 sacriﬁcii
1378 747 1621 805 ascendit
1667 748 1720 803 in
1768 755 2064 816 conspectu

463 842 576 897 Dei.
628 841 917 897 Nalbinnci
965 840 1193 909 auditui,
1238 852 1297 897 ut
1339 841 1559 896 audiant
1600 839 1836 896 universi
1867 838 2063 894 divinis

457 933 645 991 verbis
670 950 734 990 ac
761 934 1045 1005 praeceptis
1072 933 1416 990 sacerdotum
1445 942 1501 988 et
1524 932 1718 989 ofﬁciis
1754 933 2059 987 levitarum.

457 1028 611 1084 Sacri
627 1036 878 1083 cantores
901 1027 1160 1094 sermoni,
1183 1026 1327 1098 quod
1349 1034 1435 1083 est
1453 1026 1667 1098 linguae.
1699 1025 1916 1082 Ostiarii
1947 1026 2063 1082 sive

456 1119 675 1176 fossarii
706 1119 809 1187 ori,
840 1120 984 1175 sicut
1012 1120 1269 1189 scriptum
1300 1128 1413 1175 est:
1441 1119 1605 1186 Pone,
1631 1118 1871 1186 Domine,
1894 1127 2065 1171 custo-

457 1216 600 1268 diam
618 1214 696 1268 ori
716 1230 849 1279 meo,
872 1222 919 1267 et
942 1214 1131 1268 ostium
1154 1214 1551 1268 circumstantia:
1571 1213 1718 1267 labiis
1740 1213 1863 1266 meis
1886 1211 2059 1282 (Psal.

461 1324 594 1376 cu,
629 1308 725 1377 ⁸5).
765 1306 845 1362 Ex
885 1307 1065 1363 verbis
1105 1308 1247 1364 enim
1292 1308 1492 1362 nostris
1526 1306 1962 1377 jnstiﬁcabimur.
2008 1313 2063 1362 et

458 1418 527 1458 ex
558 1401 741 1456 verbis
765 1400 966 1456 nostris
992 1400 1509 1455 condemnabimur:
1552 1402 1604 1454 in
1646 1415 1742 1454 ore
1776 1401 1919 1455 enim
1968 1401 2064 1454 ho-

463 1492 625 1550 minis
645 1495 754 1548 vita
780 1502 837 1549 et
862 1508 1009 1549 mors
1034 1511 1047 1547 :
1079 1493 1201 1548 ideo
1230 1494 1283 1548 in
1310 1492 1553 1549 fossariis
1581 1494 1801 1562 spiritus
1829 1494 2063 1565 pr0phe-

460 1598 635 1642 tarum
685 1587 965 1658 prophetis
994 1587 1269 1658 subjectus
1296 1598 1378 1642 est
1402 1604 1417 1648 :
1450 1587 1504 1641 in
1525 1588 1761 1641 ostiariis
1786 1586 2058 1657 doctores,

460 1685 514 1739 in
546 1682 839 1737 lectoribus
868 1681 1167 1751 prophetae,
1200 1680 1257 1735 in
1280 1680 1627 1735 subdiaconis
1647 1678 1845 1749 angeli,
1873 1681 1925 1734 in
1948 1680 2064 1734 dia-

2161 470 2539 525 consentiente
2569 470 2774 526 electus
2803 485 2864 526 es
2887 486 2916 524 a
2948 470 3197 539 Domino,
3223 468 3365 540 quod
3390 469 3538 539 prius
3556 468 3627 525 de
3648 485 3770 525 om-

2163 562 2319 618 nibus
2345 578 2467 618 cum
2502 564 2634 627 tuis,
2665 571 2726 618 ut
2750 564 2951 630 decuit,
2982 564 3315 634 transegisti,
3343 579 3503 633 quam
3545 564 3764 634 episco-

2162 664 2345 725 patum
2375 665 2598 725 rogatus
2626 656 2922 729 acciperes,
2949 664 3002 711 et
3039 665 3322 727 separatus
3362 670 3390 708 a
3436 657 3674 729 conjuge
3711 658 3764 714 in

2163 747 2406 803 Ecclesia
2454 764 2820 819 permaneres.
2868 750 3067 805 Certus
3112 758 3291 804 autem
3340 764 3462 805 sum
3507 754 3765 822 exemplo

2164 840 2318 895 bona:
2347 841 2471 896 vitae
2502 853 2604 895 tua:
2632 855 2822 896 omnes
2852 842 2966 897 haec
2993 856 3117 897 esse
3146 841 3408 902 facturos.
3443 852 3502 898 ut
3532 843 3587 898 in
3628 844 3765 900 ado-

2163 930 2421 987 lescentia
2453 932 2738 989 credentes
2767 933 2899 996 Deo.
2942 932 3070 989 dum
3117 943 3477 990 contemnunt
3502 924 3764 1003 terrena,

2163 1022 2341 1079 divina
2393 1025 2711 1097 percipiant,
2756 1034 2811 1079 et
2838 1025 3130 1093 emendati,
3163 1025 3215 1080 in
3246 1027 3504 1083 omnibus
3533 1028 3765 1083 Domino

2164 1128 2573 1186 consecrentnr,
2604 1129 2662 1175 ut
2691 1118 2941 1175 doctores
2971 1119 3209 1191 plebium
3243 1119 3395 1186 facti,
3428 1132 3552 1191 post
3580 1138 3766 1179 emen-

2165 1212 2439 1267 dationem
2461 1213 2543 1267 sui
2573 1212 2869 1284 praedicent
2904 1213 3200 1281 universis,
3239 1224 3295 1269 et
3339 1215 3489 1271 salus
3524 1222 3766 1273 omnium

2166 1313 2565 1372 nuncupentur.
2616 1304 2917 1362 Saeculares
2972 1315 3151 1363 antem
3200 1307 3347 1363 viros
3393 1307 3458 1363 ad
3514 1309 3767 1366 ministe-

2168 1394 2305 1451 rium
2350 1411 2454 1451 non
2501 1412 2743 1452 assumas
2772 1396 3053 1459 Ecclesiae,
3084 1398 3162 1454 sic
3191 1400 3333 1455 enim
3365 1399 3535 1471 legis:
3570 1400 3771 1457 Manus

2164 1498 2347 1543 temere
2395 1490 2583 1545 nemini
2630 1491 2953 1562 imposueris.
3005 1491 3075 1545 Et
3136 1492 3370 1549 iterum:
3423 1492 3493 1547 Hi
3537 1495 3767 1562 primum

2165 1581 2577 1651 comprobantur,
2625 1593 2673 1638 et
2728 1584 2804 1637 sic
2850 1584 3136 1638 ministrent
3175 1585 3285 1640 sine
3327 1585 3541 1640 crimine
3576 1589 3771 1642 consti—

2166 1674 2263 1727 tuti
2308 1672 2359 1744 (l
2391 1673 2526 1729 Tim.
2573 1690 2626 1740 v,
2678 1674 2779 1739 22;
2823 1691 2903 1738 ιιι,
2955 1676 3067 1747 10).
3110 1676 3248 1731 Sunt
3291 1678 3434 1733 enim
3484 1678 3639 1733 multi
3679 1680 3771 1749 qui

462 1774 687 1831 conibus
734 1772 1066 1843 archangeli,
1108 1772 1160 1826 in
1199 1772 1531 1843 presbyteris
1576 1771 1827 1838 apostoli,
1859 1771 1913 1825 in
1944 1772 2058 1841 epi-
2084 1759 2134 1821 B
2159 1777 2448 1839 sequentes
2496 1778 2621 1824 vota
2681 1769 3037 1838 populorum,
3103 1770 3443 1841 disciplinam
3510 1772 3770 1829 Ecclesia:

465 1868 646 1936 scopis
676 1867 835 1921 Deus.
869 1866 1110 1936 Denique
1141 1865 1399 1935 scriptum
1441 1872 1545 1930 est,
1580 1865 1745 1933 primo
1780 1865 2063 1935 apostolos,

465 1957 691 2012 secundo
718 1958 1019 2030 prophetas,
1044 1958 1193 2012 tertio
1223 1958 1457 2011 doctores
1488 1955 1544 2027 (l
1571 1954 1822 2037 Corax",
1852 1954 1968 2027 28).
2000 1956 2068 2011 Et

466 2050 590 2107 ideo
618 2051 685 2106 de
719 2050 985 2122 Episcopo
1016 2066 1186 2120 usque
1209 2049 1275 2105 ad
1308 2050 1602 2105 Diaconum
1632 2048 1857 2118 spiritus
1884 2050 2069 2120 dispo-

463 2148 593 2203 sitio
612 2158 718 2203 est.
743 2147 818 2202 De
844 2146 1270 2202 subdiaconibus
1288 2161 1461 2215 usque
1480 2144 1546 2199 ad
1570 2142 1826 2199 ostiarios
1847 2143 2063 2198 animae:

468 2243 520 2297 in
545 2240 789 2298 fossariis
818 2241 1087 2308 corporis.
1115 2240 1313 2310 Sicque
1345 2238 1441 2292 has
1464 2251 1655 2293 omnes
1683 2236 2068 2307 dispositiones

466 2336 519 2390 in
550 2334 790 2390 Ecclesia
819 2332 1045 2400 Christi,
1078 2332 1231 2403 quasi
1274 2346 1437 2385 unum
1483 2330 1756 2385 hominem
1802 2329 1915 2385 Deo
1955 2345 2071 2385 ser-

468 2430 702 2484 vientem
747 2443 870 2483 esse
910 2442 1180 2497 cognosce
1208 2467 1222 2491 ,
1272 2424 1567 2479 secundum
1613 2423 1757 2492 quod
1802 2423 2066 2492 scriptum

468 2532 552 2576 est
577 2537 591 2578 :
629 2518 731 2574 Vos
756 2520 877 2573 estis
902 2519 1145 2589 templum
1173 2516 1288 2585 Dei,
1320 2524 1367 2569 et
1396 2516 1627 2583 Spiritus
1657 2512 1753 2568 Dei
1783 2514 1976 2568 habitat
2014 2516 2069 2570 in

468 2614 629 2667 vobis.
658 2612 720 2668 Si
748 2612 863 2682 quis
893 2610 1139 2681 templum
1168 2607 1261 2661 Dei
1299 2608 1579 2675 violaverit,
1623 2606 1879 2679 disperdat
1918 2607 2070 2661 illum

475 2700 635 2756 Deus.
665 2701 935 2767 Templum
964 2701 1099 2753 enim
1140 2697 1235 2753 Dei
1254 2708 1486 2753 sanctum
1518 2710 1613 2767 est,
1655 2699 1797 2771 quod
1834 2700 1956 2754 estis
1982 2716 2069 2755 vos

473 2794 641 2866 (Ibid.
676 2810 773 2860 ιιι,
802 2793 899 2859 16ς
933 2808 1037 2860 vn,
1066 2791 1174 2862 l8).
1211 2792 1446 2848 Prmdica
1491 2801 1667 2848 autem
1708 2792 1929 2848 verbum
1972 2791 2069 2850 Dei

470 2885 703 2951 cunctis,
746 2894 805 2940 ut
842 2885 1099 2955 scriptum
1123 2896 1201 2939 est
1230 2901 1242 2939 :
1280 2882 1572 2939 Exhortare
1598 2902 1797 2951 omnes,
1827 2885 2070 2940 divitibus

474 2977 631 3048 hujus
660 2976 837 3031 sa'culi
857 2978 1099 3049 principe,
1126 2994 1228 3031 non
1255 2977 1470 3047 superbe
1507 2994 1710 3047 sapere,
1754 2994 1914 3049 neque
1949 2997 2069 3045 spe-

471 3087 587 3125 rare
616 3070 669 3125 in
694 3071 890 3125 incerto
919 3069 1295 3142 divitiarum(l
1325 3069 1458 3124 Tim.
1501 3086 1573 3136 Vl,
1609 3070 1721 3143 17),
1760 3074 1850 3126 sed
1888 3072 2070 3128 divites

2168 1876 2274 1915 non
2304 1861 2612 1924 observant.
2644 1876 2708 1917 ac
2734 1862 2853 1918 sine
2880 1863 3256 1933 experimento
3279 1863 3439 1920 bona:
3476 1865 3624 1935 vitm,
3670 1866 3771 1922 eli-

2166 1964 2298 2025 gunt
2326 1970 2431 2010 non
2460 1969 2775 2011 conversos.
2805 1957 2985 2027 Atque
3012 1966 3070 2012 ιιι
3097 1958 3553 2015 consuetudinem
3583 1976 3771 2031 reprc-

2169 2047 2399 2103 hendam
2424 2065 2438 2103 :
2468 2057 2754 2118 peccantes
2784 2048 3122 2105 nobilitatem
3154 2052 3357 2121 potius.
3383 2067 3546 2123 quam
3592 2069 3772 2108 mores

2166 2142 2403 2209 optimos
2430 2140 2784 2197 benedicunt:
2812 2150 2868 2197 et
2894 2150 3023 2198 ante
3050 2143 3201 2211 regni
3233 2143 3470 2200 cmlestis
3502 2144 3773 2216 guberna-

2166 2233 2285 2288 cula
2318 2232 2554 2295 tradunt;
2588 2248 2748 2302 quam
2774 2233 2843 2289 de
2870 2244 3084 2291 terrena
3132 2236 3547 2293 conversatione
3590 2239 3767 2293 securi

2167 2328 2313 2384 sint:
2345 2326 2499 2398 quasi
2530 2342 2659 2383 vero
2680 2328 2793 2383 Deo
2819 2327 3072 2384 deticiant
3100 2329 3432 2399 sacerdotes,
3470 2340 3565 2387 ant
3608 2333 3770 2389 cleri-

2166 2430 2319 2475 catus
2348 2419 2584 2476 ofﬁcium
2612 2421 2785 2489 possit
2812 2420 3058 2490 implere,
3087 2423 3176 2493 qui
3210 2423 3437 2479 necdum
3468 2436 3654 2481 castus
3694 2429 3776 2483 di-

2168 2511 2299 2566 dicit
2344 2526 2466 2568 esse
2509 2512 2847 2569 abstinendo.
2891 2513 3070 2570 Taceo
3104 2514 3174 2570 de
3203 2516 3425 2589 reliquis
3452 2518 3575 2574 vitae
3606 2520 3778 2574 docn-

2172 2602 2389 2671 mentis,
2437 2602 2581 2673 quod
2632 2604 2843 2675 ignorat
2887 2604 3089 2671 libros,
3130 2607 3275 2675 quod
3323 2609 3777 2666 consuetudinem

2171 2696 2374 2753 nescit:
2404 2704 2461 2753 et
2486 2696 2635 2767 prius
2660 2696 2850 2753 doctor
2878 2700 3118 2769 gentium
3152 2698 3350 2756 dicitur
3378 2700 3465 2757 vel
3505 2702 3777 2770 minister,

2170 2805 2330 2861 quam
2361 2789 2536 2846 discat
2561 2790 2761 2863 aliquid
2805 2791 3110 2862 imperitus,
3153 2794 3330 2851 alieno
3360 2795 3564 2865 judicio
3599 2800 3781 2869 impo-

2171 2893 2376 2939 sterum
2420 2883 2632 2951 vivens,
2681 2900 2786 2939 non
2832 2886 2950 2950 Dei,
2998 2887 3093 2943 sed
3141 2888 3531 2962 cujuscumque
3566 2891 3697 2948 facit
3727 2894 3780 2949 in

2172 2976 2421 3031 omnibus
2445 2976 2793 3033 voluntatem.
2826 2977 2994 3033 Deum
3018 2981 3161 3035 enim
3209 2981 3494 3039 instruenti
3539 3000 3601 3041 se
3649 2987 3784 3043 obe-

2173 3067 2427 3123 dientiam
2455 3068 2635 3139 debet,
2669 3068 2896 3125 ceditad
2924 3079 3156 3142 tempus,
3184 3082 3239 3129 et
3278 3076 3477 3132 invitus
3521 3077 3781 3146 discipuli

473 3178 582 3217 esse
608 3163 665 3217 in
693 3162 925 3235 operibus
960 3163 1122 3218 bonis.
1156 3140 1323 3217 Nemo
1345 3161 1741 3219 adolescentiam
1776 3173 1925 3219 tuam
1948 3183 2072 3222 con—
2098 3140 2145 3205 (ἶ
2177 3178 2371 3219 nomen
2417 3164 2612 3235 accipit
2658 3164 2709 3220 in
2751 3165 3040 3235 magistro,
3088 3168 3371 3241 minorque
3414 3171 3475 3226 ﬁt
3526 3174 3779 3229 minimo.

474 3266 667 3312 temnat
690 3274 709 3313 :
726 3274 828 3313 non
854 3257 1058 3313 recedat
1086 3256 1214 3311 liber
1242 3258 1369 3328 legis
1402 3258 1464 3311 de
1493 3273 1651 3311 manu
1674 3268 1784 3323 tua,
1802 3260 1890 3312 sed
1912 3261 2073 3316 medi-

473 3351 656 3406 taberis
682 3351 765 3406 die
789 3367 851 3405 ac
886 3360 1034 3405 nocte
1070 3352 1125 3406 in
1157 3368 1216 3407 eo
1258 3349 1446 3422 (Iona.
1493 3367 1542 3415 ι,
1583 3351 1664 3421 7).
1706 3350 1847 3408 Ante
1888 3353 2072 3411 omnia

471 3458 657 3498 curam
696 3443 835 3499 habe
879 3457 1200 3515 pauperum,
1243 3443 1367 3514 quia
1419 3452 1641 3515 propter
1690 3459 1789 3498 nos
1824 3442 2073 3502 Christus

472 3550 676 3607 pauper
705 3535 877 3593 factus
899 3546 982 3594 est
1009 3551 1131 3592 cum
1162 3545 1308 3592 esset
1327 3536 1498 3603 dives,
1533 3546 1590 3591 ut
1619 3537 1795 3607 in0pia
1818 3538 1961 3595 illius
1985 3538 2069 3594 di-

473 3636 728 3683 taremur.
761 3628 1041 3685 Professas
1061 3639 1118 3685 et
1147 3645 1240 3685 eas
1266 3646 1389 3700 quae
1419 3645 1547 3685 vere
1573 3628 1751 3685 vidua:
1791 3641 1938 3699 sunt,
1978 3646 2069 3689 re-

474 3718 667 3789 quire:
700 3721 980 3791 egentibus
1001 3722 1305 3778 necessaria
1326 3722 1707 3780 subministra:
1740 3740 1842 3782 nec
1863 3726 1915 3781 in
1939 3742 2071 3797 quo-

476 3827 636 3882 quam
689 3815 1141 3885 peregrinationis
1188 3831 1382 3870 nomen
1443 3816 1746 3872 horrescas.
1806 3818 2071 3886 Quoniam

477 3905 733 3974 quamdiu
762 3922 950 3961 sumus
981 3908 1033 3962 in
1067 3923 1254 3975 carne,
1299 3910 1708 3981 peregrinamnr
1752 3926 1781 3965 a
1820 3912 2068 3969 Domino.

476 3996 721 4056 Iuniores
766 4009 937 4055 autem
980 4002 1161 4055 viduas
1206 4004 1411 4069 devita;
1455 4019 1573 4057 cum
1618 4005 1754 4058 enim
1797 4004 2074 4063 luxuriata:

477 4094 687 4163 fuerint,
713 4094 764 4147 in
787 4091 994 4148 Christo
1014 4094 1202 4150 nubere
1222 4094 1399 4150 volunt
1429 4096 1447 4162 (
1470 4095 1487 4149 l
1522 4094 1653 4150 Tim.
1680 4112 1733 4162 v,
1763 4097 1876 4167 ll).
1904 4097 2071 4155 Uxori

478 4195 584 4240 tua:
630 4197 851 4256 propter
890 4190 1161 4259 antiquam
1204 4189 1649 4245 consuetudinem
1678 4205 1741 4245 ac
1774 4192 2069 4260 periculum

473 4279 787 4345 sacerdotii,
820 4297 925 4336 non
958 4281 1052 4337 des
1080 4282 1315 4337 animam
1345 4288 1489 4337 tuam
1516 4281 1568 4336 in
1603 4291 1921 4352 potestatem
1955 4300 1969 4337 :
2004 4300 2073 4341 ne

473 4374 613 4429 forte
644 4374 695 4429 in
726 4374 1133 4432 similitudinem
1165 4375 1297 4431 Δότε
1327 4376 1378 4429 in
1410 4375 1663 4446 paradiso
1699 4376 1909 4446 positus
1941 4392 2072 4433 con-

475 4465 740 4533 fundaris,
771 4477 930 4539 atque
959 4479 1234 4538 acceptam
1268 4470 1463 4539 legem,
1499 4470 1545 4523 si
1578 4468 1908 4539 peccaveris,
1940 4484 2066 4541 per-
2104 4506 2151 4570 ο

474 4558 609 4616 das:
636 4574 700 4615 ac
725 4559 985 4616 nuditatis
1015 4569 1119 4617 tua:
1153 4562 1424 4631 conscius,
1470 4562 1839 4617 confusionem
1878 4563 2074 4619 mentis

475 4654 735 4725 excipias,
776 4665 828 4710 et
860 4655 1043 4712 locum
1085 4656 1513 4712 consecrationis
1554 4656 1789 4713 amittas.
1831 4656 2073 4713 Amanda

474 4746 691 4816 quidem
721 4764 854 4803 uxor
882 4759 987 4813 est,
1032 4752 1125 4805 sed
1170 4750 1314 4805 sicut
1364 4748 1605 4805 Ecclesia
1653 4762 1745 4804 aut
1791 4750 2074 4823 Templum

479 4839 613 4896 Dei:
662 4842 927 4897 orandum
972 4859 1094 4898 cum
1144 4859 1228 4907 ea,
1282 4844 1568 4913 legendum
1597 4884 1613 4909 ,
1663 4844 2073 4915 abstinendum,

477 4934 987 4989 communicandum
1033 4936 1086 4989 in
1131 4937 1343 5006 altario,
1394 4952 1499 4993 non
1541 4938 1593 4991 in
1625 4952 1827 5008 opere:
1858 4938 2073 5009 spiritu,

482 5040 586 5080 non
612 5040 772 5081 carne
787 5028 1091 5085 vivendum.
1112 5029 1372 5087 Venerari
1384 5041 1561 5086 autem
1575 5042 1625 5087 et
1643 5040 1693 5086 te
1706 5042 1929 5103 propter
1949 5048 2079 5089 con-

476 5119 814 5190 junctionem
847 5123 979 5194 legis
1009 5124 1189 5190 debet,
1227 5143 1332 5181 non
1360 5126 1670 5183 desiderare
1697 5139 1919 5198 promer
1945 5146 2077 5186 con-

478 5214 822 5270 suetudinem
849 5216 1194 5287 delinquendi
1221 5236 1233 5275 :
1268 5219 1389 5291 quia
1422 5232 1608 5290 aperte
1636 5222 1728 5277 tibi
1754 5238 1909 5277 usum
1942 5240 2078 5280 con-

472 5306 607 5380 jugii
654 5308 999 5366 interdictum
1027 5326 1148 5368 csse
1180 5313 1490 5384 perpendis,
1524 5330 1648 5370 cum
1681 5324 1734 5370 te
1764 5316 2074 5384 episcopum

474 5416 598 5459 esse
641 5402 947 5473 cognoscis.
999 5404 1208 5460 llabere
1256 5421 1315 5461 se
1340 5414 1397 5461 et
1427 5406 1515 5461 illa
1554 5422 1619 5461 ex
1662 5406 1764 5461 hoc
1801 5406 2072 5463 Christum

478 5500 728 5565 gaudeat,
762 5513 867 5553 non
898 5499 1149 5553 maritum
1176 5515 1189 5553 :
1220 5513 1339 5553 esse
1368 5516 1489 5555 cutn
1526 5500 1658 5563 Deo,
1694 5516 1800 5555 non
1826 5500 2074 5557 habitare

480 5604 601 5643 cum
633 5591 905 5661 conjuge:
948 5590 1226 5659 possidere
1278 5592 1414 5646 intra
1462 5593 1792 5648 domesticos
1843 5593 2075 5664 parietes

484 5683 828 5737 vernaculam
857 5685 1220 5739 sanctitatem.
1246 5685 1489 5740 Exsultet
1518 5686 1571 5740 in
1598 5686 1848 5751 Domino,
1869 5688 2074 5756 gratias

489 5785 610 5847 agat
638 5775 771 5843 Deo,
804 5779 946 5846 quod
969 5778 1038 5834 de
1063 5780 1416 5850 corruptione
1448 5781 1669 5837 liberata
1694 5792 1797 5849 est,
1828 5779 1924 5840 tibi
1948 5797 2074 5851 quo-

2173 3254 2515 3312 Concurrunt
2564 3256 2632 3311 ad
2674 3257 2972 3314 Ecclesiam
3020 3261 3222 3332 populi,
3254 3280 3285 3317 a
3320 3264 3605 3322 sacerdote
3636 3284 3783 3322 novo

2172 3353 2376 3425 aliquid
2407 3355 2639 3412 audituri
2666 3357 2809 3427 quod
2846 3358 3078 3415 aedificet
3120 3370 3365 3429 cunctos,
3413 3362 3557 3434 quod
3604 3366 3786 3424 salvct

2175 3444 2476 3512 universos,
2510 3448 2649 3503 ultra
2676 3449 2891 3505 solitum
2940 3466 3146 3507 morem
3196 3452 3334 3509 forte
3380 3456 3513 3511 nihil
3555 3456 3781 3525 dicitur,

2174 3552 2329 3594 ceras
2346 3542 2529 3604 nectit,
2548 3542 2770 3613 paginas
2790 3543 3001 3615 ignotas
3021 3547 3231 3602 cunctis
3253 3558 3429 3603 versat
3455 3548 3506 3604 in
3530 3558 3783 3619 pectore,

2173 3642 2227 3690 et
2253 3633 2448 3689 delicta
2474 3636 2656 3691 omnia
2681 3652 3095 3709 recognoscens,
3135 3640 3250 3695 sola
3295 3640 3626 3711 impudentia
3668 3644 3782 3700 nti-

2176 3737 2261 3781 tur
2284 3727 2617 3795 excusantis,
2649 3737 2705 3785 et
2734 3730 2838 3785 hoc
2864 3731 3039 3800 ipsum
3061 3730 3205 3802 quod
3231 3743 3474 3803 rogatur,
3500 3734 3783 3791 irascitur.

2174 3820 2344 3889 Quale
2370 3831 2497 3877 tunc
2516 3823 2638 3889 erit,
2654 3839 2860 3895 quaeso,
2884 3824 3171 3896 Episcope,
3190 3824 3452 3895 judicium
3480 3836 3629 3883 tuum
3653 3845 3783 3886 cum

2176 3917 2539 3985 interrogatus
2566 3915 2695 3970 nihil
2724 3915 2958 3975 dixeris:
2990 3933 3054 3973 ac
3079 3918 3331 3974 mulieres
3366 3920 3639 3993 laicosqne
3678 3938 3785 3993 pro

2175 4007 2396 4064 scientia
2427 4008 2715 4077 agnitionis
2749 4010 2893 4079 vitae,
2926 4009 3131 4067 intrare
3171 4012 3469 4070 Ecclesiam
3510 4030 3781 4087 recogno-

2176 4101 2357 4157 veris?
2384 4100 2860 4158 Sacramentorum
2887 4120 3020 4160 vero
3044 4105 3159 4161 haec
3185 4107 3324 4164 ratio
3348 4119 3452 4175 est,
3487 4120 3648 4181 atque
3689 4114 3787 4169 hic

2175 4193 2311 4247 ordo
2333 4195 2572 4249 omnium
2597 4196 2954 4262 nascentium,
2979 4197 3066 4266 qui
3092 4197 3143 4252 in
3169 4214 3333 4256 carne
3362 4200 3779 4262 descendimus;

2177 4294 2235 4339 ut
2269 4285 2358 4357 qui
2398 4288 2673 4342 venientes
2710 4289 2761 4342 in
2807 4288 3063 4344 mundum
3101 4291 3474 4348 venundamur
3514 4294 3616 4349 sub
3653 4311 3783 4366 pec-

2175 4387 2318 4444 cato,
2363 4376 2520 4433 idolis
2567 4379 2872 4435 servientes
2909 4381 3161 4452 primitus
3210 4400 3599 4455 nuncnpemur.
3646 4389 3785 4457 Quis

2174 4469 2318 4525 enim
2350 4483 2379 4523 a
2402 4484 2510 4541 quo
2536 4483 2820 4541 superatur
2849 4473 2965 4544 ejus
2993 4488 3184 4531 servus
3219 4476 3523 4537 addicitur:
3566 4489 3621 4536 et
3661 4484 3786 4551 ejus

2179 4561 2333 4632 operi
2382 4563 2737 4634 mancipatur,
2779 4574 3001 4635 praestat
3041 4567 3315 4637 ofﬁcium,
3358 4572 3514 4643 cujus
3559 4573 3786 4632 deside-

2180 4653 2318 4708 rium
2351 4662 2527 4724 gestat
2558 4655 2610 4710 in
2653 4670 2851 4711 sensu:
2886 4657 3220 4727 praevalente
3244 4660 3391 4717 enim
3435 4663 3778 4732 ignorantia,

2179 4754 2371 4815 regnat
2401 4746 2656 4812 avaritia,
2682 4763 2802 4816 (ιιιτε
2834 4748 2985 4803 radis
3012 4752 3255 4806 omnium
3286 4753 3549 4810 malorum
3584 4766 3693 4820 est.
3723 4769 3786 4815 et

2180 4838 2461 4909 inquisitio
2491 4839 2761 4895 idolorum
2790 4852 2880 4894 :ct
2910 4841 3013 4897 hoc
3037 4854 3121 4897 est
3150 4846 3350 4901 malum
3377 4848 3520 4918 quod
3551 4850 3784 4909 difﬁcile

2152 4940 2490 5001 superatur,
2525 4933 2616 5003 qui
2654 4949 2758 4989 non
2795 4944 2893 4989 aut
2923 4934 3152 4991 habendi
3186 4939 3489 5007 voluntate,
3516 4954 3610 4999 aut
3641 4960 3781 5014 pau-

2178 5026 2406 5093 pertatis
2439 5027 2632 5083 timore
2662 5038 2931 5085 teneatur.
2977 5029 3088 5086 Sed
3129 5031 3257 5104 quia
3290 5036 3549 5105 primitus
3588 5038 3641 5093 in
3671 5056 3783 5097 ex-

2181 5117 2487 5175 hortatione
2536 5121 2832 5190 projvhetia:
2880 5138 3062 5179 sermo
3104 5125 3486 5195 praedicandus
3525 5144 3639 5200 εει,
3682 5153 3785 5191 ne-

2178 5226 2332 5269 cesse
2359 5223 2463 5280 est,
2497 5222 2555 5267 ut
2582 5213 2633 5268 in
2668 5214 2771 5269 illis
2795 5230 2937 5270 unus
2963 5215 3108 5272 Deus
3138 5218 3332 5274 avidus
3356 5229 3413 5275 et
3443 5221 3698 5290 loquatur
3722 5238 3782 5284 et

2181 5306 2511 5373 nominetur,
2543 5310 2840 5364 secundum
2870 5309 3013 5380 quod
3043 5312 3306 5383 scriptum
3338 5324 3421 5370 est
3459 5331 3473 5368 :
3514 5315 3780 5378 Dominus

2181 5398 2319 5452 Deus
2340 5406 2457 5454 tuus
2484 5416 2613 5454 unus
2639 5410 2713 5456 est
2742 5402 2922 5471 (Deut.
2947 5420 2999 5459 v1
3024 5448 3035 5467 ,
3074 5405 3153 5476 4).
3202 5407 3263 5462 Hi
3294 5419 3419 5463 sunt
3448 5426 3587 5481 quos
3629 5424 3784 5473 ealc-

2177 5490 2476 5547 chumenos
2500 5494 2866 5559 nominamus,
2894 5504 2950 5551 et
2971 5498 3312 5568 subjacentes
3333 5504 3703 5575 castigationi,
3728 5519 3786 5565 ct

2178 5587 2407 5645 liberum
2441 5588 2506 5641 ad
2538 5587 2810 5644 Christum
2840 5591 3098 5649 habentes
3126 5594 3437 5650 arbitrium:
3470 5598 3594 5667 quia
3627 5603 3785 5672 prin-

2176 5686 2373 5755 cipium
2401 5682 2707 5739 sanctitatis
2735 5696 2819 5740 est
2849 5688 3134 5744 Dominum
3158 5690 3343 5746 Jesum
3369 5691 3644 5748 Christum
3682 5697 3781 5755 Dei

2180 5778 2372 5833 Filium
2401 5779 2982 5846 conﬁtcri,sccnndum
3016 5780 3157 5852 quod
3178 5784 3442 5854 scriptum
3465 5795 3547 5840 cst
3567 5802 3580 5839 :
3602 5788 3785 5848 Corde
