3998 6198
210 197 303 256 161

961 192 1293 253 EPISTOLA
1332 191 1448 250 XII.
1504 184 1593 250 DE
1630 188 1900 249 SEPTEM
1941 186 2314 247 0RDlNlBUS
2350 184 2736 247 ECCLESIIE.

3393 182 3497 241 I62

204 312 430 369 creditur
459 317 530 371 ad
549 317 836 388 justitiam,
866 331 954 370 ore
980 324 1151 369 autem
1180 312 1437 384 confessio
1469 311 1529 382 ﬁt
1559 311 1625 366 ad
1649 310 1793 364 saltt-
1819 314 1870 375 Α
1897 305 2080 362 sibilia
2110 314 2263 375 sunt,
2294 305 2633 362 sanctiﬁcata
2685 318 2783 375 per
2812 301 3035 358 verbum
3065 308 3120 358 et
3150 300 3453 357 orationem
3473 342 3488 366 ,

206 416 303 460 tem
339 405 525 479 (Rom.
566 425 635 474 χ,
683 408 798 480 10).
836 406 1117 465 Secundus
1144 406 1587 477 Competentium
1641 404 1792 459 locus

204 507 316 564 est,
346 497 439 568 qui
465 498 533 561 ad
564 499 661 555 Dei
698 499 926 571 gratiam
955 497 1301 563 festinantes,
1331 496 1537 567 aliquid
1565 494 1796 566 amplius

207 604 364 660 quam
396 590 596 645 fuerint
623 605 746 647 esse
773 590 1107 647 desiderant.
1130 590 1234 659 Qui
1262 589 1384 645 ideo
1413 588 1798 659 Competentes

204 681 476 747 dicuntur,
502 679 555 739 id
576 693 682 749 est,
706 692 996 754 poscentes
1017 683 1115 738 Dei
1144 686 1396 754 gratiam,
1428 681 1541 737 Deo
1558 681 1669 751 jam
1698 682 1799 736 uti-

204 775 282 832 les
313 785 369 832 et
398 793 495 848 per
524 777 862 834 desiderium
899 778 1241 833 voluntatum
1278 785 1657 849 competentes
1694 789 1803 831 co:-

203 866 381 925 lorum
408 885 602 942 regna,
630 885 695 925 ac
725 872 973 927 volentes
994 871 1106 941 juri
1133 886 1233 927 suo
1254 886 1353 941 per
1373 870 1804 927 misericordiam

201 962 563 1034 principalem
602 966 976 1021 lttereditatem
1016 965 1186 1021 Deum
1225 966 1505 1021 vindicare
1538 982 1551 1019 :
1586 965 1652 1021 ab
1680 981 1800 1019 om-

204 1055 371 1112 nibus
409 1056 771 1127 abstinentes,
805 1066 1090 1128 sperantes
1120 1058 1394 1112 lavacrum
1415 1098 1431 1123 ,
1462 1058 1595 1111 casti
1639 1067 1803 1126 atque

204 1150 431 1217 sinceri,
454 1162 510 1206 et
534 1153 820 1222 praesentis
851 1154 979 1206 vitae
1008 1152 1241 1220 positum
1267 1149 1369 1205 sibi
1401 1150 1692 1204 terminum
1715 1164 1801 1203 re-

202 1250 575 1311 cognoscunt,
605 1252 662 1297 et
690 1242 939 1297 ordinem
968 1241 1163 1295 futurae
1190 1240 1623 1295 conversationis
1651 1239 1798 1308 aspi-

201 1332 353 1388 ciunt
383 1350 397 1387 :
428 1342 486 1388 ut
513 1334 607 1404 qui
635 1344 923 1403 antequam
953 1333 1246 1403 accipiant,
1279 1333 1528 1387 serviunt
1555 1330 1797 1396 Christo,

206 1434 327 1495 post
354 1435 637 1495 acceptam
664 1425 823 1481 [idem
848 1424 964 1494 Dei,
988 1424 1127 1480 dona
1152 1440 1258 1480 non
1286 1424 1539 1496 perdant,
1567 1435 1659 1479 aut
1679 1424 1800 1479 irri-

208 1530 312 1572 tam
334 1518 539 1573 laciant
563 1519 827 1589 gratiam,
870 1520 957 1574 cui
996 1520 1199 1575 servire
1238 1518 1550 1573 voluerunt.
1581 1517 1799 1572 Tertius

206 1610 601 1680 baptizatorum
631 1611 767 1667 ordo
797 1622 909 1677 est,
943 1612 998 1666 in
1030 1611 1226 1683 quibus
1250 1612 1360 1681 jam
1405 1610 1657 1665 Christus
1683 1620 1799 1673 est,

1895 400 2099 456 Christi
2125 416 2319 471 corpus
2342 400 2531 455 ell’ecta
2558 407 2704 454 sunt.
2723 396 2856 466 Qua:
2883 395 3083 463 omnia,
3108 392 3154 449 si
3183 393 3238 449 in
3264 392 3493 448 veritate

1900 493 2308 563 complecteris,
2349 492 2655 562 intelligens
2698 490 2900 555 Deum,
2941 502 3074 559 opus
3103 488 3225 542 vita:
3264 486 3401 556 agis,
3438 491 3496 540 et

1897 586 2256 643 commoraris
2282 585 2333 639 in
2354 582 2593 639 Christo.
2614 582 2693 637 Tu
2723 600 2773 637 es
2802 581 3047 636 sacerdos
3076 582 3128 634 in
3151 589 3395 633 (sternunt
3417 594 3495 633 se-

1900 677 2131 730 cundum
2154 676 2384 730 ordinem
2411 675 2786 730 Melchisedech
2807 673 2983 747 (Psal.
3013 688 3099 729 et:
3116 715 3131 739 ,
3155 671 3232 743 4).
3249 671 3321 725 Te
3343 670 3495 726 Decet

1904 768 2129 841 hymnus
2176 769 2317 825 Deus
2364 770 2418 823 in
2446 769 2610 837 Sion,
2654 778 2708 821 ut
2747 768 2937 822 reddas
2962 776 3079 823 vota
3117 767 3173 820 in
3208 764 3496 820 Jerusalem

1904 858 2082 931 (Psal.
2128 877 2273 929 1.x1v,
2304 858 2385 931 ἓ).
2428 859 2547 915 Tibi
2592 859 2901 915 convivium
2933 857 3183 913 Christus
3212 865 3335 927 est,
3364 871 3496 927 gau-

1904 954 2059 1009 dium
2090 953 2342 1009 Christus
2370 963 2456 1009 est
2483 999 2497 1023 ,
2536 954 2793 1024 cogitatio
2828 952 3081 1009 Christus
3117 963 3234 1019 est,
3285 951 3504 1007 deside-

1902 1046 2042 1100 rium
2078 1045 2325 1100 Christus
2353 1055 2468 1110 est,
2520 1045 2684 1100 lectio
2715 1046 2965 1102 Christus
2992 1054 3109 1113 est,
3145 1046 3299 1115 quies
3346 1044 3504 1098 Chri-

1899 1146 2016 1193 stus
2037 1146 2120 1192 est
2138 1183 2151 1205 ,
2183 1147 2345 1207 atque
2374 1138 2649 1207 imperans
2676 1137 2877 1193 mundo
2908 1138 3207 1194 Pharaonis
3228 1136 3374 1191 Deus
3401 1152 3460 1191 es
3480 1179 3494 1203 ,

1898 1238 2186 1299 postquam
2202 1231 2457 1283 universa
2484 1229 2685 1285 vicisti.
2709 1230 2836 1285 Haac
2856 1231 3065 1285 cunctis
3094 1229 3347 1301 plebibus
3374 1229 3501 1296 tuis,

1899 1320 1944 1376 si
1969 1320 2211 1391 dignaris
2238 1331 2295 1375 ut
2328 1336 2607 1387 moneam,
2637 1333 2802 1394 prout
2829 1333 2985 1393 potes
3017 1338 3234 1393 semper
3265 1322 3502 1387 insinua,

1900 1414 2222 1469 memoriam
2254 1414 2357 1468 mei
2385 1412 2591 1469 habens
2617 1415 2672 1469 in
2702 1414 3041 1470 orationibus
3067 1417 3175 1469 tuis
3200 1416 3425 1480 sanctis,
3452 1425 3512 1469 ut

1904 1506 2102 1560 liberer
2130 1507 2198 1560 ab
2249 1506 2565 1562 inlidelibus
2592 1507 2683 1578 qui
2712 1518 2839 1563 sunt
2887 1508 2938 1563 in
2966 1507 3154 1562 Judtea
3182 1548 3198 1575 ,
3232 1517 3291 1562 ut
3319 1508 3513 1562 remiss

1902 1600 2111 1655 sionem
2160 1615 2463 1671 consequar
2514 1610 2887 1672 peccatorum.
2944 1601 3140 1657 Certus
3188 1616 3309 1656 sum
3359 1602 3505 1655 enim

208 1704 422 1760 dicente
471 1705 733 1774 Aposwlo
766 1724 779 1761 ;
814 1703 1044 1759 Nescitis
1075 1707 1324 1774 quoniam
1353 1706 1664 1775 quicumque
1714 1704 1804 1756 ba-
1834 1698 1883 1761 Β
1906 1707 2036 1761 ego,
2066 1694 2191 1763 quia
2232 1708 2396 1761 supra
2425 1709 2587 1764 quam
2616 1692 2741 1749 dico
2776 1694 2940 1749 facies
2968 1713 2981 1749 :
3009 1694 3313 1749 debitorem
3355 1694 3502 1749 enim

208 1798 381 1868 ptizati
398 1798 522 1852 estis
540 1799 593 1851 in
616 1796 842 1864 Christo,
862 1797 1129 1854 Christum
1145 1797 1390 1854 induistis
1412 1797 1558 1869 (Gal.
1584 1797 1805 1867 111,27)?

213 1891 275 1945 Ιεὶι
306 1889 432 1945 ideo
468 1905 595 1946 cum
621 1891 920 1963 cogitamus
948 1891 1155 1962 aliquid
1185 1890 1318 1947 boni
1367 1890 1582 1946 liberati
1612 1906 1641 1944 a
1670 1905 1806 1961 gen-

215 1982 445 2045 tilitate.
492 1982 870 2039 cathecumeni
922 1998 1148 2039 sumus:
1183 1999 1308 2039 cum
1363 1984 1612 2039 volumus
1664 1981 1807 2053 quod

218 2086 464 2130 sanctum
485 2087 571 2131 est
592 2116 609 2141 ,
637 2088 1009 2146 competentes
1030 2092 1181 2131 :cum
1206 2091 1497 2147 operamur
1521 2076 1686 2143 bona,
1717 2076 1811 2130 ba-

217 2170 481 2240 ptizamur
511 2178 567 2224 et
606 2173 997 2225 commorimur
1022 2170 1259 2226 Christo.
1288 2168 1396 2225 Sed
1426 2172 1474 2227 si
1512 2170 1675 2237 forte,
1704 2170 1809 2225 hoc

220 2265 567 2335 impugnante
587 2263 828 2329 diabolo,
845 2280 1192 2335 quacumque
1214 2266 1426 2336 peccati
1448 2266 1811 2321 maculatione

218 2357 510 2424 violamur,
542 2355 859 2426 ptettitentia
898 2358 1197 2428 competit;
1228 2374 1351 2429 qua:
1396 2358 1452 2413 in
1497 2356 1810 2413 similitudi-

218 2464 335 2504 nem
357 2447 532 2503 divini
562 2449 763 2518 l'ontis,
794 2449 912 2520 ipsa
971 2460 1193 2521 peccata
1218 2450 1541 2518 mortilicet,
1597 2465 1661 2506 ac
1709 2465 1810 2506 nos

222 2541 393 2598 salvet
420 2545 476 2597 in
507 2557 759 2612 corpore.
788 2543 903 2612 Qua
933 2544 1204 2614 completa
1232 2554 1457 2615 quartus
1486 2545 1810 2600 reconcilia-

222 2635 379 2691 tionis
407 2636 565 2691 locus
604 2650 721 2703 est,
756 2646 815 2691 ut
838 2646 1002 2708 caput
1025 2638 1269 2708 corporis
1312 2639 1483 2694 nostri
1529 2638 1808 2695 Christum

221 2742 335 2783 esse
362 2727 678 2795 credamus,
709 2729 835 2798 quia
858 2728 1119 2785 Ecclesiae
1140 2744 1254 2785 sua:
1275 2730 1358 2785 vir
1378 2772 1394 2797 ,
1425 2742 1587 2801 caput
1616 2731 1810 2786 mulie-

222 2820 294 2877 ris
321 2840 335 2876 :
372 2822 425 2877 id
455 2832 563 2888 est,
586 2824 827 2878 omnium
854 2823 1155 2879 animarum
1179 2841 1300 2896 qua:
1327 2826 1493 2881 Deum
1524 2836 1635 2881 tota
1659 2842 1812 2881 men-

226 2926 275 2970 te
305 2914 656 2987 perquirunt.
694 2916 785 2973 Sal
825 2926 1007 2973 autem
1063 2930 1344 2989 propterea
1402 2922 1812 2976 catechumenis

224 3009 380 3066 datur
404 3011 457 3065 in
486 3012 750 3082 mysterio
784 3030 795 3063 :
825 3022 884 3067 ut
906 3028 1006 3069 nos
1035 3000 1161 3069 esse
1186 3015 1264 3068 sal
1287 3026 1467 3083 terrm,
1502 3014 1554 3069 id
1582 3024 1689 3079 est,
1721 3028 1810 3068 sa-

1910 1794 1963 1838 te
1995 1783 2126 1837 mihi
2168 1798 2291 1838 esse
2312 1785 2616 1855 cognoscis,
2650 1794 2707 1839 ιιι
2729 1801 2829 1856 pro
2859 1801 2946 1841 me
2974 1786 3138 1841 Deum
3171 1801 3363 1855 rogare
3393 1801 3502 1839 non

1911 1876 2152 1946 desinas,
2181 1879 2437 1949 quoniam
2470 1881 2609 1933 sicut
2636 1881 2829 1949 jubere
2871 1880 3121 1952 dignatus
3148 1896 3229 1951 es,
3263 1882 3504 1936 otlicium

1918 1970 2300 2041 disputationis
2323 1973 2583 2043 impendi.
2613 1973 2722 2029 Nec
2744 1974 2839 2029 tibi
2862 1976 3036 2045 legem
3060 1992 3219 2044 quam
3240 1976 3393 2047 sequi
3408 1975 3507 2029 de-

1912 2061 2043 2117 beas
2065 2064 2239 2133 posui,
2270 2063 2366 2119 sed
2395 2064 2572 2135 qualis
2592 2078 2713 2121 esse
2739 2066 2850 2136 jam
2882 2066 3100 2133 debeas,
3129 2068 3268 2139 stylo
3296 2068 3511 2123 lavente

1913 2153 2201 2226 descripsi.
2236 2155 2414 2212 Unum
2456 2167 2636 2213 tamen
2680 2157 2814 2214 illud
2846 2174 2959 2230 pra:
2990 2160 3203 2215 carteris
3254 2175 3421 2231 rogo,
3454 2170 3510 2214 ut

1916 2249 2041 2320 quia
2100 2251 2263 2307 multa
2310 2254 2608 2307 secundum
2644 2253 3095 2309 consuetudinem
3142 2262 3320 2320 tuam,
3360 2270 3499 2311 nova

1911 2345 2006 2400 tibi
2030 2346 2280 2402 videntur
2302 2362 2424 2402 esse
2447 2348 2777 2418 conscripta,
2812 2348 3219 2420 prtesumptioni
3248 2363 3384 2404 mea:
3404 2349 3501 2404 da-

1912 2451 1969 2491 re
2019 2439 2229 2492 veniam
2272 2436 2533 2509 digneris.
2581 2438 2693 2495 Nec
2745 2449 2901 2510 putes
2947 2455 3047 2495 nos
3096 2441 3511 2511 perversitatem

1909 2540 2002 2585 aut
2051 2530 2349 2588 novitatem
2404 2534 2639 2601 aliquam
2677 2573 2693 2600 ,
2751 2532 2850 2589 sed
2902 2533 3074 2589 solam
3106 2573 3123 2601 ,
3175 2533 3220 2589 si
3271 2532 3379 2606 [ΑΙ.
3413 2533 3516 2604 sic]

1909 2621 2016 2676 dici
2074 2622 2153 2677 fas
2200 2634 2305 2689 est,
2365 2623 2703 2679 diversarum
2758 2626 3161 2695 provinciarum
3214 2636 3510 2682 consuetu-

1908 2712 2092 2771 dinem
2127 2716 2406 2786 publicare
2440 2734 2452 2769 :
2484 2717 2579 2772 sed
2630 2717 2775 2773 sicut
2827 2718 3154 2789 reprehendi
3205 2720 3510 2788 neminem,

1910 2808 1985 2863 ita
2016 2817 2070 2864 et
2095 2808 2461 2865 damnandum
2490 2811 2699 2866 nullum
2731 2813 2993 2882 descripsi
3023 2832 3033 2865 :
3060 2816 3360 2885 praisertim
3393 2832 3513 2871 cutn

1911 2915 2103 2957 omnes
2158 2902 2427 2958 Ecclesias
2460 2903 2604 2959 Deus
2635 2905 2824 2961 fecerit
2855 2926 2867 2959 :
2914 2918 2971 2962 et
3002 2907 3055 2962 in
3103 2908 3356 2964 omnibus
3380 2924 3513 2979 apo-

1910 2992 2036 3048 stoli
2071 2994 2523 3064 prasdicaverint;
2556 3012 2656 3053 nec
2703 2998 2895 3054 deceat
2927 3015 3253 3070 quemquam
3296 3002 3514 3059 studere

223 3102 479 3173 pientiam
523 3104 618 3159 Dei
650 3119 936 3160 noscamus
968 3123 979 3157 :
1016 3104 1307 3160 lnvisibilia
1327 3108 1461 3161 enim
1486 3110 1617 3179 ejus,
1659 3118 1716 3162 ut
1743 3109 1817 3163 ait
1844 3088 1890 3152 (εἶ
1920 3084 2227 3154 (Ῐίδθοτδίων
2264 3088 2350 3143 “bi
2376 3104 2473 3159 Pw
2501 3091 2740 3145 omnium
2773 3106 2906 3161 Pace
2947 3092 3231 3158 servandas
3260 3092 3313 3147 ίη
3340 3092 3515 3150 disce‘

224 3196 536 3265 Apostolus,
561 3215 592 3251 a
614 3207 850 3252 creatura
874 3197 1058 3252 mundi
1086 3215 1179 3269 per
1206 3216 1265 3253 ea
1292 3215 1409 3269 qua:
1433 3203 1570 3270 facta
1592 3209 1715 3254 sunt
1736 3202 1816 3255 in-

229 3289 435 3343 tellecta
463 3292 869 3362 conspiciuntur,
894 3292 1204 3363 sempiterna
1225 3309 1427 3364 quoque
1453 3299 1566 3366 ejus
1590 3296 1750 3349 virtus
1772 3304 1820 3349 et

232 3382 478 3438 divinitas
508 3385 624 3438 :ita
670 3395 724 3438 ut
772 3386 875 3439 sint
904 3384 1276 3439 inexcusabiles
1310 3385 1491 3456 (Rom.
1523 3402 1579 3454 1,
1612 3387 1732 3457 20),
1765 3398 1820 3443 et

225 3487 451 3531 caetera.
477 3476 783 3546 Baptistuus
813 3492 943 3534 vero
972 3494 1110 3550 aqua
1138 3489 1245 3545 est,
1275 3496 1394 3551 qua:
1425 3491 1667 3551 tempore
1693 3496 1819 3552 pas-

226 3569 397 3624 sionis
436 3567 504 3624 de
532 3568 704 3626 latere
731 3568 933 3626 Christi
965 3572 1132 3627 exivit
1163 3590 1174 3625 :
1207 3582 1263 3629 et
1293 3574 1497 3628 nullum
1528 3574 1677 3629 aliud
1706 3577 1819 3630 ele-

226 3673 475 3717 mentum
503 3672 611 3730 est,
661 3663 806 3734 quod
831 3664 883 3718 in
905 3663 1007 3719 hoc
1037 3665 1240 3721 mundo
1264 3666 1518 3736 puriﬁcet
1544 3669 1819 3738 universa,

225 3756 369 3825 quod
401 3757 653 3813 omnium
686 3758 939 3829 poculum
963 3760 1056 3827 sit,
1078 3760 1223 3831 quod
1245 3762 1484 3817 viviﬁcet
1511 3770 1728 3817 cuncta.
1758 3762 1824 3816 Et

226 3850 348 3907 ideo
400 3851 633 3923 spiritus
661 3852 783 3907 vitae
811 3851 865 3907 in
888 3869 1027 3924 aqua
1075 3864 1181 3922 est,
1215 3865 1267 3909 et
1290 3856 1638 3927 congregatio
1659 3872 1826 3927 aqua-

227 3961 367 4013 rum,
398 3948 574 4002 maria
608 3961 803 4003 nomen
827 3948 1058 4019 accepit.
1088 3946 1308 4005 Christo
1333 3950 1477 4005 enim
1497 3952 1820 4017 renascitur,

225 4044 312 4112 qui
345 4042 659 4113 baptizatur
678 4045 731 4098 in
750 4044 899 4100 fonte
923 4064 937 4100 :
960 4046 1078 4100 fons
1094 4046 1238 4100 enim
1260 4047 1413 4117 origo
1437 4046 1679 4101 omnium
1704 4062 1827 4117 gra-

228 4138 425 4192 tiarum
469 4145 579 4192 est.
606 4137 664 4192 ln
690 4153 800 4208 quo
824 4147 1032 4208 septem
1064 4138 1263 4209 gradus
1312 4150 1460 4205 sunt,
1495 4150 1606 4193 tres
1653 4137 1707 4192 in
1728 4139 1825 4194 de-

227 4244 451 4301 scensu,
483 4240 542 4286 et
570 4239 682 4287 tres
706 4230 761 4285 in
789 4246 1021 4288 ascensu
1046 4249 1059 4284 :
1083 4231 1348 4302 septimus
1369 4246 1503 4288 vero
1524 4240 1631 4301 est,
1663 4234 1750 4303 qui
1772 4243 1829 4288 et

225 4342 482 4396 quartus,
517 4325 571 4382 id
617 4336 741 4393 est,
775 4325 970 4382 similis
1018 4327 1127 4381 lilio
1158 4325 1392 4381 hominis
1417 4368 1432 4393 ,
1478 4326 1829 4398 exstingucns

226 4424 515 4478 fornacem
539 4422 682 4492 ignis
711 4421 975 4491 ardentis,
1007 4421 1430 4477 stabilimentum
1460 4420 1675 4490 pedum,
1710 4422 1829 4475 lun-

224 4515 550 4570 datnentum
586 4528 741 4584 aqua:
768 4529 783 4569 :
812 4513 866 4567 in
899 4526 1005 4584 quo
1036 4512 1311 4583 plenitudo
1342 4513 1636 4568 divinitatis
1666 4512 1823 4569 habi-

228 4617 304 4662 tat
325 4605 723 4678 corporaliter.
752 4605 945 4660 Oleum
970 4620 1099 4660 vero
1124 4614 1181 4660 et
1207 4605 1439 4661 chrisma
1466 4620 1587 4661 esse
1613 4617 1827 4660 sancto-

228 4716 372 4763 rum,
403 4699 696 4756 silentium
729 4697 902 4767 ipsius
930 4708 987 4754 et
1016 4698 1356 4769 piuguedinis
1385 4709 1573 4752 natura
1604 4698 1830 4753 demon-

228 4802 387 4847 strat.
421 4791 643 4862 Corpus
675 4790 885 4846 Domini
911 4791 1063 4861 panis
1083 4806 1247 4846 verus
1268 4800 1321 4845 et
1346 4790 1587 4847 crelestis
1617 4807 1649 4846 e
1693 4793 1832 4847 caelo

228 4897 331 4941 est.
376 4884 625 4955 Sanguis
657 4885 807 4955 ejus,
847 4883 949 4938 hoc
974 4892 1059 4938 est
1095 4885 1237 4953 quod
1270 4884 1527 4953 scriptum
1558 4894 1642 4940 est
1673 4900 1688 4940 :
1723 4883 1834 4957 Ego

229 4994 341 5031 sum
368 4978 499 5032 vitis
533 4993 673 5042 vera,
710 4991 797 5030 vos
822 4984 991 5029 autem
1033 4987 1295 5029 sarmenta
1324 4974 1500 5047 (Joan.
1534 4993 1628 5039 xv,
1664 4980 1722 5044 l,
1752 4978 1831 5046 5).

233 5069 293 5125 Et
321 5071 465 5141 quia
497 5068 669 5124 multa
700 5069 967 5136 membra,
1004 5085 1169 5124 unum
1200 5078 1380 5122 autem
1410 5084 1636 5139 corpus,
1670 5069 1837 5124 totius

234 5162 425 5218 mundi
468 5170 665 5217 natura
688 5162 921 5217 contrita
941 5170 1026 5216 est
1060 5160 1423 5216 invisibilibus
1457 5162 1743 5231 speciebus
1782 5162 1837 5216 in

235 5258 542 5314 candorem
565 5257 703 5313 lucis
720 5255 998 5324 effectum,
1025 5266 1185 5326 atque
1211 5271 1308 5326 per
1334 5255 1659 5325 baptismum
1687 5270 1840 5327 aqua:

239 5348 289 5403 in
305 5352 550 5405 veritate
575 5366 591 5406 :
614 5364 737 5405 cum
756 5363 970 5419 semper
992 5348 1291 5404 secundum
1315 5346 1550 5418 Speciem
1574 5348 1839 5417 corporis,

238 5452 291 5497 et
320 5444 543 5514 paritas
568 5451 623 5497 et
660 5441 861 5497 veritas
890 5441 1186 5497 voluntatis
1213 5448 1443 5511 apparet
1482 5441 1706 5511 probata
1748 5456 1847 5513 per

243 5537 452 5606 ignem,
478 5544 545 5588 ut
566 5532 651 5589 his
673 5533 929 5590 omnibus
952 5534 1191 5605 impletis
1220 5534 1511 5602 alimentis,
1544 5533 1677 5588 nihil
1708 5533 1850 5587 desit

247 5628 595 5696 visibilitati,
638 5628 770 5684 nihil
802 5627 944 5685 desit
971 5627 1232 5699 mysterio
1263 5627 1389 5697 Dei,
1420 5643 1485 5683 ac
1524 5624 1850 5683 resurrectio

251 5726 434 5784 carnis
467 5723 816 5797 apertissime
854 5724 1238 5797 comprobetur
1267 5740 1280 5778 :
1311 5737 1435 5782 cum
1464 5721 1579 5778 haec
1607 5735 1726 5793 quae
1766 5720 1851 5775 vi-

1919 3183 2165 3252 ptatione
2191 3185 2581 3239 ecclesiasticae
2613 3185 2916 3257 disciplinas
2963 3188 3127 3243 vincit
3168 3189 3259 3244 ille
3285 3191 3375 3259 qui
3401 3191 3489 3245 vin
3516 3222 3519 3227 -

1917 3276 2079 3344 citur,
2111 3294 2175 3332 ac
2204 3294 2265 3334 se
2294 3280 2496 3335 victum
2527 3281 2853 3351 gratulatur.
2888 3282 3000 3352 Ego
3035 3294 3216 3338 tamen
3247 3283 3304 3337 in
3343 3285 3519 3340 omni-

1918 3367 2020 3424 bus
2054 3371 2207 3425 vobis
2251 3371 2386 3427 cedo
2409 3413 2424 3436 ,
2458 3373 2549 3442 qui
2576 3387 2737 3429 omne
2765 3373 2908 3444 quod
2938 3374 3114 3429 facitis
3141 3376 3307 3429 laudo
3333 3417 3349 3443 ,
3382 3388 3437 3432 et
3462 3376 3518 3431 in

1921 3462 2323 3519 aemulationem
2374 3463 2531 3518 bona:
2557 3466 2633 3519 rei
2664 3464 2808 3519 istud
2852 3467 3053 3521 vestris
3081 3467 3331 3522 sensibus
3360 3468 3520 3524 dere-

1920 3553 2131 3625 linquo;
2165 3564 2221 3609 ut
2253 3571 2389 3610 unus
2417 3556 2649 3610 alterum
2682 3558 2979 3612 exhortans
3006 3598 3021 3623 ,
3063 3558 3294 3614 invicem
3325 3574 3422 3614 vos
3452 3560 3520 3616 de

1923 3646 2320 3703 consuetudine
2367 3658 2554 3703 nostra
2593 3659 2646 3704 et
2695 3648 2763 3704 de
2794 3652 3253 3723 contemplatione
3282 3654 3515 3710 doceat:

1898 3736 2057 3796 'mihi
2088 3741 2188 3796 hoc
2212 3741 2389 3796 solum
2416 3743 2741 3812 peculiarius
2768 3743 3047 3810 relaxatis,
3083 3753 3140 3800 ut
3163 3761 3261 3817 pro
3284 3763 3368 3803 me
3394 3763 3521 3802 ora-

1924 3850 1985 3890 re
2027 3834 2323 3906 dignemini
2353 3854 2365 3887 :
2394 3835 2487 3906 qui
2520 3836 2586 3890 ad
2631 3835 3067 3894 emendationem
3117 3841 3365 3895 omnium
3398 3856 3521 3910 qua!

1924 3929 2231 3999 conscripta
2255 3938 2401 3994 sunt,
2431 3929 2795 3986 obedientiam
2817 3946 3033 4002 gerens,
3068 3932 3138 3987 ita
3170 3932 3404 3989 libenter
3429 3931 3526 3987 ha-

1926 4019 2031 4074 beo
2061 4019 2193 4074 mihi
2221 4020 2423 4091 aliquid
2469 4020 2737 4092 imputare
2762 4063 2779 4087 ,
2829 4032 2891 4078 ut
2918 4025 3023 4079 mei
3058 4024 3309 4094 primitus
3335 4025 3525 4079 sciatis

1927 4127 2047 4168 esse
2068 4113 2259 4183 judicii
2291 4132 2303 4165 :
2336 4113 2439 4168 hoc
2470 4122 2678 4170 tantum
2708 4116 2847 4185 jussi
2879 4116 2948 4170 ab
2968 4116 3227 4171 omnibus
3264 4118 3523 4172 condem-

1928 4206 2189 4274 nandum,
2220 4206 2365 4277 quod
2387 4218 2481 4263 aut
2509 4209 2844 4265 consuetudo
2876 4209 3267 4278 Ecclesiarum,
3316 4218 3408 4263 aut
3434 4210 3519 4265 di-

1934 4300 2182 4356 vinorum
2215 4301 2478 4357 librorum
2509 4305 2713 4373 scripta
2742 4321 2849 4359 non
2876 4303 3136 4360 retinent.

2054 4421 2366 4479 MONl'lUM
2406 4424 2469 4478 IN
2512 4424 2899 4481 EPISTOLAM
2938 4424 3376 4494 SEQUENTEM.

2007 4512 2283 4580 Existimo,
2316 4527 2429 4585 post
2463 4519 3240 4590 annumquadringentesimum
3265 4530 3525 4590 quartum,

1935 4603 2027 4660 nec
2052 4600 2218 4660 tamen
2244 4598 2355 4659 post
2383 4590 2592 4660 longum
2618 4588 2769 4643 abeo
2798 4588 3041 4656 temporis
3065 4588 3416 4658 intervallum,
3437 4596 3526 4648 sed

1936 4658 2071 4730 intra
2098 4657 2215 4730 plus
2240 4657 2404 4712 minus
2429 4657 2750 4722 décennium,
2778 4661 2909 4714 hanc
2936 4660 3096 4728 fuisse
3121 4657 3414 4729 epistolam,
3437 4682 3526 4719 seu

1937 4728 2580 4806 libe_llum_elucubratum.
2612 4730 2895 4806 Nimirum
2919 4740 3177 4806 postrema
3214 4732 3389 4787 istlucc
3414 4737 3529 4806 ejus

1936 4804 2087 4875 verba
2111 4817 2138 4875 _:
2166 4801 2320 4875 Unde
2358 4802 2581 4875 pulchre
2598 4802 2852 4875 _l{0111a11:1_
2880 4802 3158 4875 Ecclesia,
3203 4801 3525 4875 apostolico,

1940 4872 2062 4925 sine
2092 4871 2277 4934 dubio,
2322 4871 2480 4939 cujus
2518 4871 2701 4924 sedem
2745 4873 2988 4946 obtinet,
3030 4871 3525 4946 spiritu—animata,

1943 4951 2049 4995 tam
2096 4956 2337 4995 severam
2378 4957 2551 4994 aurea
2596 4944 2916 4997 sententiam
2961 4945 3181 5009 statuit,
3229 4958 3289 5003 ut
3327 4949 3410 5004 vix
3444 4944 3531 5006 vel

1942 5012 2503 5083 pmnitentiagdignam
2528 5011 2817 5083 judicaret,
2843 5031 2964 5083 qua!
2994 5018 3385 5075 sanctiﬁcatum
3415 5023 3525 5076 Deo

1942 5096 2139 5162 corpus
2162 5080 2446 5163 libidinosa
2473 5080 2915 5163 coinquinationis
2935 5088 3223 5163 violasset:
3248 5092 3527 5163 respiciunt

1944 5153 2151 5230 omnino
2177 5151 2881 5230 ξιιᾳιίληηᾳερηιη,βουνιαηὶ
2922 5161 3182 5230 pontiﬁcis
3232 5151 3489 5216 decietum
3513 5202 3529 5226 ,

1946 5224 2162 5299 epistola
2196 5224 2263 5299 ad
2299 5220 3209 5299 Victricium‘liotontagensem'cap.
3254 5233 3322 5287 l9.
3354 5251 3365 5284 :
3400 5220 3529 5286 ltcni

1948 5291 2068 5364 qua:
2096 5292 2314 5348 Christo
2354 5291 2711 5366 spiritualiter
2741 5291 3063 5366 nupserunt,
3096 5291 3166 5356 et.
3185 5302 3352 5356 velari
3387 5320 3415 5355 a
3440 5316 3529 5357 Sa-

1948 5366 2165 5440 cerdOtc
2194 5372 2506 5440 meruerunt
2527 5403 2539 5422 ,
2574 5365 2618 5417 si
2651 5365 2835 5433 postea
2866 5373 2947 5423 vel
2977 5372 3189 5439 publice
3218 5375 3530 5440 nupserint,

1948 5439 2035 5491 vel
2071 5452 2132 5493 se
2177 5433 2425 5490 clanculo
2462 5439 2840 5504 corruperint,
2890 5433 2996 5495 non
3036 5457 3131 5496 eas
3173 5433 3534 5500 adm'ittendas

1950 5523 2071 5563 esse
2100 5509 2166 5583 ad
2196 5504 2457 5583 agendam
2491 5508 2883 5583 pmnitentiant,
2909 5511 3012 5564 nisi
3045 5514 3112 5577 is,
3142 5512 3229 5566 cui
3255 5529 3316 5567 se
3341 5515 3536 5583 junxe-

1952 5587 2097 5644 runt,
2126 5579 2195 5633 de
2221 5574 2424 5657 saeculo
2451 5578 2753 5657 recesserit.
2782 5579 2906 5657 Htec
2933 5574 3107 5648 anno,
3124 5591 3179 5657 ut
3200 5574 3537 5657 duch-quarto

1952 5665 2112 5716 supra
2145 5646 2705 5723 quadringentesimum
2733 5651 3030 5720 assignatur
3049 5646 3231 5720 {adeo
3260 5646 3398 5723 quod
3424 5673 3538 5712 eam

1954 5730 2125 5779 uoster
2158 5720 2417 5794 nuperum
2458 5720 2786 5781 sententiam
2828 5733 3010 5795 vocat,
3048 5724 3192 5781 haud
3225 5720 3447 5782 multum
3490 5742 3545 5782 se
