4000 6306
477 226 583 288 165

1511 230 1567 292 Β.
1615 229 2002 292 lltEﬂONYMl
2038 225 2324 287 OPERUM
2360 228 2723 292 MANTISSA.

3654 233 3756 293 164

471 354 609 422 infra
632 350 766 407 illud
798 360 994 421 tempus
1022 348 1176 421 fuisse
1205 358 1365 414 notat,
1398 369 1514 407 cum
1542 353 1803 408 scriberet.
1835 352 1975 406 Hinc
2000 360 2050 406 et
2078 352 2127 414 Α
2154 357 2267 419 pter
2285 364 2499 420 regnum
2524 351 2769 405 calorum
2789 347 3005 422 (Matth.
3026 362 3141 417 nx,
3166 346 3278 421 η).
3298 348 3519 421 Magnus
3532 348 3753 421 quidem

471 427 535 478 de
558 437 767 479 auctore
790 426 905 481 licet
942 423 1374 494 (quandoquidem
1404 423 1779 494 Hieronymum
1811 441 1914 478 non
1943 440 2054 485 esse

471 498 839 578 deprehensum
867 505 939 549 est
971 496 1120 549 etiam
1152 492 1727 578 ante.Erasmumjnon
1762 496 1927 559 inepte
1957 495 2048 548 tle-

471 586 612 622 mum
644 568 922 638 disquirere
950 581 967 619 :
993 580 1211 633 eumque
1240 565 1302 619 ab
1331 568 1466 628 aliis,
1500 565 1587 636 qui
1618 584 1708 633 per
1734 583 1793 619 ea
1818 575 2049 638 tempora

466 639 519 691 in
551 638 708 693 simili
731 636 1026 709 argumento
1053 637 1236 691 versati
1258 648 1397 701 sunt,
1421 639 1781 691 internoscere.
1808 636 2051 692 Fortasse

465 711 555 781 ille
585 712 765 781 fuerit,
813 709 1040 781 Pault:_s,
1074 712 1177 781 sive
1218 712 1440 770 Petrus,
1476 712 1779 779 presbyter,
1830 709 2048 781 natione

463 778 793 843 Pannonius,
820 779 931 850 qui,
955 778 1228 839 Gennadio
1252 788 1374 834 teste
1392 797 1502 849 cap.
1530 780 1597 834 75
1619 778 1839 850 Scripsit
1855 780 1917 833 de
1941 778 2051 833 Vir-

457 852 670 921 ginitate
698 849 1015 905 servanda...
1043 850 1107 902 ad
1143 866 1425 921 personam
1457 852 1734 920 cujusdam
1771 852 1964 905 nobilis
1990 858 2045 906 et

457 920 675 977 ChriSto
703 924 892 975 (licata:
918 922 1155 991 virginis,
1185 920 1503 974 Constantiw
1532 923 1767 976 tt0utine.
1799 921 2047 978 Erasmus

452 1004 669 1047 testatur
686 995 737 1046 in
756 992 1056 1063 quibusdam
1080 994 1462 1058 exemplaribus
1481 995 1641 1062 fuisse
1654 994 1793 1047 hunc
1810 994 2043 1059 tituluttt,

456 1067 521 1121 ad
547 1066 823 1123 Μδιιιίιιιιη
854 1064 1039 1129 tiliam,
1066 1064 1118 1121 in
1142 1065 1258 1118 aliis
1282 1066 1348 1119 ad
1371 1064 1610 1121 Mauricii
1637 1067 1824 1135 lilium,
1847 1068 1902 1123 in
1922 1065 2043 1121 aliis

453 1136 649 1191 nullius
677 1152 857 1191 nomen
885 1136 1041 1206 fuisse
1067 1136 1368 1206 ascriptum.

990 1270 1324 1327 EPISTULA
1356 1270 1496 1326 Xlil.

991 1382 1319 1454 Virginitatis
1356 1384 1491 1438 laus.

516 1498 553 1554 l.
595 1497 861 1567 Quantam
893 1500 944 1553 in
978 1498 1288 1555 cmlestibus
1337 1497 1724 1555 beatitudinem
1756 1498 2037 1571 virginitas

436 1603 617 1647 sancta
645 1590 944 1662 possideat,
978 1606 1097 1661 post
1134 1590 1534 1662 Scripturarum
1563 1592 1897 1659 testimonia,
1933 1592 2036 1648 Ec-

434 1682 617 1738 clusit!)
640 1684 802 1737 etiam
826 1683 1218 1739 consuetudine
1247 1682 1546 1738 edoecmur
1570 1729 1585 1753 ,
1636 1699 1740 1754 qua
1773 1684 2029 1739 discimus

2154 452 2234 498 est
2262 442 2527 512 pudicitia:
2553 444 2722 510 labor,
2756 445 2851 500 sed
2881 444 3056 515 majus
3078 444 3356 513 prtemium
3383 460 3398 499 :
3426 444 3755 516 temporalis

2152 534 2420 602 custodia,
2454 536 2551 591 sed
2576 537 2942 593 remuneratio
2985 546 3190 591 aeterna
3205 535 3416 603 estabe
3433 533 3516 593 bis
3546 545 3603 599 et
3623 537 3754 593 bea-

2154 640 2239 685 tus
2293 630 2530 686 Joannes
2572 632 2849 701 apostolus
2896 633 3135 703 loquitur
3190 650 3201 685 :
3262 632 3405 703 quod
3464 642 3753 704 sequuntur

2152 723 2354 791 Agnum
2393 737 2715 792 quocumque
2742 725 2862 779 ierit
2888 722 3072 796 (Apoc.
3106 738 3216 789 xrv,
3248 725 3325 793 4).
3353 724 3507 793 Quod
3540 726 3610 780 ita
3663 726 3747 781 in-

2153 815 2504 887 telligendum
2538 828 2688 888 puto,-
2722 818 2926 873 nullum
2954 818 3034 873 eis
3061 817 3239 873 locum
3284 817 3335 871 in
3376 817 3584 877 caelesti
3623 819 3745 875 auia

2149 907 2530 975 claudendum,
2562 918 2618 965 et
2640 920 2833 965 cuncta
2856 911 2937 966 eis
2958 909 3261 967 divinarum
3286 913 3625 967 mansionum
3652 914 3750 966 ha-

2148 1000 2386 1057 bitacula
2418 1003 2731 1059 reseranda.
2764 1002 2868 1059 Sed
2893 1010 2952 1058 ut
2981 1003 3267 1058 illustrius.
3280 1004 3606 1074 virginitatis
3632 1018 3747 1059 me-

2146 1094 2311 1151 ritum
2342 1095 2565 1161 ciareat,
2592 1106 2646 1151 et
2670 1112 2831 1168 quam
2858 1098 2965 1152 Deo
2991 1095 3151 1168 digna
3172 1097 3265 1163 sit,
3295 1096 3634 1153 manifestius
3661 1096 3745 1153 in-

2147 1188 2313 1259 telligi
2372 1190 2545 1259 possit
2578 1206 2591 1243 :
2624 1188 2754 1245 illud
2817 1192 3121 1261 cogitetur,
3172 1190 3317 1262 quod
3380 1191 3639 1247 Dominus
3682 1201 3741 1248 et

2146 1278 2399 1335 Salvator
2438 1292 2629 1337 noster
2683 1282 2825 1338 Deus
2856 1325 2872 1351 ,
2907 1297 3031 1338 cum
3064 1295 3286 1354 propter
3316 1282 3537 1339 humani
3566 1298 3738 1354 gene-

2144 1374 2219 1428 ris
2265 1375 2493 1429 salutem
2550 1374 2827 1431 hominem
2892 1376 3207 1447 dignaretur
3260 1391 3569 1446 assumere,
3623 1392 3732 1433 non

2141 1466 2306 1521 alium
2334 1482 2493 1537 quam
2524 1468 2844 1539 virginalem
2885 1469 3114 1540 elegerit
3154 1480 3390 1525 uterum.
3426 1469 3494 1525 Et
3539 1479 3596 1525 ut
3627 1469 3743 1527 bu-s

2135 1560 2433 1628 juscemodi
2494 1562 2786 1631 plurimum
2840 1562 2945 1618 sibi
2996 1564 3213 1634 placere
3262 1571 3628 1631 monstraret,
3680 1572 3735 1620 et

2141 1652 2413 1721 pudicitiae
2473 1652 2677 1709 bonum
2727 1654 2941 1725 utrique
2998 1657 3152 1710 sexui
3196 1655 3566 1723 intimaretur,
3625 1657 3733 1710 vir-

436 1776 708 1847 peculiare
743 1775 816 1830 illi
850 1777 1149 1829 subsistere
1181 1775 1456 1841 meritum,
1484 1776 1637 1847 cujus
1665 1775 1915 1846 Speciaiis
1947 1786 2030 1830 est
2064 1752 2109 1813 Β
2136 1762 2314 1847 εμ¹¹¹θ³¹¹
2355 1746 2554 1847 ⁸⁵³³³1³³1⁸
2593 1759 2852 1847 ¹¹¹Ἶ¹Γθῖῖ¹ῤ
2887 1751 3039 1847 Virg?
3087 1763 3398 1847 ma"§"'_'"§°
3450 1749 3505 1847 '_"
3550 1764 3612 1805 ³ο
3648 1751 3728 1804 Ὑί·

433 1868 792 1923 consecratio.
843 1866 977 1921 Nam
1018 1884 1140 1921 cum
1187 1866 1433 1922 universa
1486 1868 1638 1922 turba
1686 1868 2030 1924 credentium

432 1964 581 2033 paria
616 1964 753 2017 dona
782 1964 969 2031 gratia:
1002 1961 1286 2031 percipiat,
1320 1969 1375 2016 et
1404 1960 1596 2016 iisdem
1629 1976 1824 2015 omnes
1848 1975 2033 2016 sacra-

433 2066 737 2112 mentorum
773 2054 1243 2110 benedictionibus
1290 2055 1613 2125 glorientur,
1670 2056 1784 2109 istae
1823 2052 2027 2126 aliquid

430 2154 706 2221 proprium
755 2166 864 2222 pro:
886 2147 1099 2204 exteris
1135 2149 1357 2216 habent,
1390 2165 1510 2202 cum
1544 2148 1610 2202 de
1643 2149 1735 2205 illo
1764 2158 1949 2203 Sancto
1973 2158 2027 2203 et

423 2244 774 2300 immaculato
811 2244 1066 2299 Ecclesia:
1095 2258 1262 2313 grege
1284 2285 1299 2309 ,
1327 2245 1478 2311 quasi
1507 2244 1809 2296 sanctiores
1842 2242 2025 2311 purio-

423 2353 619 2408 resque
652 2337 843 2391 hostia:
870 2378 884 2402 ,
935 2353 1034 2406 pro
1068 2336 1364 2391 voluntatis
1391 2351 1505 2390 sua}
1532 2335 1744 2391 meritis
1773 2352 1803 2389 a
1834 2348 2024 2389 sancto

423 2429 627 2497 Spiritu
687 2430 981 2497 eliguntur,
1032 2436 1085 2481 et
1113 2442 1206 2496 per
1237 2441 1504 2480 summum
1550 2427 1890 2479 sacertimcm
1929 2425 2023 2479 Dei

422 2522 723 2577 offeruntur
752 2521 963 2575 altario.
1000 2519 1167 2589 Digna
1210 2534 1399 2572 revera
1444 2518 1672 2570 Domino
1707 2519 1878 2570 hostia
1911 2528 2020 2571 tam

420 2613 647 2685 pretiosi
675 2612 929 2666 animalis
947 2612 1177 2676 oblatio,
1200 2620 1254 2663 et
1282 2609 1483 2663 nullius
1510 2612 1698 2678 magis,
1726 2624 1884 2678 quam
1909 2623 2021 2663 sum

420 2707 687 2778 imaginis,
717 2705 893 2760 hostia
934 2704 1215 2775 placitura.
1247 2702 1323 2757 De
1351 2702 1659 2773 bujusmodi
1684 2702 1844 2756 etiam
1874 2700 2021 2772 Apo-

418 2799 615 2855 stolum
650 2798 856 2851 dixisse
884 2812 1009 2851 reor
1036 2815 1046 2849 :
1085 2794 1307 2849 Obsecro
1339 2804 1508 2848 autent
1538 2812 1642 2859 ros,
1678 2795 1892 2863 fratres,
1928 2811 2019 2863 per

418 2891 825 2947 misericordiam
852 2890 966 2957 Dei,
986 2902 1037 2944 ttt
1069 2890 1351 2946 exitibeatis
1378 2907 1598 2963 corpora
1617 2900 1775 2945 vestra
1796 2891 2017 2944 hostium

414 2985 683 3046 viventem,
710 2990 961 3049 sanctam,
993 2979 1104 3036 Πιλο
1137 2984 1417 3052 placentem
1442 2982 1622 3052 (Rom.
1654 2999 1747 3051 stt,
1778 2982 1852 3054 i).
1886 2983 2017 3038 Pos-

416 3076 560 3130 sidet
601 3088 730 3146 ergo
760 3074 1062 3145 virginitas,
1111 3080 1168 3127 et
1200 3071 1341 3143 quod
1390 3072 1479 3126 alii
1513 3071 1734 3139 habent,
1787 3080 1842 3127 et
1870 3072 2010 3142 quod

2133 1841 2229 1905 ris,
2258 1850 2315 1897 et
2354 1842 2405 1897 in
2437 1851 2612 1899 matre
2657 1844 2873 1899 feminis
2905 1844 3133 1912 praebuit
3178 1844 3502 1917 virginitatis
3546 1859 3729 1899 exem-

2131 1935 2309 2007 plum:
2344 1937 2486 2006 quod
2515 1936 2985 1994 demonstraretur
3017 1939 3069 1994 in
3099 1948 3329 2008 utroque
3355 1950 3490 1993 mu
3517 1936 3727 1991 beatam

2133 2030 2496 2100 integritatem
2529 2030 2825 2087 divinitatis
2859 2032 3068 2101 haberi,
3102 2042 3157 2088 et
3187 2033 3583 2102 plenitudinem
3618 2047 3729 2087 me-

2129 2122 2324 2188 ruisse,
2356 2123 2483 2178 dum
2509 2134 2678 2179 totum
2713 2125 2765 2180 in
2799 2135 2975 2180 matre
3002 2126 3403 2197 fuit,qttidquid
3429 2126 3727 2181 habebatur

2130 2219 2181 2269 in
2242 2214 2377 2269 ﬁlio.
2411 2214 2517 2272 Sed
2548 2216 2676 2287 quid
2732 2232 2831 2287 ego
2854 2225 3041 2289 satago
3071 2220 3370 2283 excellens,
3402 2234 3465 2273 ac
3490 2219 3725 2273 sublime.

2128 2313 2399 2382 pudicitiae
2445 2315 2703 2369 meritum
2758 2316 3001 2370 revelare
3033 2324 3090 2370 et
3116 2316 3367 2386 gloriosae
3399 2315 3726 2386 virginitatis

2125 2408 2324 2464 bonum
2348 2409 2662 2475 ostendere,
2690 2424 2813 2465 cum
2836 2409 2904 2465 de
2926 2409 3029 2465 hac
3048 2424 3108 2466 re
3129 2410 3416 2481 plerosque
3439 2423 3727 2481 perorasse

2127 2515 2232 2553 non
2267 2501 2503 2555 nesciam
2530 2543 2542 2563 ,
2577 2510 2629 2553 et
2669 2500 2791 2570 ejus
2833 2500 3220 2557 beatitudinem
3266 2500 3725 2556 manifestissimis

2125 2591 2428 2647 rationibus
2458 2593 2842 2662 comprobasse
2872 2610 2887 2648 :
2919 2602 2975 2649 et
3016 2593 3147 2649 nulli
3184 2594 3416 2664 sapienti
3445 2593 3637 2649 venire
3668 2594 3725 2649 in

2123 2684 2344 2739 dubium
2376 2700 2559 2755 posse,
2590 2700 2709 2740 eam
2740 2702 2855 2742 rem
2888 2687 3113 2757 majoris
3135 2700 3257 2743 esse
3282 2687 3481 2754 meriti,
3506 2703 3628 2759 quae
3656 2689 3727 2743 sit

2121 2780 2401 2845 amplioris
2448 2778 2650 2833 laboris
2677 2781 2702 2833 τ
2749 2780 3004 2851 Quisquis
3032 2780 3195 2835 etiam
3230 2781 3543 2852 pudicitiam
3571 2826 3585 2848 ,
3631 2792 3725 2838 aut

2122 2870 2322 2925 nullius
2352 2873 2581 2940 praeutii,
2615 2881 2709 2925 aut
2737 2875 2886 2943 parvi
2924 2874 3202 2929 existimat
3237 2891 3251 2929 :
3293 2886 3502 2931 eertum
3530 2886 3615 2931 est
3658 2878 3722 2930 il-

2120 2964 2249 3029 ium,
2277 2974 2373 3018 aut
2402 2967 2672 3035 ignorare,
2704 2977 2797 3021 aut
2844 2981 2950 3023 n0n
2980 2968 3348 3023 voluntarium
3384 2968 3529 3025 ferre
3570 2970 3720 3024 labo-

2119 3071 2253 3110 rem.
2285 3056 2413 3110 lnde
2436 3058 2509 3111 illi
2540 3072 2757 3129 semper
2778 3060 3017 3115 castitati
3044 3060 3332 3131 derogant,
3358 3061 3451 3131 qui
3473 3077 3596 3117 eam
3623 3074 3714 3117 aut

416 3167 506 3223 alii
539 3183 643 3221 non
675 3166 875 3221 habent
906 3185 917 3218 :
950 3166 1076 3221 dum
1128 3177 1180 3219 et
1209 3180 1553 3219 communem
1586 3176 1640 3219 et
1689 3164 2010 3235 peculiarem
2042 3138 2088 3202 (ἶ
2119 3167 2227 3206 ηοη
2257 3151 2477 3219 imm",
2513 3162 2606 3207 al"
2636 3152 2840 3209 habere
2864 3164 3132 3225 0080mm
3158 3156 3330 3210 ίηνίίί-

414 3264 626 3316 obtinet
672 3263 931 3332 gratiam,
982 3272 1037 3314 et
1063 3260 1310 3330 proprio,
1355 3267 1413 3312 ut
1444 3260 1513 3312 ita
1538 3256 1791 3323 dixerim,
1824 3272 2016 3313 conse-

414 3355 674 3411 crationis
716 3353 998 3425 privilegio
1034 3353 1251 3424 gaudet.
1294 3351 1426 3408 Nam
1461 3361 1517 3409 et
1551 3352 1753 3407 Christi
1786 3368 2016 3423 Sponsas

413 3451 655 3520 virgines
686 3448 888 3513 dicere,
918 3448 1287 3503 ecclesiastica
1309 3446 1465 3501 nobis
1491 3446 1751 3516 permittit
1772 3448 2013 3501 auctori-

417 3552 497 3598 tas
527 3559 541 3595 :
576 3543 702 3596 dum
764 3543 815 3595 in
848 3556 1169 3611 sponsarum
1216 3540 1433 3595 modum
1475 3554 1570 3595 eas
1598 3547 1880 3594 consecrat
1910 3538 2013 3592 Do-

413 3638 563 3694 mino
596 3655 608 3691 :
638 3637 784 3691 velut
846 3636 1142 3690 ostendens
1197 3648 1291 3688 eas
1324 3632 1407 3687 vel
1453 3633 1688 3687 maxime
1736 3632 2013 3687 habituras

417 3730 702 3803 Spirituale
728 3730 1057 3783 eonnubium
1089 3770 1103 3791 ,
1155 3743 1275 3798 qua:
1321 3727 1753 3795 subterfugerint
1796 3726 2013 3781 carnale

415 3827 795 3889 consortium,
826 3833 875 3879 et
910 3824 1070 3893 digne
1110 3821 1223 3877 Deo
1269 3837 1368 3890 per
1404 3821 1738 3875 matrimonii
1793 3821 2013 3890 copula-

422 3922 627 3975 tioucm
657 3915 1015 3989 Spiritualiter
1040 3913 1362 3983 colutlantur
1389 3955 1403 3979 ,
1438 3928 1558 3983 quas
1589 3913 1706 3981 ejus
1730 3922 1892 3965 caus:t
1926 3911 2009 3963 di-

412 4012 683 4077 lectionis,
719 4010 955 4065 humana
980 4006 1253 4062 connubia
1282 4014 1627 4077 Spreveruut.
1660 4003 1715 4061 In
1740 4006 1826 4059 his
1848 4020 2009 4075 quam

416 4106 649 4162 maxime
683 4105 813 4159 illud
849 4104 1103 4173 impletur
1130 4100 1375 4172 Apostoii
1408 4118 1421 4155 :
1457 4099 1558 4169 Qui
1586 4115 1753 4155 autem
1779 4098 2010 4154 adltwrct

414 4198 666 4263 Domino,
702 4214 833 4251 unus
860 4197 1076 4269 spiritus
1098 4206 1171 4250 est
1211 4193 1250 4266 (i
1281 4192 1399 4249 Cor.
1432 4209 1502 4262 γι,
1539 4194 1650 4266 i7).
1682 4191 1898 4248 Grande
1925 4200 2009 4247 est

408 4302 466 4349 et
496 4291 821 4359 immortale,
855 4302 907 4343 et
936 4305 1073 4359 pene
1096 4291 1233 4343 ultra
1255 4296 1501 4341 naturam
1531 4301 1872 4355 corpoream,
1903 4284 2009 4340 ire-

407 4402 538 4441 nare
587 4386 879 4447 luxuriam,
911 4394 965 4437 et
1005 4383 1465 4451 concupiscuntur:
1517 4378 1786 4433 ﬂammam
1819 4380 2006 4434 adole-

406 4477 629 4533 scentiae
672 4476 878 4531 facibus
902 4484 1242 4541 testuantem,
1273 4474 1439 4527 animi
1466 4472 1661 4527 virtute
1703 4474 2005 4541 restingue-

2189 3244 2277 3299 ili.
2321 3244 2476 3299 Nune
2504 3246 2687 3316 itaque
2718 3251 2996 3317 quoniam,
3034 3249 3219 3319 paucis
3267 3250 3424 3319 licet,
3468 3258 3580 3305 tam
3632 3250 3712 3305 ia-

2115 3336 2325 3405 borem,
2357 3354 2515 3408 quam
2550 3342 2805 3396 meritum
2838 3343 3167 3412 integritatis
3215 3345 3561 3400 ostendimus
3588 3389 3602 3412 ,
3646 3359 3713 3400 ne

2116 3445 2205 3486 res
2247 3446 2365 3501 qum
2393 3432 2586 3501 grandi
2613 3433 2813 3489 virtute
2842 3444 3089 3500 constat,
3126 3437 3329 3506 ingenti
3359 3439 3585 3507 prtem'io
3614 3439 3710 3493 de-

2114 3525 2329 3590 stinata,
2363 3539 2559 3581 carere
2599 3525 2775 3582 fructu
2805 3542 2908 3583 suo
2959 3529 3153 3599 possit,
3198 3531 3517 3601 diligentius
3548 3548 3711 3587 excu-

2115 3616 2353 3672 bandum
2396 3627 2503 3673 est.
2532 3618 2749 3684 Quanto
2780 3620 2926 3674 enim
2960 3635 3315 3692 quacumque
3337 3624 3553 3692 species
3584 3638 3710 3694 pre-

2116 3709 2285 3765 tiosor
2312 3710 2493 3777 luerit,
2528 3718 2682 3765 tanto
2722 3715 2930 3781 majore
2977 3712 3351 3769 sollicitudine
3373 3714 3701 3771 cusmditur.

2116 3803 2181 3858 Et
2204 3804 2458 3874 quoniam
2502 3804 2669 3857 multa
2698 3815 2845 3871 sunt,
2876 3820 2997 3873 quas
3029 3807 3172 3861 bono
3201 3809 3429 3877 proprio
3482 3817 3697 3873 carent,

2114 3895 2217 3951 nisi
2245 3897 2471 3951 aliarum
2505 3912 2686 3951 rerum
2730 3899 2991 3967 juventur
3019 3900 3245 3965 auxilio,
3308 3909 3369 3954 ut
3401 3909 3485 3956 eet
3529 3904 3706 3957 mellis

2112 3990 2325 4061 species
2357 4006 2373 4045 :
2403 3992 2506 4045 nisi
2539 4006 2785 4046 cerarum
2816 3993 3083 4058 custodia,
3114 4004 3172 4049 et
3212 3993 3461 4049 favorum
3494 3994 3705 4049 cellulis

2111 4093 2491 4150 conservetur,
2521 4097 2578 4141 et
2607 4096 2666 4141 ut
2696 4086 2879 4141 verius
2906 4086 3162 4153 dixerim,
3204 4088 3501 4153 nutriatur,
3547 4095 3706 4142 nato-

2112 4175 2280 4231 ralem
2311 4177 2541 4245 gratiam
2572 4177 2770 4244 perdit,
2798 4188 2854 4233 et
2878 4178 3182 4235 subsistere
3211 4194 3310 4249 per
3327 4181 3562 4250 seipsam
3591 4194 3702 4234 non

2110 4277 2311 4336 potest.
2341 4267 2495 4323 Sicut
2527 4269 2633 4323 vini
2666 4271 2881 4339 species
2910 4270 3053 4338 quod
3081 4270 3182 4325 nisi
3228 4270 3361 4326 boni
3389 4271 3578 4326 odoris
3608 4287 3703 4325 vas

2110 4358 2202 4423 sit,
2248 4371 2303 4415 et
2349 4362 2614 4429 reparatis
2645 4361 2838 4416 crebro
2868 4361 3081 4430 pieibus
3127 4362 3395 4431 foveatur,
3447 4365 3702 4434 genuina:

2110 4452 2395 4509 suavitatis
2420 4453 2529 4509 vim
2560 4452 2786 4508 autittit.
2816 4455 3092 4509 Attentius
3118 4466 3250 4525 ergo
3298 4456 3696 4525 providendum

406 4591 487 4643 re,
538 4582 591 4628 et
625 4570 891 4646 spiritttali
922 4578 1121 4625 conatu
1154 4568 1262 4622 vim
1315 4568 1565 4637 genuina:
1619 4565 2001 4620 oblectationis

2122 4554 2212 4611 :st,
2264 4561 2331 4600 ne
2380 4547 2520 4603 forte
2558 4553 2616 4601 et
2642 4545 2933 4616 virginitati
2964 4547 3146 4618 aiiqtta
3197 4550 3311 4605 sint
3362 4553 3695 4617 necessaria,

405 4658 712 4734 excludere,
745 4664 1041 4737 vivereque
1082 4670 1271 4718 contra
1304 4660 1523 4713 humani
1558 4659 1776 4727 generis
1800 4659 1998 4729 legem,

404 4762 685 4833 despicere
717 4757 951 4828 coniugii
997 4757 1190 4813 solatia
1215 4794 1232 4819 ,
1264 4752 1610 4807 dulcedinem
1642 4760 1999 4808 contemnere

402 4855 723 4918 liberorum,
755 4862 811 4906 et
858 4862 1215 4920 qut-eumque
1250 4844 1536 4916 prtesentis
1562 4844 1689 4897 vita:
1710 4844 1997 4899 commoda

403 4953 569 5011 sunt,
629 4959 727 5015 pro
778 4942 946 4997 nihilo
991 4956 1086 5011 spe
1138 4940 1330 4994 futura:
1381 4934 1735 4992 beatitudinis
1771 4952 1994 5007 compu-

404 5051 543 5169 mi‘l}:
569 5109 753 5181 Magna
802 5108 935 5170 inec,
966 5117 1027 5171 ut
1053 5108 1184 5175 dixi,
1224 5116 1281 5163 ct
1309 5104 1643 5161 adtttirabilis
1667 5106 1837 5161 virtus
1863 5116 1945 5161 est
1972 5122 1988 5163 :

397 5219 451 5265 et
504 5224 611 5263 non
670 5202 941 5259 immerito
982 5219 1078 5272 pro
1124 5202 1492 5272 magnitudine
1526 5202 1727 5256 laboris
1774 5202 1856 5255 sui
1906 5203 1991 5256 itt-

393 5301 540 5372 gcnti
594 5297 819 5369 praemio
857 5295 1162 5350 destinatur
1194 5312 1205 5347 :
1239 5292 1385 5348 Dabo
1411 5335 1425 5361 ,
1485 5295 1655 5363 inquit
1684 5293 1943 5347 Dominus
1969 5337 1984 5362 ,

391 5391 704 5464 spadonibus
729 5388 853 5443 meis
897 5388 951 5441 in
980 5384 1136 5439 domo
1158 5404 1292 5451 utea,
1322 5396 1368 5440 et
1398 5388 1453 5439 in
1500 5402 1646 5439 muro
1673 5402 1782 5440 meo
1812 5386 1983 5439 locum

391 5472 713 5540 nominatum
752 5483 1017 5537 meliorem
1046 5479 1172 5549 ﬁliis
1222 5489 1269 5533 et
1314 5480 1520 5547 ﬁliabus
1552 5477 1767 5532 Israel:
1800 5494 1983 5532 nomen

387 5587 633 5633 a'terrtttm
665 5576 794 5629 dabo
820 5573 947 5634 illis.
976 5573 1116 5645 quod
1138 5587 1237 5625 non
1262 5572 1462 5642 deﬁciet
1489 5570 1623 5643 (Isa.
1656 5587 1764 5634 LVI,
1800 5573 1877 5629 5).
1909 5572 1983 5627 De

386 5669 583 5738 quibus
611 5668 941 5736 spadonibus
973 5665 1231 5719 Dominus
1264 5664 1319 5727 in
1345 5664 1637 5743 Evangelii)
1665 5666 1861 5743 repetit
1897 5668 1983 5720 dt-

384 5776 515 5817 cens
542 5779 555 5814 ε
584 5760 717 5813 Sunt
739 5758 874 5817 enini
895 5758 1153 5827 spadones
1166 5758 1254 5827 qui
1276 5759 1471 5829 seipsos
1483 5768 1838 5815 castraoet'unt
1860 5773 1983 5828 pro-

2102 4639 2220 4696 sine
2246 4640 2812 4711 quibusvnequaquam
2835 4641 3035 4698 aﬂ'erro
3065 4643 3299 4699 fructum
3352 4646 3610 4713 sufficiat,
3638 4661 3696 4704 et

2104 4743 2284 4789 tantus
2305 4735 2378 4789 nil
2406 4736 2653 4806 proderit
2682 4736 2871 4790 labor:
2923 4738 3050 4791 dum
3091 4752 3229 4795 vane
3269 4740 3531 4809 prodesse
3572 4758 3695 4798 ere-

2104 4826 2273 4894 ditur,
2309 4830 2450 4898 quod
2500 4830 2706 4899 absque
2752 4828 2956 4885 viribus
2996 4832 3320 4887 necessariis
3362 4834 3689 4903 possidetur.

2102 4921 2214 4975 Nisi
2245 4924 2388 4978 enim
2437 4923 2614 4988 iallor,
2647 4924 2716 4977 ob
2738 4924 2980 4977 (-mlestis
3003 4926 3151 4993 regni
3182 4928 3485 4995 pra'mium,
3536 4930 3696 4998 pudi-

2101 5014 2246 5069 citia:
2285 5025 2539 5069 servatur
2584 5015 2890 5083 integritas,
2941 5017 3085 5085 quod
3141 5019 3261 5073 sine
3297 5020 3425 5073 vita:
3470 5030 3694 5075 celerum

2099 5110 2319 5175 merito,
2354 5112 2627 5165 neminem
2665 5111 2922 5176 consequi
2968 5124 3151 5179 posse,
3181 5112 3316 5166 satis
3343 5120 3556 5168 certum
3580 5124 3689 5169 est.

2098 5200 2325 5257 Eterna
2356 5203 2485 5270 vita,
2521 5219 2626 5257 non
2675 5204 2781 5257 nisi
2826 5218 2922 5272 per
2948 5218 3164 5259 omnem
3209 5205 3518 5260 divinorum
3553 5220 3692 5275 pra!-

2095 5304 2375 5364 ceptorum
2419 5296 2722 5351 custodiam
2782 5298 3078 5364 promereri
3131 5306 3337 5368 potest,
3399 5298 3686 5369 Scriptura

2091 5386 2306 5441 dicente
2355 5405 2371 5439 ε
2426 5387 2487 5443 Si
2532 5388 2610 5440 vis
2666 5387 2734 5441 ad
2790 5388 2945 5442 vitam
2994 5390 3183 5453 venire,
3240 5405 3388 5444 serra
3435 5392 3687 5446 mandata

2092 5481 2331 5548 (Matth.
2366 5495 2421 5541 ι,
2482 5481 2594 5550 l7).
2631 5480 2807 5534 Vitam
2841 5496 2975 5551 ergo
3022 5494 3283 5537 attentam
3335 5496 3441 5538 non
3494 5484 3678 5551 habet,

2093 5574 2194 5626 nisi
2222 5574 2311 5637 qui
2340 5580 2534 5626 cuncta
2560 5572 2815 5625 mandata
2866 5574 3000 5642 legis
3044 5576 3365 5639 servaverit,
3399 5584 3457 5631 et
3478 5579 3568 5646 qui
3600 5579 3683 5631 ri-

2089 5679 2194 5719 tam
2224 5680 2331 5720 non
2360 5664 2631 5730 habuerit,
2686 5664 2925 5722 caelestis
2976 5670 3128 5738 regni
3167 5684 3274 5723 non
3324 5678 3503 5738 potest
3552 5686 3679 5725 esse

2089 5772 2397 5828 possessor.
2432 5756 2489 5811 in
2514 5772 2619 5827 quo
2652 5772 2758 5813 non
2810 5760 3034 5829 mortui,
3064 5759 3165 5817 sed
3210 5761 3316 5815 vivi
3346 5759 3544 5832 quique
3585 5778 3675 5818 re-
