3998 6198
128 190 219 252 165

1111 190 1441 253 EPISTOLA
1480 187 1621 249 XIII.
1660 183 2126 247 VlRGlNlTA'I‘lS
2163 182 2368 246 LAUS.

3283 186 3387 246 166

129 310 377 382 goabunt.
434 308 583 367 Nihil
640 307 786 365 enim
820 310 1100 382 virginitas
1129 315 1242 368 sola
1275 311 1545 383 proﬁciet,
1580 325 1698 381 quae
1727 312 1776 370 Α
1806 308 2072 364 facundia:
2117 308 2461 365 sermonibus
2484 324 2821 382 nequaquam
2851 310 3053 371 debeat
3074 311 3384 383 obscurari,

132 402 359 460 coalestis
393 401 548 473 regni
567 403 793 475 gloriam
823 414 1026 475 sperat,
1052 405 1153 467 nisi
1183 416 1237 462 et
1261 406 1406 462 aliud
1432 403 1701 466 habuerit,

130 494 203 549 cui
256 494 608 563 promittatur
646 505 908 566 perpetua
938 498 1068 564 vita,
1109 514 1203 567 per
1247 514 1409 568 quam
1461 495 1704 553 caelestis

128 587 262 657 regni
297 587 582 656 praemium
635 587 960 658 possidetur.
995 588 1139 645 Ante
1175 605 1304 660 ergo
1340 590 1521 646 omnia
1555 587 1708 659 pudi-

127 681 293 737 citiam
327 680 806 754 integritatemque
846 685 1220 751 servantibus,
1258 696 1313 742 et
1358 685 1476 755 ejus
1530 699 1709 739 remu-

126 773 448 831 nerationem
473 790 504 835 a
534 774 627 829 Dei
645 775 906 847 aequitate
927 777 1299 848 Sperantibus,
1329 774 1706 833 mandatorum

122 876 238 922 sunt
279 867 643 923 custodienda
684 879 981 940 praecepta,
1040 885 1108 924 ne
1158 869 1414 939 gloriosa:
1440 868 1711 924 castitatis

120 968 168 1015 et
210 960 569 1019 continentia:
620 960 777 1016 labor
824 959 878 1015 in
931 960 1142 1017 irritum
1172 962 1487 1025 deducatur.
1534 961 1708 1031 Supra

117 1052 432 1107 mandatum
454 1052 537 1109 vel
566 1062 895 1122 praeceptum
928 1067 1049 1108 esse
1075 1053 1457 1127 virginitatem.
1491 1052 1706 1120 sapiens

115 1163 184 1203 ex
212 1147 334 1219 lege
357 1148 543 1203 nullus
567 1149 799 1216 ignorat,
847 1146 1111 1218 Apostolo
1154 1148 1371 1201 dicente
1396 1164 1407 1198 :
1439 1143 1519 1199 De
1546 1146 1704 1215 virgi-

110 1242 260 1296 nibus
293 1254 463 1297 aulem
491 1250 802 1311 praeceptum
829 1240 1041 1295 Domini
1066 1256 1165 1293 non
1192 1238 1372 1306 habeo,
1430 1238 1701 1292 consilium

113 1344 278 1389 autem
309 1335 377 1386 do
407 1334 426 1404 (
450 1333 471 1389 Ι
494 1333 613 1387 Cor.
650 1347 742 1399 vn,
785 1332 906 1401 25).
938 1331 1075 1389 Cum
1106 1347 1236 1402 ergo
1260 1330 1571 1385 obtinendm
1590 1330 1701 1385 vir-

112 1423 341 1497 ginitatis
375 1423 661 1483 Consilium
696 1422 818 1491 dat,
860 1438 965 1478 non
1005 1433 1331 1493 praeceptum
1371 1422 1579 1481 statuit.
1605 1438 1698 1477 su-

114 1536 204 1591 pra
244 1518 558 1577 mandatum
614 1517 698 1573 vel
750 1526 1079 1587 praeceptum
1111 1531 1228 1573 eam
1260 1531 1383 1571 esse
1416 1513 1699 1585 professus

114 1622 211 1667 est.
242 1611 586 1680 Quicumque
642 1624 771 1680 ergo
818 1608 1189 1680 virginitatem
1236 1618 1477 1674 servant,
1528 1609 1699 1680 magis

1801 403 1898 457 sed
1929 404 2354 473 simplicioribus
2383 406 2711 477 eloquentia:
2762 406 3167 465 narrationibus
3198 408 3384 477 pandi.

1804 493 2072 550 Omnibus
2105 496 2247 552 enim
2279 497 2333 550 in
2381 512 2669 554 commune
2723 501 3055 570 necessaria,
3112 501 3388 563 communi

1806 588 2013 646 debent
2045 606 2300 647 sermone
2326 591 2710 651 demonstrari.

1879 682 1945 737 V.
1968 685 2187 741 Justitia
2216 700 2347 757 ergo
2374 702 2479 744 non
2508 700 2592 744 est
2618 688 2792 756 aliud,
2816 704 2979 761 quam
3008 706 3116 747 non
3138 705 3384 761 peccare.

1807 772 1923 830 Non
1965 790 2195 848 peccare
2225 787 2404 833 autem
2457 778 2598 850 legis
2630 791 2891 851 praecepta
2941 797 3182 840 servare.
3245 784 3392 841 Prte-

1807 876 2089 937 ceptorum
2136 886 2265 927 vero
2313 871 2622 928 observatio
2652 873 2850 944 duplici
2879 876 2933 929 in
2976 892 3174 946 genere
3212 886 3396 934 custo-

1807 960 1956 1015 ditur
1996 980 2007 1014 :
2044 971 2099 1017 ut
2146 962 2277 1017 nihil
2315 980 2500 1020 eorum
2558 981 2680 1035 quae
2735 965 3091 1036 prohibentur
3121 968 3305 1037 facias,
3341 979 3394 1027 et

1807 1063 2004 1106 cuncta
2037 1068 2158 1121 qua:
2185 1052 2452 1123 iubentur
2494 1056 2722 1124 implere
2769 1060 3092 1119 contendas.
3158 1060 3272 1117 Hoc
3316 1070 3401 1118 est

1804 1142 1950 1209 quod
1983 1141 2115 1197 dicit
2144 1160 2158 1196 :
2189 1142 2392 1199 Recede
2420 1162 2451 1198 α
2480 1144 2640 1210 malo,
2683 1156 2730 1200 et
2752 1149 2838 1219 fac
2865 1155 3073 1205 bonum.
3100 1151 3216 1208 Non
3247 1153 3393 1209 enim

1806 1230 1859 1285 in
1888 1230 1991 1286 hoc
2020 1245 2177 1302 putes
2209 1244 2459 1291 constare
2490 1236 2780 1307 justitiam,
2814 1249 2873 1295 ut
2910 1244 3109 1303 malum
3163 1260 3270 1303 non
3314 1247 3393 1301 fa-

1800 1322 1933 1388 cias,
1970 1338 2091 1378 cum
2122 1334 2179 1379 et
2215 1323 2414 1380 bonum
2464 1341 2569 1381 non
2620 1327 2801 1387 facere
2848 1332 3048 1389 malum
3097 1335 3191 1403 sit,
3244 1344 3299 1392 et
3338 1337 3392 1393 in

1801 1422 2029 1488 utroque
2072 1414 2206 1486 legis
2245 1419 2614 1487 praevaricatio
2667 1424 3056 1485 committatur.
3125 1426 3391 1496 Quoniam

1801 1508 1891 1576 qui
1922 1507 2053 1564 dicit
2082 1525 2097 1565 :
2128 1509 2331 1567 Recede
2360 1529 2391 1567 a
2440 1511 2579 1567 malo
2608 1512 2794 1584 (Prov.
2826 1531 2906 1583 nt,
2948 1517 3005 1588 7)
3036 1536 3050 1574 :
3078 1528 3134 1575 et
3161 1519 3279 1590 ipse
3307 1522 3393 1578 di-

1801 1601 1896 1670 cit,
1924 1603 2008 1674 {ac
2033 1602 2244 1663 bonum.
2276 1605 2332 1660 Si
2360 1620 2388 1661 a
2422 1608 2563 1662 malo
2588 1612 2903 1677 recesseris,
2933 1620 2987 1673 et
3039 1628 3146 1669 non
3196 1614 3392 1677 feceris

117 1705 311 1765 faciunt
356 1720 519 1774 quam
570 1713 902 1775 praeceptum
952 1704 1046 1759 sit.
1105 1704 1253 1763 Tunc
1280 1705 1424 1761 enim
1457 1704 1698 1774 proderit
1728 1692 1775 1753 Β
1806 1693 2027 1763 bontttn,
2057 1707 2426 1767 transgressor
2471 1714 2529 1755 es
2557 1700 2688 1771 legis
2719 1720 2731 1756 :
2764 1717 2883 1775 quae
2931 1721 3040 1759 non
3087 1715 3294 1764 tantum
3334 1710 3386 1766 in

116 1799 277 1869 magis
319 1797 520 1853 fecisse
549 1812 707 1868 quam
736 1797 949 1869 jussum
982 1806 1087 1861 εει,
1124 1798 1169 1850 si
1199 1800 1343 1871 quod
1382 1797 1593 1866 iussum
1618 1810 1702 1852 εει

117 1894 319 1948 feceris.
371 1891 503 1947 Nam
553 1891 826 1961 quomodo
874 1891 996 1962 plus
1029 1890 1220 1946 fecisse
1274 1890 1618 1963 gloriaberis,
1655 1892 1702 1944 si

115 1986 282 2041 minus
336 1984 537 2054 aliquid
569 2000 674 2043 non
703 1983 913 2038 facias?
940 1985 1173 2052 Cupiens
1204 1984 1447 2043 divinum
1480 1983 1705 2053 implere

117 2079 423 2149 consilium,
458 2089 581 2137 ante
611 2079 789 2133 omnia
818 2093 975 2134 serva
1001 2077 1334 2133 mandatum.
1360 2076 1560 2133 Valens
1596 2078 1705 2129 vir-

114 2171 350 2242 ginitatis
400 2170 678 2242 przcntium
727 2172 1021 2243 consequi,
1061 2171 1394 2241 amplectere
1446 2170 1701 2229 meritum

115 2266 249 2329 vitae,
284 2272 349 2319 ut
377 2275 462 2319 tua
510 2264 729 2319 castitas
754 2264 1088 2318 remunerari
1118 2264 1305 2333 possit.

180 2356 267 2412 Ν.
290 2356 432 2411 Nam
456 2366 514 2412 ut
536 2358 701 2411 vitam
727 2356 1277 2425 prmstatobscrvatio
1301 2354 1702 2421 mandatorum,

114 2454 178 2507 ita
208 2453 524 2507 econtrario
550 2462 778 2522 generat
811 2451 1183 2521 praevaricatio
1213 2462 1465 2507 mortem.
1516 2449 1580 2503 Et
1613 2451 1703 2521 qui

114 2560 206 2615 per
227 2545 734 2616 praevaricationem
753 2544 803 2598 in
819 2554 1046 2601 mortem
1068 2544 1225 2603 fuerit
1241 2544 1531 2613 deputatus
1544 2541 1705 2613 virgi-

116 2638 286 2694 nitatis
314 2654 585 2695 coronam
634 2654 857 2710 sperare
914 2653 1023 2694 non
1075 2637 1293 2709 poterit,
1346 2651 1519 2706 neque
1552 2634 1705 2707 pudi-

116 2730 248 2785 citia:
294 2730 606 2807 -pr:cmium
661 2738 985 2800 exspectare
1037 2728 1371 2785 constitutus
1426 2728 1479 2783 in
1520 2742 1702 2798 paena.

118 2822 244 2878 Tres
294 2823 450 2879 enim
507 2832 637 2878 sunt
693 2822 932 2893 species,
980 2837 1081 2893 per
1111 2837 1243 2893 quas
1278 2821 1429 2891 regni
1471 2819 1707 2876 ctelestis

114 2918 387 2991 possessio
438 2918 717 2972 introitur.
764 2915 941 2970 Prima
999 2923 1082 2971 est
1123 2916 1378 2986 pudicitia
1420 2934 1432 2967 :
1468 2914 1703 2971 secunda

113 3010 286 3066 mundi
319 2994 708 3080 contemptus:
742 3010 901 3065 tertia
932 3024 1066 3065 vero
1086 3007 1465 3079 justitia.Qute
1496 3020 1551 3061 ut
1576 3021 1703 3062 con-

1808 1787 2074 1843 malorutn
2124 1799 2337 1844 actuum
2393 1791 2818 1861 abominatioue,
2878 1796 2971 1851 sed
3017 1798 3068 1855 itt
3121 1799 3387 1858 honorum

1804 1895 2028 1949 cpernm
2063 1881 2395 1950 perfectione
2425 1886 2748 1952 completur.
2780 1887 2971 1959 Neque
3001 1893 3143 1947 enim
3169 1892 3273 1948 hoc
3297 1910 3390 1950 so-

1808 1971 1915 2025 lum
1943 1972 2039 2025 tibi
2066 1971 2397 2044 przecipitur,
2430 1984 2489 2030 ut
2510 1980 2762 2034 vestitum
2790 1995 2899 2036 non
2934 1983 3136 2054 spolies
3166 1988 3279 2041 suis
3309 1988 3389 2043 itt-

1808 2063 2081 2122 dumentis
2112 2086 2124 2121 :
2157 2068 2254 2123 sed
2283 2078 2337 2122 ut
2362 2069 2627 2139 spoliatos
2648 2074 2863 2142 cperias
2892 2074 2995 2131 tuis
3026 2079 3391 2136 vestimentis.

1807 2157 1992 2228 Neque
2028 2170 2087 2214 ut
2118 2158 2339 2217 habenti
2372 2178 2568 2233 panem
2602 2182 2707 2222 non
2736 2169 2955 2224 auferas
2990 2186 3179 2237 suum,
3210 2176 3304 2230 sed
3340 2186 3397 2231 ut

1806 2268 1915 2308 non
1948 2254 2170 2313 habenti
2206 2267 2351 2312 tuum
2389 2260 2625 2315 libenter
2645 2261 2945 2331 impertias.
2968 2263 3156 2338 Neque
3177 2278 3238 2323 ut
3268 2285 3396 2338 pau-

1807 2364 1992 2418 perem
2024 2365 2133 2405 non
2165 2351 2400 2423 repellas
2435 2354 2671 2425 hospitio
2710 2371 2831 2427 suo,
2866 2357 2961 2415 sed
2996 2368 3051 2415 ut
3082 2360 3295 2430 pulsum
3344 2374 3399 2419 et

1810 2459 1915 2497 non
1948 2443 2237 2503 habentem
2263 2448 2498 2513 recipias
2526 2458 2635 2503 tuo.
2674 2448 3008 2524 Przeccptum
3035 2464 3119 2511 est
3135 2457 3279 2515 enim
3304 2472 3399 2515 no-

1809 2535 1891 2590 bis
1920 2538 2053 2591 ﬂere
2084 2553 2207 2593 cum
2244 2540 2521 2603 flentibus.
2569 2543 2858 2613 Quomodo
2888 2560 3008 2601 cum
3041 2549 3149 2604 illis
3179 2551 3395 2616 flemus,

1806 2631 1851 2685 si
1896 2632 1947 2686 in
1994 2634 2144 2688 nullo
2173 2649 2362 2691 eorum
2397 2638 2818 2697 necessitatibus
2847 2643 3234 2713 participamus
3254 2690 3268 2715 ,
3296 2661 3397 2702 nec

1807 2723 2009 2794 aliquid
2037 2727 2115 2780 eis
2146 2726 2198 2781 in
2230 2726 2334 2793 his,
2368 2740 2595 2800 propter
2620 2747 2755 2803 quas
2783 2732 3155 2805 lacrymautur
3180 2751 3392 2807 causas,

1808 2817 2147 2887 praebeamus
2179 2820 2481 2876 auxilium?
2520 2821 2707 2895 Neque
2736 2826 2880 2881 enim
2911 2824 3131 2885 fletuum
3170 2841 3395 2889 nostro-

1809 2926 1926 2964 rutn
1956 2910 2102 2965 Deus
2132 2910 2524 2969 infructuosum
2557 2915 2840 2974 humorem
2870 2920 3066 2990 quierit
3098 2940 3111 2975 :
3143 2923 3237 2979 sed
3271 2924 3396 2995 quia

1813 3007 2068 3077 lat-rymtr.
2098 3005 2311 3063 doloris
2348 3007 2606 3065 indicium
2647 3023 2795 3078 sunt,
2840 3014 2956 3067 vult
2986 3023 3037 3070 te
3068 3015 3141 3071 ita
3171 3018 3396 3073 alterius

110 3117 240 3159 nere
268 3103 569 3173 plurimum
598 3118 657 3157 se
691 3102 1094 3174 possidentibus
1126 3110 1411 3172 praestant,
1462 3101 1535 3157 ita
1586 3116 1707 3171 pos-
1736 3089 1783 3163 C
1812 3099 2090 3169 angustias
2133 3101 2336 3156 sentire
2381 3110 2436 3156 ut
2483 3109 2601 3167 tuas
2632 3121 2646 3157 :
2680 3113 2737 3159 et
2771 3107 3043 3176 quomodo
3092 3108 3186 3164 tibi
3216 3108 3270 3169 in
3303 3111 3398 3166 tali

108 3205 228 3252 sunt
251 3197 452 3252 divisa:
479 3196 705 3252 difﬁcile
738 3195 999 3267 prodesse
1027 3214 1041 3249 :
1074 3196 1201 3250 dum
1234 3210 1570 3269 unaqumque
1618 3210 1709 3250 ea-

111 3311 225 3353 rum
280 3312 398 3352 non
454 3306 678 3368 propter
728 3312 789 3352 se
843 3308 1071 3362 tantum,
1125 3297 1221 3353 sed
1277 3308 1498 3367 propter
1549 3298 1709 3357 aliam

106 3388 471 3457 efflagitatur.
503 3389 557 3444 In
590 3388 782 3461 primis
816 3390 983 3460 igitur
1022 3390 1280 3462 quaeritur
1340 3390 1615 3461 pudicitia,
1649 3399 1708 3447 ut

109 3479 322 3537 facilius
369 3464 742 3555 subsequatur
796 3481 983 3537 mundi
1041 3492 1435 3554 contemptus:
1488 3482 1613 3554 quia
1640 3485 1707 3537 ab

107 3571 207 3630 illis
233 3577 481 3631 mundus
507 3576 782 3635 contemni
806 3576 986 3631 levius
1020 3585 1217 3646 potest,
1248 3577 1336 3646 qui
1370 3577 1702 3635 matrimonii

112 3669 334 3725 nexibus
369 3685 483 3725 non
518 3677 792 3725 tenentur.
827 3668 1006 3733 Mundi
1048 3685 1180 3727 vero
1227 3677 1570 3738 contemptus
1616 3686 1710 3725 ex-

108 3761 373 3828 poscitur,
404 3770 470 3817 ut
494 3761 705 3831 justitia
738 3771 1096 3821 conservetur
1124 3781 1135 3816 ε
1167 3778 1325 3834 quam
1357 3761 1575 3823 difficile
1603 3762 1708 3818 itn-

110 3850 254 3918 plere
283 3863 554 3925 possunt,
589 3853 681 3924 qui
720 3854 1068 3910 saecularium
1123 3854 1389 3911 honorum
1446 3855 1706 3926 cupidita-

109 3944 269 4010 tibus,
305 3959 389 4019 _et
422 3947 835 4003 mnndanarum
888 3948 1224 4019 voluptatum
1253 3949 1487 4018 negotiis
1536 3950 1712 4019 impli—

105 4049 316 4095 cantur.
402 4040 669 4111 Quisquis
721 4056 853 4111 ergo
908 4040 1154 4111 possidet
1208 4042 1435 4112 primani
1473 4045 1708 4110 Speciem

103 4129 404 4199 pudicitiae,
440 4141 502 4188 et
530 4131 828 4188 secundam
857 4114 977 4205 quas
998 4141 1083 4188 est
1132 4134 1313 4193 mundi
1346 4143 1709 4204 contemptus,

105 4237 202 4277 non
266 4225 497 4282 obtinet
548 4241 735 4291 pene:
781 4226 898 4281 sine
959 4242 1120 4282 causa
1177 4228 1421 4297 possidet
1460 4227 1709 4299 primam,

101 4318 321 4386 quando
349 4319 665 4375 secundam
696 4334 805 4375 non
834 4320 1019 4389 habet,
1046 4329 1267 4391 propter
1296 4337 1459 4391 quant
1486 4324 1710 4392 qttzcsita

103 4419 176 4463 est
202 4413 415 4483 prima.
450 4412 510 4467 Si
540 4412 772 4489 primam
811 4422 864 4475 et
891 4413 1186 4471 secundam
1220 4412 1403 4481 habet,
1436 4414 1523 4469 cui
1552 4416 1709 4469 tertia

1813 3193 2159 3247 tribulatione
2193 3192 2240 3249 si
2268 3208 2445 3262 esses,
2496 3196 2777 3253 subveniri
2809 3213 3070 3268 cuperes,
3121 3201 3190 3255 ita
3237 3201 3399 3259 alteri

1810 3284 1925 3354 ipse
1975 3284 2265 3341 subvenias
2306 3295 2530 3357 propter
2560 3286 2691 3343 illud
2720 3307 2733 3343 :
2767 3289 3115 3361 Quacumque
3156 3292 3312 3345 cultis
3344 3303 3398 3345 ut

1808 3379 2006 3449 faciant
2032 3380 2171 3435 vobis
2199 3380 2429 3433 homines
2457 3381 2608 3444 bona.
2642 3382 2715 3434 ita
2740 3394 2789 3435 et
2813 3398 2901 3436 vos
2940 3384 3096 3452 facile
3117 3383 3224 3439 illis
3250 3384 3399 3439 simi-

1810 3473 1923 3527 liter
1951 3472 2189 3544 (Matt/L,
2224 3489 2314 3538 vn,
2350 3472 2461 3542 12).
2498 3473 2631 3528 Nam
2676 3490 2796 3530 cum
2834 3476 3001 3533 flente
3031 3476 3199 3545 flere,
3233 3487 3289 3533 et
3318 3478 3402 3535 ni-
3456 3528 3463 3536 .

1810 3564 1909 3634 hil,
1935 3582 2057 3627 cttm
2085 3569 2283 3638 possis,
2308 3568 2461 3625 flenti
2488 3568 2761 3633 conferre,
2794 3571 3257 3643 subsannationis,
3285 3590 3394 3631 non

1810 3661 2025 3731 pietatis
2056 3661 2314 3721 indicium
2349 3671 2451 3723 est.
2489 3663 2731 3735 Denique
2762 3664 3021 3721 Salvator
3059 3678 3245 3726 noster
3274 3685 3395 3727 cum

1810 3754 1974 3809 Maria
2003 3762 2059 3811 et
2084 3756 2289 3813 Martha
2310 3757 2500 3814 Lazari
2532 3758 2818 3815 sororibus
2842 3757 3008 3829 flevit,
3035 3769 3090 3817 et
3118 3761 3400 3820 immensa:

1812 3848 2204 3905 misericordiae
2263 3849 2545 3919 affet-tum,
2595 3852 2954 3924 lacrymarum
3008 3857 3400 3914 contestatione

1814 3943 2183 3997 monstravit:
2234 3952 2288 3997 et
2330 3959 2473 3999 verae
2517 3944 2735 4015 pietatis
2790 3944 3021 4013 indicia,
3072 3963 3201 4007 mox
3230 3965 3399 4021 opera

1813 4034 2100 4091 subsecuta
2131 4046 2258 4091 sunt
2285 4055 2300 4101 ;
2342 4048 2397 4093 et
2425 4053 2545 4094 cum
2578 4040 2874 4096 suscitatus
2922 4040 3192 4108 Lazarus,
3242 4043 3400 4112 cujus

1815 4142 1976 4181 causa
2012 4126 2268 4201 lacrymte
2298 4128 2689 4199 fundebantur,
2723 4132 3009 4189 sororibus
3035 4133 3191 4188 vivus
3221 4134 3403 4189 reddi-

1817 4230 1920 4274 tur.
1959 4221 2022 4275 Et
2050 4222 2149 4277 hoc
2178 4221 2277 4277 fuit
2306 4224 2391 4293 pie
2432 4223 2569 4281 ﬂere
2604 4240 2727 4281 cum
2755 4226 3048 4293 flentibus,
3090 4228 3404 4283 occasiones

1815 4312 1975 4369 fletus
2000 4315 2234 4371 auferre.
2271 4316 2376 4373 Sed
2406 4320 2556 4387 quasi
2590 4330 2803 4391 potens,
2836 4320 3067 4391 inquies,
3100 4320 3227 4381 fecit
3259 4336 3274 4379 :
3305 4320 3401 4376 sed

1819 4423 1917 4462 nec
1950 4408 2043 4463 tibi
2077 4408 2277 4479 aliquid
2300 4411 2637 4482 impossibile
2666 4414 2981 4484 imperatur.
3014 4411 3259 4483 Implevit
3282 4424 3403 4468 om-

102 4473 221 4573 quae.
263 4517 355 4563 est
401 4473 631 4577 justitia
680 4507 842 4577 desit,
890 4496 1090 4563 frustra
1145 4508 1350 4564 laborat
1394 4527 1405 4563 :
1455 4510 1708 4582 quoniam
1742 4473 1790 4536 ί)
1816 4501 1929 4567 Ilia.
1961 4501 2051 4571 qui
2082 4503 2222 4573 quod
2257 4504 2429 4573 Ριιιιιὶι
2460 4504 2605 4559 fecit-

102 4601 418 4668 superiores
477 4600 603 4655 dua:
662 4612 887 4679 propter
942 4601 1158 4657 tertiam
1207 4602 1477 4679 prmeipue
1525 4606 1708 4674 requi-

104 4703 305 4752 runtur.
369 4694 531 4764 Quid
586 4695 731 4750 enim
805 4705 1030 4766 propter
1094 4696 1277 4751 mundi
1336 4705 1710 4765 contemptum

102 4785 309 4852 prodest
366 4786 705 4859 pudicitiam
768 4786 992 4850 habere,
1048 4796 1104 4841 et
1142 4797 1362 4859 propter
1401 4789 1541 4859 quod
1590 4803 1708 4843 catn

102 4876 289 4936 habeas
318 4899 443 4937 non
487 4879 737 4936 habere?
763 4880 859 4936 Vel
891 4898 990 4937 cur
1017 4897 1109 4937 res
1144 4883 1332 4939 mundi
1364 4895 1706 4949 contemnas,

101 4971 137 5023 si
162 4972 441 5042 justitiam
482 4984 713 5045 propter
738 4990 898 5049 quant
931 4974 1240 5044 pudicitiam
1270 4985 1325 5031 et
1366 4977 1547 5032 tnundi
1578 4992 1709 5032 con-

103 5075 356 5140 temptum
409 5070 634 5133 habere
686 5079 737 5125 te
767 5070 1044 5136 convenit,
1076 5084 1182 5125 non
1215 5069 1537 5125 custodias?
1576 5069 1711 5138 Quia

103 5171 153 5216 ut
200 5168 379 5234 prima
418 5164 654 5236 species
689 5172 913 5244 propter
932 5164 1231 5219 secundam
1265 5174 1369 5227 cst,
1414 5164 1484 5216 ita
1543 5165 1711 5233 prima

100 5259 409 5316 etsecunda
471 5266 705 5331 propter
738 5257 948 5321 tertiam
977 5275 989 5310 :
1023 5272 1144 5329 quae
1184 5257 1228 5312 si
1260 5272 1366 5311 non
1401 5256 1583 5324 fuerit,
1616 5272 1717 5319 nec,

102 5351 287 5417 prima,
326 5366 442 5408 nec
474 5349 725 5415 secunda
759 5348 1027 5419 proficiet.
1077 5349 1233 5404 Dicas
1274 5348 1519 5415 forsitan,
1581 5348 1716 5404 doce

102 5457 177 5497 tne
225 5461 389 5517 ergo,
444 5441 591 5513 quid
615 5440 687 5496 sit
726 5441 958 5515 justitia,
992 5451 1052 5499 ut
1101 5457 1218 5499 cant
1270 5441 1314 5497 si
1346 5444 1716 5510 cognoverint,

107 5535 312 5593 facilius
338 5537 601 5607 implere
630 5534 921 5590 sufficiam.
953 5535 1133 5591 Dicam
1164 5535 1425 5603 breviter,
1461 5545 1518 5589 ut
1542 5535 1717 5599 valeo,

107 5642 153 5687 et
179 5634 495 5691 verborum
551 5636 680 5683 utar
734 5630 1087 5702 simplicitate
1134 5630 1500 5693 communium
1549 5629 1719 5699 :quia

105 5739 254 5784 causa
302 5729 379 5785 de
421 5738 548 5798 qua
602 5723 812 5795 agimus
862 5723 980 5783 talis
1030 5732 1133 5791 est,
1167 5738 1284 5797 qua:
1337 5721 1723 5780 disertioribus

1892 4594 1978 4649 Vl.
2010 4595 2117 4651 Sed
2151 4608 2208 4650 ut
2239 4598 2422 4653 dicere
2451 4612 2828 4668 coeperamus,
2873 4612 2981 4652 non
3017 4595 3217 4653 sufficit
3248 4594 3408 4655 Chri-

1819 4687 1918 4742 stia
1932 4705 2000 4743 no
2032 4704 2060 4741 a
2091 4688 2243 4743 malis
2268 4704 2327 4744 se
2348 4688 2644 4753 abSIinere,
2669 4689 2771 4745 nisi
2795 4689 2955 4744 etiam
2979 4687 3245 4745 bonorum
3273 4702 3407 4757 ope-

1821 4798 1936 4837 rum
1968 4781 2148 4838 officia
2184 4782 2488 4852 perfecerit.
2527 4780 2680 4848 Quod
2727 4781 2823 4837 illo
2859 4780 2945 4835 vel
2974 4779 3211 4837 maxime
3254 4782 3407 4838 testi-

1820 4875 2001 4931 monio
2056 4876 2458 4944 comprobatur,
2547 4890 2653 4943 quo
2722 4872 3083 4930 comminatur
3144 4872 3406 4932 Dominus

1823 4968 2012 5023 aeterni
2056 4966 2193 5037 ignis
2230 4982 2352 5021 reos
2384 4964 2524 5030 fore,
2551 4963 2643 5033 qui
2674 4965 2921 5033 quamvis
2952 4961 3081 5019 nihil
3115 4965 3241 5022 mali
3283 4982 3404 5038 ges-

1822 5062 2014 5125 serint,
2042 5074 2151 5113 non
2182 5057 2407 5112 fecerint
2431 5070 2590 5119 omne
2614 5055 2756 5125 quod
2788 5057 2989 5112 bonum
3023 5065 3137 5124 est,
3170 5060 3361 5117 dicens
3392 5077 3405 5115 ε

1822 5152 1966 5207 Tunc
1997 5152 2127 5205 dicet
2157 5164 2251 5203 rea:
2277 5147 2357 5201 his
2385 5146 2473 5217 qui
2510 5146 2578 5199 ad
2608 5145 2871 5202 sinistram
2900 5159 3019 5203 sunt
3046 5166 3064 5204 :
3092 5150 3349 5209 Discedite
3375 5168 3408 5206 a

1822 5264 1924 5312 me,
1945 5242 2227 5305 maledicti,
2248 5241 2300 5295 in
2318 5240 2487 5313 ignem
2507 5245 2779 5313 aeternum,
2802 5257 2951 5311 quem
2972 5245 3285 5315 properavit
3303 5242 3409 5296 Pa-

1825 5351 1898 5394 ter
1927 5354 2069 5392 meus
2097 5334 2301 5391 diabolo
2334 5340 2383 5385 et
2410 5330 2608 5401 angelis
2639 5332 2773 5403 ejus.
2807 5331 3015 5391 Esurivi
3041 5337 3196 5403 enim,
3229 5345 3276 5390 et
3308 5350 3412 5388 non

1827 5428 2039 5485 dedistis
2064 5427 2186 5482 mihi
2215 5426 2524 5479 manducare
2557 5421 2776 5491 (.Ut.’l.‘/t_.
2808 5441 2935 5491 xxv,
2967 5428 3058 5490 41,
3082 5425 3201 5496 42),
3234 5434 3287 5482 ει
3307 5441 3415 5481 (ιω-

1830 5536 1965 5579 tera.
1990 5522 2106 5577 Non
2139 5521 2267 5576 dicit
2288 5536 2309 5583 :7
2329 5517 2601 5579 Discedite
2628 5530 2656 5567 a
2690 5530 2797 5578 me.
2833 5517 3126 5582 maledicti,
3160 5520 3284 5589 quia
3315 5520 3411 5574 ho-

1826 5617 2102 5672 micidium
2144 5613 2373 5679 fecistis,
2402 5610 2523 5681 quia
2564 5608 2884 5671 adulterium
2917 5614 3297 5683 perpetrastis,
3327 5625 3421 5677 aut

1825 5709 1949 5780 quia
1983 5706 2185 5764 furtum
2236 5704 2444 5761 fecistis
2479 5717 2497 5763 ;
2546 5715 2651 5757 nou
2686 5700 2830 5759 enim
2872 5704 2999 5775 quia
3029 5703 3234 5763 malum
3278 5707 3421 5767 fere.
