3998 6198
538 187 641 249 16⁸1

1575 194 1633 251 S.
1679 184 2061 250 lllERONYMl
2100 182 2385 246 OPERUM
2429 183 2793 247 MANTISSA.

3717 182 3813 244 168

536 318 687 381 runt,
718 309 814 367 sed
839 309 963 383 quia
995 308 1131 366 bona
1159 322 1263 364 non
1296 307 1562 378 fecerunt,
1590 310 2045 374 condemnantur,
2071 316 2123 361 et
2150 306 2203 367 A
2228 304 2484 369 diximus,
2527 320 2647 375 qua:
2679 301 2949 359 connubia
2983 300 3278 369 deserunt,
3325 315 3432 357 non
3463 297 3677 367 illicita,
3724 304 3815 357 sed

536 414 759 459 :eternac
779 403 1042 476 gebenna:
1073 401 1341 457 incendiis
1371 402 1710 457 addicuntur.
1728 400 1838 456 Nec
1854 400 1975 471 quia
2008 415 2128 470 qua:

536 495 807 567 prohibita
849 504 1040 558 erant,
1088 494 1425 550 admiserunt
1466 512 1479 547 :
1531 494 1625 550 sed
1663 494 1786 563 quia
1816 509 1937 563 qum
1983 509 2126 562 prm-

537 598 697 658 cepta
728 596 913 653 erant,
942 585 1235 641 noluerunt
1264 587 1511 657 implere.
1544 585 1701 642 Unde
1732 586 2126 641 advertendum

540 688 624 734 est
643 694 802 748 quam
830 692 981 747 spem
1009 678 1209 733 habere
1226 680 1460 749 possint,
1480 680 1571 749 qui
1605 678 1779 733 adhuc
1809 678 2010 743 aliquid
2037 694 2131 733 eo-

537 785 655 825 rum
685 770 890 824 facinnt
915 783 1037 839 quae
1067 769 1424 840 prohibemur
1450 786 1463 823 :
1490 784 1613 824 cum
1642 770 1805 824 etiam
1831 770 1908 825 illi
1938 770 2128 825 mterni

537 863 679 934 ignis
710 862 790 917 rei
823 872 969 927 sunt,
1004 862 1093 930 qui
1121 877 1227 915 non
1262 864 1508 917 fecerunt
1536 862 1958 932 qumjubentur.
1989 862 2130 917 Nolo

535 961 677 1016 enim
710 958 763 1013 in
806 958 909 1015 hoc
939 959 1034 1013 tibi
1087 959 1413 1027 blandiaris,
1447 958 1492 1013 si
1530 958 1709 1029 aliqua
1744 974 1850 1013 non
1892 958 2125 1023 feceris,

533 1068 656 1109 eum
687 1052 950 1123 scripturn
982 1053 1057 1107 sit
1096 1069 1109 1105 :
1145 1052 1247 1117 Qui
1294 1053 1587 1105 universam
1632 1052 1793 1122 legem
1836 1052 2129 1117 servaverit,

534 1146 807 1214 o/fenderit
859 1155 1028 1201 autem
1075 1147 1131 1199 in
1190 1161 1325 1213 uno,
1384 1147 1551 1216 factus
1607 1157 1680 1200 est
1731 1146 1963 1199 omnium
2012 1162 2131 1199 reus

532 1238 676 1310 (Jac.
702 1254 821 1305 vm,
856 1240 972 1309 10).
1023 1238 1194 1293 Adam
1224 1240 1369 1293 enim
1398 1237 1567 1292 semel
1602 1239 1871 1307 peccavit,
1900 1246 1954 1292 et
1982 1252 2130 1291 mor-

535 1342 661 1387 tuus
683 1341 769 1389 est
792 1351 804 1385 :
830 1342 889 1388 et
915 1343 969 1387 tu
1004 1342 1055 1386 te
1085 1332 1273 1386 vivere
1304 1346 1465 1401 posse
1495 1330 1794 1398 existimas,
1824 1329 1954 1385 illud
1988 1344 2133 1401 saepe

537 1427 889 1482 committens
916 1468 931 1493 ,
964 1426 1106 1496 quod
1140 1426 1305 1481 alium
1344 1440 1466 1481 cum
1516 1424 1685 1480 semel
1740 1432 2130 1495 perpetrasset,

538 1521 774 1578 occidit?
804 1521 886 1576 An
915 1522 1123 1593 grande
1154 1521 1305 1575 illum
1332 1519 1673 1575 commisisse
1703 1520 1909 1574 crimen
1934 1528 2091 1590 putas
2116 1536 2127 1573 :

543 1614 685 1669 unde
715 1613 910 1669 merito
944 1628 1099 1684 pmna
1131 1613 1419 1669 damnatus
1466 1613 1538 1668 sit
1583 1612 1816 1668 acriori?
1842 1612 2133 1668 Videamus

2234 396 2378 453 licita
2408 407 2677 468 spernunt
2712 415 2728 452 :
2760 395 3025 466 ejusmodi
3056 403 3262 459 autem,
3295 394 3342 449 si
3371 394 3577 465 jurent,
3628 394 3676 449 si
3704 409 3813 449 ma-

2234 492 2494 554 ledicant,
2526 491 2571 545 si
2601 491 2821 559 cupiant
2850 491 3049 557 aliena,
3080 490 3124 544 si
3156 489 3512 545 detrahentes
3545 490 3817 559 patiantur

2238 585 2452 652 audire,
2485 583 2531 638 si
2583 584 2782 639 malum
2816 598 2914 653 pro
2942 583 3088 637 malo
3120 583 3370 650 reddant,
3404 583 3448 638 si
3488 582 3731 637 avaritiae
3765 582 3813 638 in

2231 678 2422 733 alienis
2450 686 2544 732 aut
2576 678 2809 747 pr0priis
2834 677 3124 732 incurrunt
3165 676 3394 742 crimen,
3447 676 3493 731 si
3524 676 3652 742 zeli,
3684 676 3729 731 si
3757 676 3816 732 li-

2232 772 2378 826 voris
2408 785 2615 826 venena
2646 770 2962 840 possideant
3002 788 3015 824 :
3057 768 3105 824 si
3141 778 3328 824 contra
3361 768 3551 840 legalia
3595 780 3649 825 et
3693 785 3816 839 apo-

2232 865 2420 919 srolica
2456 862 2701 917 instituta
2745 862 3002 917 indecens
3030 862 3233 930 aliquid
3269 870 3363 916 aut
3393 864 3701 931 loquantur,
3732 869 3819 915 aut

2233 958 2472 1027 cogitent
2503 972 2518 1010 τ
2550 956 2595 1011 si
2619 954 2671 1009 in
2704 970 2869 1011 carne
2893 953 3142 1026 placendi
3170 954 3372 1021 studio,
3408 962 3623 1026 compte
3645 963 3699 1008 et
3731 967 3817 1008 or-

2236 1060 2363 1104 nate
2394 1048 2714 1119 procedant,
2747 1057 2803 1102 et
2850 1046 2957 1102 alia
2989 1063 3369 1118 qnmcnmque,
3402 1058 3461 1103 ut
3504 1048 3647 1103 solet
3681 1048 3814 1115 fieri,

2236 1144 2423 1201 illicite
2454 1144 2690 1200 faciant:
2722 1145 2852 1216 quid
2886 1146 3129 1215 proderit
3171 1146 3249 1200 eis
3278 1144 3559 1215 sprevisse
3583 1144 3728 1215 quod
3759 1145 3817 1198 li-

2234 1241 2369 1307 cuit,
2418 1250 2472 1295 et
2499 1255 2761 1296 exercere
2809 1239 2953 1311 quod
2998 1253 3101 1293 non
3135 1239 3300 1293 licet?
3347 1236 3406 1294 Si
3453 1238 3533 1293 vis
3563 1238 3818 1308 prodesse

2237 1332 2331 1386 tibi
2388 1332 2531 1402 quod
2583 1332 2726 1386 licita
2757 1330 3160 1402 contempsiSti,
3216 1328 3336 1386 vide
3368 1344 3432 1384 ne
3459 1330 3584 1400 quid
3629 1344 3819 1384 eorum

2234 1438 2357 1493 qua:
2411 1438 2521 1478 non
2557 1421 2722 1479 licent
2749 1423 2939 1479 facias.
2984 1423 3217 1479 Stultum
3271 1432 3354 1478 est
3383 1423 3522 1479 enim
3572 1422 3821 1477 timuisse

2236 1514 2379 1585 quod
2414 1516 2591 1570 minus
2622 1526 2731 1581 est,
2763 1526 2819 1571 et
2847 1531 2953 1570 non
2979 1516 3176 1569 timere
3197 1514 3340 1585 quod
3365 1514 3536 1583 majus
3563 1523 3650 1569 est
3683 1531 3697 1567 :
3734 1521 3821 1568 aut

2237 1608 2305 1662 ab
2337 1608 2420 1662 his
2445 1625 2555 1664 non
2598 1610 2772 1663 vitare
2802 1625 2921 1680 qute
2960 1608 3336 1678 prohibentur,
3389 1608 3433 1663 si
3482 1607 3822 1678 subterfuge-

538 1724 671 1779 ergo
698 1707 825 1778 quid
855 1706 1047 1762 fecerit
1078 1714 1266 1762 contra
1294 1706 1605 1762 mandatum
1633 1724 1646 1760 :
1676 1706 1745 1761 de
1766 1704 1944 1760 fructu
1973 1705 2132 1760 arbo-
2162 1693 2206 1752 Β
2237 1703 2345 1756 rint
2374 1717 2496 1773 qua:
2525 1702 2917 1757 conceduntur.
2951 1701 3090 1757 Dicit
3110 1701 3403 1773 Apostolus
3432 1719 3444 1755 :
3477 1699 3714 1773 Inuupta
3733 1717 3821 1755 co-

541 1804 619 1857 ris
670 1802 801 1857 edit.
834 1801 971 1870 Quid
1016 1803 1190 1873 ergo?
1220 1810 1446 1871 propter
1474 1801 1682 1856 arboris
1714 1802 1947 1856 fructum
1991 1801 2133 1855 Deus

541 1895 819 1951 hominem
868 1904 1046 1950 morte
1100 1894 1417 1949 mulctavit?
1465 1893 1580 1949 Non
1646 1904 1869 1965 propter
1922 1893 2133 1948 arboris

538 1986 806 2053 fructum,
857 1989 952 2043 sed
997 1998 1221 2057 pr0pter
1252 1988 1493 2043 mandati
1537 1996 1929 2057 contemptum.
1987 1988 2130 2059 Ergo

538 2096 647 2135 non
670 2081 846 2150 agitur
866 2079 934 2135 de
955 2079 1222 2150 qualitate
1238 2082 1467 2151 peccati,
1494 2081 1588 2137 sed
1603 2081 1671 2137 de
1696 2083 2132 2151 transgressione

538 2172 799 2228 mandati.
833 2173 899 2228 Et
938 2175 1027 2241 qtti
1058 2173 1195 2228 dixit
1224 2174 1375 2239 Adae,
1401 2183 1460 2229 ut
1487 2174 1557 2229 de
1589 2177 1762 2232 fructu
1787 2176 1997 2229 arboris
2023 2191 2129 2230 non

535 2263 762 2320 ederet:
796 2264 911 2336 ipse
942 2264 1037 2321 tibi
1080 2266 1358 2337 praecepit,
1393 2276 1453 2321 ut
1482 2282 1591 2322 non
1640 2267 1934 2324 maledicas
1956 2313 1970 2337 ,
2020 2283 2131 2323 non

538 2358 837 2424 mentiaris,
867 2373 978 2413 non
1012 2358 1294 2429 detrahas,
1328 2375 1431 2415 nec
1451 2358 1803 2415 detrahentes
1833 2361 2128 2428 auscultes,

538 2460 595 2504 nt
613 2452 837 2506 omnino
860 2466 966 2506 non
992 2452 1167 2521 iures,
1192 2468 1300 2507 non
1326 2454 1704 2523 concupiscas,
1731 2471 1839 2509 non
1862 2454 2129 2522 invideas,

535 2559 642 2600 non
674 2547 751 2600 sis
781 2545 1017 2616 tepidus,
1052 2562 1158 2600 non
1187 2548 1264 2599 sis
1292 2562 1486 2603 avarus
1513 2565 1526 2601 :
1558 2557 1618 2603 ut
1640 2549 1772 2603 nulli
1807 2550 2006 2604 malum
2034 2566 2132 2620 pro

535 2637 679 2692 malo
707 2637 946 2693 reddas:
974 2651 1035 2693 ut
1081 2638 1330 2693 inimicos
1367 2649 1491 2694 tuos
1533 2639 1765 2710 diligas:
1801 2651 1861 2696 ut
1890 2656 1987 2712 pro
2018 2658 2131 2696 ma-

535 2727 897 2784 ledicentibus
935 2741 991 2785 et
1045 2732 1486 2800 persecutoribus
1511 2747 1639 2790 ores
1670 2752 1681 2787 :
1717 2742 1777 2788 ut
1807 2734 2131 2803 percutienti

536 2820 847 2885 maxillam,
876 2812 1100 2875 alteram
1144 2822 1388 2891 pra-beas
1415 2842 1426 2877 :
1456 2835 1514 2878 ut
1551 2824 1603 2879 in
1631 2824 1841 2893 judicio
1880 2826 2130 2881 szeculari

535 2929 644 2969 non
676 2914 855 2985 litiges
882 2932 895 2968 :
927 2924 984 2970 ut
1009 2916 1052 2970 si
1085 2916 1207 2986 quis
1241 2927 1328 2972 tua
1361 2919 1596 2974 voluerit
1625 2920 1841 2975 auferre
1865 2960 1880 2986 ,
1911 2931 2130 2991 gratan-

535 3015 617 3060 ter
649 3004 889 3061 dimittas
920 3024 934 3061 :
969 3018 1025 3061 ut
1055 3023 1155 3063 nec
1186 3008 1506 3077 iracundiae,
1531 3025 1630 3065 nec
1649 3011 1770 3076 zeli,
1805 3027 1904 3067 nec
1943 3011 2127 3066 livoris

2236 1798 2366 1869 gitat
2392 1812 2505 1867 quae
2534 1796 2633 1852 Dei
2660 1806 2801 1859 sunt,
2825 1798 3081 1867 quomodo
3104 1798 3301 1865 placeat
3324 1796 3450 1864 Deo,
3483 1808 3541 1851 ut
3566 1800 3819 1854 sitsancta

2236 1906 2457 1961 corpore
2474 1900 2521 1944 et
2544 1891 2731 1960 spiritu
2765 1906 2782 1942 :
2813 1906 2929 1961 qua:
2958 1901 3131 1945 autem
3157 1901 3323 1961 nupta
3369 1900 3468 1962 est,
3496 1892 3688 1964 aagitat
3714 1908 3822 1963 qua:

2234 1994 2356 2038 sunt
2387 1986 2545 2058 hujus
2565 1984 2767 2055 mundi,
2790 1989 3047 2055 quomodo
3071 1984 3271 2056 placeat
3310 1987 3417 2041 viro
3464 1986 3519 2059 (Ι
3548 1987 3668 2042 Cor.
3718 2003 3816 2051 vn,

2237 2074 2349 2147 54).
2401 2076 2631 2147 Nuptan:
2682 2078 2803 2131 viro
2833 2078 3049 2147 placere
3105 2079 3320 2145 asserit,
3382 2080 3673 2149 cogitando
3703 2096 3819 2149 qua:

2236 2168 2423 2223 mundi
2451 2180 2605 2234 sunt;
2649 2168 2932 2238 innuptam
2977 2185 3105 2224 vero
3134 2170 3268 2238 Deo,
3305 2184 3372 2227 eo
3400 2170 3543 2240 quod
3569 2171 3714 2226 nulla
3743 2171 3816 2225 illi

2234 2276 2361 2318 cura
2403 2263 2473 2317 sit
2501 2264 2706 2318 smculi.
2757 2262 2911 2318 Dicat
2950 2278 3082 2333 ergo
3138 2264 3289 2329 mihi,
3345 2280 3468 2335 qua-
3505 2262 3685 2319 virum
3716 2280 3818 2319 non

2235 2356 2432 2423 habet,
2492 2364 2548 2411 et
2604 2367 2785 2411 tamen
2838 2372 2959 2427 qua:
3019 2356 3210 2411 mundi
3258 2368 3385 2413 sunt
3437 2357 3679 2428 cogitat,
3736 2357 3819 2412 cui

2234 2448 2450 2519 placere
2507 2449 2823 2505 desiderat?
2859 2465 3041 2506 nonne
3086 2451 3312 2520 incipiet
3357 2452 3434 2506 illi
3480 2463 3647 2523 nupta
3693 2466 3821 2522 pra:-

2234 2545 2362 2615 poni
2396 2563 2406 2597 :
2433 2546 2559 2615 quia
2588 2546 2677 2600 illa
2694 2545 2982 2615 cogitando
3013 2561 3131 2615 qua:
3157 2546 3344 2601 mundi
3375 2555 3523 2611 sunt,
3572 2548 3819 2617 compla-

2233 2646 2319 2690 cet
2344 2637 2426 2690 vel
2454 2638 2651 2690 marito
2682 2654 2695 2690 :
2726 2638 2826 2692 ista
2849 2652 2979 2692 vero
3011 2653 3110 2692 nec
3143 2638 3361 2703 marito,
3407 2653 3569 2708 quem
3592 2652 3698 2692 non
3722 2638 3818 2692 ha-

2234 2730 2344 2797 bet,
2377 2742 2556 2801 potest
2584 2733 2822 2803 placere,
2872 2747 2974 2787 nec
3007 2732 3138 2787 Deo.
3168 2732 3274 2789 Sed
3301 2747 3400 2788 nec
3430 2733 3561 2787 illud
3603 2733 3821 2789 silentio

2232 2826 2516 2897 prteterire
2538 2842 2643 2891 nos
2664 2828 2947 2894 convenit,
2973 2826 3116 2898 quod
3142 2826 3301 2892 dixit,
3332 2826 3566 2899 lnuupta
3623 2829 3823 2901 cogitat

2231 2936 2348 2990 qua:
2373 2919 2584 2974 Domini
2605 2930 2745 2987 sunt,
2786 2921 3042 2991 quomodo
3075 2922 3275 2990 placeat
3307 2920 3439 2989 Deo,
3465 2934 3522 2975 ut
3544 2922 3611 2976 sit
3641 2934 3823 2977 sancta

2231 3029 2446 3084 corpore
2468 3023 2517 3067 ct
2538 3015 2746 3085 spiritu.
2781 3016 2909 3082 Qua:
2938 3016 3029 3069 Dei
3061 3027 3206 3081 sunt,
3232 3015 3427 3086 inquit,
3450 3018 3676 3087 cogitat,
3710 3033 3822 3072 non

533 3099 734 3155 malum
769 3100 909 3155 intra
961 3113 1153 3171 pectus
1204 3101 1496 3157 admittas:
1528 3111 1585 3157 nt
1626 3103 1831 3159 crimen
1879 3105 2121 3161 avaritia:
2153 3078 2199 3144 C
2230 3123 2349 3178 qua:
2379 3109 2587 3174 surculi,
2624 3124 2731 3163 non
2754 3125 2873 3181 qua:
2907 3110 3209 3180 hominum,
3259 3112 3355 3167 sed
3406 3128 3526 3184 qua:
3573 3112 3669 3168 Dei
3698 3123 3824 3169 sunt

530 3192 724 3261 fugias.
759 3190 827 3247 Ut
858 3191 1035 3247 omnis
1060 3192 1337 3263 iactantia:
1374 3209 1438 3247 ac
1485 3194 2001 3270 superbiaemalum
2033 3212 2123 3252 ea-

530 3303 680 3352 veas,
706 3296 766 3342 ut
791 3286 1013 3343 humilis
1042 3296 1098 3343 et
1122 3287 1266 3343 mitis
1291 3287 1496 3344 Christi
1526 3293 1777 3362 exemplo
1800 3292 1976 3348 vivas:
2003 3308 2120 3348 ma-

529 3381 707 3435 lorum
739 3381 1012 3437 consortia
1044 3380 1313 3437 intantum
1345 3382 1620 3449 devitans,
1645 3396 1701 3440 ut
1732 3401 1853 3441 cum
1884 3386 2119 3441 fornica-

506 3474 741 3529 .toribus
773 3483 937 3545 atque
966 3474 1171 3541 avaris,
1203 3486 1299 3532 aut
1346 3478 1828 3548 maledicentibus,
1863 3490 1959 3536 aut
1985 3482 2122 3536 invi-

528 3565 633 3628 dis,
663 3575 755 3621 aut
783 3568 1260 3637 obtrectatoribus,
1290 3580 1382 3625 aut
1412 3572 1647 3628 ebriosis
1668 3616 1682 3641 ,
1712 3586 1802 3629 aut
1832 3576 2119 3647 rapacibus

528 3658 709 3711 cibum
739 3674 843 3714 non
878 3661 1081 3730 capias.
1114 3663 1284 3729 Quem
1316 3664 1362 3718 si
1405 3665 1456 3719 in
1490 3666 1670 3737 aliquo
1700 3670 2116 3739 contempseris,

527 3751 575 3805 si
610 3752 851 3822 pepercit
876 3752 1026 3820 Adae,
1064 3766 1248 3823 parcet
1268 3769 1321 3812 ct
1352 3759 1467 3813 tibi.
1500 3760 1667 3815 Immo
1700 3763 1777 3817 illi
1803 3766 1975 3835 magis
2001 3782 2120 3835 par-

529 3842 759 3899 cendum
786 3844 981 3910 fuerat.
1007 3848 1097 3917 qui
1132 3850 1378 3906 novellus
1406 3862 1529 3907 erat
1556 3853 1732 3911 adhuc
1762 3865 1815 3910 et
1843 3856 2029 3921 rudis,
2064 3869 2119 3913 et

530 3936 734 3991 nullius
782 3947 907 3994 ante
947 3943 1222 4010 peccantis
1267 3952 1322 3998 et
1380 3956 1599 4015 propter
1644 3958 1924 4019 peccatum
1956 3966 2113 4006 suum

530 4033 810 4087 morientis
858 4034 1240 4092 retrahebatur
1287 4040 1555 4111 exemplo.
1622 4042 1742 4097 Tibi
1803 4060 1933 4101 vero
1994 4057 2115 4117 post

2223 3204 2447 3273 cogitat.
2499 3204 2629 3271 Quae
2660 3214 2786 3259 sunt
2833 3219 2963 3275 ergo
3016 3205 3252 3274 Domini,
3303 3205 3447 3263 dicat
3502 3209 3819 3277 Apostolus.

2227 3295 2573 3365 Quwcumque
2592 3297 2726 3349 enim
2755 3310 2957 3361 sancta,
2991 3313 3321 3369 qua’cumque
3356 3299 3525 3370 justa,
3552 3315 3819 3370 quwcum-

2222 3407 2319 3461 que
2348 3391 2612 3457 amabilia,
2636 3408 2971 3464 qurecumque
2999 3393 3143 3448 bona:
3166 3397 3341 3465 fama,
3363 3396 3410 3449 si
3437 3413 3539 3467 qua
3561 3398 3744 3464 virtus,
3775 3399 3823 3451 si

2221 3502 2324 3555 qua
2354 3482 2472 3537 laus
2503 3484 2811 3556 disciplinae,
2850 3488 2952 3540 ista
2974 3497 3092 3540 sunt
3126 3487 3338 3541 Domini
3368 3485 3591 3560 (Philip.
3628 3504 3702 3556 tv,
3731 3490 3814 3560 8).

2222 3576 2354 3643 Qua:
2371 3587 2575 3631 sanctm
2595 3585 2649 3630 et
2667 3593 2808 3631 verzo
2828 3588 2883 3632 et
2906 3578 3221 3649 apostolica:
3240 3579 3500 3649 virgines,
3516 3581 3605 3635 die
3630 3594 3823 3636 noctu-

2230 3683 2338 3738 que
2369 3669 2491 3724 sine
2520 3670 2628 3724 ullo
2660 3670 2916 3739 temporis
2948 3672 3230 3726 intervallo
3270 3671 3602 3728 meditantur
3631 3682 3690 3728 et
3720 3689 3818 3729 co-

2230 3762 2426 3831 gitant.
2460 3762 2671 3817 Domini
2691 3774 2774 3818 est
2798 3763 2965 3818 etiam
2988 3779 3212 3835 regnum
3260 3766 3522 3822 caelorum
3544 3810 3558 3835 ,
3601 3767 3820 3822 Domini

2230 3866 2317 3912 est
2361 3859 2692 3913 resurrectio
2723 3870 3081 3925 mortuorum,
3121 3860 3335 3916 Domini
3362 3870 3446 3917 est
3489 3861 3821 3918 immortalis

2226 3951 2587 4020 incorruptio,
2638 3951 2850 4007 Domini
2892 3961 2976 4007 est
3005 3951 3266 4021 splendor
3291 3953 3445 4021 solis,
3495 3955 3584 4024 qui
3612 3956 3821 4010 sanctis

2222 4043 2556 4114 promittitur
2592 4057 2607 4098 :
2638 4044 2779 4100 sicut
2811 4047 2862 4099 in
2886 4044 3183 4114 Evangelia
3210 4046 3471 4117 scriptum
3510 4056 3589 4101 est
3620 4065 3633 4100 :
3666 4046 3819 4101 Tum:

529 4133 674 4179 tanta
700 4124 1025 4183 documenta
1054 4171 1069 4197 ,
1113 4140 1237 4199 post
1269 4131 1462 4204 legem,
1498 4144 1617 4205 post
1651 4138 1962 4207 prophetas,
1998 4149 2117 4208 post
2207 4138 2349 4207 justi
2370 4136 2638 4208 fulgebunt
2667 4137 2795 4191 sicut
2825 4138 2905 4191 sol
2934 4138 2987 4190 in
3018 4152 3175 4209 regno
3201 4138 3365 4208 patris
3387 4153 3564 4191 eorum
3584 4135 3816 4208 (Matth.

529 4216 841 4288 Evangelia,
888 4229 1010 4290 post
1052 4223 1357 4292 apostolos,
1407 4226 1451 4280 si
1501 4226 1820 4299 delinquere
1852 4229 2107 4301 volueris,

525 4310 800 4380 quomodo
831 4312 1094 4383 indulgeri
1126 4316 1318 4385 possit,
1354 4317 1563 4387 ignoro.

574 4401 712 4456 *Vll.
753 4402 834 4457 An
859 4404 952 4460 tibi
986 4406 1052 4460 de
1082 4407 1410 4478 virginitatis
1438 4411 1795 4482 praerogativa
1818 4413 2112 4469 blandiris?

527 4494 796 4550 Memento
836 4496 1008 4552 Adam
1037 4509 1093 4553 et
1148 4501 1314 4555 Evam
1347 4502 1587 4572 virgines
1638 4504 1960 4575 deliquisse,
2014 4523 2112 4565 nec

527 4588 893 4659 integritatem
943 4594 1194 4663 corporis
1225 4594 1493 4663 profuisse
1545 4599 1911 4667 peccantibus.
1953 4600 2113 4671 Virgo

527 4695 648 4750 quae
676 4691 882 4751 peccat,
914 4684 1039 4738 Eva:
1061 4728 1075 4751 ,
1106 4700 1215 4740 non
1243 4686 1428 4742 Maria:
1456 4691 1829 4758 comparanda
1862 4702 1964 4747 est.
1996 4693 2110 4750 Non

530 4790 790 4845 negamus
812 4777 863 4831 in
878 4780 1131 4847 praesenti
1159 4789 1403 4849 tempore
1427 4783 1723 4839 remedium
1748 4786 2110 4856 poenitentiae:

529 4868 622 4920 sed
686 4869 966 4925 hortamur
1028 4872 1198 4942 magis
1251 4875 1538 4945 prmntium
1605 4890 1826 4944 Sperare
1889 4879 2112 4949 debere,

528 4976 687 5027 quam
713 4962 946 5019 veniam.
980 4965 1163 5037 Turpe
1192 4976 1277 5023 est
1306 4970 1449 5023 enim
1479 4971 1584 5025 illis
1607 4971 1791 5028 deliCIi
1824 4973 2111 5046 indulgen—

528 5056 654 5108 tiam
680 5056 981 5125 postnlare,
1005 5076 1124 5129 qum
1151 5061 1385 5132 palmam
1402 5063 1730 5135 virginitatis
1759 5078 2105 5137 exspectant:

527 5157 585 5205 et
610 5148 858 5204 illicitum
887 5153 1088 5221 aliquid
1112 5154 1412 5225 incurrere,
1440 5174 1561 5229 qua:
1603 5173 1664 5214 se
1690 5161 1851 5215 etiam
1887 5177 1916 5215 a
1950 5162 2111 5218 licitis

526 5251 923 5300 castraverunt.
977 5245 1206 5303 Licitum
1238 5250 1436 5322 quippe
1485 5261 1570 5307 est
1618 5253 1949 5309 matrimonii
1981 5270 2112 5311 con-

524 5339 755 5393 sortium
785 5337 923 5396 inire
954 5358 967 5395 :
1000 5351 1057 5397 et
1101 5353 1158 5399 ut
1204 5343 1488 5403 laudanda:
1529 5358 1680 5414 sunt,
1728 5364 1848 5420 qua:
1889 5360 2109 5421 propter

523 5430 725 5487 Christi
756 5448 997 5490 amorem
1029 5447 1085 5491 et
1114 5439 1353 5494 caelestis
1384 5442 1533 5513 regni
1559 5442 1807 5512 gloriam,
1856 5445 2109 5515 copulam

520 5536 961 5599 contempserunt
992 5532 1297 5602 nuptiarum
1331 5550 1345 5585 :
1380 5535 1450 5590 ita
1481 5536 1801 5594 damnanda:
1822 5555 1925 5595 non
1958 5551 2107 5608 sunt,

522 5631 645 5684 qua:
672 5626 893 5688 propter
918 5621 1324 5679 incontinentiae
1344 5628 1696 5700 voluptatem,
1720 5631 1956 5687 nondum
1995 5632 2105 5690 Deo

532 5709 775 5778 devotae,
829 5714 1074 5771 remedio
1129 5718 1425 5787 apostolico
1478 5724 1791 5781 abutuntur.
1845 5726 2006 5799 Ergo,
2053 5737 2110 5785 ut

2218 4247 2334 4297 xm,
2362 4230 2476 4297 45).
2507 4231 2721 4287 Domini
2743 4238 2871 4285 sunt
2895 4230 3075 4302 plures
3099 4231 3367 4301 justorum
3397 4232 3449 4286 in
3491 4232 3814 4288 cmlestibus

2218 4328 2550 4395 mansiones,
2588 4325 2802 4380 Domini
2832 4336 2917 4381 est
2967 4326 3172 4382 fructus
3199 4326 3533 4395 tricesimus,
3564 4338 3623 4383 et
3651 4343 3815 4383 sexa-

2216 4420 2475 4489 gesimus,
2534 4431 2587 4475 et
2634 4419 2986 4475 centesimus.
3049 4419 3176 4475 Haec
3204 4421 3463 4491 cogitant,
3514 4430 3571 4475 et
3617 4421 3822 4493 quibus

2220 4512 2432 4584 possint
2458 4514 2716 4583 operibus
2748 4514 3051 4585 promereri
3079 4530 3199 4586 quae
3230 4515 3443 4571 Domini
3470 4525 3627 4583 sunt,
3661 4518 3819 4586 cogi-

2221 4617 2354 4663 tant.
2410 4607 2619 4662 Domini
2650 4616 2735 4663 est
2781 4609 2943 4663 etiam
2976 4610 3058 4663 lex
3116 4609 3240 4663 novi
3272 4617 3329 4663 et
3362 4610 3563 4663 veteris
3615 4608 3819 4664 Testa—

2224 4702 2411 4763 menti.
2446 4702 2497 4756 in
2530 4703 2725 4773 quibus
2748 4704 2859 4758 oris
2884 4705 3001 4772 ejus
3046 4701 3259 4773 eloquia
3290 4712 3473 4758 sancta
3520 4701 3820 4774 refulgent.

2222 4797 2351 4865 ρυω
2376 4796 2421 4851 si
2448 4812 2568 4866 quae
2599 4796 2836 4866 virgines
2862 4798 2982 4852 sine
3010 4795 3418 4853 intermissione
3456 4798 3817 4869 meditantur,

2222 4904 2342 4957 quae
2371 4887 2580 4942 Domini
2614 4897 2740 4941 sunt
2772 4888 3033 4958 cogitant,
3067 4898 3127 4943 ut
3157 4888 3444 4958 impleatur
3485 4888 3539 4944 in
3572 4889 3653 4945 eis
3687 4906 3823 4959 pro-

2226 4980 2501 5050 pheticum
2532 4981 2660 5036 illud
2695 4998 2710 5037 :
2740 4978 3111 5037 Fundamenta
3161 4993 3353 5037 aeterna
3406 5000 3566 5054 supra
3607 4994 3820 5055 petram

2219 5073 2461 5139 solidam,
2494 5083 2540 5126 et
2563 5073 2808 5126 mandata
2834 5073 3046 5127 Domini
3075 5075 3128 5127 in
3159 5074 3315 5128 corde
3337 5076 3568 5130 mulieris
3594 5088 3817 5133 sancte.

2219 5166 2476 5238 Sequitur
2506 5186 2518 5221 :
2553 5167 2827 5236 Quomodo
2852 5168 3053 5239 placeat
3082 5168 3188 5223 Deo
3223 5185 3242 5224 :
3271 5170 3402 5236 Deo,
3425 5170 3667 5241 inquam,
3702 5190 3819 5229 non

2221 5259 2531 5315 hominibus
2560 5270 2653 5315 :ut
2697 5262 2763 5316 sit
2794 5274 2975 5315 sancta
3003 5277 3220 5333 corpore
3265 5271 3313 5315 et
3360 5263 3550 5332 spiritu
3591 5262 3640 5334 (1
3681 5264 3814 5322 Cor.

2220 5368 2316 5419 vn,
2346 5353 2459 5424 54).
2486 5353 2605 5408 Νοη
2636 5356 2805 5424 dixit,
2850 5365 2908 5411 ut
2932 5358 3002 5412 sit
3043 5367 3229 5412 sancta
3256 5357 3526 5424 membro,
3560 5370 3653 5414 aut
3686 5377 3822 5418 cor-

2222 5461 2357 5517 pore
2389 5456 2617 5513 tantum,
2671 5450 2767 5504 sed
2822 5459 2882 5504 ut
2920 5450 2991 5505 sit
3019 5462 3202 5505 sancta
3233 5465 3462 5520 corpore
3489 5463 3544 5506 et
3584 5456 3818 5525 spiritu.

2224 5537 2522 5593 Membrum
2554 5538 2699 5594 enim
2720 5556 2825 5595 una
2854 5542 3101 5612 corporis
3132 5557 3254 5610 pars
3283 5552 3405 5597 est:
3446 5557 3652 5613 corpus
3677 5563 3824 5606 vero

2219 5631 2462 5689 omnium
2494 5646 2756 5704 compago
2787 5645 2871 5691 est
2901 5635 3294 5690 membrorum.
3318 5634 3451 5689 Cum
3482 5651 3615 5707 ergo
3640 5638 3824 5711 dixit,

2221 5736 2275 5785 ut
2299 5726 2365 5781 sit
2392 5736 2574 5781 sancta
2596 5742 2829 5799 corpore,
2879 5728 3129 5786 omnibus
3160 5726 3417 5785 membris
3441 5740 3562 5785 eam
3594 5735 3825 5793 sancti-
