3998 6198
230 182 334 247 l69
1014 189 1095 216 ’⁷³³

1249 182 1591 252 EPISTOLA
1627 186 1767 253 XIII.
1806 185 2273 259 VIRGINITA'HS
2308 187 2513 259 LAUS.

3432 199 3541 265 1⁸10

232 310 377 365 ficari
406 304 611 367 debere
645 314 876 367 testatur
909 324 921 364 :
954 308 1076 383 quia
1103 326 1209 368 non
1242 314 1493 384 proderit
1520 317 1824 372 sanctiﬁca-
1846 320 1906 382 Α
1928 315 1998 373 da
2020 332 2205 385 aures,
2235 328 2292 373 ut
2321 333 2431 373 non
2461 314 2565 373 nisi
2593 311 2936 375 sermonibus
2960 312 3168 377 sanctis
3189 324 3247 378 et
3268 319 3413 378 veris
3438 338 3538 380 au-

233 403 303 457 tio
328 410 658 459 cacterorum
711 404 1101 473 membrorum,
1150 406 1197 462 si
1256 407 1563 464 inveniatur
1613 406 1667 465 in
1719 425 1827 466 uno

232 496 531 568 corruptio.
554 498 619 552 Et
644 497 756 567 jam
788 515 897 555 non
929 502 1034 556 erit
1076 509 1267 557 sancta
1294 516 1556 573 corpore,
1586 503 1732 574 quod
1759 519 1828 561 ex

232 588 483 646 omnibus
510 600 729 648 constat
754 593 1039 662 membris,
1067 610 1189 666 qua:
1220 596 1307 652 vel
1350 595 1511 653 unius
1540 595 1707 657 fuerit
1736 614 1827 655 co«

230 679 609 750 inquinatione
637 684 866 753 polluta.
909 685 1016 742 Sed
1047 698 1106 743 ut
1132 689 1280 760 quod
1309 689 1457 753 dico,
1484 690 1829 746 manifestius

226 783 279 829 et
306 776 538 832 lucidius
572 778 663 832 fiat
693 796 708 833 :
734 788 856 835 esto
896 782 968 835 sit
1014 782 1258 837 omnium
1287 782 1660 838 membrorum
1699 798 1830 854 pur-

222 876 339 937 gata
370 870 833 941 sanctificatione,
879 882 934 928 et
957 874 1139 945 lingua
1182 876 1558 932 tantummodo
1615 887 1824 948 peccet,

220 977 323 1031 qua
354 974 453 1019 aut
482 964 849 1035 blasphemet,
882 976 977 1023 aut
1010 968 1387 1027 testimonium
1425 968 1622 1025 falsum
1656 970 1824 1037 dicat,

219 1055 492 1126 numquid
516 1056 822 1113 liberabunt
848 1060 1030 1115 omnia
1058 1062 1305 1117 membra
1335 1062 1540 1117 unum?
1590 1078 1660 1117 an
1698 1079 1825 1131 pro-

217 1158 345 1220 pter
378 1167 544 1206 unum
569 1152 963 1221 iudicabuntur
1012 1164 1069 1209 et
1121 1156 1367 1210 cratera?
1419 1154 1562 1223 Ergo
1603 1154 1649 1209 si
1699 1156 1820 1210 sine

214 1243 460 1299 aliorum
492 1245 859 1300 membrorum
887 1245 1327 1303 sanctificatione
1370 1246 1627 1317 pudicitia
1679 1248 1818 1303 nihil

210 1333 481 1405 proderit,
515 1351 638 1391 cum
665 1337 716 1392 in
750 1352 860 1392 uno
886 1336 958 1392 sit
988 1338 1205 1404 vitium,
1239 1348 1443 1409 quanto
1464 1340 1636 1411 magis
1657 1341 1701 1396 si
1733 1340 1818 1396 di-

211 1443 497 1483 versorum
526 1428 729 1500 ﬂagitio
752 1439 1100 1499 peccatorum
1151 1431 1335 1487 omnia
1365 1441 1810 1505 corrumpantur,

214 1521 373 1577 unius
405 1520 544 1575 nihil
572 1520 811 1591 proderit
847 1521 1169 1593 integritas?

282 1610 419 1669 Vlll.
466 1609 624 1667 Unde
650 1626 836 1683 quaeso
880 1619 957 1680 te,
988 1613 1166 1684 virgo,
1200 1628 1269 1669 ne
1295 1613 1347 1669 in
1371 1613 1487 1671 sola
1522 1612 1623 1671 tibi
1654 1613 1811 1685 pudi-

1932 408 2105 465 ditttm
2131 411 2430 480 praebeant,
2466 419 2524 466 ut
2555 426 2852 482 numquam
2879 411 3160 481 obscaena,
3223 422 3318 470 aut
3356 416 3535 487 turpia

1929 500 2321 572 smculariaque
2365 501 2533 558 verba
2561 501 2878 574 suscipiant,
2912 511 3007 559 aut
3028 504 3264 576 aliquem
3296 505 3366 564 de
3394 507 3531 565 alte-

1930 608 1997 649 ro
2019 592 2243 650 audiant
2268 594 2643 669 derogantcm,
2670 606 2894 669 prepter
2919 597 3054 655 illud
3086 601 3232 670 quod
3262 603 3529 675 scriptum

1930 696 2017 746 est
2048 705 2060 740 :
2090 686 2217 759 Sepi
2252 702 2406 741 aures
2441 696 2555 742 tuas
2602 689 2789 761 spinis,
2840 699 2887 743 et
2930 690 3037 745 noli
3065 692 3251 747 audire
3293 695 3528 765 linguam

1931 795 2153 851 nequam
2182 778 2354 853 (Eccl.
2402 797 2591 845 xxvttt.
2624 781 2721 853 28)
2756 800 2771 837 :
2804 790 2863 837 ut
2886 798 3013 840 cum
3057 799 3125 840 eo
3163 784 3368 843 habere
3400 802 3527 858 par-

1931 881 2041 929 tem
2070 871 2268 943 possis,
2301 871 2369 928 de
2394 888 2506 944 quo
2535 873 2733 930 dicitur
2764 892 2778 929 :
2818 874 3080 943 Quoniam
3110 878 3299 932 auditu
3345 888 3394 934 et
3414 881 3527 935 visu

1919 960 2098 1030 justus
2120 971 2233 1017 erat
2264 962 2331 1031 (ll
2357 960 2504 1018 Petr.
2532 980 2589 1029 ιι,
2620 964 2675 1036 8)
2704 983 2719 1019 :
2753 967 2856 1021 hoc
2906 977 3011 1034 est,
3066 983 3167 1025 nec
3220 984 3380 1039 aure,
3427 986 3529 1029 nee

1924 1054 2097 1108 oculis
2125 1054 2501 1125 delinquebat.
2545 1057 2745 1112 Munda
2778 1074 2994 1130 manus,
3045 1078 3114 1119 ne
3160 1074 3430 1135 porrecta:
3460 1066 3529 1122 ad

1920 1145 2296 1215 accipiendum
2327 1146 2460 1213 sint,
2505 1148 2573 1203 ad
2593 1149 2831 1206 dandum
2881 1162 3066 1209 autem
3089 1156 3343 1212 collecta:
3377 1174 3391 1212 :
3424 1172 3528 1213 nec

1922 1237 1991 1291 ad
2025 1236 2333 1294 feriendum
2362 1250 2588 1312 paratae,
2615 1242 2711 1298 sed
2743 1244 2811 1299 ad
2838 1250 3020 1301 omnia
3044 1249 3444 1307 misericordias
3472 1259 3531 1307 et

1917 1330 2139 1401 pietatis
2165 1347 2334 1403 opera
2364 1334 2498 1391 satis
2527 1345 2817 1408 promptm.
2845 1338 3049 1395 Munda
3092 1342 3283 1412 pedes,
3322 1360 3393 1401 ne
3439 1344 3524 1401 la-

1916 1432 2023 1478 tam
2050 1435 2105 1481 et
2132 1414 2439 1495 spaciosam
2472 1427 2614 1484 viam
2639 1438 2888 1501 pergant,
2914 1449 3034 1503 qua:
3057 1433 3208 1491 ducit
3233 1436 3300 1492 ad
3333 1438 3520 1508 splen-

1913 1513 2039 1571 dida
2070 1518 2256 1573 saeculi
2302 1528 2355 1574 et
2386 1519 2625 1589 pretiosa
2674 1523 2927 1579 convivia
2960 1542 2975 1579 :
3008 1525 3104 1583 sed
3159 1527 3227 1583 ad
3279 1529 3515 1588 arduum

1912 1608 2085 1678 magis
2130 1617 2184 1664 et
2231 1621 2518 1681 angustum
2546 1612 2867 1684 gradiantur
2890 1617 3014 1684 iter,
3064 1618 3212 1690 quod
3244 1621 3419 1677 tendit
3445 1622 3516 1679 ad

214 1702 337 1759 citia
373 1702 695 1770 blandiaris,
724 1718 901 1774 neque
944 1705 1000 1760 in
1023 1705 1186 1760 unius
1216 1707 1447 1762 membri
1495 1708 1811 1779 integritate
1840 1704 1888 1765 Β
1914 1699 2146 1756 calum:
2177 1702 2301 1772 quia
2334 1704 2597 1775 scriptum
2649 1715 2733 1763 est
2759 1726 2771 1762 :
2797 1706 2909 1763 lter
2937 1719 3136 1765 rectum
3186 1713 3341 1783 facile
3363 1715 3517 1786 pedi-

207 1795 449 1853 confidas
492 1814 504 1849 :
535 1796 633 1852 sed
676 1798 975 1853 secundum
1004 1797 1355 1868 Apostolum,
1386 1798 1553 1855 totius
1581 1815 1810 1856 conser-

205 1903 265 1942 va
295 1888 547 1959 corporis
577 1890 909 1946 castitatem.
952 1888 1150 1957 Munda
1179 1889 1249 1945 ab
1273 1891 1525 1947 omnibus
1559 1890 1811 1962 inquina-

168 1972 171 1973 7
204 1979 405 2035 mentis
434 1990 600 2051 caput
632 1981 798 2051 :quia
824 1980 1033 2037 crimen
1065 1989 1174 2049 est,
1193 1980 1322 2036 illud
1349 1991 1473 2051 post
1495 1981 1809 2038 chrismatis

204 2071 723 2142 sanctiﬁcationem,
770 2084 865 2129 aut
917 2075 1091 2140 croci,
1144 2082 1239 2129 aut
1263 2074 1489 2131 alterius
1516 2075 1809 2146 cujuslibet

202 2167 466 2238 pigmenti
499 2166 648 2236 fuco,
680 2168 763 2223 vel
792 2168 1021 2237 pulvere
1043 2166 1314 2223 sordidari
1340 2184 1356 2220 :
1379 2176 1475 2224 aut
1514 2183 1672 2235 auro,
1712 2177 1807 2224 aut

199 2260 452 2328 gemmis,
486 2262 571 2315 vel
611 2260 1009 2331 cujuscumque
1052 2270 1285 2316 terrenae
1311 2267 1577 2316 creaturae
1613 2260 1804 2331 specie

200 2354 362 2421 comi,
397 2354 546 2424 quod
571 2354 684 2424 jam
712 2354 953 2411 ctelestis
976 2362 1202 2411 ornatus
1226 2354 1519 2425 splendore
1541 2355 1797 2428 refulget.

197 2446 431 2502 Grandis
459 2448 669 2519 quippe
697 2458 782 2505 est
806 2448 1081 2505 divinitati
1133 2450 1491 2518 contumelia,
1541 2450 1800 2507 mundani

192 2547 252 2595 et
274 2538 563 2596 saecularis
591 2541 1202 2612 ornamentilpraelatio.
1231 2542 1429 2599 Munda
1458 2542 1714 2610 frontem,
1743 2554 1804 2600 ut

195 2630 457 2700 humana,
505 2647 613 2688 non
637 2632 827 2688 divina
861 2647 1028 2704 opera
1054 2634 1364 2704 erubescat,
1391 2644 1447 2691 et
1475 2636 1620 2691 illam
1660 2652 1794 2693 con-

194 2726 467 2781 fusionem
500 2726 753 2796 recipiat,
799 2742 920 2796 qua:
948 2743 1055 2782 non
1105 2737 1414 2799 peccatum,
1445 2729 1541 2785 sed
1564 2729 1796 2800 gratiam

192 2819 282 2875 Dei
300 2820 466 2890 parit,
494 2819 777 2890 Scriptura
794 2820 971 2876 divina
998 2820 1215 2877 dicente
1234 2838 1245 2874 :
1263 2819 1359 2875 Est
1376 2822 1613 2891 confusio
1627 2823 1797 2879 addu-

190 2926 302 2965 cens
331 2920 628 2982 peccatum,
682 2919 729 2965 et
768 2920 841 2966 est
881 2912 1115 2982 confusio
1159 2912 1420 2967 adducens
1448 2913 1544 2967 Dei
1571 2916 1796 2987 gratiam

188 3005 359 3077 (Eccl.
400 3021 479 3073 tv,
507 3004 625 3077 25).
662 3005 859 3061 Munda
875 3006 1104 3075 collum,
1130 3015 1188 3061 ut
1217 3021 1325 3062 non
1355 3021 1519 3063 aurea
1560 3008 1790 3064 reticula

1914 1792 2008 1847 bus
2028 1794 2209 1849 vestris
2241 1795 2427 1868 (Prov.
2461 1812 2536 1865 tv,
2558 1798 2675 1870 3i).
2696 1799 2969 1872 Aguosce,
3003 1804 3097 1860 tibi
3142 1819 3173 1858 a
3204 1804 3320 1862 Deo
3372 1808 3509 1864 arti-

1913 1885 2013 1940 fice
2030 1902 2139 1941 non
2167 1886 2235 1942 ad
2255 1886 2407 1958 vitia,
2440 1888 2538 1945 sed
2578 1889 2647 1944 ad
2697 1892 2928 1950 virtutes
2957 1894 3204 1951 membra
3250 1896 3506 1957 formata.

1911 1975 1979 2032 Et
2018 1992 2143 2033 cum
2187 1979 2474 2036 universos
2500 1992 2652 2037 artus
2681 1985 3033 2041 mundaveris
3060 1987 3129 2043 ab
3172 1989 3321 2044 omni
3347 1991 3510 2049 sorde

1910 2068 2144 2138 peccati,
2174 2078 2228 2125 et
2249 2079 2363 2125 toto
2387 2071 2555 2127 fueris
2586 2073 2933 2131 mundificata
2974 2092 3227 2148 corpore,
3265 2090 3390 2137 tunc
3412 2082 3510 2139 tibi

1907 2161 2213 2218 castitatem
2239 2162 2505 2235 intelligas
2528 2165 2963 2241 profuturam,:et
2986 2185 3108 2227 cum
3132 2172 3281 2228 omni
3314 2172 3508 2230 fiducia

1905 2255 2146 2327 palmam
2176 2257 2504 2329 virginitatis
2546 2269 2856 2331 exspectes.

1977 2346 2074 2404 IX.
2114 2348 2255 2417 Quid
2287 2349 2359 2406 sit
2386 2359 2631 2408 sanetam
2662 2367 2788 2410 esse
2814 2369 3073 2426 corpore,
3116 2357 3368 2417 breviter
3388 2360 3511 2432 qui-

1904 2440 2053 2509 dem,
2082 2443 2177 2499 sed
2212 2443 2371 2514 plane
2395 2447 2719 2517 exposuisse
2750 2464 2841 2505 me
2867 2449 3129 2507 arbitror.
3176 2452 3329 2510 Nunc
3355 2455 3503 2526 quod

1903 2536 2171 2607 sequitur,
2201 2538 2470 2611 etspirilu,
2504 2554 2666 2596 nosse
2688 2540 2970 2598 debemus.
2990 2542 3107 2600 [ioc
3136 2553 3241 2613 est,
3271 2557 3331 2601 ut
3361 2547 3504 2618 quod

1902 2643 2070 2699 opere
2091 2627 2245 2684 nefas
2275 2639 2360 2685 est
2381 2630 2525 2697 fieri,
2554 2646 2657 2687 nec
2686 2631 3020 2704 cogitatione
3049 2635 3367 2708 concipere.
3405 2622 3501 2694 llla

1899 2720 2046 2776 enim
2070 2728 2153 2776 est
2179 2728 2286 2777 tam
2312 2731 2502 2778 sancta
2532 2737 2764 2794 corpore
2787 2740 2949 2797 quam
2984 2726 3205 2798 spiritu,
3250 2745 3373 2799 qua:
3394 2745 3499 2787 nec

1899 2822 2085 2868 mente
2135 2828 2237 2869 nec
2281 2828 2513 2885 corpore
2557 2812 2849 2887 delinquit,
2878 2818 3059 2875 sciens
3092 2819 3260 2876 etiam
3309 2822 3495 2879 cordis

1900 2905 2298 2976 speculatorem
2325 2922 2448 2964 esse
2473 2907 2666 2965 Deum.
2715 2910 2782 2965 Et
2816 2910 3023 2968 idcirco
3054 2915 3272 2985 satagit,
3292 2925 3353 2971 ut
3376 2932 3495 2974 om-

1898 2996 2028 3052 nino
2058 2996 2219 3052 etiam
2246 2996 2481 3054 animam
2509 3015 2632 3055 cum
2677 3016 2911 3073 corpore
2942 3004 3199 3061 mundam
3230 3006 3428 3063 habeat
3458 3024 3489 3064 a

186 3100 423 3169 capillus
453 3106 656 3169 portet,
680 3107 736 3153 et
764 3113 1026 3170 suspensa
1077 3100 1326 3169 monilia,
1370 3100 1465 3156 sed
1498 3100 1675 3171 potius
1705 3101 1792 3156 illa
1819 3091 1866 3154 C
1898 3097 2142 3159 Ρεοεεηον
2176 3088 2353 3146 “iens
2383 3091 2641 3161 scriptum
2672 3108 2795 3149 esse
2830 3112 2843 3148 ε
2872 3092 3027 3149 omni
3057 3100 3293 3151 (ιιειοάία
3343 3116 3493 3157 Serva

189 3202 522 3245 ornamenta
547 3190 922 3257 circumferat,
964 3191 1031 3246 de
1058 3190 1254 3259 quibus
1301 3190 1583 3261 Scriptura
1607 3191 1740 3247 dicit
1770 3210 1785 3247 :

184 3280 562 3338 Misericordia
591 3293 638 3336 et
669 3284 859 3336 veritas
887 3298 992 3336 non
1016 3282 1303 3351 deﬁciente
1331 3293 1380 3337 te
1402 3279 1583 3353 (Prov.
1616 3299 1695 3352 ιιι,
1729 3285 1784 3350 3,

176 3393 285 3431 sec.
322 3375 520 3447 LXX).
553 3377 843 3447 Suspende
873 3386 1054 3432 autem
1088 3376 1211 3431 illas
1260 3378 1315 3431 in
1342 3376 1510 3432 corde
1552 3376 1702 3433 velut
1732 3377 1785 3433 in

175 3476 324 3531 collo
359 3484 481 3530 tuo.
513 3472 710 3528 Munda
728 3471 945 3540 oculos,
978 3470 1105 3526 dum
1150 3484 1247 3526 eos
1276 3469 1347 3524 ab
1376 3470 1525 3525 omni
1576 3484 1783 3525 concu-

177 3568 463 3636 piscentia
515 3562 769 3631 retrahis,
819 3573 878 3621 et
927 3563 997 3618 ab
1035 3562 1184 3618 omni
1228 3562 1430 3617 intuitu
1483 3577 1782 3632 pauperum

175 3675 486 3731 numquam
516 3659 746 3724 avertis,
777 3667 831 3713 et
861 3658 930 3713 ab
973 3656 1223 3712 omnibus
1253 3654 1393 3710 fucis
1435 3654 1663 3722 liberos,
1708 3652 1783 3741 ad

174 3767 235 3807 ea
257 3768 387 3822 qua:
423 3750 527 3806 Dei
550 3759 681 3805 sunt
711 3748 848 3803 facta
872 3747 1171 3804 cuStodias.
1214 3746 1419 3802 Munda
1467 3746 1705 3817 linguam
1750 3761 1783 3802 a

170 3844 472 3900 mendacio
506 3842 673 3913 :quia
715 3856 776 3897 os
812 3840 956 3912 quod
981 3840 1264 3904 mentitur,
1295 3838 1779 3895 occiditanimam.

172 3937 374 3995 Munda
412 3952 545 3995 eam
580 3951 612 3989 a
641 3936 1007 4002 detractione,
1034 3933 1370 4003 iuramento,
1426 3948 1489 3987 ac
1516 3931 1778 4003 perjurio.

165 4030 303 4087 Nolo
333 4040 749 4104 praeposterum
778 4029 1025 4085 ordinem
1052 4040 1234 4099 putes,
1287 4029 1429 4099 quod
1457 4030 1605 4099 prius
1632 4047 1663 4086 a
1688 4030 1782 4101 ju-

158 4136 426 4182 ramento
458 4140 624 4197 quam
649 4138 678 4178 a
701 4123 948 4195 perjurio
973 4124 1209 4193 linguam
1242 4122 1355 4177 dixi
1398 4122 1601 4179 debere
1623 4138 1779 4179 mun-

160 4219 277 4273 dari
315 4237 329 4271 :
359 4219 502 4290 quia
539 4228 671 4273 tunc
702 4216 1002 4287 periurium
1032 4213 1247 4270 facilius
1274 4212 1472 4284 fugies,
1503 4215 1547 4269 si
1575 4214 1627 4269 in
1655 4222 1771 4270 toto

156 4327 261 4369 non
282 4312 495 4383 jures:
534 4319 596 4366 ut
623 4310 991 4381 impleaturin
1036 4318 1089 4366 te
1112 4309 1202 4364 illa
1232 4309 1547 4365 sententia:
1584 4308 1777 4364 Cohibe

158 4406 395 4477 linguam
456 4412 610 4458 luant
648 4420 681 4457 a
707 4402 867 4468 malo,
922 4410 973 4456 et
1000 4400 1139 4456 labia
1168 4410 1257 4455 tua
1286 4417 1348 4453 ne
1375 4402 1654 4472 loquantur
1683 4400 1778 4455 do-

156 4471 254 4551 lum
287 4499 556 4571 (Psalm.
608 4511 808 4563 χχχιιι,
846 4494 959 4566 14).
996 4496 1062 4550 Et
1114 4507 1325 4549 memor
1377 4471 1517 4560 esto,
1558 4490 1776 4550 dicente
1800 4471 1855 4532 Ῑ)

157 4592 430 4661 Apostolo
468 4609 483 4643 ε
519 4588 819 4643 Benedicite
841 4597 889 4643 et
919 4588 1078 4643 nolite
1132 4586 1440 4642 maledicere
1466 4587 1648 4659 (liam.
1678 4602 1775 4654 xu,

157 4685 260 4758 li).
294 4685 417 4744 Sed
456 4694 521 4741 et
548 4682 695 4738 illius
710 4681 959 4737 crebrius
988 4681 1321 4737 recordare:
1362 4679 1540 4736 Videte
1566 4696 1630 4735 ne
1664 4681 1778 4751 quis

153 4779 307 4833 alicui
350 4778 581 4834 malum
604 4793 699 4847 pro
720 4777 855 4830 malo
882 4775 1087 4843 reddat,
1118 4793 1280 4847 neque
1319 4776 1651 4830 maledictum
1680 4792 1776 4846 pro

151 4870 462 4927 maledicto.
506 4870 626 4926 Sed
644 4870 934 4925 econtrario
984 4868 1374 4924 benedicentes:
1402 4871 1525 4940 quia
1571 4870 1628 4924 in
1678 4870 1778 4923 hoc

150 4968 309 5019 vocati
364 4966 539 5030 estis,
600 4971 658 5016 ut
687 4948 1085 5018 benedictionem
1138 4961 1437 5016 Iuereditate
1470 4962 1778 5031 possidentis

150 5056 189 5127 (’l
216 5056 408 5116 Thess.
447 5075 517 5123 ν,
552 5057 669 5128 15).
703 5057 770 5112 Et
798 5056 933 5111 illud
961 5073 976 5109 :
1010 5056 1072 5111 Si
1092 5058 1206 5127 quis
1229 5066 1400 5109 autem
1425 5056 1479 5109 in
1499 5056 1648 5110 verbo
1678 5071 1781 5111 non

152 5151 363 5216 o/fendit
389 5155 663 5224 fratrm,
692 5150 774 5202 hic
800 5154 1065 5221 perfectus
1096 5158 1188 5204 est.
1237 5148 1398 5204 Nefas
1438 5158 1523 5205 est
1551 5150 1697 5205 enim
1726 5158 1785 5205 ιιι

152 5240 283 5299 labia
317 5245 451 5311 illa,
486 5243 703 5315 quibus
730 5240 1022 5296 Dominum
1047 5240 1351 5307 confiteris,
1394 5255 1576 5312 rogas,
1610 5240 1782 5296 bene.

150 5336 301 5402 dicis,
354 5347 418 5394 et
478 5334 710 5403 laudas,
733 5335 968 5405 alicujus
998 5335 1314 5407 polluantur
1360 5334 1522 5390 sorde
1553 5334 1780 5404 peccati.

1887 3198 1978 3236 cor
2001 3189 2146 3236 tuum
2169 3180 2355 3255 (Prov.
2387 3198 2459 3249 tv,
2485 3184 2603 3256 23).
2630 3185 2701 3242 Et
2730 3188 2925 3243 iterum
2960 3206 2973 3242 :
2998 3189 3189 3261 Diligit
3232 3190 3489 3247 Dominus

1886 3280 2064 3328 sancta
2091 3274 2287 3340 corda;
2309 3278 2508 3346 accepti
2536 3287 2658 3332 sunt
2685 3288 2858 3333 autem
2888 3281 2937 3333 ei
2973 3296 3147 3335 omnes
3177 3282 3487 3339 immacula-

1881 3365 1939 3419 li.
1985 3365 2050 3420 Et
2079 3364 2205 3420 alibi
2232 3384 2245 3419 :
2280 3364 2430 3420 Beati
2456 3368 2652 3421 mundo
2681 3368 2857 3436 corde,
2886 3371 3137 3441 quoniam
3164 3372 3266 3442 ipsi
3315 3374 3484 3431 Deum

1885 3455 2129 3511 videbunt
2161 3453 2377 3528 (Matth.
2405 3473 2457 3511 v.
2489 3456 2572 3527 8).
2599 3458 2755 3531 Quod
2804 3458 2873 3515 de
2916 3460 3024 3515 illis
3052 3462 3160 3517 dici
3217 3463 3484 3533 arbitror,
3514 3523 3519 3529 ,

1885 3566 2021 3622 quos
2051 3550 2385 3606 conscientia
2414 3551 2467 3605 in
2486 3550 2632 3606 nulla
2664 3550 2941 3623 redarguit
2962 3553 3119 3624 culpa
3151 3558 3379 3625 peccati.
3405 3558 3483 3615 De

1883 3644 2084 3714 quibus
2112 3652 2166 3698 et
2193 3642 2459 3699 Joannem
2478 3643 2531 3699 in
2568 3642 2811 3715 Epistola
2842 3660 2939 3701 sua
2969 3646 3172 3703 dixisse
3220 3664 3344 3705 reor
3376 3666 3391 3708 :
3417 3650 3482 3708 Si

1884 3756 1973 3794 cor
1991 3748 2218 3793 nostrum
2248 3755 2352 3794 non
2374 3738 2710 3810 reprehendit
2734 3756 2853 3808 nos,
2879 3740 3127 3810 ﬁduciam
3147 3743 3391 3800 habemus
3406 3748 3479 3800 ad

1882 3830 2073 3899 Deum,
2088 3841 2136 3886 et
2146 3848 2480 3904 quwcumque
2492 3832 2813 3903 petierimus,
2826 3833 3133 3904 accipiemus
3146 3835 3209 3889 ab
3223 3852 3279 3890 eo
3293 3835 3346 3909 (.I
3354 3856 3476 3896 oan.

1882 3939 1963 3989 ιιι,
1990 3923 2085 3989 21,
2109 3922 2226 3994 22).
2252 3922 2391 3979 ΝοΙο
2413 3923 2696 3980 existimes
2720 3933 2771 3979 te
2791 3925 2994 3994 peccati
3012 3926 3215 3982 crimen
3248 3927 3471 4001 fugisse,

1880 4016 1925 4072 si
1958 4017 2288 4071 voluntatem
2324 4030 2429 4071 non
2470 4027 2728 4088 sequatur
2768 4016 3011 4083 effectus,
3042 4032 3165 4073 cum
3211 4022 3473 4090 scriptum

1880 4110 1953 4164 sit
1989 4127 2003 4163 :
2035 4109 2353 4180 Quicumque
2382 4109 2566 4163 viderit
2597 4110 2863 4163 mulierem
2891 4111 2959 4163 ad
2998 4111 3474 4181 concupiscendum

1879 4217 2014 4269 eam,
2034 4202 2147 4272 jam
2165 4200 2446 4255 mwchatus
2469 4210 2542 4255 est
2560 4216 2671 4255 eam
2688 4201 2741 4254 in
2764 4202 2917 4255 corde
2928 4218 3023 4255 suo
3046 4201 3261 4274 (Matth.
3277 4220 3332 4269 v,
3350 4203 3473 4274 28).

1879 4291 1990 4349 Nec
2010 4293 2156 4348 dicas
2180 4310 2193 4347 :
2223 4293 2453 4362 cogitavi
2477 4285 2836 4364 quidem,’sed
2859 4309 2969 4349 non
2992 4294 3089 4349 feci
3112 4311 3123 4348 :
3149 4296 3273 4365 quia
3306 4296 3471 4351 etiam

1880 4393 2271 4465 concupiscere
2298 4393 2453 4449 nefas
2483 4403 2586 4461 est,
2614 4393 2757 4464 quod
2785 4392 2900 4447 fieri
2925 4394 3131 4449 crimen
3162 4402 3265 4447 est.
3318 4392 3473 4448 Unde

1881 4498 1935 4544 et
1962 4486 2149 4543 beatus
2189 4486 2379 4541 Petrus
2411 4486 2677 4556 prmcipit,
2726 4483 2913 4539 dicens
2958 4502 2972 4539 :
3023 4483 3237 4537 Animas
3278 4494 3477 4538 uestras

1883 4582 2223 4650 castiﬁcanles
2257 4580 2321 4653 (ll
2347 4578 2493 4637 Petr.
2520 4595 2558 4647 ι,
2593 4576 2669 4650 6).
2696 4578 2797 4646 Qui
2821 4580 2867 4633 si
2895 4576 3096 4632 nullam
3122 4576 3317 4632 anima:
3344 4591 3479 4632 con-

1883 4674 2277 4745 stuprationcm
2334 4683 2554 4739 nosset,
2606 4687 2707 4728 nec
2736 4670 3069 4734 castilieari,
3104 4670 3275 4738 ipsam
3324 4670 3471 4725 desi-

1885 4765 2150 4822 derasset.
2184 4765 2290 4822 Sed
2321 4778 2375 4821 et
2421 4766 2573 4820 illum
2623 4763 2802 4819 locum
2848 4777 2958 4833 quo
2988 4761 3301 4817 continetur
3345 4781 3359 4817 :
3401 4763 3479 4819 Hi

1885 4860 2122 4930 suntqui
2167 4874 2282 4912 cunt
2338 4856 2641 4910 mulieribus
2698 4871 2752 4908 se
2802 4870 2906 4907 non
2961 4851 3472 4922 coinquinaverunt,

1883 4954 2108 5025 virgines
2149 4951 2289 5004 enim
2341 4954 2785 5019 permanserunt:
2833 4943 2889 4998 hi
2945 4951 3230 5015 sequuntur
3270 4946 3474 5018 Agnum

1882 5056 2202 5117 quocumque
2248 5040 2362 5092 ierit
2410 5038 2623 5109 (Αροε.
2664 5051 2751 5090 xlv
2785 5076 2801 5102 ,
2851 5033 2924 5107 4)
2984 5054 2999 5091 :
3042 5038 3301 5093 attentius
3347 5055 3479 5096 con-

1885 5135 2127 5191 siderare
2171 5129 2430 5185 debemus
2475 5138 2534 5182 et
2574 5125 3029 5196 animadvertere,
3082 5128 3130 5183 si
3174 5130 3343 5186 solius
3395 5131 3478 5186 ln-

1888 5228 2159 5302 tegritatis
2200 5240 2265 5280 ac
2312 5221 2586 5293 pudicitiae
2629 5219 2846 5284 merito,
2896 5221 2987 5279 isti
3036 5220 3221 5277 divino
3252 5224 3485 5277 comita-

1887 5325 1965 5380 tui
2014 5321 2357 5392 copulentur,
2388 5324 2444 5369 ct
2470 5326 2567 5382 per
2596 5310 2775 5366 omnia
2813 5313 3081 5370 oculorum
3121 5312 3475 5368 tabernacula

1889 5417 2199 5473 discurrant
2231 5427 2248 5467 :
2280 5424 2347 5463 an
2376 5417 2428 5462 et
2454 5404 2561 5459 alia
2591 5403 2708 5457 sint
2728 5403 2924 5471 quibus
2956 5405 3222 5474 adjuncta
3252 5402 3477 5472 virgini-

153 5426 352 5486 h‘escio
385 5444 514 5503 qua
573 5428 917 5483 conscientia
946 5436 999 5482 et
1017 5427 1198 5497 lingua
1229 5425 1352 5497 quis
1382 5425 1668 5481 Dominum
1700 5440 1789 5481 το-
1889 5425 2199 5473 discurrant
2231 5425 2428 5511 sane!
2454 5425 2569 5511 ulla.
2591 5425 2785 5511 mutili

153 5484 422 5593 gat,un
450 5484 590 5577 Vaut
632 5521 916 5585 mentitur,
946 5527 1040 5574 aut
1071 5484 1365 5585 maledicit,
1402 5527 1499 5573 aut
1524 5517 1785 5574 detrahit.
1895 5520 1998 5575 tas,
2039 5514 2206 5561 tantae
2254 5497 2603 5593 beatitudinis
2648 5494 2881 5593 gloriam
2935 5500 3331 5593 οοηεείιιιιξξυτ·
3379 5484 3490 5593 5f“!

155 5582 559 5675 habia-sancta
589 5612 813 5669 eiaudit
841 5582 1112 5669 Dominus
1152 5621 1245 5667 :et
1285 5582 1416 5684 ipsis
1461 5610 1653 5668 annuit
1680 5610 1791 5665 cito

1900 5597 2042 5655 unde
2075 5597 2179 5653 hoc
2207 5593 2354 5649 scire
2384 5585 2719 5660 poterimus?
2746 5584 2829 5640 Ex
2853 5582 3349 5657 consequentibus,
3381 5587 3489 5643 nisi

157 5709 449 5783 precibus,
477 5719 638 5780 quas
665 5704 848 5778 lingua
887 5703 1238 5765 immaculata
1265 5674 1605 5782 pronuntiat.
1638 5702 1793 5764 Mun-
1900 5690 2080 5766 fallor.
2106 5687 2162 5749 in
2194 5684 2389 5767 quibus
2413 5678 2679 5757 scriptum
2701 5685 2786 5747 εει
2811 5694 2826 5738 =
2850 5674 2927 5738 Hi
2952 5676 3115 5753 εηιριε
3137 5682 3258 5731 ευηε
3298 5691 3495 5767 οπρπι-

444 5823 749 5901 Panos.
795 5821 1013 5909 XXX.
2997 5791 3043 5872 6
