3998 6198
222 149 326 242 nx

1226 183 1560 244 EPISTOLA
1601 184 1741 243 Xill.
1783 181 2253 249 VIRGINITATIS
2290 191 2495 251 LAUS.

3418 197 3520 257 174

223 301 346 369 Qua:
373 299 676 358 honestatis
705 301 1010 359 modestia?
1034 302 1161 370 Qua:
1192 302 1477 358 maturitas
1502 300 1808 372 sapientizc?
1833 303 1883 363 Α
1913 301 1966 356 in
2000 302 2310 359 minoribus
2339 307 2630 379 prmferant
2651 345 2666 373 ,
2694 319 2829 377 quos
2867 306 2967 362 sibi
2992 308 3046 363 in
3089 306 3398 379 majoribus
3425 325 3521 381 pa-

221 392 330 448 Nou
357 403 444 448 est
471 396 572 448 ista
601 395 834 450 humana
859 395 1159 463 institutio,
1201 410 1301 450 nec
1329 395 1624 464 disciplina
1664 410 1808 449 mor-

222 487 358 539 talis.
391 485 636 541 Coaleste
663 486 751 542 hic
776 488 979 558 aliquid
1011 489 1060 542 in
1104 503 1332 558 corpore
1379 487 1619 540 humano
1644 484 1811 541 reful-

220 588 320 650 get.
369 579 508 634 Puto
558 581 703 651 qttod
753 579 961 636 habitet
1010 583 1061 636 in
1116 581 1439 652 quibusdam
1500 579 1815 635 hominibus

219 670 381 726 Deus.
415 672 484 728 Et
527 687 649 726 cum
702 681 754 728 te
787 673 950 727 tiliam
979 674 1179 728 Christi
1223 673 1576 742 cognoverit,
1610 672 1818 742 majore

217 775 438 833 smporc
481 763 777 828 tenebitur,
819 774 876 818 et
911 765 1170 835 cogitabit
1195 766 1372 834 qualis
1404 765 1509 818 iste
1559 764 1818 820 Dominus

215 857 302 922 sit,
332 857 493 924 cujus
520 857 644 910 talis
670 857 871 912 ancilla
896 868 998 913 est.
1025 857 1080 913 Si
1115 859 1192 912 vis
1219 873 1348 928 ergo
1374 867 1587 928 partem
1618 858 1819 912 habere

213 963 333 1002 cum
374 947 634 1011 Christo,
675 949 882 1004 Christi
941 949 1034 1004 tibi
1083 950 1330 1020 exemplo
1369 950 1664 1004 vivendum
1694 958 1813 1004 est:

210 1044 304 1111 qui
331 1043 405 1096 ab
429 1043 574 1096 omni
610 1043 816 1097 malitia
847 1053 903 1097 et
926 1044 1159 1112 nequitia
1187 1046 1256 1096 ita
1290 1043 1386 1096 fuit
1409 1050 1724 1104 extraneus,
1761 1052 1818 1097 ut

210 1148 281 1187 ne
309 1133 550 1188 inimicis
582 1134 800 1203 quidem
827 1136 1001 1188 vicem
1037 1134 1319 1202 redderet,
1350 1133 1476 1202 quin
1507 1133 1685 1202 potius
1715 1147 1814 1202 pro

209 1225 349 1296 ipsis
390 1226 602 1281 orabat.
633 1225 768 1280 Nolo
807 1227 950 1280 enim
987 1236 1045 1279 ut
1091 1240 1190 1280 eas
1221 1225 1430 1278 animas
1474 1223 1813 1278 Chri~tianas

205 1317 496 1372 existimes
551 1331 706 1383 esse,
737 1333 857 1385 quat
897 1329 991 1370 aut
1039 1316 1258 1382 fratres,
1305 1326 1398 1371 aut
1440 1331 1661 1370 sorores
1701 1330 1811 1370 non

205 1411 328 1466 dico
366 1409 638 1473 oderunt,
680 1407 778 1462 sed
807 1408 970 1462 etiam
1001 1409 1281 1476 proximos
1320 1415 1434 1462 toto
1467 1408 1638 1463 corde
1680 1421 1810 1462 con-

208 1501 454 1557 scienticc
485 1515 671 1555 coram
707 1499 804 1577 Dei
852 1500 1192 1569 testimonio,
1229 1516 1336 1554 non
1381 1499 1652 1570 diligunt:
1684 1514 1809 1556 cum

207 1591 525 1648 Christiana
595 1591 797 1647 Christi
858 1592 1256 1657 similitudine,
1323 1593 1576 1647 inimicos
1649 1592 1809 1648 etiam

1913 408 2002 449 res
2039 410 2163 451 esse
2208 398 2480 454 sentiunt?
2505 408 2560 454 et
2587 398 2744 469 quasi
2772 396 2907 453 infra
2934 415 2994 455 se
3037 402 3243 470 positos
3285 401 3339 456 in
3371 412 3516 458 terra

1913 485 2266 554 existiment,
2299 505 2435 560 quos
2462 490 2564 546 sibi
2587 492 2638 544 in
2661 490 2978 546 coelestibus
3007 492 3242 564 mquales
3269 495 3522 552 credide-

1912 578 2079 632 runt?
2109 578 2191 633 Tu
2221 590 2405 636 autem
2433 597 2552 652 qum
2576 581 2784 637 Christi
2810 627 2825 652 ,
2859 597 2967 637 non
3011 586 3192 638 sazculi
3239 587 3394 657 virgo
3419 603 3515 655 es,

1918 684 2136 725 omnem
2169 672 2456 741 prmsentis
2482 675 2604 728 vita:
2640 673 2868 744 gloriam
2911 673 3066 745 fuge,
3100 685 3158 731 ut
3187 692 3349 732 omne
3373 681 3519 748 quod

1919 761 1972 815 in
1988 764 2170 818 futuro
2182 764 2518 834 promittitur
2533 768 2902 837 consequaris.
2918 755 3342 822 Contentionum
3359 772 3518 825 verba

1920 864 1973 908 et
2014 855 2378 912 animositatis
2423 871 2614 913 causas
2659 859 2820 914 evita.
2871 857 3274 913 Discordiarum
3309 876 3522 931 quoque

1920 955 1976 1001 et
2004 946 2177 1001 litium
2208 950 2527 1005 occasiones
2569 949 2898 1019 subterfuge.
2927 949 3060 1005 Nam
3092 953 3160 1019 si,
3195 953 3352 1024 juxta
3382 953 3525 1024 Apo-

1917 1040 2044 1093 stoli
2100 1041 2448 1107 doctrinam,
2506 1057 2720 1097 servum
2777 1042 2874 1097 llei
2931 1044 3145 1114 litigare
3203 1061 3311 1100 non
3367 1045 3524 1101 decet

1916 1129 1986 1198 (ll
2013 1129 2146 1184 Tim.
2173 1131 2374 1201 11,24),
2401 1142 2605 1202 quanto
2632 1134 2804 1205 magis
2819 1134 3069 1189 ancillam
3104 1135 3197 1192 Dei
3231 1152 3339 1191 non
3357 1151 3525 1206 expc-

1914 1219 2031 1276 dit?
2058 1222 2226 1292 Cujus
2255 1239 2364 1293 quo
2411 1224 2780 1280 verecundior
2808 1237 2892 1282 est
2941 1241 3144 1296 sexus,
3187 1229 3404 1284 animus
3433 1228 3528 1284 de-

1912 1312 2007 1370 bet
2029 1329 2154 1371 esse
2185 1315 2502 1373 modestior.

1986 1406 2126 1462 XIV.
2175 1407 2443 1478 Linguam
2492 1425 2524 1464 a
2573 1409 2894 1483 maliloquio
2940 1413 3178 1472 cohibe:
3230 1427 3286 1471 et
3324 1416 3406 1472 ori
3438 1424 3529 1471 tuo

1913 1500 2047 1572 legis
2104 1503 2290 1558 frenos
2343 1503 2564 1574 impone
2608 1521 2622 1558 :
2667 1515 2732 1575 ut,
2777 1515 2904 1562 tunc
2957 1508 2999 1561 si
3061 1506 3202 1564 forte
3251 1507 3523 1577 loquaris,

1913 1593 2134 1662 quando
2179 1604 2360 1650 tacere
2412 1604 2693 1665 peccatum
2723 1593 2845 1663 'sit,
2877 1613 3073 1653 caveas
3119 1615 3189 1655 ne
3221 1599 3348 1669 quid
3381 1600 3524 1669 quod

209 1701 394 1741 amare
446 1699 676 1740 necesse
724 1683 940 1739 habeat.
987 1685 1042 1740 Si
1082 1694 1392 1739 sanctorum
1431 1688 1582 1755 cupis
1606 1686 1809 1741 habere
1837 1683 1885 1746 Β
1912 1685 1966 1740 in
1994 1688 2480 1757 reprehensionem
2507 1689 2728 1758 veniat,
2763 1689 2951 1745 dicas:
2986 1690 3149 1760 Lapis
3177 1691 3413 1746 emiSsus
3443 1702 3528 1746 est

211 1781 582 1846 consortium,
620 1794 652 1833 a
691 1779 916 1833 malitizc
958 1787 1013 1833 et
1055 1780 1313 1848 nequitiaa
1356 1783 1592 1850 cogitatu
1625 1791 1812 1848 pectus

210 1873 464 1928 emunda.
511 1871 685 1927 Nemo
723 1883 775 1928 te
810 1873 1238 1938 circumveniat,
1275 1887 1434 1926 nemo
1484 1871 1663 1927 fallaci
1700 1888 1815 1927 ser-

214 1981 372 2021 mone
395 1965 626 2021 seducat
657 1983 670 2020 :
704 1966 922 2021 nonnisi
952 1976 1170 2020 sanctos
1196 1973 1252 2020 et
1275 1965 1486 2034 jnstos,
1519 1975 1573 2021 et
1604 1967 1815 2036 simpli-

212 2075 300 2115 ces
321 2102 338 2126 ,
366 2068 421 2114 ct
449 2061 771 2115 innocentes
795 2099 810 2125 ,
839 2069 894 2114 et
917 2075 1081 2129 puros
1109 2059 1351 2116 cmicsds
1377 2059 1497 2112 aula
1530 2061 1812 2130 suscipiet.

213 2150 430 2207 Nullum
480 2151 622 2222 apud
669 2153 839 2206 Deam
884 2151 1048 2206 habet
1075 2151 1250 2206 locum
1285 2151 1512 2205 malitia.
1546 2152 1630 2205 Ab
1668 2152 1813 2205 omni

215 2245 456 2315 nequitia
485 2255 540 2299 et
569 2244 695 2298 dolo
709 2243 966 2298 mundum
992 2258 1216 2300 necesse
1246 2252 1507 2310 estesse,
1537 2244 1628 2314 qui
1666 2244 1818 2314 cupit

214 2353 444 2410 regnare
479 2353 603 2394 cum
647 2336 889 2392 Christo.
920 2337 1067 2392 Nihil
1111 2350 1219 2392 tam
1263 2338 1634 2405 contrarium,
1679 2339 1815 2393 nihil

216 2440 320 2485 tam
346 2431 686 2486 exsecrabile
708 2429 822 2484 Deo
839 2445 853 2484 :
871 2445 1033 2498 quam
1055 2430 1292 2500 aliquem
1319 2430 1500 2486 odisse
1520 2430 1600 2484 vel
1618 2429 1816 2486 lmdere

213 2526 374 2582 velle.
427 2524 578 2581 Nihil
626 2534 733 2579 tam
780 2525 1099 2594 probabile,
1147 2541 1310 2596 quam
1361 2541 1557 2581 omnes
1603 2541 1810 2582 amare.

213 2620 366 2688 Quod
397 2618 666 2688 Propheta
699 2619 1033 2691 prOSpicicns
1068 2627 1300 2675 testatur
1327 2619 1517 2676 dicens
1547 2639 1560 2676 :
1597 2620 1700 2689 Qui
1728 2621 1813 2675 di-

215 2716 377 2786 ligitis
401 2712 577 2767 Deum
595 2754 610 2779 ,
642 2713 779 2767 adite
807 2713 999 2767 malum
1027 2712 1252 2776 (Psalm.
1279 2729 1430 2777 xcvt,
1469 2713 1576 2785 l0).

289 2805 424 2860 XIII.
471 2806 607 2860 Vide
634 2820 702 2860 ne
729 2805 964 2874 aliquam
993 2806 1288 2859 humanam
1324 2805 1552 2876 gloriam
1576 2805 1771 2878 diligas
1797 2825 1809 2861 :

212 2914 283 2954 ne
312 2909 364 2954 et
389 2910 476 2952 tua
508 2899 651 2952 inter
671 2911 767 2953 eos
791 2899 970 2968 portio
997 2909 1359 2967 computetur,
1385 2899 1582 2969 quibus
1606 2898 1812 2954 dictum

208 3003 337 3049 est:
374 2991 646 3058 Quomodo
692 3008 778 3045 eos
823 2993 1036 3063 potestis
1064 2991 1268 3044 credere
1291 3032 1305 3056 ,
1337 2992 1552 3061 gloriam
1585 2992 1648 3044 ob
1676 2992 1810 3045 inoi-
1840 3013 1863 3063 ‘-

207 3102 326 3142 σωκ
350 3095 640 3156 querentes
671 3083 854 3153 (Joan.
889 3101 942 3148 v,
971 3083 1099 3156 44)?
1129 3084 1194 3138 Et
1215 3084 1283 3140 de
1317 3086 1510 3153 quibus
1540 3084 1810 3154 Propheta

201 3180 344 3235 dicit
375 3197 387 3232 :
417 3181 566 3251 Auge
589 3180 662 3232 eis
692 3176 832 3232 mala
857 3218 872 3242 ,
914 3194 1049 3251 auge
1096 3181 1233 3232 mala
1259 3178 1502 3250 gloriosis
1527 3188 1714 3233 terre:
1758 3187 1816 3236 ut

203 3272 625 3326 confundamini
665 3287 696 3326 a
739 3271 1066 3341 gloriatione
1111 3279 1330 3338 vertra,
1370 3280 1427 3327 et
1465 3272 1813 3342 opprobrium

200 3366 362 3420 liatis
407 3365 463 3419 in
494 3373 792 3436 conspectu
827 3365 943 3419 Dei.
988 3365 1124 3419 Nolo
1168 3369 1313 3421 enim
1357 3367 1476 3422 illas
1516 3368 1814 3437 respicias,

198 3473 333 3528 qua:
361 3457 552 3512 sscculi
572 3499 586 3521 ,
615 3473 721 3511 non
751 3456 966 3510 Domini
995 3467 1120 3512 sunt
1161 3458 1396 3526 virgines
1425 3476 1439 3512 :
1471 3474 1591 3530 qua:
1620 3475 1817 3532 propo-

196 3553 292 3606 siti
346 3551 436 3605 sui
466 3559 521 3605 ct
549 3549 906 3620 professionis
962 3550 1341 3618 immemores,
1374 3551 1607 3618 gaudent
1639 3551 1692 3605 in
1724 3551 1819 3608 de-

197 3642 354 3697 liciis
376 3685 394 3708 ,
425 3643 481 3697 in
521 3642 716 3712 opibus
745 3641 1110 3709 deleCIantur,
1136 3652 1190 3696 et
1210 3657 1489 3712 corporerc
1519 3642 1818 3699 nobilitatis

193 3735 428 3806 origine
451 3735 780 3802 gloriantur.
810 3735 941 3803 Quae
981 3735 1222 3803 profecto
1250 3735 1296 3789 si
1322 3736 1416 3790 Dei
1449 3735 1588 3790 filias
1612 3752 1673 3791 se
1698 3753 1818 3793 csse

194 3828 542 3890 crederent,
591 3843 886 3897 numquam
930 3839 1047 3897 pom
1085 3829 1298 3884 divinos
1327 3829 1533 3885 natales
1565 3831 1820 3886 nobilita-

192 3930 306 3976 tem
366 3923 781 3976 admirarentur
826 3921 1152 3988 humanam,
1199 3937 1299 3977 nec
1341 3922 1711 3992 gloriarentur
1764 3925 1819 3979 in

185 4016 465 4085 quolibet
498 4024 650 4085 patre
681 4015 970 4070 honorato.
1005 4015 1058 4072 Si
1087 4025 1294 4085 patrem
1327 4015 1496 4071 Deum
1528 4031 1588 4073 se
1619 4017 1821 4074 habere

179 4116 517 4175 sentirent,
553 4105 890 4161 nobilitatem
918 4107 1100 4162 carnis
1126 4121 1231 4161 non
1259 4117 1526 4163 amarent.
1553 4107 1693 4177 Quid
1722 4110 1816 4166 tibi

180 4202 238 4256 in
269 4200 519 4274 generis
564 4199 848 4254 nobilitate
878 4199 1138 4253 blandiris
1161 4242 1176 4267 ,
1217 4209 1274 4255 et
1299 4202 1642 4271 complaces?
1673 4203 1822 4258 Duos

178 4293 475 4351 homines
507 4293 575 4348 ab
605 4292 832 4348 exordio
855 4292 980 4348 fecit
1011 4293 1184 4359 Deus,
1215 4310 1278 4348 ex
1308 4295 1502 4365 quibus
1527 4297 1687 4351 totius
1717 4296 1818 4352 hu-

177 4390 334 4444 mani
363 4387 610 4460 generis
635 4387 768 4441 silva
794 4386 1090 4440 descendit.
1116 4385 1440 4441 Mundauam
1473 4388 1814 4445 nobilitatem

176 4497 290 4540 non
331 4492 576 4538 natura:
598 4479 826 4550 :rquitas
851 4489 1089 4547 prmsltll,
1118 4480 1213 4536 sed
1236 4482 1543 4551 cupiditatis
1569 4483 1814 4544 ambitio.

177 4577 348 4634 αρτ-τε
375 4589 596 4632 omnes
623 4587 720 4644 per
744 4571 912 4627 divini
956 4573 1152 4628 lavacri
1178 4573 1403 4643 gratiam
1436 4576 1674 4645 (cquales
1701 4578 1820 4633 efli-

176 4673 365 4729 timur
386 4714 407 4739 ,
445 4677 516 4724 ut
544 4667 694 4722 nulla
727 4668 868 4721 inter
898 4682 994 4721 eos
1023 4667 1280 4722 discretio
1301 4683 1423 4724 esse
1451 4670 1651 4740 possit,
1683 4687 1820 4742 quos

175 4767 463 4822 nativitas
519 4759 761 4817 secunda
810 4760 1129 4830 generavit,
1180 4777 1275 4831 per
1321 4779 1481 4833 quam
1532 4774 1638 4820 tam
1668 4765 1820 4824 dives

174 4879 345 4932 quam
391 4872 655 4932 pauper,
686 4866 792 4910 tam
824 4869 1015 4910 servus
1049 4871 1210 4926 quam
1260 4856 1416 4925 liber,
1464 4868 1572 4914 tam
1624 4861 1821 4918 nobilis

175 4973 342 5028 quam
383 4951 679 5026 ignobilis
706 4949 802 5004 Dei
825 4948 1062 5006 efficitur
1092 4950 1232 5004 filius
1253 4993 1266 5017 ,
1299 4961 1354 5006 et
1379 4960 1592 5008 terrena
1631 4956 1823 5010 nobili-

177 5058 259 5109 tas
303 5047 650 5124 splendore
678 5044 868 5118 gloriae
910 5043 1148 5100 caelestis
1188 5043 1572 5110 adumbratur,
1601 5057 1654 5102 et
1700 5062 1826 5104 nus-

176 5160 340 5216 quam
379 5140 647 5199 omnino
670 5137 783 5206 jam
812 5145 1090 5206 comparet
1120 5155 1134 5192 :
1163 5136 1290 5190 dum
1321 5152 1440 5206 quae
1468 5147 1616 5193 retro
1645 5139 1695 5192 in
1727 5155 1828 5195 sa:-

175 5237 483 5294 cutaribus
522 5228 836 5286 honoribus
862 5229 1095 5297 impares
1125 5227 1367 5293 fuerant,
1398 5229 1640 5284 cmlestis
1666 5239 1719 5285 et
1748 5231 1834 5285 di-

174 5331 318 5386 vina:
345 5327 584 5401 gloriae
610 5319 900 5375 nobilitate
931 5321 1290 5375 restituuntur
1317 5321 1618 5391 a-qualiter.
1644 5322 1834 5378 Nullus

174 5423 248 5480 ibi
294 5423 422 5496 jam
480 5413 867 5490 ignobilitatis
916 5413 1095 5478 locus,
1131 5429 1231 5471 nec
1275 5415 1510 5484 degener
1544 5418 1833 5487 quisquam

175 5530 290 5586 est,
325 5527 525 5589 quem
586 5505 793 5562 divina:
843 5505 1140 5561 nativitatis
1185 5519 1345 5562 ornat
1383 5509 1684 5564 nobilitas:
1731 5510 1840 5564 nisi

175 5611 324 5690 apud
357 5611 504 5668 illos
546 5601 655 5675 qui
682 5614 790 5656 non
824 5608 1013 5672 putant
1057 5598 1310 5656 humanis
1335 5602 1582 5658 cmlestia
1629 5615 1844 5672 pracpo-

1915 1793 2098 1834 sermo
2127 1781 2393 1850 prolatus.
2428 1782 2771 1851 Quapmpter
2813 1783 2904 1836 diu
2952 1793 3243 1855 antequam
3279 1783 3527 1855 profera-

1918 1881 2025 1937 tur,
2058 1871 2381 1942 cogitaitdus
2427 1883 2529 1926 est.
2564 1873 2726 1927 Beata
2778 1876 2978 1944 quippe
3029 1877 3167 1930 labia
3214 1887 3372 1944 sunt,
3407 1893 3526 1947 qua:

1919 1979 2214 2032 numquam
2242 1963 2385 2034 quod
2433 1979 2692 2019 revocare
2735 1967 2941 2032 velint,
2987 1969 3264 2024 emittunt.
3310 1969 3529 2024 Pudica:

1920 2058 2120 2114 mentis
2146 2058 2305 2113 debet
2333 2059 2496 2114 etiam
2524 2073 2709 2113 sermo
2743 2073 2864 2113 esse
2892 2059 3140 2130 pudicus,
3171 2061 3262 2130 qui
3295 2064 3532 2119 aedificet

1918 2164 2134 2222 semper
2177 2152 2378 2223 magis,
2416 2168 2576 2223 quam
2609 2154 2842 2223 aliquem
2873 2155 3122 2210 destruat
3166 2155 3480 2212 audientem
3509 2199 3525 2224 ,

1919 2242 2217 2298 secundum
2265 2245 2369 2298 hoc
2410 2244 2554 2314 quod
2600 2243 2896 2314 Apostolus
2946 2246 3224 2316 praecipit,
3272 2247 3462 2303 dicens
3514 2265 3532 2305 :

1923 2335 2106 2392 Omnis
2131 2354 2298 2392 sermo
2326 2337 2500 2392 malus
2521 2337 2584 2392 de
2612 2354 2702 2392 ore
2732 2350 2899 2394 vestro
2924 2356 3029 2393 non
3070 2341 3339 2412 procedat,
3375 2344 3466 2397 sed
3486 2343 3532 2398 si

1917 2430 2035 2500 quis
2067 2431 2227 2484 bonus
2270 2440 2343 2484 est
2382 2430 2452 2483 ad
2480 2431 2883 2500 cedi/irationem
2921 2432 3076 2501 ﬁdei,
3113 2442 3169 2486 ut
3191 2435 3277 2488 det
3306 2437 3530 2505 gratiam

1918 2520 2252 2576 audientibus
2277 2521 2496 2595 (Ep/tes.
2525 2537 2611 2590 tv,
2643 2521 2762 2593 29).
2789 2522 3032 2579 Pretiosa
3065 2524 3178 2581 Deo
3203 2526 3388 2598 lingua
3414 2537 3528 2596 est,

1916 2631 2042 2686 qua:
2064 2630 2169 2671 non
2197 2615 2297 2670 nisi
2323 2617 2375 2670 in
2399 2615 2598 2672 divinis
2624 2617 2786 2672 rebus
2809 2618 2960 2673 novit
2980 2619 3148 2675 verba
3174 2629 3526 2678 construere:

1915 2717 1972 2764 et
2017 2719 2264 2764 sanctum
2309 2719 2394 2765 est
2439 2725 2536 2777 os,
2586 2710 2731 2767 unde
2763 2711 3007 2767 cmlcstia
3055 2728 3274 2785 semper
3303 2715 3527 2786 eloquia

1917 2804 2287 2873 proteruntur.
2338 2803 2660 2859 Absentium
2711 2804 3145 2876 obtrectatores,
3198 2813 3351 2880 quasi
3407 2826 3528 2867 ma-

1917 2896 2092 2964 lignos
2121 2895 2419 2965 Scriptura:
2448 2898 2770 2953 auctoritate
2799 2899 3035 2956 deterre.
3068 2901 3200 2969 Quia
3230 2903 3392 2958 etiam
3422 2902 3528 2960 hoc

1918 2987 2062 3043 inter
2103 2986 2323 3058 perfecti
2357 2988 2587 3044 virtutes
2617 2989 2855 3045 hominis
2881 2991 3152 3061 Propheta
3191 3008 3529 3052 commemo-

1916 3089 2020 3135 rat.
2069 3078 2124 3136 Si
2156 3089 2284 3135 ante
2321 3091 2675 3151 conspectum
2710 3081 2843 3151 justi
2875 3084 3148 3153 malignus
3193 3084 3259 3138 ad
3294 3086 3522 3140 nihilum

1916 3174 2236 3241 deducatur,
2268 3175 2356 3245 qui
2384 3185 2576 3230 contra
2608 3175 2914 3245 proximum
2946 3191 3057 3230 non
3086 3175 3362 3246 probanda
3396 3192 3529 3246 pro-

1918 3268 2133 3332 tulerit,
2182 3283 2289 3322 non
2339 3268 2469 3323 licet
2515 3268 2610 3321 tibi
2659 3267 2886 3322 alterius
2929 3267 3385 3336 vituperationem
3435 3283 3530 3338 pa-

1919 3363 2116 3417 tienter
2159 3361 2348 3415 audire
2371 3403 2387 3428 ,
2421 3361 2513 3432 qui
2553 3375 2656 3416 nec
2707 3361 2774 3413 ab
2804 3360 2927 3415 aliis
2955 3375 3010 3431 ct
3030 3368 3112 3415 tas
3155 3361 3323 3431 recipi
3356 3373 3523 3421 tuam.

1920 3453 2178 3525 lnjustum
2207 3454 2407 3524 quippe
2433 3465 2519 3507 est
2543 3493 2558 3517 ,
2592 3452 2855 3522 quidquid
2895 3463 3084 3508 contra
3117 3453 3314 3509 Christi
3349 3457 3529 3510 Evan-

1919 3546 2119 3616 gelium
2149 3546 2334 3611 venit,
2368 3545 2411 3598 si
2437 3543 2596 3598 alteri
2628 3543 2773 3613 quod
2806 3543 2898 3598 tibi
2931 3543 3002 3598 ab
3027 3544 3135 3600 alio
3170 3546 3288 3601 fieri
3322 3547 3525 3602 moles-

1919 3649 2033 3695 tum
2061 3650 2174 3706 est,
2207 3638 2430 3709 patiaris
2478 3637 2694 3692 inferri.
2742 3637 3000 3707 Linguam
3033 3653 3250 3710 semper
3283 3650 3424 3695 tuam
3458 3643 3528 3697 dc

1922 3734 2083 3790 bonis
2113 3733 2256 3804 loqui
2287 3746 2576 3798 assuesce,
2602 3742 2659 3786 et
2686 3731 2928 3786 auditum
2963 3741 3110 3787 tuum
3145 3735 3314 3802 magis
3337 3735 3401 3789 ad
3429 3735 3528 3791 bo-

1922 3843 2116 3884 norum
2162 3825 2376 3882 laudem
2404 3868 2420 3893 ,
2453 3841 2613 3896 quam
2653 3825 2722 3880 ad
2767 3827 3034 3882 malorum
3067 3830 3519 3899 vituperationem

1921 3921 2295 3979 accommoda.
2322 3919 2460 3976 Vide
2488 3929 2550 3974 ut
2580 3919 2765 3974 omnia
2794 3935 3152 3992 qumcumque
3183 3923 3319 3978 bene
3361 3923 3525 3991 facis,

1921 4023 2148 4088 prepter
2169 4013 2340 4069 Deum
2369 4011 2568 4077 facias,
2596 4012 2774 4067 sciens
2796 4012 2916 4082 ejus
2941 4014 3022 4068 rei
3048 4021 3253 4069 tantum
3283 4023 3334 4070 te
3359 4029 3390 4070 a
3421 4016 3528 4071 Do-
3585 4065 3589 4068 _

1922 4111 2070 4172 mino
2107 4117 2447 4178 rccepturam
2477 4120 2602 4164 esse
2637 4107 2976 4177 mercedem,
3007 4123 3168 4180 quam
3198 4109 3315 4178 ejus
3359 4109 3521 4164 timo-

1923 4208 2000 4263 ris
2029 4214 2085 4263 et
2128 4206 2329 4262 amoris
2371 4219 2535 4260 causa
2577 4204 2893 4276 perfeceris.
2938 4206 3139 4262 Sancta
3178 4205 3348 4274 magis
3397 4219 3522 4259 esse

1923 4314 2084 4372 quam
2112 4299 2285 4354 videri
2311 4297 2493 4369 stude,
2522 4297 2647 4369 quia
2680 4297 2813 4353 nihil
2845 4297 3066 4369 prodest
3093 4296 3351 4352 aestimari
3373 4297 3518 4364 quod

1925 4407 2032 4448 non
2056 4391 2131 4448 sis
2160 4411 2172 4446 :
2205 4401 2260 4448 et
2299 4391 2533 4463 duplicis
2576 4393 2781 4462 peccati
2811 4400 2996 4447 reatus
3023 4400 3139 4458 est,
3181 4405 3286 4445 non
3320 4388 3521 4444 habere

1920 4483 2063 4556 quod
2086 4483 2345 4550 creditur,
2370 4492 2425 4540 et
2448 4482 2592 4553 quod
2626 4499 2734 4537 non
2761 4483 2998 4544 habeas.
3033 4481 3309 4538 simulare.

1992 4575 2109 4631 XV.
2133 4575 2189 4631 In
2208 4575 2432 4646 jejuniis
2456 4576 2626 4646 magis
2655 4591 2816 4645 quam
2849 4574 2904 4629 in
2932 4573 3106 4644 epulis
3133 4573 3429 4639 delectare,
3459 4572 3525 4629 ll-

1921 4672 2028 4729 lius
2051 4671 2225 4726 vidua}
2256 4683 2485 4738 memor,
2516 4684 2636 4738 qute
2668 4684 2773 4724 non
2803 4666 3120 4724 discedebat
3149 4666 3214 4721 de
3244 4666 3474 4737 Templo
3501 4709 3520 4734 ,

1924 4767 2035 4823 Deo
2074 4763 2548 4834 serviensjejuniis
2576 4772 2630 4818 et
2651 4761 2990 4817 orationibus
3016 4759 3102 4815 die
3137 4773 3200 4816 ac
3237 4769 3416 4816 nocte.
3454 4761 3526 4819 Et

1923 4857 1969 4914 si
1994 4858 2157 4914 vidua
2189 4857 2406 4928 quidem
2433 4854 2619 4910 Judtna
2650 4855 2773 4908 talis
2800 4862 2949 4918 erat,
2979 4853 3196 4920 qualem
3227 4869 3371 4911 nunc
3406 4856 3522 4913 vir-

1924 4952 2107 5024 ginem
2139 4950 2294 5003 decet
2322 4961 2444 5002 esse
2460 4943 2695 5000 Christi?
2717 4944 2920 4998 Divina:
2941 4943 3107 5013 magis
3133 4945 3382 5003 lectionis
3398 4965 3532 5006 con-

1927 5043 2132 5100 vivium
2161 5036 2347 5108 dilige,
2373 5033 2740 5106 spiritualibus
2768 5044 2821 5088 te
2849 5034 3034 5088 satiari
3065 5035 3292 5108 dapibus
3321 5057 3527 5099 concu-

1931 5135 2096 5207 pisce.
2125 5131 2251 5186 lllos
2280 5128 2461 5199 petius
2483 5124 2699 5194 require
2725 5125 2900 5193 cibos,
2931 5125 3127 5195 quibus
3149 5133 3326 5188 anima
3358 5135 3530 5203 magis

1934 5243 2094 5300 quam
2125 5237 2322 5294 corpus
2346 5220 2644 5276 reficiatur.
2682 5217 2876 5274 Carnis
2904 5229 2955 5274 et
2985 5220 3094 5272 vini
3120 5226 3348 5292 species.
3377 5225 3534 5294 quasi

1937 5323 2134 5378 caloris
2164 5319 2436 5379 fomenta,
2466 5319 2521 5366 ct
2576 5309 2816 5366 libidinis
2869 5311 3226 5370 incitamenta
3275 5316 3414 5384 fuge.
3467 5315 3538 5370 Et

1940 5423 2067 5468 tunc
2095 5412 2139 5466 si
2174 5409 2309 5463 forte
2335 5406 2460 5458 vino
2492 5398 2660 5454 uteris
2686 5401 2905 5469 exiguo,
2941 5414 3065 5453 cum
3089 5404 3357 5457 stomachi
3381 5405 3542 5460 dolo--

1941 5521 2000 5560 re
2029 5503 2194 5558 nimio
2216 5495 2460 5568 corporis
2486 5490 2766 5558 compellit
2820 5489 3112 5545 infirmitas
3143 5531 3157 5554 ,
3205 5493 3542 5550 iracundiam

1945 5597 2119 5659 vince,
2146 5591 2545 5649 animositatem
2571 5583 2786 5640 cohibe.
2816 5580 3089 5653 Quidquid
3120 5581 3254 5638 illud
3282 5589 3548 5660 est,quod

173 5673 384 5772 nenda.
416 5673 642 5764 Aut'si
682 5699 916 5769 putant,
946 5705 1106 5770 quam
1138 5706 1337 5756 vanum
1378 5703 1462 5754 εει
1489 5701 1552 5753 ut
1592 5706 1716 5753 sese
1737 5691 1846 5753 illis
1947 5697 2072 5768 post
2101 5686 2294 5743 factam
2343 5677 2720 5786 paenitentiam
2769 5679 3034 5739 ῐυῠοΐεῐη
3075 5673 3270 5752 ῑηεθτῑι
3305 5684 3556 5756 Proximo
