4030 6284
492 163 597 228 175

1524 138 1582 208 Ξ.
1624 134 2011 206 lliERONYMI
2047 136 2335 202 OPEBUM
2371 134 2774 198 MAN’I‘ISSA.’

3688 134 3804 194 {76

498 295 560 341 ut
580 279 824 339 criminis
854 270 1309 333 abominationem
1328 270 1529 327 devita.
1554 267 1696 324 Satis
1723 264 2087 336 tranquillam,
2116 266 2170 326 Α
2196 264 2379 341 selmo,
2409 259 2868 341 et_Bonarenturo,
2892 254 3033 326 atque
3051 245 3184 341 falso
3209 253 3451 341 tributum
3480 252 3665 336 fuisse,
3699 253 3803 336 cll.

502 380 635 435 satis
664 376 902 447 quietam
928 386 1047 427 esse
1074 367 1327 423 convenit
1356 373 1615 429 mentem,
1646 372 1699 418 et
1720 362 1789 417 ab
1806 360 1953 414 omni
1979 374 2095 428 per-

504 470 813 525 turbatione
845 464 1042 519 furoris
1084 460 1349 527 alienam,
1404 474 1523 529 qua:
1582 454 1674 510 Dei
1728 450 2097 508 habitaculum

505 582 627 621 esse
658 562 949 625 desiderat,
981 554 1071 627 qui
1105 572 1202 625 per
1230 552 1555 623 Prophetam
1587 555 1837 613 testatur,
1868 544 2096 599 dicens:

499 657 677 723 Super
703 668 853 721 quem
880 647 1041 703 alium
1070 647 1386 716 requiescam
1406 688 1420 709 ,
1466 642 1567 696 nisi
1594 656 1749 709 super
1778 636 2022 691 humilem
2052 643 2100 688 et

502 755 799 800 trementem
848 756 1107 796 sermones
1139 737 1313 792 meos?
1342 737 1360 806 (
1388 732 1499 789 Isa.
1546 748 1690 797 vat,
1733 728 2099 802 2.);Omnium

499 852 725 909 operum
755 844 809 891 et
834 832 1222 903 cogitationum
1255 840 1472 884 tuarum
1501 824 1898 895 speculatorem
1933 822 2100 876 Deum

498 931 681 996 crede,
712 938 768 984 et
795 942 927 983 cave
956 940 1024 981 ne
1045 925 1170 993 quid
1200 921 1343 993 quod
1367 918 1563 975 divinis
1601 916 1774 972 oculis
1820 913 2102 984 indignum

498 1026 587 1090 sit,
604 1020 974 1092 autopereris,
988 1024 1081 1072 aut
1100 1016 1326 1086 cogites.
1342 1012 1477 1066 Cum
1500 1010 1803 1065 orationem
1823 1006 2105 1061 celebrare

505 1115 811 1179 desideras,
843 1112 1007 1167 talem
1040 1118 1091 1164 te
1120 1106 1320 1164 exhibe
1346 1148 1360 1173 ,
1391 1103 1547 1173 quasi
1586 1116 1707 1170 qua:
1736 1101 1813 1154 sis
1842 1114 1965 1154 eum
1992 1097 2104 1151 Deo

498 1208 765 1263 locutura.
794 1200 1024 1270 Quando
1052 1199 1319 1270 psalmum
1346 1194 1506 1258 dicis,
1538 1192 1692 1262 cujus
1722 1190 1889 1245 verba
1912 1189 2106 1258 loqua-

494 1299 595 1362 ris,
636 1308 872 1367 agnosce
900 1311 912 1345 :
946 1291 1081 1347 etin
1110 1284 1533 1358 compunctione
1560 1280 1733 1352 magis
1749 1279 2103 1349 cordisquam

496 1392 551 1446 in
584 1387 811 1444 tinnula:
829 1385 978 1441 vocis
1000 1380 1290 1437 dulcedine
1312 1378 1607 1433 delectare.
1640 1375 1937 1445 Lacrymas
1958 1371 2105 1427 enim

494 1479 779 1553 psallentis
818 1478 962 1532 Deus
1003 1473 1173 1543 magis
1213 1487 1372 1541 quam
1419 1468 1567 1524 vocis
1622 1467 1851 1538 gratiam
1900 1479 2104 1535 appro-

494 1579 611 1633 bat.
643 1574 801 1628 Sicut
828 1568 1095 1639 Propheta
1118 1566 1251 1620 dicit
1277 1582 1289 1618 :
1318 1563 1516 1620 Servtte
1550 1558 1772 1613 Domino
1793 1558 1847 1611 in
1877 1558 2059 1610 timore
2082 1595 2100 1623 ,

2201 324 2479 403 Augustini
2502 346 2712 403 Operam
2733 324 2958 403 editores
2975 324 3202 403 manent.
3228 327 3311 403 4d
3327 324 3439 380 htec
3456 324 3593 403 carie
3614 326 3807 403 inscri-

2204 407 2253 459 bi
2282 394 2309 458 ἶ
2322 404 2464 474 apud
2494 394 2813 474 A'nselmum,
2844 400 2919 455 De
2949 400 3309 474 vestimentis,
3335 407 3390 451 et
3421 394 3714 474 membris,
3744 406 3810 451 et

2201 468 2415 531 actibus
2439 474 2549 530 Deo
2578 473 2794 527 tributis
2824 491 2836 525 :
2868 471 3006 540 apud
3032 470 3475 532 Bonaventuram,
3508 468 3585 522 De
3613 482 3811 540 essen-

2204 550 2275 601 tia
2305 553 2361 599 et
2384 545 2778 610 invisibilitate,
2803 552 2858 597 et
2880 536 3250 597 immensitate
3278 540 3370 593 Dei
3398 557 3412 591 :
3453 540 3505 593 in
3527 554 3655 593 mss.
3694 536 3810 591 Va-

2205 618 2376 671 ticano
2408 625 2451 671 et
2484 614 2750 669 Victorino
2781 613 2873 667 sub
2904 612 3180 684 Augustini
3205 610 3433 684 nomine,
3466 610 3544 664 De
3566 612 3808 684 essentia

2205 686 2540 751 Divinitatis,
2568 697 2622 741 et
2644 687 2714 741 de
2746 682 3143 748 invisilulitate,
3179 694 3341 749 atque
3381 682 3806 735 incommutabi-

2204 758 2356 812 litate
2374 758 2491 813 Dei.
2522 756 2759 811 Priorem
2787 757 3009 826 denique
3037 763 3083 809 et
3110 755 3390 807 maximam
3436 764 3636 826 partem
3682 751 3807 826 libri

2205 846 2269 883 ea:
2292 829 2536 883 Eucherii
2559 823 2931 899 Lugdunensis
2950 843 3123 897 apere,
3154 826 3218 878 de
3248 824 3487 893 formulis
3508 823 3802 899 spiritualis

2205 900 2584 969 intelligentia’,
2610 895 2869 967 sumptam
2900 895 3162 950 continere
3189 906 3359 969 totum
3382 904 3534 969 caput
3562 895 3800 969 ejusdem

2205 963 2653 1041 operis'primum,
2677 963 2817 1038 quod
2840 978 2912 1023 est
2941 969 3008 1022 de
3034 967 3232 1041 divinis
3260 963 3591 1041 nominibus
3616 979 3637 1017 :
3686 963 3806 1018 Nos

2204 1035 2259 1096 in
2286 1035 2644 1095 Ambrosiam:
2668 1035 3002 1095 Bibliotheca:
3029 1038 3184 1093 veteri
3210 1054 3306 1090 ms.
3335 1036 3382 1091 Α
3409 1035 3605 1097 littera,
3629 1046 3673 1088 et
3705 1052 3809 1089 uu-

2206 1128 2348 1167 mero
2370 1114 2439 1167 48
2469 1121 2755 1183 prtenotato
2776 1112 3081 1183 inscriptum
3108 1109 3412 1183 inuenimus,
3436 1105 3803 1183 δρςιῑρῃῄειδ.

2207 1176 2520 1253 Hieronymi
2551 1184 2617 1238 de
2646 1182 2882 1237 essentia
2912 1176 3207 1253 divinitatis
3233 1178 3328 1253 Dei
3352 1220 3368 1243 ,
3419 1186 3475 1233 et
3513 1176 3803 1253 invisibili-

2210 1262 2336 1319 tate,
2362 1250 2523 1322 atque
2553 1255 2915 1307 immensitate
2943 1252 3080 1322 ejus.
3127 1251 3398 1305 Verissime
3422 1259 3592 1303 autent
3624 1250 3807 1301 obser-

2206 1335 2381 1379 vatum
2401 1324 2645 1390 Erasmo,
2670 1324 2800 1378 niltil
2822 1325 2873 1377 in
2901 1322 2999 1375 hoc
3020 1339 3129 1376 esse
3151 1337 3241 1376 nec
3266 1322 3534 1381 sermonis.
3565 1335 3662 1373 nec
3682 1336 3809 1373 eru-

2208 1396 2447 1465 ditionis,
2472 1412 2561 1451 nec
2578 1397 2819 1467 pectoris,
2848 1393 2988 1464 quod
3018 1392 3397 1464 Hieronymum
3420 1391 3651 1461 recipiat.

2734 1529 3070 1587 EPISTOLA
3107 1526 3256 1585 XIV.

496 1679 546 1723 et
576 1664 834 1722 exsultate
853 1664 897 1717 ei
929 1678 1045 1715 cum
1073 1670 1290 1713 tremore
1318 1654 1493 1729 (Psul.
1520 1668 1577 1717 Ii,
1597 1650 1706 1723 ll).
1735 1650 1837 1707 Ubi
1862 1650 2024 1704 timor
2048 1656 2102 1704 et
2128 1648 2180 1711 B
2258 1647 2338 1705 De
2365 1647 2446 1705 liis
2465 1663 2581 1721 qua:
2607 1645 2717 1701 Deo
2741 1648 2792 1702 in
2825 1646 3116 1717 Scripturis
3138 1645 3334 1700 sanctis
3358 1642 3741 1699 attribuuntur.

495 1771 705 1817 tremor
734 1766 837 1823 est,
862 1754 937 1811 ibi
970 1770 1079 1812 non
1104 1753 1254 1808 vocis
1284 1751 1481 1812 elatio,
1532 1747 1625 1802 sed
1659 1745 1872 1800 animus
1898 1743 2099 1798 ﬁebilis

494 1863 600 1920 est,
630 1862 683 1908 et
711 1851 1014 1920 lacrymosa
1047 1845 1306 1915 dejectio.
1342 1841 1605 1898 Omnibus
1630 1837 1841 1893 actibus
1865 1836 1991 1905 tuis,
2015 1834 2100 1890 di-

495 1946 770 2017 ligentiam
799 1942 1019 2008 adhibe,
1044 1940 1169 2009 quia
1200 1936 1465 2005 scriptum
1489 1940 1609 1990 est:
1660 1930 1974 1986 Maledictus
2002 1927 2099 1983 lto-

493 2058 579 2094 mo
604 2040 690 2109 qui
712 2037 838 2109 facit
867 2050 994 2105 opus
1028 2030 1123 2085 Dei
1148 2029 1482 2102 negligenter.

569 2129 708 2184 XVI.
740 2129 963 2183 Crescat
989 2124 1083 2179 tibi
1108 2138 1232 2178 cum
1262 2121 1416 2175 annis
1465 2117 1669 2190 gratia,
1712 2123 1941 2183 crescat
1974 2130 2095 2171 eum

494 2222 907 2295 tetatejustitia,
954 2228 1010 2274 et
1048 2217 1185 2272 ﬁdes
1231 2230 1297 2270 eo
1338 2212 1631 2284 perfectior
1669 2210 1917 2267 videatur
1942 2225 2097 2277 esse,

494 2334 603 2388 quo
631 2316 812 2371 senior
842 2320 945 2368 est.
978 2309 1113 2377 Quia
1137 2306 1399 2363 Dominus
1422 2312 1603 2360 noster
1629 2303 1788 2359 Jesus
1808 2300 2055 2358 Christus
2080 2343 2096 2367 ,

494 2409 586 2478 qni
617 2406 775 2461 nobis
800 2400 1109 2471 exemplum
1165 2396 1383 2453 vivendi
1431 2394 1691 2464 reliquit,
1738 2393 2096 2463 proﬁciebat,

496 2516 605 2555 non
631 2506 791 2553 celate
823 2504 1027 2551 tantum
1060 2504 1328 2561 corporea
1352 2534 1365 2557 ,
1404 2488 1499 2543 sed
1530 2488 1795 2558 sapientia
1842 2498 1894 2541 et
1925 2486 2097 2557 gratia

495 2592 765 2664 Spirituali
789 2604 972 2644 coram
996 2590 1107 2639 Deo
1134 2592 1188 2638 et
1216 2580 1549 2636 hominibus.
1576 2584 1750 2635 Omne
1779 2588 2014 2650 tempus,
2044 2578 2097 2635 in

492 2702 601 2757 quo
627 2694 678 2739 te
710 2698 815 2737 non
848 2679 1133 2735 meliorem
1162 2672 1761 2737 senseris,hoctestima
1777 2672 2097 2742 perdidisse.

497 2778 747 2845 Cmptum
774 2768 1102 2841 virginitatis
1126 2765 1459 2837 propositum
1492 2764 1557 2819 ad
1583 2765 1742 2821 ﬁnem
1771 2780 1943 2836 usque
1971 2778 2103 2821 con-

501 2866 819 2935 serva,quia
842 2878 950 2919 non
974 2861 1258 2916 inchoasse
1290 2866 1519 2927 tantum,
1544 2858 1635 2914 sed
1666 2858 1963 2930 perfecisse
1994 2860 2103 2914 vir-

501 2971 587 3016 tus
617 2969 721 3014 est.
755 2958 908 3013 Sicut
930 2957 984 3011 in
1010 2952 1306 3025 Evangelio
1340 2952 1600 3009 Dominus
1629 2956 1743 3010 ait:
1777 2952 1880 3021 Qui
1923 2948 2101 3009 autem

500 3050 899 3125 perseveraverit
930 3064 1087 3119 usque
1115 3047 1169 3100 in
1202 3046 1361 3115 ﬁnem
1382 3089 1395 3114 ,
1430 3045 1512 3101 ln'c
1540 3045 1715 3101 salvus
1743 3047 1837 3099 erit
1864 3046 1883 3117 (
1909 3044 2098 3100 Matth.
2129 3028 2178 3094 C

502 3163 553 3212 κ,
587 3143 703 3217 99.).
735 3144 877 3199 Cave
906 3156 1067 3213 ergo,
1093 3154 1161 3195 ne
1202 3139 1288 3194 cui
1315 3137 1729 3209 concupiscendi
1767 3136 2107 3193 occasionem

504 3238 736 3306 tribuas,
770 3234 893 3306 quia
926 3246 1159 3303 sponsus
1188 3239 1309 3286 tuus
1332 3228 1473 3285 Deus
1502 3230 1683 3284 zelans
1710 3239 1813 3285 est.
1835 3227 2106 3285 Crimine-

504 3333 617 3387 sior
647 3340 729 3385 est
760 3327 903 3383 enim
933 3325 1176 3381 adultera
1227 3320 1430 3378 Christi
1474 3335 1633 3392 quam
1691 3319 1893 3376 mariti.
1957 3318 2109 3376 Unde

504 3422 728 3495 pulchre
757 3421 1000 3476 Romana
1025 3417 1297 3484 Ecclesia,
1330 3414 1631 3487 aposmlico
1659 3414 1777 3470 sine
1798 3413 1983 3480 dubio,
2011 3428 2106 3470 cu-

498 3517 588 3586 jus
614 3513 797 3569 sedem
828 3512 1055 3577 obtinet,
1078 3509 1279 3579 spiritu
1306 3508 1542 3561 animata
1563 3548 1577 3571 ,
1600 3514 1708 3560 tarn
1731 3520 1976 3563 severam
2005 3521 2107 3560 nu-

507 3621 604 3675 per
633 3605 700 3659 de
728 3601 1033 3672 hujusmodi
1056 3598 1381 3655 sententiam
1407 3598 1593 3653 statuit
1619 3643 1632 3666 ,
1666 3606 1723 3651 ut
1758 3598 1850 3652 vix
1877 3596 1963 3653 vel
1993 3612 2109 3668 pce-

504 3693 730 3752 nitentia
774 3694 990 3763 dignam
1034 3691 1338 3761 judicaret,
1390 3704 1509 3760 quae
1554 3690 1947 3745 sanctificatum
1997 3690 2108 3747 Deo

506 3801 705 3855 corpus
728 3782 1015 3838 libidinosa
1046 3781 1487 3852 coinquinatione
1512 3780 1782 3837 violasset.
1820 3783 1949 3838 Esto
1976 3798 2107 3853 ergo

509 3876 727 3934 vivendi
751 3874 1002 3931 omnibus
1025 3873 1349 3939 forma,esto
1365 3874 1691 3945 exemplum,
1708 3876 1951 3946 praecede
1971 3885 2026 3931 et
2052 3877 2105 3932 in

506 3980 629 4027 actu
661 3983 797 4040 quos
823 3968 875 4023 in
902 3966 1168 4023 castitatis
1197 3966 1619 4022 sanctiﬁcatione
1641 3969 1953 4038 praecurris.
1988 3968 2107 4025 Viro

509 4065 687 4132 ginem
715 4069 768 4115 te
795 4060 847 4115 in
874 4058 1126 4115 omnibus
1153 4057 1380 4126 exhibe,
1409 4058 1544 4113 nihil
1572 4062 1937 4130 corruptionis
1962 4061 2104 4132 obji-

508 4164 680 4215 ciatur
706 4157 866 4227 capiti
899 4165 1009 4225 tuo,
1039 4153 1191 4225 cujus
1218 4168 1419 4224 corpus
1445 4154 1710 4225 integrum
1733 4162 1839 4219 est,
1864 4166 1920 4211 ut
1942 4164 1997 4211 et
2018 4165 2106 4212 tua

508 4258 579 4311 sit
628 4251 955 4308 inviolabilis
1002 4248 1364 4305 conversatio.
1431 4249 1499 4303 Et
1550 4249 1805 4319 quoniam
1858 4250 1999 4305 sicut
2049 4249 2105 4305 in

507 4348 733 4403 exordio
754 4343 999 4415 epistolae
1027 4340 1236 4411 prmfati
1264 4354 1452 4395 sumus
1485 4382 1499 4404 ,
1538 4348 1589 4395 te
1636 4340 1729 4395 Dei
1778 4339 2103 4397 sacriﬁcium

2500 1760 2647 1826 (Vide
2670 1761 2726 1811 S.
2751 1760 3079 1823 Augustinum
3100 1757 3194 1809 Ioc.
3219 1768 3369 1822 supra
3390 1757 3498 1819 cit.)

2749 1882 3087 1943 EPISTOLA
3125 1881 3247 1941 XV.

2662 2012 2760 2053 seu
2786 1998 2991 2053 Dan/t5!
3029 2008 3335 2052 svunowu.

2199 2112 2349 2180 (Vide
2390 2113 2484 2167 hoc
2523 2113 2987 2180 symbolum___i_nter
3032 2114 3212 2180 scripta
3257 2112 3336 2180 S_._
3377 2107 3523 2176 Papa:
3570 2109 3808 2163 attributa

2650 2184 2769 2226 tum.
2796 2175 2905 2226 XIII
2933 2183 3111 2226 nostra:
3137 2173 3345 2237 l’atrol.)

2736 2301 3074 2358 EPISTULA
3113 2300 3255 2355 XVI.

2416 2435 2513 2476 SEU
2554 2433 2892 2475 EIPLANA'I‘IO
2931 2412 3149 2472 SYIDOLI
3190 2431 3260 2471 AD
3302 2415 3584 2472 DAIASUI.

2262 2532 2401 2606 {Cum
2419 2533 2478 2606 ad
2497 2534 2620 2582 hanc
2640 2532 3178 2606 explanationem,un
3198 2529 3388 2606 Pelag}
3408 2530 3555 2606 vulgo
3568 2529 3808 2606 habetur,

2202 2594 2526 2649 refutandam.
2565 2609 2671 2643 eam
2700 2594 2828 2656 pene
2855 2604 3009 2657 totam
3013 2594 3318 2657 _excripserit
3338 2594 3389 2642 S.
3430 2596 3735 2657 Augustinus
3761 2596 3810 2643 in

2203 2658 2331 2709 libro
2356 2660 2420 2708 de
2442 2657 2606 2707 Gratia
2629 2654 2825 2715 Christi,
2848 2664 2965 2705 tom.
2988 2654 3051 2718 Χ,
3078 2657 3143 2705 ibi
3167 2654 3393 2719 videsis.)

2321 2801 2635 2859 MONITUM
2680 2800 2747 2857 IN
2786 2799 3179 2857 EI'ISTOLAM
3219 2798 3684 2867 SEQUENTEM.

2281 2940 2348 2999 Ut
2370 2940 2482 2996 haec
2516 2940 2831 3012 Hieronymo
2855 2939 3181 3004 tribueretur,
3196 2938 3330 2992 illud
3358 2940 3410 3012 in
3434 2954 3593 3012 causa
3623 2941 3809 3012 fuerit,

2206 3017 2474 3086 quodtpse
2500 3010 2730 3083 epistola
2752 3017 2805 3065 in
2834 3022 3007 3086 nostra
3039 3011 3333 3064 recensione
3360 3011 3424 3064 I7
3457 3013 3508 3063 in
3537 3011 3641 3078 ﬁne
3664 3010 3731 3063 de
3758 3029 3815 3064 se

2211 3081 2319 3140 ait:
2344 3081 2418 3139 De
2448 3081 2552 3139 fide
2578 3093 2754 3138 autem
2779 3083 2919 3153 quod
2951 3081 3201 3150 dignatus
3226 3097 3284 3135 es
3313 3085 3578 3146 scribere,
3614 3095 3814 3136 sancto

2209 3155 2417 3227 Cyrillo
2443 3155 2567 3210 dedi
2598 3153 3435 3227 COIISCI‘IpIﬂIDﬂFIchII.A(lubbit:
3464 3170 3569 3227 non
3599 3155 3814 3217 credit,

2210 3222 2423 3283 alienus
2463 3242 2493 3280 a
2549 3226 2769 3280 Christo
2810 3222 2910 3279 est.
2959 3222 3143 3277 Verum
3174 3225 3269 3277 illa
3321 3222 3479 3276 Fides
3517 3225 3657 3276 circa
3707 3238 3814 3277 tres

2211 3299 2835 3371 hypostases_versabatrtr
2859 3314 2877 3351 :
2907 3296 2972 3349 de
2996 3312 3099 3371 qua
3118 3296 3463 3371 controversia
3490 3296 3539 3347 in
3565 3299 3817 3371 supposi-

2211 3366 2326 3422 titia
2370 3371 2470 3422 ista
2506 3367 2886 3439 Explanatione
2930 3368 3134 3439 nullum
3177 3380 3249 3421 est
3298 3367 3523 3439 verbum.
3565 3368 3645 3419 Att
3698 3366 3816 3419 Iure

2210 3442 2400 3509 stylus,
2431 3435 2611 3509 resque
2639 3441 2754 3508 ipsa
2784 3438 2993 3499 clamat.
3028 3435 3338 3508 Hieronymi
3365 3438 3498 3489 ltunc
3520 3454 3624 3490 non
3656 3454 3770 3491 esse
3795 3454 3814 3490 :

2208 3512 2366 3564 immo
2395 3528 2505 3565 esse
2532 3510 2750 3564 recentis
2778 3510 3027 3576 auctoris,
3050 3509 3186 3563 ratio
3226 3525 3327 3580 qua
3351 3511 3607 3579 mysteria
3635 3509 3813 3579 expli-

2209 3596 2415 3650 cantur,
2447 3582 2658 3636 omnino
2685 3584 2980 3653 persuadet.

2729 3711 3064 3769 EPISTULA
3103 3710 3273 3782 xvn,

2478 3843 2576 3886 seu
2604 3841 2940 3885 “rumeno
2964 3842 3107 3884 nam
3136 3843 3204 3882 Α»
3238 3826 3532 3884 Craztwu.

2282 3969 2325 4027 I.
2361 3969 2649 4027 Credimus
2684 3967 2739 4023 in
2778 3982 2941 4023 unum
2996 3966 3164 4023 Deum
3207 3964 3423 4021 Patrem
3471 3966 3816 4036 omnipoten-

2209 4071 2345 4130 tem,
2376 4064 2619 4119 omnium
2654 4060 2953 4116 visibilium
2978 4068 3037 4116 et
3070 4058 3421 4114 imisibilium
3449 4060 3768 4114 Creatorem
3801 4078 3813 4113 :

2208 4166 2267 4214 et
2297 4158 2351 4211 in
2384 4172 2553 4211 unum
2585 4157 2870 4211 Dominum
2907 4164 3151 4209 nostrum
3182 4154 3371 4208 .ICSttm
3412 4152 3691 4207 Christum
3724 4152 3817 4206 Fi-

2209 4250 2344 4305 lium
2386 4250 2504 4320 ejus
2533 4292 2547 4315 ,
2594 4258 2778 4303 natum
2822 4248 2890 4302 de
2930 4245 3236 4302 substantia
3279 4245 3375 4301 Dei
3416 4245 3623 4311 Patris,
3665 4247 3813 4316 quod

2209 4342 2400 4401 Graece
2426 4345 2625 4400 dicitur
2650 4345 2934 4416 ὁμοούσιον,
2964 4344 3130 4398 Deum
3161 4342 3228 4397 de
3268 4342 3401 4408 Deo,
3433 4344 3613 4397 lumen
3638 4342 3708 4397 de
3730 4341 3815 4395 Iu-

506 4442 702 4495 factnm
735 4480 750 4506 ,
801 4435 944 4507 quod
990 4433 1175 4504 utique
1220 4431 1698 4489 sanctiﬁcationetn
1745 4448 1896 4487 suam
1942 4434 2101 4489 etiam
2132 4416 2188 4478 Ῑ)
2216 4438 2571 4506 mine,Deum
2592 4440 2862 4492 verumde
2884 4437 2993 4492 Deo
3020 4452 3169 4501 vero,
3200 4448 3408 4501 natum,
3440 4452 3547 4490 non
3580 4435 3813 4503 factum,

504 4536 625 4589 aliis
648 4532 916 4603 impertit,
955 4537 1010 4585 et
1051 4528 1296 4599 quisquis
1333 4543 1401 4582 ex
1458 4542 1524 4581 eo
1568 4527 1731 4597 digne
1778 4529 2100 4597 sumpserit,

508 4621 951 4681 sanctiﬁcationis
984 4631 1039 4677 et
1060 4621 1176 4690 ipse
1208 4620 1278 4674 sit
1300 4618 1589 4689 particeps.
1621 4620 1696 4674 ita
1728 4635 1856 4689 ergo
1887 4635 1983 4690 per
2015 4632 2100 4687 te,

509 4722 661 4793 quasi
690 4735 784 4790 per
808 4718 983 4773 vivam
1017 4714 1125 4786 [Αι.
1154 4710 1414 4783 divinam]
1446 4715 1674 4768 hostiatn
1699 4716 2105 4771 sanctilicentur

511 4822 741 4877 caeterte,
768 4825 890 4865 cum
923 4810 1118 4879 quibus
1141 4816 1192 4862 te
1231 4807 1303 4860 ita
1343 4806 1394 4859 in
1425 4806 1677 4862 omnibus
1712 4807 2001 4873 exhibeasj,
2046 4818 2106 4863 ut

508 4906 753 4975 quisquis
777 4906 938 4959 vitam
972 4914 1138 4970 tuam,
1171 4909 1264 4954 aut
1293 4900 1433 4965 visu,
1465 4909 1557 4955 aut
1580 4900 1766 4957 auditu
1793 4903 2105 4973 contigerit,

511 4994 951 5049 sanctiﬁcationis
1001 4995 1110 5047 vim
1155 4991 1390 5060 sentiat,
1423 5001 1475 5047 et
1517 5002 1723 5047 tantum
1768 4994 1871 5047 sibi
1909 4994 2110 5049 intelli-

514 5096 605 5157 gat
632 5085 817 5157 gratia:
838 5101 905 5139 ex
946 5094 1032 5139 tua
1059 5084 1475 5141 conversatione
1501 5084 1806 5141 transfundi
1840 5103 1853 5139 :
1878 5095 1936 5141 ut
1977 5086 2104 5141 dum

512 5194 564 5237 te
618 5178 818 5234 imitari
880 5177 1247 5247 concupiscit,
1307 5175 1406 5231 Dei
1453 5177 1724 5232 sacrificio
1774 5187 1829 5233 et
1869 5178 1985 5248 ipse
2035 5177 2107 5233 sit

506 5278 723 5333 dianus.

564 5320 593 5349 ο
632 5384 945 5444 MONITUM
984 5384 1049 5441 ΙΝ
1090 5382 1492 5440 ΕριδτοιΑΜ
1532 5383 1974 5453 SEQUENTEM.

580 5501 813 5556 [labetur
845 5502 996 5571 longo
1042 5501 1245 5554 auctius
1268 5509 1604 5571 nssumeuto,
1638 5500 1792 5571 etiam
1820 5500 1961 5570 apud
1992 5501 2104 5554 Au-

506 5576 768 5640 guslirtum
786 5574 839 5628 in
857 5573 1139 5643 appendice
1155 5571 1483 5643 Tontioctari
1505 5570 1594 5643 sub
1612 5570 1761 5623 titulo
1780 5573 1851 5643 De
1870 5575 2105 5631 essentia

513 5642 835 5707 Divinitatis.
855 5641 1019 5699 Sedet
1037 5642 1155 5697 aliis
1172 5641 1676 5731 ntuttisauctoribtts,
1691 5642 1983 5714 Ambrosio,
1999 5643 2109 5705 An-

2212 4531 2357 4587 sicut
2384 4531 2632 4587 hmretici
2661 4531 2848 4586 dicunt
2881 4549 2893 4584 :
2926 4546 3021 4601 per
3049 4545 3209 4600 quem
3254 4530 3433 4583 omnia
3465 4527 3729 4593 visibilia,
3759 4539 3819 4582 et

2211 4623 2501 4680 invisibilia
2536 4624 2671 4679 facta
2712 4634 2857 4689 sunt,
2892 4623 3084 4678 tamin
3124 4623 3281 4679 ctelis
3319 4638 3479 4693 quam
3521 4622 3571 4675 in
3618 4631 3763 4675 terra
3803 4640 3816 4674 :

2210 4719 2303 4789 qui
2338 4728 2563 4788 propter
2584 4733 2682 4772 nos
2713 4718 2961 4771 homines
3000 4725 3053 4771 et
3086 4728 3327 4771 twstram
3366 4716 3596 4770 salutem
3630 4715 3818 4768 incar-

2214 4822 2395 4877 natus,
2427 4812 2590 4867 homo
2641 4810 2834 4879 factus,
2886 4826 3097 4881 passus,
3154 4812 3456 4867 resurrexit
3501 4808 3659 4865 tertia
3702 4808 3818 4876 die,

2213 4904 2463 4959 ascendit
2500 4906 2552 4958 in
2600 4903 2791 4969 caelos,
2822 4915 3087 4959 venturus
3118 4904 3243 4959 inde
3279 4904 3524 4974 judicare
3564 4902 3718 4957 vivos
3762 4914 3821 4958 et

2213 5006 2460 5052 mortuos
2498 5016 2510 5050 :
2545 5009 2598 5052 et
2655 4997 2706 5051 in
2756 4996 3017 5067 Spiritum
3066 5005 3353 5064 sanctum,
3401 4995 3490 5064 qni
3534 4996 3601 5049 de
3653 4992 3822 5049 Patre

2213 5090 2482 5160 processit
2505 5090 2742 5159 pr0prie,
2769 5099 2821 5144 ct
2849 5089 2987 5144 Deus
3014 5097 3101 5143 est
3132 5102 3294 5142 verus
3317 5086 3459 5141 sicut
3484 5085 3679 5141 Filius.
3708 5086 3821 5140 llos

2211 5190 2392 5236 autem
2423 5186 2511 5250 qui
2543 5180 2753 5242 dicunt,
2779 5190 2897 5233 erat
2926 5188 3141 5248 tempus
3172 5176 3393 5248 quando
3432 5192 3538 5229 non
3580 5186 3697 5230 erat
3733 5174 3825 5229 Fi-

2211 5274 2315 5328 lius
2358 5283 2542 5338 natus,
2578 5280 2635 5327 et
2679 5271 2988 5341 priusquam
3030 5281 3368 5333 nasceretur,
3400 5283 3505 5323 non
3541 5276 3685 5329 erat,
3728 5279 3825 5321 aut

2212 5366 2355 5437 quod
2388 5382 2452 5420 ex
2486 5366 2656 5420 nihilo
2684 5369 2858 5419 factus
2882 5364 2975 5429 sit,
2999 5374 3092 5417 aut
3128 5374 3289 5418 natus
3327 5364 3418 5427 sit,
3444 5370 3535 5415 aut
3576 5360 3825 5415 mutabi—

2213 5459 2343 5521 lem,
2374 5468 2464 5510 aut
2492 5456 2907 5510 convertibilcm
2944 5454 3141 5509 Filium
3185 5453 3279 5508 Dei
3308 5454 3496 5509 dicunt
3525 5466 3649 5507 esse
3676 5469 3690 5505 :
3721 5454 3825 5506 hos

2211 5548 2637 5603 anathematizat
2692 5545 2971 5602 Catholica
3018 5557 3074 5602 et
3123 5547 3435 5619 Apestolica
3501 5544 3759 5604 Ecclesia
3807 5564 3821 5601 :

2210 5641 2357 5723 quod
2404 5640 2541 5715 ﬁde;
2572 5639 2922 5720 invisibiliuqi
2967 5655 3151 5719 rerqu
3190 5650 3293 5719 est,
3336 5654 3443 5716 non
3491 5637 3825 5723 visibilium,
