3998 6198
227 394 326 455 177

860 392 1197 454 EPISTOLA
1238 392 1416 467 XVII,
1458 392 1595 457 SEU
1638 386 2077 452 EXPLANATIO
2114 390 2329 465 FlDEl,
2380 394 2905 470 ADICYRILLUM.

3423 402 3529 461 £78

224 509 377 567 Unde
412 507 605 566 Ariani
641 509 976 568 Salvatorem
1018 509 1263 566 videntes
1291 509 1346 565 in
1371 522 1563 574 carne,
1598 515 1817 578 putave-
1838 504 1900 570 Δ
1920 508 2127 577 sciens,
2157 519 2214 564 et
2245 510 2373 566 Adae
2396 511 2451 566 in
2474 513 2727 583 paradiso
2755 514 2904 569 visus
2934 523 3040 581 est,
3069 527 3123 571 et
3152 516 3205 572 in
3236 517 3526 589 praedesti-

221 612 343 659 runt
374 603 499 671 ejus
523 603 866 659 divinitatem
901 603 1064 658 talem
1092 616 1217 658 esse
1254 601 1469 673 qualem
1496 610 1554 656 et
1581 615 1824 667 carnem,

224 694 556 765 passibilcm,
596 704 653 751 et
683 696 1001 752 mutabilem
1026 737 1042 761 ,
1080 694 1533 763 convertibilem,
1580 709 1831 767 compre-

224 786 580 854 hensibilem,
611 797 665 843 et
688 788 845 859 quasi
872 786 1288 855 formidantem,
1318 796 1374 844 et
1398 788 1555 859 quasi
1579 791 1832 845 nescien-

220 888 327 934 tem
369 881 580 945 omnia,
614 890 670 933 et
709 879 1094 950 proficientem
1144 889 1307 935 aetate
1352 887 1409 936 et
1451 880 1741 950 sapientia,
1775 890 1830 936 et

218 971 355 1026 nihil
395 970 689 1027 facientem
722 987 789 1028 ex
829 987 909 1038 se,
941 983 997 1027 et
1027 971 1355 1041 subjectum,
1381 981 1436 1027 et
1465 982 1715 1028 orantem
1758 971 1826 1028 ad

214 1062 471 1128 Patrem,
493 1073 547 1118 et
577 1063 781 1134 gratias
821 1072 1095 1133 agentem,
1127 1073 1182 1118 et
1210 1063 1485 1129 edentem,
1520 1072 1575 1117 et
1616 1063 1829 1132 patien-

213 1162 353 1220 tem,
382 1164 439 1208 et
467 1155 875 1226 lacrymantcm,
904 1163 958 1209 et
980 1163 1304 1224 gementem,
1340 1164 1393 1208 et
1422 1154 1822 1223 quiescentem:

225 1245 292 1300 Et
323 1256 604 1315 postremo
628 1262 749 1316 quae
780 1254 905 1300 sunt
931 1254 1197 1301 creatura:
1235 1246 1474 1315 prepria,
1508 1245 1625 1301 haec
1665 1247 1820 1304 carni

1932 600 2152 656 natione
2180 602 2387 658 carnali
2432 602 2610 660 futura
2657 607 2946 662 enuntians
2977 608 3050 673 ei,
3081 616 3137 663 et
3178 624 3303 664 cum
3348 609 3521 666 Jacob

1928 693 2167 751 luctatus
2210 703 2297 750 est
2338 713 2352 749 :
2398 705 2453 752 et
2483 698 2935 767 quemadmodum
2984 699 3219 755 humana
3260 700 3522 772 fragilitas

1932 798 2129 854 capere
2173 793 2415 855 poterat,
2448 787 2894 844 condescendens
2949 790 3360 845 inﬁrmitatibus
3404 806 3522 847 om-

1933 876 2108 941 nium,
2138 875 2482 932 diversorum
2515 893 2716 947 genera
2759 880 3043 949 approbat,
3067 880 3189 937 aliis
3228 882 3286 936 in
3328 881 3522 951 gloria,

1934 968 2143 1024 timoris
2171 970 2415 1025 omnium
2446 984 2633 1038 causa,
2664 971 2785 1027 aliis
2809 972 2865 1027 in
2888 972 3521 1041 humilitate,eminentis

1929 1060 2050 1129 ejus
2078 1060 2336 1115 bonitatis
2366 1062 2748 1131 agnoscendus.
2781 1063 2837 1119 Si
2878 1079 3007 1135 ergo
3040 1066 3404 1135 sempiternus
3436 1066 3525 1121 Fi-

1927 1147 2031 1203 lius
2059 1149 2126 1204 de
2154 1150 2316 1205 Patre
2353 1159 2438 1205 est
2476 1156 2712 1221 genitus,
2746 1155 2946 1225 quippe
2988 1166 3045 1210 et
3096 1157 3280 1212 omnia
3317 1159 3519 1223 sciens,

1924 1240 2107 1295 omnia
2143 1253 2355 1311 potens,
2397 1253 2451 1298 et
2483 1247 2667 1300 omnia
2708 1248 2949 1315 salvans,
2984 1252 3168 1307 omnia
3211 1254 3519 1319 continens,

212 1344 420 1394 creatae
446 1336 755 1393 Salvatoris
783 1335 1104 1391 ascribenda
1133 1346 1263 1392 sunt
1308 1338 1513 1408 utique,
1541 1353 1646 1392 non
1677 1338 1820 1393 divi-
1917 1330 2190 1401 judicans,
2224 1349 2417 1390 creans
2449 1351 2573 1391 cum
2608 1337 2769 1393 Patre
2807 1356 3027 1410 semper
3051 1356 3104 1399 et
3137 1346 3341 1415 Spiritu
3369 1362 3525 1403 sanc-

216 1429 391 1492 nitati,
428 1430 555 1498 quia
579 1429 781 1484 dicitur
813 1430 866 1483 in
892 1429 1172 1498 Scriptura
1202 1430 1345 1485 Deus
1372 1440 1427 1484 et
1461 1430 1644 1485 homo.
1676 1430 1815 1499 Quia

213 1537 340 1593 ergo
363 1529 593 1592 propter
624 1536 725 1576 nos
755 1530 810 1576 et
838 1522 999 1576 homo
1026 1521 1249 1589 dicitur,
1275 1538 1381 1577 non
1410 1522 1670 1579 debemus
1693 1541 1816 1595 qua:

214 1624 341 1671 sunt
369 1613 550 1670 carnis
589 1614 702 1668 Deo
740 1614 1035 1680 ascribere,
1068 1622 1268 1685 etquae
1306 1623 1436 1670 sunt
1478 1616 1595 1680 Dei,
1627 1616 1815 1671 carnis

216 1709 490 1765 :estimare
513 1706 820 1777 pr0pria.Si
844 1706 969 1777 quid
991 1707 1157 1777 igitur
1182 1707 1384 1774 minus,
1408 1718 1500 1763 aut
1519 1709 1808 1780 inaequale,

215 1810 309 1855 aut
352 1799 628 1869 impotens
664 1798 863 1853 dicitur
893 1799 946 1853 in
995 1799 1303 1869 Scriptura,
1334 1809 1428 1855 aut
1476 1801 1807 1871 subjectum,

1923 1428 2207 1497 to,accipc
2242 1428 2407 1498 igitur
2444 1430 2589 1498 quod
2621 1442 2869 1489 creatura
2907 1435 3049 1492 Deus
3078 1453 3243 1493 verus
3283 1456 3389 1494 non
3423 1456 3524 1510 po-

1922 1526 2029 1572 test
2058 1534 2201 1585 esse,
2234 1536 2410 1591 neque
2440 1534 2690 1579 creatura
2720 1536 3028 1583 creaturam
3053 1530 3523 1597 salvare,dicente

1919 1607 2199 1681 Scriptura
2231 1630 2244 1665 :
2279 1612 2346 1667 Et
2377 1614 2669 1686 coluerunt,
2697 1629 2742 1670 et
2766 1621 3047 1675 servierunt
3070 1634 3323 1677 creatura:
3348 1627 3524 1695 potius

1917 1720 2074 1774 quam
2093 1704 2346 1771 Creatori,
2364 1709 2449 1777 qui
2469 1718 2541 1762 est
2569 1709 2865 1767 benedictus
2892 1712 3029 1769 Deus
3053 1715 3107 1769 in
3129 1717 3516 1790 swcula(Rom.

1919 1813 1960 1863 l,
1984 1798 2102 1869 25).
2137 1798 2304 1856 Vides
2332 1799 2513 1871 igitur,
2547 1804 2691 1872 quod
2724 1807 3050 1877 pagauitatis
3092 1819 3178 1866 est
3209 1811 3315 1867 hoc
3345 1815 3519 1883 magis

214 1902 305 1948 aut
328 1892 555 1959 humile,
587 1892 770 1947 carnis
790 1890 910 1962 ejus
936 1900 1021 1948 est
1050 1901 1366 1962 assumptte.
1395 1892 1531 1960 Quia
1564 1908 1697 1949 vero
1726 1909 1819 1949 na-
1844 1889 1899 1954 Β
1928 1904 2087 1960 quam
2118 1890 2581 1950 Christianitatis?
2607 1896 2674 1950 Et
2703 1900 2849 1967 quod
2879 1916 2990 1956 non
3021 1911 3273 1974 tempore
3311 1915 3395 1962 est
3424 1923 3521 1962 na-

216 1995 301 2041 tus
330 1994 419 2040 est
453 1983 519 2038 de
549 1997 739 2049 carne,
771 1992 825 2039 et
854 1983 978 2054 quia
1012 1998 1138 2039 cum
1182 1983 1494 2041 hominibus
1522 1984 1741 2056 triginta
1765 1994 1821 2043 et

216 2080 338 2151 plus
368 2093 545 2133 annos
569 2087 927 2134 conversatus
944 2088 1051 2145 est,
1074 2088 1131 2135 et
1158 2095 1288 2135 vere
1311 2080 1547 2137 habebat
1577 2083 1693 2153 pati
1721 2100 1735 2137 :
1764 2092 1821 2139 et

217 2172 339 2226 ideo
368 2180 424 2226 et
451 2186 610 2226 vcrus
629 2170 805 2225 ‘homo
836 2180 1060 2242 propter
1081 2188 1301 2229 carnem
1328 2174 1615 2245 accipitur,
1644 2183 1700 2231 et
1729 2190 1821 2233 ve-

216 2279 307 2318 rus
340 2262 489 2318 Deus
528 2263 841 2317 incarnatus
861 2271 967 2329 est,
998 2263 1051 2318 in
1077 2279 1242 2321 carne
1265 2280 1456 2335 passus
1478 2276 1669 2323 natura
1696 2283 1821 2338 pas-

217 2354 387 2419 sibili,
408 2370 515 2410 non
541 2355 930 2411 deitatileaec
953 2357 1099 2411 enim
1128 2372 1249 2427 qua:
1276 2359 1385 2426 pati
1404 2359 1668 2416 debuerat
1690 2376 1822 2417 caro

222 2445 463 2502 hominis
495 2448 933 2518 transgressoris,
962 2464 1062 2519 pro
1091 2448 1403 2506 hominibus
1432 2453 1539 2521 pati
1568 2452 1822 2525 dignatus

223 2549 309 2595 est
333 2540 483 2595 Deus
532 2556 629 2609 per
672 2557 890 2597 carnem
940 2543 1255 2611 passibilcm
1292 2561 1305 2598 :
1342 2554 1399 2599 ut
1435 2554 1491 2601 et
1522 2547 1823 2605 divinitatis

224 2631 341 2703 ejus
372 2634 789 2689 ineuarrandam
828 2637 1127 2703 potentiam
1170 2639 1222 2691 in
1259 2654 1317 2694 re
1352 2640 1555 2696 visibili
1596 2644 1823 2712 prtedic-

226 2732 331 2778 tam
353 2725 657 2780 sentiamus
684 2743 697 2778 :
729 2737 781 2781 et
813 2728 1065 2784 bonitatis
1092 2729 1209 2799 ejus
1238 2730 1483 2799 divitias,
1516 2732 1568 2788 id
1603 2744 1708 2801 est,
1726 2751 1823 2806 per

226 2817 579 2887 passionem,
612 2820 989 2877 remissionem
1041 2830 1388 2893 peccatorum
1436 2826 1722 2886 credentes
1766 2830 1823 2887 in

224 2924 345 2966 eum
374 2927 793 2983 consequamur.

294 3003 361 3058 ll.
393 3003 562 3071 Quale
583 3006 851 3077 estigitur
881 3010 1080 3065 malum
1105 3011 1229 3081 hoc,
1255 3020 1315 3069 ut
1341 3014 1538 3072 audeat
1564 3017 1684 3087 quis
1703 3033 1828 3089 gra-

222 3094 353 3149 tiam
385 3097 601 3151 Domini
634 3099 805 3154 nostri
830 3099 957 3155 Jesu
990 3102 1212 3173 Christi,
1241 3121 1403 3177 quam
1438 3124 1536 3178 pro
1560 3110 1717 3166 nobis
1743 3110 1824 3167 fe-

221 3187 294 3243 cit
314 3203 378 3243 se
406 3189 718 3260 humilians,
740 3201 796 3247 ut
819 3206 917 3248 nos
946 3196 1269 3265 exalteutur,
1297 3197 1546 3255 humanis
1574 3202 1827 3258 sensibus

1925 1994 2034 2051 tus,
2064 1984 2161 2041 sed
2184 2001 2400 2056 semper
2427 1996 2586 2043 natus
2616 1999 2735 2045 erat
2761 1991 2829 2047 de
2857 1992 3038 2059 Patre,
3062 1996 3195 2052 dicit
3226 2000 3521 2069 Apostolus

1920 2076 2116 2134 beatus
2146 2095 2161 2132 :
2187 2076 2481 2134 Ineisibilia
2507 2082 2642 2135 enim
2682 2085 2795 2153 eius
2822 2100 2855 2137 a
2880 2094 3116 2141 creatura
3146 2092 3323 2144 mundi
3350 2110 3440 2163 per
3458 2110 3523 2147 ea

1921 2186 2039 2241 quae
2086 2171 2226 2240 facta
2270 2178 2409 2235 sunt,
2454 2170 2715 2228 intellecta
2759 2176 3175 2247 conspiciuntur,
3217 2183 3529 2252 sempiterna

1922 2278 2124 2334 quoque
2144 2264 2258 2334 ejus
2287 2265 2451 2317 virtus
2487 2274 2536 2319 et
2563 2265 2812 2323 divinitas
2832 2266 3027 2337 (Ibid.,
3066 2271 3207 2343 20).!
3231 2273 3389 2330 Vides
3419 2276 3522 2345 igi-

1924 2364 2034 2424 tur,
2063 2357 2207 2427 quod
2250 2355 2506 2412 Christus
2547 2358 2717 2415 Filius
2752 2361 2847 2418 Dei
2890 2371 2994 2430 est,
3030 2380 3137 2419 non
3182 2368 3523 2435 temporalis,

1924 2448 2021 2504 sed
2065 2448 2464 2518 sempiternus?
2494 2450 2647 2518 Quod
2688 2452 2755 2507 dc
2786 2455 3092 2511 substantia
3124 2457 3309 2512 divina
3343 2459 3524 2515 Patris

1926 2553 2085 2597 natus
2131 2551 2213 2597 est
2249 2557 2485 2612 semper,
2509 2544 2627 2615 ipse
2657 2546 2732 2599 ait
2774 2546 3031 2603 Salvator
3075 2550 3131 2605 in
3182 2550 3521 2623 Evangelio:

1928 2634 2082 2703 Quod
2122 2635 2357 2689 nascitur
2387 2635 2449 2688 de
2475 2652 2654 2701 carne,
2680 2654 2804 2691 caro
2834 2649 2950 2693 est:
2974 2650 3023 2693 et
3046 2643 3183 2709 quod
3209 2646 3439 2698 nascitur
3460 2646 3525 2699 de

1926 2728 2155 2800 Spiritu,
2174 2728 2407 2799 Spiritus
2434 2737 2532 2793 est,
2550 2732 2794 2799 quoniam
2826 2731 2966 2787 Deus
2984 2734 3213 2804 Spiritus
3244 2747 3316 2791 est
3333 2737 3520 2806 (Joau.

1926 2837 2007 2890 tu,
2032 2822 2107 2893 6).
2142 2824 2205 2877 Et
2228 2821 2373 2893 quod
2401 2838 2563 2879 verus
2595 2834 2679 2880 est
2710 2826 2884 2883 Filius
2906 2829 3021 2895 Dei,
3044 2828 3174 2885 dicit
3201 2831 3521 2903 Scriptura:

1928 2915 2059 2971 Erat
2098 2918 2269 2970 lumen
2297 2934 2491 2987 verum,
2516 2920 2659 2990 quod
2707 2919 2970 2976 illuminat
3011 2939 3215 2977 omnem
3260 2924 3522 2980 hominem

1926 3010 2213 3063 venientem
2250 3010 2303 3062 in
2340 3008 2477 3064 hunc
2519 3011 2764 3065 mundum
2792 3012 2971 3083 (loau.
3019 3030 3057 3076 ι,
3089 3014 3165 3082 9).
3208 3015 3275 3069 Ει
3321 3016 3522 3071 iterum

1930 3100 2047 3170 ipse
2079 3101 2419 3171 Evangelista
2445 3102 2634 3157 beatus
2660 3104 2901 3160 Joannes
2926 3122 2939 3157 :
2974 3104 3080 3158 llic
3104 3105 3349 3159 estlesus
3371 3105 3525 3162 Chri-

1930 3202 2042 3248 stus
2073 3192 2212 3248 Deus
2247 3213 2417 3250 verus.
2450 3196 2514 3250 Et
2553 3197 2695 3267 quod
2739 3214 2958 3267 semper
2990 3207 3131 3269 erat,
3164 3200 3240 3253 ait
3268 3200 3383 3267 ipse
3414 3218 3425 3252 :
3458 3200 3523 3256 In

220 3291 273 3336 et
305 3298 445 3339 voce
468 3283 746 3351 haeretica,
772 3301 877 3341 non
910 3288 1085 3344 solum
1110 3306 1215 3346 non
1243 3292 1570 3366 intelligere,
1605 3295 1826 3366 insuper

1934 3287 2187 3358 principio
2218 3297 2326 3341 erat
2364 3287 2587 3342 Verbum
2628 3299 2676 3343 et
2714 3288 2939 3343 Verbum
2967 3298 3075 3343 erat
3094 3291 3237 3358 apud
3265 3288 3451 3356 Deum,
3476 3303 3527 3347 et

219 3379 388 3433 etiam
433 3380 753 3448 periculosis
801 3382 1184 3453 blasphemiis,
1214 3395 1268 3440 et
1319 3385 1386 3442 ad
1437 3387 1651 3443 irritum
1704 3406 1826 3446 eam

219 3471 521 3540 adducere,
546 3482 708 3545 atque
747 3474 892 3530 ultro
919 3475 965 3531 ei
997 3476 1303 3543 adversari,
1334 3478 1550 3535 dicente
1581 3482 1827 3552 Scriptu-

216 3579 276 3619 ra
302 3582 317 3620 2
356 3566 562 3621 Scitote
589 3566 722 3621 enim
760 3569 986 3639 gratiam
1018 3567 1225 3624 Domini
1259 3573 1420 3625 nostri
1445 3572 1573 3627 Jesu
1607 3573 1822 3644 Christi,

217 3660 471 3727 quoniam
525 3660 663 3714 dives
705 3676 820 3714 cum
873 3673 1023 3729 esset,
1049 3674 1258 3735 prapter
1300 3681 1393 3719 nos
1432 3683 1629 3738 pauper
1659 3668 1826 3737 [actus

217 3761 313 3813 est,
344 3762 402 3804 ut
446 3767 539 3805 nos
572 3752 686 3822 ejus
721 3763 1021 3821 paupertate
1051 3755 1233 3810 divites
1264 3758 1547 3811 existumas
1588 3759 1661 3830 (ll
1703 3761 1825 3817 Cor.

219 3857 338 3913 vm,
373 3844 463 3915 9)?
486 3844 643 3898 Absit
674 3845 836 3915 igitur
869 3847 924 3901 in
950 3846 1093 3929 Filio
1120 3848 1217 3903 Dci
1241 3849 1446 3920 aliquid
1481 3852 1597 3920 plus
1622 3853 1829 3908 minus—

220 3952 309 4003 ve,
340 3946 443 3992 aut
464 3936 516 3991 in
546 3937 694 4003 loco,
722 3946 814 3992 aut
834 3938 886 3993 in
921 3941 1159 4009 potentia
1185 3950 1278 3995 ant
1307 3940 1361 3996 in
1392 3942 1825 4008 scientia,autin

220 4020 569 4101 :equalitaté,
610 4040 703 4085 aut
730 4032 782 4085 in
814 4041 1081 4105 tempore,
1112 4044 1203 4089 aut
1235 4034 1287 4089 in
1336 4035 1673 4105 subjectioue
1704 4052 1825 4093 cum

216 4124 451 4189 dicitur,
479 4122 595 4178 hate
640 4132 699 4179 ut
727 4124 994 4181 divinitati
1023 4126 1163 4197 ejus,
1200 4142 1311 4182 non
1350 4128 1503 4183 carni
1551 4129 1829 4186 ascrihan-

218 4224 328 4268 tur.
362 4216 424 4271 Si
457 4216 601 4270 enim
628 4217 747 4286 plus
770 4216 1016 4273 minusve
1039 4229 1133 4273 aut
1160 4218 1264 4273 tale
1294 4219 1497 4288 aliquid
1529 4220 1824 4292 invenitur,

213 4321 461 4380 excepto
488 4310 613 4377 hoc,
662 4311 804 4382 quod
835 4315 1019 4381 genuit
1057 4314 1216 4370 Pater
1259 4315 1476 4383 Filium,
1508 4328 1561 4371 et
1601 4328 1830 4386 excepto

217 4402 347 4468 hoc,
386 4403 540 4473 quod
592 4402 765 4458 Filius
796 4419 900 4459 non
930 4420 960 4460 a
993 4407 1286 4478 semetipso
1318 4419 1476 4463 natus
1504 4418 1610 4473 est,
1635 4408 1729 4463 sed
1762 4409 1830 4465 de

215 4493 389 4550 Patre
419 4504 585 4550 natus
622 4506 701 4551 est
736 4498 979 4567 preprie,
1006 4513 1111 4554 non
1146 4500 1198 4555 in
1252 4507 1513 4570 tempore,
1544 4500 1638 4555 sed
1687 4515 1832 4557 sem-

214 4601 334 4654 per.
369 4603 487 4643 non
533 4588 774 4654 aliunde,
801 4591 895 4646 sed
929 4590 996 4647 de
1036 4607 1136 4647 sua
1174 4593 1516 4648 substantia:
1555 4594 1695 4649 forte
1735 4609 1825 4650 se-

1931 3379 2071 3434 Deus
2106 3390 2215 3434 erat
2249 3378 2471 3434 Verbum
2501 3379 2680 3450 (.Ioan.
2711 3395 2749 3445 ι,
2786 3381 2865 3450 1).
2900 3380 2969 3434 Et
3004 3380 3145 3450 quod
3178 3382 3524 3451 omnipotens

1931 3484 2015 3527 eat
2040 3470 2212 3526 Filius
2237 3472 2480 3525 omnium
2510 3480 2745 3536 creator,
2781 3470 2856 3524 ait
2877 3470 2992 3540 ipse
3021 3470 3365 3541 Evangelista
3396 3473 3528 3527 hea-

1931 3571 2019 3617 tus
2045 3581 2056 3614 :
2095 3562 2285 3616 Omnia
2308 3578 2400 3634 per
2426 3563 2597 3632 ipsum
2625 3562 2765 3631 facta
2791 3571 2930 3615 sunt.
2960 3562 3015 3617 Si
3056 3578 3185 3632 ergo
3219 3564 3399 3619 omnia
3429 3581 3526 3635 per

1932 3655 2107 3724 ipsum
2150 3654 2289 3709 facta
2325 3666 2478 3721 sunt,
2514 3654 2748 3709 visibilia
2791 3665 2845 3710 et
2884 3656 3173 3711 invisibilia
3206 3676 3220 3712 :
3250 3662 3526 3730 quomodo

1933 3748 2062 3805 dicit
2094 3758 2219 3805 ante
2260 3750 2570 3820 passionem
2615 3749 2886 3819 Salvator,
2917 3750 3061 3821 quod
3099 3752 3164 3806 de
3196 3754 3281 3806 die
3315 3764 3361 3808 ct
3396 3754 3526 3809 liora

1931 3858 2083 3897 nemo
2105 3843 2267 3901 novit,
2294 3858 2453 3913 neque
2493 3843 2665 3913 angeli
2695 3843 2959 3910 cwlorum,
2986 3860 3149 3915 neque
3178 3845 3318 3913 ﬁlius
3358 3848 3526 3901 homi-

1933 3935 2012 3987 nis
2043 3934 2146 3986 nisi
2183 3931 2377 3987 Pater?
2399 3932 2703 3988 Attendens
2733 3933 2895 4004 igitur
2921 3934 3099 4002 vides,
3127 3936 3269 4007 quod
3303 3948 3525 4008 propter

1932 4025 2217 4079 utilitatem
2258 4025 2568 4094 hominum,
2625 4025 2760 4080 dixit
2803 4042 2863 4082 se
2916 4029 3249 4084 nescientem
3290 4030 3525 4098 prmtini-

1934 4118 2161 4183 tionem,
2194 4134 2264 4174 ne
2304 4118 2727 4190 negligentiores
2754 4119 3055 4191 efficiantur
3083 4120 3352 4176 homines.
3389 4122 3526 4178 Nam

1933 4223 1987 4267 et
2018 4212 2343 4268 humilitatis
2384 4229 2497 4269 sua:
2533 4229 2692 4271 causa
2723 4214 2826 4270 hoc
2860 4215 2995 4270 dixit
3035 4225 3257 4286 propter
3302 4232 3527 4272 carnem

1934 4305 2280 4375 passibilcm,
2309 4307 2435 4376 quia
2468 4308 2620 4376 quasi
2666 4307 2830 4363 homo
2872 4307 3185 4364 hominibus
3216 4308 3524 4376 videbatur,

1933 4406 1989 4452 et
2017 4412 2177 4453 causa
2206 4398 2451 4453 utilitatis
2472 4401 2711 4454 omnium
2738 4402 2903 4455 tacuit
2932 4417 2945 4453 :
2971 4415 3058 4456 res
3083 4400 3303 4470 quidem
3335 4416 3529 4469 geren-

1933 4486 2030 4543 das
2047 4488 2101 4543 in
2119 4490 2319 4545 saeculo
2341 4493 2670 4547 annuntians
2690 4500 2851 4562 atque
2882 4506 3233 4559 enumerans,
3261 4491 3528 4547 diemau-

1935 4590 2043 4637 tem
2072 4592 2125 4638 et
2145 4584 2333 4639 horam
2351 4600 2456 4639 non
2477 4586 2557 4641 eis
2571 4587 2843 4657 aperiens.
2861 4585 3016 4652 Quod
3033 4601 3161 4655 ergo
3176 4600 3273 4655 pro
3298 4586 3529 4640 utilitate

213 4680 469 4736 cundum
497 4680 727 4735 verbum
760 4696 970 4750 eorum,
1002 4690 1096 4737 aut
1125 4682 1397 4748 invidens,
1432 4693 1526 4738 aut
1554 4684 1827 4754 impotens
1856 4668 1911 4728 Ι)
1938 4686 2121 4733 nostra
2155 4682 2340 4747 tacuit,
2368 4688 2423 4735 et
2447 4695 2505 4736 se
2530 4677 2853 4746 ltumiliavit,
2890 4694 2997 4735 non
3030 4680 3289 4733 debemus
3313 4678 3456 4733 ultro
3478 4681 3531 4734 ei

216 4771 383 4828 Pater
418 4782 663 4843 putatur,
695 4774 921 4845 insuper
952 4776 1113 4831 etiam
1145 4787 1198 4830 et
1229 4777 1545 4846 temporalis
1574 4779 1830 4848 agnosci-

214 4874 322 4920 tur.
345 4866 426 4921 Et
448 4881 575 4922 cum
600 4875 786 4937 aperte
806 4866 908 4922 hoc
932 4876 1071 4923 vetet
1091 4868 1369 4939 Scriptura
1393 4878 1449 4924 et
1473 4879 1824 4927 exsecretur:

214 4961 509 5027 quomodo
540 4961 895 5031 temporalem
928 4962 1120 5026 Deum,
1149 4963 1607 5034 quemadmodum
1639 4965 1830 5021 Genti-

215 5050 292 5108 les
324 5062 701 5122 venerantur,
735 5053 835 5125 ipsi
866 5055 1028 5110 etiam
1057 5055 1307 5110 similiter
1330 5056 1598 5110 adorant?
1621 5056 1751 5111 Nam
1782 5056 1829 5112 si

218 5145 556 5216 temporalis
581 5154 688 5212 est,
716 5162 819 5202 nec
847 5162 1009 5202 verus
1036 5156 1217 5219 potest
1244 5162 1368 5203 esse
1398 5164 1409 5199 :
1443 5156 1499 5203 et
1528 5150 1571 5202 si
1600 5164 1708 5203 nou
1741 5164 1834 5203 ve-

217 5251 333 5304 rus,
360 5252 478 5293 nec
521 5246 715 5308 potens
756 5239 958 5294 omnia.
991 5240 1057 5294 Et
1098 5239 1226 5310 quid
1273 5239 1386 5309 jam
1433 5239 1556 5295 huic
1599 5240 1689 5294 tali
1723 5240 1836 5296 Deo

216 5329 570 5386 credendum
602 5340 706 5399 est,
732 5333 823 5403 qui
846 5342 962 5388 erat
984 5332 1293 5404 aliquando,
1312 5332 1531 5404 quando
1559 5349 1667 5389 non
1692 5344 1831 5403 erat,

216 5433 269 5477 et
296 5438 371 5479 ex
410 5424 594 5479 nihilo
630 5433 791 5480 natus
814 5431 920 5490 est,
950 5424 1165 5481 dicente
1194 5425 1476 5494 Scriptura
1512 5444 1524 5481 :
1553 5427 1613 5483 Si
1644 5429 1834 5482 audie-

217 5518 290 5571 ris
314 5534 427 5585 me,
454 5515 646 5584 Israel,
665 5534 769 5571 non
782 5518 877 5571 erit
904 5519 1023 5571 inte
1041 5517 1176 5572 Deus
1190 5534 1363 5573 recens
1383 5518 1556 5592 (Psal.
1580 5516 1835 5588 Lxxx,9)?

217 5610 272 5667 Si
298 5626 451 5683 ergo
484 5611 626 5666 Dens
666 5625 877 5672 recens.
912 5627 1021 5667 non
1058 5610 1222 5666 debet
1250 5626 1417 5667 verus
1447 5611 1617 5667 credi.
1652 5610 1711 5666 Si
1744 5626 1840 5664 an-

218 5713 331 5759 tem
364 5705 748 5772 sempiternus
772 5722 785 5758 :
806 5704 1004 5774 quippe
1028 5703 1115 5759 hic
1142 5703 1503 5775 sempiternus
1534 5704 1677 5759 Deus
1698 5710 1837 5767 erat,

216 5797 312 5868 qui
359 5797 706 5866 loquebatur
735 5795 789 5851 in
832 5796 1083 5851 omnibus
1113 5796 1337 5861 sanctis,
1368 5804 1423 5851 et
1468 5794 1644 5865 legem
1689 5791 1844 5846 dedit

223 5885 407 5959 Moysi
455 5886 518 5945 in
562 5894 748 5948 monte
788 5887 955 5959 Sina,
985 5892 1042 5945 et
1081 5885 1262 5947 omnia
1310 5892 1537 5958 potens,
1568 5892 1624 5941 et
1660 5880 1841 5942 omttia

1938 4786 2059 4826 esse
2079 4773 2273 4844 ingrati
2310 4784 2402 4829 :et
2432 4790 2540 4829 non
2562 4775 2734 4829 solum
2760 4788 2867 4827 non
2893 4772 3281 4841 iutelligentes,
3312 4771 3532 4841 insuper

1939 4864 2101 4918 etiam
2123 4864 2347 4919 Judaico
2388 4879 2560 4929 more,
2592 4874 2647 4918 et
2690 4865 2965 4919 hominem
2997 4862 3354 4928 aestimantes,
3381 4863 3532 4933 ejus-

1938 4952 2061 5008 dem
2094 4956 2265 5009 aetatis
2297 4964 2346 5008 et
2380 4955 2704 5024 ignorantiae
2739 4964 2794 5009 et
2832 4953 3167 5024 impotentia:
3210 4955 3530 5025 participem

1935 5045 2239 5115 judicantes
2268 5049 2539 5115 quomodo
2568 5048 2766 5103 Judaei.
2791 5049 2946 5116 Quod
2965 5064 3072 5105 non
3097 5047 3349 5104 divinitas
3378 5062 3534 5105 natu-

1940 5136 2129 5190 raliter
2175 5136 2499 5205 patiehatnr,
2534 5140 2628 5193 sed
2670 5152 2822 5207 caro,
2866 5140 2983 5209 ipse
3026 5141 3264 5196 ostendit
3304 5140 3527 5204 JlldtBlS,

1939 5229 2125 5285 dicens
2157 5247 2169 5283 :
2197 5228 2389 5284 Solvite
2421 5229 2517 5282 hoc
2561 5230 2831 5303 templum,
2854 5244 2902 5288 et
2942 5236 2995 5288 in
3039 5234 3199 5289 tribus
3229 5234 3409 5287 diebus
3440 5250 3533 5305 ego

1939 5323 2199 5378 suscitabo
2229 5322 2360 5377 illud
2386 5322 2565 5392 (Joau.
2599 5340 2659 5392 η,
2692 5325 2801 5396 19).
2833 5327 2900 5381 Ει
2930 5330 3014 5383 cui
3045 5329 3148 5383 hoc
3173 5327 3396 5383 dubium
3426 5341 3531 5395 est,

1941 5419 2084 5487 quod
2116 5418 2255 5474 Deus
2304 5417 2406 5470 hoc
2449 5417 2685 5483 dicebat,
2714 5418 2767 5472 id
2803 5429 2906 5486 est,
2932 5419 3105 5474 Filius
3145 5420 3240 5472 Dei
3272 5427 3533 5486 aeternus,

1945 5511 2180 5567 Verbum
2214 5511 2401 5563 vivens
2426 5508 2624 5575 Patris,
2650 5521 2701 5564 et
2731 5512 2994 5580 sapientia
3022 5512 3137 5573 Dei,
3165 5520 3219 5564 et
3244 5512 3410 5566 virtus
3442 5515 3538 5570 Dei

1945 5616 2146 5662 interna
2175 5615 2229 5660 ct
2276 5604 2629 5673 sempiterna,
2664 5615 2717 5659 et
2769 5608 2947 5673 imago
2994 5606 3087 5659 Dei
3139 5606 3447 5675 invisibilis,
3472 5611 3540 5665 ab

1946 5695 2204 5751 invisibili
2237 5706 2415 5761 natus,
2448 5710 2557 5749 non
2586 5696 2792 5752 factus?
2816 5697 2984 5751 Facta
3017 5706 3193 5751 autem
3228 5709 3312 5755 est
3331 5716 3457 5757 caro
3486 5713 3543 5758 et

1944 5788 2233 5860 plasmata,
2267 5786 2318 5840 in
2368 5802 2472 5856 qua
2524 5787 2667 5842 Deus
2703 5797 2838 5855 erat,
2876 5803 3037 5858 quam
3075 5797 3129 5843 et
3173 5789 3395 5847 indutus
3429 5802 3545 5846 erat

1950 5880 2171 5952 prepter
2202 5876 2625 5940 invisibilltatem
2681 5886 2738 5938 et
2766 5877 3282 5957 impossibilitatcm
3323 5870 3545 5936 visionis
