4030 6284
459 342 566 401 179

1476 338 1536 398 S.
1579 337 1970 399 l-llERONYMl
2007 337 2294 399 OPERUM
2333 339 2699 398 MANTlSSA.

3662 341 3776 402 180

460 461 690 513 nostrae.
717 452 903 524 Neque
933 451 1080 508 enim
1112 452 1444 510 intrinsecus
1466 465 1586 511 erat
1615 456 1810 524 solum,
1845 455 1942 512 sed
1972 470 2066 510 ex-
2090 455 2147 526 Α
2170 471 2277 511 non
2307 455 2571 525 imparem
2599 475 2612 511 :
2639 454 2803 531 solvit
2825 455 3212 526 interpretans,
3236 467 3293 515 et
3316 458 3449 514 dicit
3475 475 3486 511 :
3513 458 3645 514 Ideo
3674 477 3775 516 au-

473 548 746 604 trinsecus
775 552 832 601 et
874 544 1235 614 intrinsecus,
1261 555 1316 602 et
1357 547 1411 602 in
1431 547 1610 604 caelis
1639 557 1692 602 et
1737 549 1788 602 in
1819 558 1984 614 terra,
2013 555 2069 603 et

468 642 651 699 omnia
682 638 968 696 continens
1009 638 1350 712 implensquc
1391 643 1594 697 omnia.
1618 641 1764 697 Nihil
1803 657 1932 713 ergo
1962 641 2066 697 im-

466 735 765 808 perfectum
793 731 848 787 in
895 731 1036 788 Filio
1074 732 1195 798 Dei,
1231 734 1362 789 nihil
1405 737 1696 806 inrequale,
1724 735 1860 790 nihil
1891 737 2066 806 impo-

469 839 612 892 tens,
636 825 766 880 nihil
799 823 1273 894 temporale,nihil
1305 827 1639 897 incognitum
1670 847 1684 884 :
1711 830 1890 884 omnia
1914 845 2066 897 vera,

469 919 648 975 omnia
671 916 974 988 possibilia,
1011 918 1193 973 omnia
1219 919 1681 990 ingentia,omnia
1712 922 1941 992 aequalia
1969 922 2072 978 Pa-

464 1012 556 1075 tri,
591 1009 806 1065 dicente
835 1008 1124 1065 Salvatore
1153 1027 1167 1066 :
1203 1009 1373 1066 Nemo
1420 1015 1557 1067 novit
1590 1011 1790 1067 Filium
1825 1016 1924 1068 nisi
1964 1013 2071 1070 Pa-

465 1117 538 1158 ter
567 1121 586 1158 :
610 1112 658 1158 et
685 1119 834 1158 nemo
865 1104 1002 1157 novit
1033 1103 1378 1174 PatremInisi
1410 1103 1608 1172 Filius,
1642 1117 1689 1161 et
1730 1109 1816 1162 cui
1854 1109 2069 1163 voluerit

465 1197 643 1251 Filius
690 1194 924 1252 revelare
955 1196 1176 1265 (Matth.
1210 1214 1286 1268 ιιι,
1335 1201 1452 1271 27).
1491 1199 1658 1257 Vides
1700 1203 2069 1272 aequalitatem

466 1289 593 1343 Filii
626 1287 696 1344 ad
732 1285 986 1344 Patrem?
1009 1289 1143 1345 Cum
1175 1306 1305 1362 ergo
1337 1292 1552 1348 Patrem
1587 1295 1737 1349 novit
1776 1295 1965 1363 Filius,
1990 1297 2070 1352 iu-

467 1381 858 1447 euarrandum,
893 1390 948 1438 et
978 1383 1495 1453 incomprehensum
1525 1385 1669 1440 diem
1700 1387 1876 1442 nescit
1905 1390 2072 1442 ethe-

462 1490 581 1530 ram
610 1490 772 1546 quam
820 1475 939 1546 ipse
971 1475 1136 1531 fecit?
1164 1477 1326 1533 Absit
1352 1493 1383 1532 a
1423 1478 1676 1534 sensibus
1705 1481 1903 1536 nostris
1944 1483 2066 1538 hoc.

461 1569 666 1623 lterum
714 1569 832 1635 ipse
859 1567 1110 1624 Salvator
1132 1569 1264 1624 dicit
1291 1587 1305 1626 :
1337 1569 1419 1625 Da
1445 1569 1574 1636 illis,
1608 1569 1794 1637 Pater,
1827 1582 1880 1626 ut
1907 1573 2070 1628 hono-

460 1661 666 1730 riﬁcent
711 1657 760 1712 F
763 1658 916 1714 ilium
955 1661 1089 1715 sicut
1138 1661 1484 1732 honon’ﬁcant
1525 1662 1737 1718 Patrem
1778 1663 1954 1735 (Joan.
1990 1682 2063 1736 Vl,

463 1756 582 1826 25).
616 1755 865 1826 {Equulis
904 1754 1072 1826 igitur
1113 1756 1226 1812 Deo
1257 1766 1343 1812 est
1385 1757 1557 1812 Filius
1598 1757 1820 1844 deitate,
1851 1759 2068 1816 dicente

2145 555 2271 602 'tcm
2297 548 2439 602 vobis
2486 549 2616 615 dixi,
2656 550 2902 620 quoniam
2953 549 3045 604 ille
3083 551 3146 604 de
3191 569 3300 605 meo
3355 552 3571 620 accipiet
3604 553 3772 623 :quia

2170 642 2346 696 omnia
2365 659 2482 713 qua:
2510 641 2687 697 Patris
2718 655 2861 710 sunt,
2913 661 3024 698 nica
3069 655 3212 700 sunt.
3245 646 3302 699 Si
3346 647 3509 712 igitur
3549 663 3610 700 ea
3647 663 3772 718 qua:

2171 734 2371 802 Patris,
2403 751 2468 792 ea
2509 735 2632 791 Filii
2677 746 2827 804 sunt,
2877 748 2934 791 ct
2966 737 3147 792 omnia
3179 755 3297 806 qua:
3345 737 3464 794 Filii
3499 748 3654 805 sunt,
3707 754 3770 791 ea

2171 828 2354 882 omnia
2401 827 2640 895 Spiritus
2683 829 3046 904 sanctisunt.
3096 829 3227 882 nihil
3261 846 3391 900 ergo
3424 830 3476 884 iu
3515 830 3772 884 omnibus

2171 917 2323 974 deest
2353 917 2517 987 Filio,
2551 919 2697 990 quod
2745 935 2850 973 non
2897 921 3125 976 attineat
3163 921 3229 975 ad
3261 922 3380 990 ejus
3410 931 3762 990 poti-statam.

2173 1009 2307 1064 nihil
2335 1010 2479 1080 quod
2509 1027 2614 1066 non
2645 1009 2713 1066 ab
2751 1025 2817 1066 eo
2854 1010 3056 1066 factum
3105 1012 3199 1078 sit,
3253 1024 3308 1066 ct
3361 1013 3480 1082 ejus
3526 1024 3658 1067 nutu
3711 1030 3774 1068 ac

2174 1103 2554 1157 moderamine
2604 1119 2710 1156 non
2760 1113 2997 1172 regatur.
3044 1103 3178 1159 Cum
3211 1121 3340 1174 ergo
3380 1106 3561 1160 omnia
3606 1105 3774 1160 Filius

2175 1191 2374 1247 habeat
2404 1193 2457 1247 iu
2489 1203 2778 1263 potestate,
2816 1194 2868 1248 in
2910 1195 3162 1249 onmihns
3192 1197 3326 1250 nihil
3368 1198 3417 1252 ei
3459 1197 3631 1253 deest.
3664 1198 3777 1252 Ho-

2172 1302 2294 1341 rum
2341 1285 2509 1358 igitur
2555 1289 2796 1342 omnium
2848 1289 3010 1344 habet
3055 1299 3378 1358 potestatem
3437 1301 3489 1346 et
3533 1291 3776 1360 Spiritus

2174 1387 2420 1445 sanctus,
2450 1394 2679 1448 quorum
2705 1391 2758 1436 et
2791 1380 2977 1436 Filius.
3009 1381 3102 1437 Sic
3127 1383 3272 1439 enim
3303 1383 3434 1438 dicit
3463 1384 3528 1438 de
3559 1384 3776 1453 Spiritu

2171 1469 2422 1528 Salvator
2450 1490 2462 1527 :
2497 1471 2600 1527 Ille
2616 1473 2878 1545 judicabit
2907 1476 3151 1530 mundum
3185 1487 3230 1531 et
3263 1477 3544 1539 convincet.
3590 1488 3641 1531 et
3671 1478 3775 1530 do-

2171 1568 2300 1622 ccbil
2333 1569 2397 1623 de
2428 1579 2638 1636 peccato
2661 1579 2707 1623 et
2739 1569 2801 1623 de
2825 1572 3068 1643 justitia,
3113 1581 3161 1626 et
3201 1572 3265 1627 (le
3288 1573 3511 1646 judicio.
3547 1572 3624 1627 De
3659 1590 3780 1642 pec-

2171 1669 2288 1714 cato
2318 1661 2548 1730 quidem,
2580 1661 2720 1733 quod
2753 1679 2851 1714 non
2881 1661 3209 1716 crediderunt
3242 1665 3293 1717 in
3327 1682 3405 1718 me
3429 1681 3448 1719 :
3476 1665 3538 1717 de
3559 1667 3780 1738 justitia

2169 1753 2623 1824 autem,quoniam
2645 1753 2772 1806 vado
2803 1754 2871 1806 ad
2896 1752 3108 1809 Putrem
3137 1773 3302 1809 meum
3326 1773 3346 1810 :
3368 1757 3430 1810 de
3444 1758 3653 1828 judicio
3675 1774 3774 1811 au-

466 1852 730 1922 Apostolo
762 1868 774 1904 :
812 1850 918 1916 Qui
945 1867 1062 1904 cum
1097 1852 1151 1906 in
1195 1855 1364 1921 {arma
1387 1851 1485 1906 Dei
1514 1861 1664 1917 esset,
1692 1869 1794 1907 non
1823 1854 2066 1925 rapinam

2173 1854 2270 1898 tem
2298 1885 2313 1911 ,
2367 1844 2510 1913 quod
2562 1845 2803 1914 princeps
2847 1845 3002 1915 hujus
3039 1848 3224 1901 mundi
3254 1851 3373 1920 jam
3393 1849 3674 1920 judicatus
3705 1856 3780 1903 est

467 1943 754 1997 arbitratus
785 1951 857 1996 est
883 1958 998 1996 cum
1022 1951 1151 1996 esset
1185 1943 1402 2012 wqualis
1449 1941 1581 2007 Deo,
1611 1945 1702 1997 sed
1740 1946 2070 2012 semetipsum

467 2035 755 2091 exinanivit
781 2038 1005 2107 formam
1044 2036 1177 2089 servi
1197 2036 1479 2104 accipiens,
1511 2035 1799 2091 humiliavit
1827 2054 1880 2092 se
1910 2055 2072 2108 usque

466 2129 536 2182 ad
569 2137 805 2195 mortem,
841 2136 1057 2182 mortem
1086 2138 1260 2180 autem
1296 2130 1464 2182 crucis
1495 2127 1671 2196 (Phil.
1699 2145 1755 2194 ll,
1785 2129 1839 2196 6,
1865 2130 1944 2196 7).
1974 2129 2070 2184 Vi-

469 2221 567 2276 des
596 2220 740 2292 quod
768 2230 1060 2289 utrumque
1092 2219 1376 2290 Scriptura
1425 2234 1532 2274 non
1576 2221 1810 2290 abneget
1838 2219 1896 2274 in
1928 2219 2070 2274 Filio

467 2313 600 2381 Dei,
645 2322 702 2367 et
741 2311 885 2383 quod
927 2312 1024 2367 Dei
1063 2321 1147 2367 est
1198 2313 1378 2366 virtus
1422 2313 1846 2381 omnipotentis,
1888 2313 2069 2369 omnia

469 2406 716 2471 scientis,
745 2405 926 2460 omnia
966 2405 1318 2474 complentis,
1355 2404 1534 2457 omnia
1574 2405 1924 2470 continentis,
1949 2405 2073 2458 om-'

469 2497 561 2553 nia
603 2496 885 2562 habentis,
934 2497 1118 2551 omnia
1165 2495 1374 2559 dantis,
1410 2495 1741 2564 judicantis,
1785 2496 2068 2563 salvantis,

471 2591 751 2646 creantis:
787 2599 842 2644 et
871 2589 1014 2658 quod
1058 2597 1257 2642 creatte
1290 2597 1495 2642 naturm
1536 2599 1638 2653 est,
1673 2589 1725 2643 id
1756 2597 1860 2657 cst,
1893 2593 2074 2646 carnis

473 2684 614 2753 ejus,
638 2692 693 2737 et
729 2681 985 2751 patientis
1015 2690 1070 2735 et
1093 2681 1378 2750 plorantis,
1409 2692 1463 2736 et
1494 2684 1646 2752 quasi
1673 2684 1988 2749 nescientis,
2017 2691 2073 2739 et

473 2775 628 2846 quasi
665 2789 773 2829 nou
803 2775 1040 2843 potentis
1081 2774 1284 2841 omnia,
1317 2777 1472 2846 quasi
1504 2777 1758 2846 subjecti,
1789 2785 1845 2832 et
1873 2788 2070 2833 cmtcra

473 2868 601 2920 huic
628 2863 860 2919 similia?
889 2865 1006 2919 Non
1045 2880 1177 2934 ergo
1205 2865 1374 2920 debet
1411 2882 1532 2922 esse
1572 2867 1821 2924 confusio
1863 2885 2070 2936 rerum,

471 2958 722 3028 quamvis
745 2957 1076 3028 conjunctim
1100 2973 1190 3014 res
1220 2960 1468 3014 mortalis
1497 2960 1787 3015 immortali
1813 2963 1920 3016 Deo
1941 2977 2074 3016 cono

470 3052 654 3121 juncta
679 3060 762 3106 est
801 3059 1026 3121 propter
1058 3063 1297 3106 nostram
1331 3052 1560 3107 salutem
1593 3063 1687 3118 ;et
1723 3054 1793 3107 ita
1833 3055 2074 3109 creditur

473 3153 528 3201 et
563 3154 682 3214 post
721 3143 1036 3214 passionem
1077 3144 1346 3214 corporis,
1377 3144 1429 3199 in
1477 3161 1584 3216 quo
1620 3147 1875 3216 apparuit
1915 3147 1970 3202 in
2005 3163 2071 3204 eo

2139 1934 2384 2007 '(Joan.
2445 1953 2561 2004 xvi,
2611 1937 2646 1992 8
2692 1939 2890 2007 seqq).
2926 1937 3089 1994 Vides
3133 1940 3298 2008 igitur
3347 1941 3489 2010 quod
3537 1939 3776 2012 Spiritus

2174 2039 2392 2084 sanctus
2425 2031 2708 2085 annuntiat
2746 2029 2963 2096 Filium,
2999 2040 3055 2086 et
3081 2031 3238 2087 docet
3281 2031 3350 2088 de
3387 2033 3524 2088 Filio
3557 2042 3655 2089 :et
3685 2032 3776 2088 Fi-

2174 2122 2278 2176 lius
2309 2123 2375 2177 de
2405 2123 2568 2179 Patre
2600 2131 2655 2178 et
2682 2123 2889 2192 Spiritu
2919 2135 3112 2178 sancto
3141 2142 3153 2178 :
3188 2135 3242 2180 et
3286 2126 3520 2196 Spiritus
3555 2136 3776 2182 sanctus

2173 2213 2333 2268 docet
2363 2213 2432 2268 de
2462 2213 2623 2268 Patre
2652 2223 2704 2270 ct
2737 2214 2805 2270 de
2835 2214 3010 2269 Filio?
3033 2215 3272 2270 Trinitas
3305 2217 3466 2287 igitur
3497 2218 3622 2286 quia
3649 2233 3773 2272 vera

2175 2317 2280 2372 est,
2311 2308 2672 2363 inenarrauda
2702 2319 2812 2376 est,
2844 2309 3141 2364 invisibilis
3171 2320 3276 2376 est,
3300 2309 3646 2381 omnipotens
3670 2320 3778 2380 est,

2175 2414 2300 2454 sese
2331 2399 2610 2470 prmdicat,
2647 2415 2769 2455 sese
2799 2399 3084 2455 annuntiat
3123 2399 3412 2470 dignanter
3441 2401 3590 2456 omni
3620 2417 3784 2457 crea-

2175 2501 2332 2560 turzr,
2359 2493 2557 2548 visibili
2590 2502 2642 2547 et
2675 2493 2952 2561 invisibili,
2984 2507 3088 2548 noii
3119 2494 3320 2548 valenti
3343 2493 3653 2564 dignanter,
3685 2503 3784 2548 aut

2176 2603 2422 2654 narrare,
2446 2597 2538 2642 aut
2560 2589 2768 2654 mirari,
2802 2599 2891 2643 aut
2915 2588 3402 2657 comprehendere,
3427 2598 3521 2641 aut
3548 2588 3784 2643 investi-

2174 2697 2326 2752 gare,
2371 2683 2942 2752 autquemadnpdum
2974 2692 3058 2738 cst
3087 2682 3338 2737 humanis
3365 2698 3482 2736 eam
3524 2682 3727 2738 SCll‘ilii
3753 2697 3784 2738 ε

2177 2789 2466 2844 occupare.
2498 2774 2726 2830 Constat
2755 2775 2918 2845 igitur
2948 2775 3208 2831 inﬁrmari
3243 2776 3538 2841 hominem,
3570 2785 3782 2832 sancta:

2177 2868 2613 2938 venerandieqnc
2644 2869 2927 2924 Trinitatis
2971 2869 3021 2922 in
3065 2869 3368 2924 enarranda
3410 2869 3616 2939 gloria,
3659 2883 3784 2923 ma-

2170 2961 2405 3033 jestate,
2457 2971 2548 3016 aut
2597 2961 2862 3032 potentia.
2918 2961 3088 3032 liujus
3139 2961 3301 3033 igitur
3337 2959 3444 3014 vim
3489 2959 3782 3016 Trinitatis

2177 3057 2419 3112 narratio
2449 3056 2637 3127 gloria:
2685 3055 2732 3111 si
2780 3055 3024 3120 excedit,
3075 3066 3279 3126 quanto
3328 3055 3500 3126 magis
3549 3054 3782 3108 frustm-

2177 3149 2402 3217 buntur,
2432 3148 2524 3220 qui
2553 3147 2757 3204 audent
2802 3149 2944 3204 inter
2973 3147 3188 3204 Patrem
3217 3156 3272 3204 et
3303 3147 3522 3216 Filium,
3558 3156 3614 3202 et
3654 3147 3784 3218 Spi-

472 3235 636 3292 eliam
669 3250 1001 3306 permanens
1033 3235 1085 3290 in
1120 3245 1444 3306 perpetuum
1475 3253 1490 3303 ;
1517 3248 1576 3293 ut
1607 3247 1664 3294 et
1704 3237 1783 3317 illi
1822 3239 1912 3307 qui
1945 3254 2070 3295 cru-
2095 3237 2143 3301 C
2176 3243 2341 3299 ritum
2369 3251 2643 3306 sanctum,
2674 3248 2767 3295 aut
2797 3239 2997 3308 locum,
3031 3251 3122 3294 aut
3149 3247 3384 3310 tempus,
3418 3247 3514 3293 aut
3539 3239 3781 3310 aliquam

471 3329 767 3386 cilixerunt
790 3344 916 3384 eum
958 3329 1265 3400 aspiciant,
1293 3337 1350 3385 et
1377 3329 1772 3400 impassibilem
1802 3330 1916 3385 suis
1943 3347 2075 3388 con-

469 3421 749 3493 spectibus
770 3421 890 3492 ejus
912 3430 1124 3476 natura:
1145 3420 1345 3482 divina:
1369 3437 1465 3490 per
1485 3422 1767 3477 materiam
1799 3422 2074 3494 conSpici-

469 3515 635 3580 bilem
657 3523 1038 3580 contueantur,
1053 3513 1386 3583 etjudicium
1408 3513 1705 3571 visibiliter
1727 3515 2068 3584 terminetur,

471 3616 526 3662 et
563 3607 808 3678 mystcrii
853 3617 1064 3663 secreta
1109 3607 1342 3663 scientia
1397 3607 1695 3675 reveletur,
1720 3617 1774 3663 et
1814 3611 2072 3680 potentia:

471 3700 591 3769 ejus
621 3701 878 3770 majestas
906 3710 961 3758 et
989 3701 1205 3757 bonitas
1233 3717 1264 3756 a
1288 3703 1499 3757 cunctis
1525 3701 1839 3758 hominibus
1868 3719 2073 3775 cogno-

469 3800 673 3846 scatur.

547 3882 634 3937 Ill.
675 3883 812 3950 Quid
842 3883 984 3954 quod
1016 3891 1073 3938 et
1109 3883 1370 3953 Spiritum
1402 3893 1649 3940 Sanctum
1681 3900 1866 3941 verum
1899 3886 2070 3943 Deum

474 3977 785 4032 invenimus
815 3977 866 4032 in
896 3978 1196 4047 Scriptura,
1229 3989 1284 4034 et
1316 3978 1384 4034 de
1410 3978 1568 4035 Patre
1594 3983 1810 4050 proprie
1838 3996 1979 4048 esse,
2014 3990 2072 4037 et

473 4087 595 4125 cum
629 4071 790 4125 Patre
815 4081 870 4126 et
902 4069 1038 4126 Filio
1055 4086 1295 4140 semper,
1317 4071 1480 4127 sedet
1503 4089 1760 4143 regnare,
1785 4084 2065 4144 etcrcarc,

472 4175 526 4220 et
551 4165 751 4234 ubique
782 4179 922 4231 esse,
961 4174 1017 4219 et
1060 4164 1296 4232 salvare,
1337 4174 1394 4220 et
1419 4163 1716 4230 viviticare,
1764 4175 1818 4222 et
1847 4178 2069 4237 peccata

470 4258 764 4337 dimittere,
797 4266 854 4312 et
895 4259 1077 4312 omnia
1111 4259 1358 4329 implere,
1414 4268 1470 4314 et
1499 4260 1863 4330 sanetiticare,
1899 4271 1953 4317 et
1981 4262 2067 4331 ju-

471 4351 678 4416 dicare,
721 4358 777 4405 ct
804 4350 1024 4418 docere,
1057 4361 1115 4406 et
1145 4351 1326 4405 omnia
1357 4352 1521 4420 scire,
1550 4362 1604 4408 et
1627 4352 1934 4409 inhabitare
1966 4371 1981 4408 :
2015 4368 2069 4410 et

469 4444 926 4515 quemadmodum
960 4445 1128 4500 Filius
1159 4445 1281 4512 Dei,
1333 4447 1404 4501 ita
1449 4457 1503 4502 et
1537 4447 1773 4518 Spiritus
1821 4459 2064 4522 sanctus,

467 4553 699 4607 persona
735 4539 889 4594 tertia
917 4539 1060 4595 sicut
1099 4539 1222 4596 Filii
1249 4549 1302 4595 et
1331 4539 1548 4596 Patris?
1583 4541 1717 4596 Tres
1762 4541 1908 4598 enim
1940 4559 2066 4613 per-

2179 3349 2398 3390 causam
2427 3333 2722 3390 humanam
2754 3349 2997 3405 ponere:
3031 3336 3123 3407 qui
3158 3350 3267 3391 non
3313 3335 3486 3390 solum
3526 3335 3655 3406 quid
3702 3333 3783 3390 sit

2177 3429 2317 3484 Deus
2347 3442 2454 3482 non
2483 3426 2871 3482 intellexerunt
2895 3444 2908 3480 :
2936 3425 3031 3482 sed
3053 3441 3153 3483 nec
3177 3428 3341 3483 etiam
3367 3425 3492 3497 quid
3519 3425 3589 3481 sit
3611 3427 3781 3481 homo

2175 3520 2460 3576 attendere
2485 3520 2816 3589 potuerunt?
2845 3519 2990 3576 Nihil
3021 3534 3153 3592 ergo
3195 3519 3247 3575 in
3280 3517 3547 3575 Trinitate
3568 3519 3782 3574 subita-

2175 3630 2362 3684 ncum,
2412 3613 2550 3669 nihil
2583 3612 3016 3684 'uuperrimum,
3068 3612 3201 3668 nihil
3259 3613 3581 3683 temporale,
3635 3612 3778 3667 nihil

2174 3708 2471 3778 impotens,
2502 3704 2633 3761 nihil
2666 3706 2864 3770 minus,
2908 3705 3041 3760 nihil
3075 3705 3338 3774 inrequale
3373 3721 3386 3761 :
3414 3703 3654 3760 Tiinitas
3681 3721 3779 3760 ve-

2173 3799 2438 3862 neranda,
2469 3799 2832 3868 depreCanda.
2863 3796 3106 3853 Trinitas
3136 3795 3516 3859 inenarrauda,
3549 3796 3778 3852 investi—

2172 3893 2368 3963 ganda,
2403 3889 2990 3962 iucomprehcndenda.
3029 3889 3259 3959 thuod
3293 3888 3644 3944 invisibilium
3677 3904 3770 3945 re-

2173 4001 2293 4040 rum
2326 3985 2460 4039 tides
2481 3994 2586 4047 est.
2623 3983 2781 4038 nobis
2808 3983 2938 4038 dicit
2959 3980 3252 4051 Apostolus
3281 3997 3296 4036 :
3331 3979 3424 4035 Est
3451 3991 3622 4035 autem
3642 3983 3777 4051 ﬁdes

2173 4079 2544 4150 sperandarum
2574 4076 2884 4142 substantia,
2917 4091 3091 4129 rerum
3135 4074 3471 4128 invisibilium
3499 4075 3773 4128 examina-

2174 4175 2276 4226 tria‘
2307 4176 2324 4243 (
2351 4172 2485 4228 Ileb.
2523 4187 2598 4241 x1,
2633 4173 2653 4226 1
2694 4170 2733 4240 ).
2763 4169 2820 4224 lu
2853 4168 2955 4225 hac
2980 4169 3123 4223 enim
3153 4167 3520 4224 teSIimouiutu
3551 4183 3773 4223 merue-

2172 4276 2298 4320 runt
2339 4265 2609 4320 seniores.
2644 4263 2710 4318 Et
2743 4263 2935 4317 iterum
2966 4261 3018 4314 in
3061 4258 3391 4330 Evangelia:
3423 4258 3588 4314 Deum
3622 4276 3775 4314 nemo

2172 4360 2296 4413 vidit
2322 4375 2582 4432 umquam.
2616 4357 2683 4412 Et
2723 4351 2918 4410 iterum
2945 4372 2962 4407 :
2997 4355 3222 4431 Spiritus
3255 4355 3343 4408 ubi
3370 4353 3475 4408 vult
3501 4353 3688 4425 spirat.
3722 4362 3773 4406 ct

2171 4467 2341 4506 vocem
2367 4453 2478 4525 ejus
2506 4451 2680 4516 audis,
2711 4449 2800 4503 sed
2829 4449 2994 4503 nescis
3022 4449 3160 4502 unde
3188 4449 3383 4517 veniat,
3414 4456 3584 4513 etquo
3613 4448 3775 4501 vadat

2173 4545 2357 4618 (Joan.
2389 4561 2428 4610 ι,
2460 4543 2557 4611 18ς
2599 4559 2680 4610 ιιι,
2719 4543 2807 4614 8).
2853 4542 3006 4611 Quod
3047 4541 3192 4596 Deus
3230 4550 3316 4596 est
3349 4538 3608 4611 Spiritus,
3637 4539 3773 4596 dicit

464 4645 616 4687 sonte
645 4640 772 4688 sunt
798 4632 994 4703 quibus
1039 4633 1336 4697 credimus,
1381 4648 1506 4687 vere
1535 4634 1771 4704 aequales
1801 4653 1813 4690 :
1841 4635 2060 4705 divina),
2091 4624 2147 4688 D
2173 4638 2364 4693 beatus
2391 4635 2588 4691 Petrus
2615 4635 2893 4705 apostolus
2919 4651 2931 4688 :
2968 4632 3034 4688 Ut
3064 4633 3189 4703 quid
3218 4633 3457 4687 mentitus
3502 4647 3556 4686 es
3586 4631 3769 4698 Spiri-

464 4725 735 4795 uniusque
762 4727 1100 4795 substantiae,
1127 4727 1179 4781 id
1214 4736 1319 4792 est,
1343 4727 1409 4780 dc
1441 4725 1601 4782 Patre
1632 4727 1824 4793 Filius,
1856 4739 1911 4785 ct
1939 4729 2062 4799 Spi-

463 4819 604 4876 ritus
632 4831 854 4877 sanctus
889 4823 1110 4892 proprie
1139 4831 1193 4876 ct
1217 4835 1346 4876 vere
1373 4819 1442 4876 de
1468 4820 1627 4876 Patre
1649 4821 1900 4894 Filioque
1936 4837 2063 4894 pro-

467 4915 632 4970 cedit.
656 4915 898 4970 Primum
918 4900 1095 4986 igitur
1121 4915 1306 4987 accipe
1336 4915 1480 4987 quod
1512 4915 1580 4970 de
1608 4914 1767 4970 Patre
1797 4926 1878 4970 est
1924 4932 2061 4987 pro-

468 5009 585 5076 prie
616 5008 853 5077 Spiritus
883 5024 1130 5078 sanctus,
1160 5012 1373 5068 dicente
1403 5011 1683 5082 Scriptura
1709 5029 1721 5066 :
1758 5009 1922 5067 Verbo
1955 5013 2064 5068 Do-

461 5101 590 5154 mini
614 5101 726 5154 ειειὶ
747 5102 941 5169 ﬁrmati
963 5115 1101 5172 sunt,
1130 5114 1174 5160 et
1206 5107 1393 5178 spiritu
1422 5106 1525 5160 oris
1553 5107 1662 5177 ejus
1691 5107 1860 5160 omnis
1899 5109 2060 5163 virtus

462 5191 682 5258 corum(
715 5189 915 5246 Psalm.
954 5209 1124 5262 xxx",
1156 5195 1233 5268 6).
1269 5197 1334 5251 Et
1390 5196 1640 5252 Salvator
1668 5197 1775 5250 ait:
1809 5195 1936 5250 Cum.
1964 5214 2062 5252 au-

463 5300 566 5340 it'm
596 5287 788 5342 venerit
829 5285 1158 5356 Paracll‘tus,
1192 5290 1421 5362 Spiiitus
1447 5292 1672 5345 veritatis
1699 5292 1787 5362 qui
1815 5291 1877 5344 de
1901 5291 2061 5348 Patre

462 5402 472 5444 ς
499 5378 712 5445 recedit,
746 5377 839 5433 ille
865 5379 928 5433 de
960 5396 1071 5436 meo
1100 5382 1334 5453 accipiet,
1359 5383 1607 5451 quoniam
1646 5385 1757 5451 ipse
1785 5398 1864 5435 me
1891 5383 2055 5454 glori-

466 5482 491 5528 1.
519 5473 660 5536 'nbit,
711 5480 760 5526 et
804 5474 1007 5528 reniens
1043 5476 1369 5529 annuntiabit
1413 5476 1552 5529 vobis
1578 5478 1594 5542 (
1616 5474 1774 5528 Joan.
1804 5490 1892 5539 xv,
1921 5474 1990 5529 26

465 5565 530 5616 lt
574 5565 729 5619 solvit
782 5568 969 5623 statim
1018 5568 1382 5639 interpretans
1420 5568 1712 5630 Dominus,
1761 5567 2058 5623 ostendens

461 5670 478 5719 ι
504 5673 513 5687 ·
535 5655 696 5708 imum
727 5657 945 5724 quidem
975 5659 1120 5728 quod
1151 5675 1385 5728 persona
1429 5660 1500 5714 sit
1537 5659 1775 5729 Spiritus
1805 5671 2052 5729 sanctus,

461 5757 490 5800 ιλ
554 5759 652 5801 eus
680 5762 695 5802 :
722 5745 824 5800 Ille
852 5749 914 5803 de
935 5767 1042 5806 meo
1071 5754 1312 5823 accipiet.
1338 5753 1408 5808 Et
1429 5763 1486 5808 ut
1515 5768 1584 5808 ne
1619 5752 1780 5808 sicuti
1807 5767 2051 5817 servum,

454 5853 554 5906 ut
581 5845 910 5911 creaturam,
939 5852 1030 5902 aut
1053 5842 1270 5903 Patrem
1301 5852 1576 5916 putemus,
1603 5852 1879 5904 monstret
1907 5842 2053 5903 Patri

2169 4731 2247 4784 tui
2277 4737 2472 4796 sancto,
2508 4727 2750 4782 Anania.’
2779 4725 2901 4780 Non
2930 4741 2983 4779 cs
3033 4725 3275 4779 mentitus
3323 4723 3639 4790 hominibus,
3673 4725 3770 4778 sed

2165 4821 2459 4892 Deo(Act.
2511 4837 2566 4886 ν,
2598 4821 2654 4889 4,
2699 4820 2732 4875 5
2772 4817 2817 4891 ).
2859 4818 2978 4874 Νοιι
3010 4817 3146 4872 dixit
3181 4818 3324 4872 Patri
3369 4827 3424 4872 et
3453 4817 3616 4884 Filio,
3666 4817 3766 4874 sed

2166 4918 2388 4988 Spiritui
2435 4924 2645 4970 sancto.
2678 4912 2846 4969 Vides
2884 4912 3048 4984 igitur
3069 4911 3214 4983 quod
3245 4911 3390 4966 Deus
3420 4920 3504 4967 est
3529 4910 3770 4981 Spiritus

2163 5019 2405 5064 sanctus.
2435 5007 2502 5063 Et
2528 5005 2669 5078 quod
2692 5005 2890 5076 ubique
2912 5019 3013 5069 est,
3038 5005 3168 5059 dicit
3191 5013 3413 5059 sanctus
3436 5003 3713 5072 Propheta
3751 5022 3765 5059 :

2169 5104 2285 5169 Quo
2332 5103 2529 5175 fugiam
2558 5119 2590 5155 a
2619 5101 2807 5168 spiritu
2839 5109 2955 5166 tuo,
3003 5095 3264 5152 Domine?
3292 5106 3382 5151 aut
3410 5115 3441 5150 a
3488 5097 3624 5167 [acie
3672 5108 3768 5153 tua

2163 5213 2265 5264 quo
2294 5195 2482 5250 vadam
2526 5192 2767 5266 (Psalm.
2810 5207 3074 5256 cxxxvut,
3123 5189 3223 5262 '7)?
3276 5190 3344 5245 Et
3385 5188 3527 5261 quod
3575 5191 3768 5247 omnia

2162 5289 2401 5358 complet
2427 5288 2664 5357 Spiritus
2688 5288 2825 5342 sicut
2854 5284 3048 5352 Filius,
3079 5285 3153 5339 ait
3185 5284 3490 5354 Propheta:
3524 5283 3767 5348 Spiritus

2162 5383 2372 5437 Domini
2393 5381 2608 5448 replevit
2635 5382 2807 5435 orbem
2840 5391 3093 5434 terrarum
3117 5378 3274 5454 (Sap.
3297 5378 3567 5449 xv,7).Et
3599 5378 3670 5432 ita
3707 5381 3766 5436 in

2163 5476 2313 5531 Actis
2355 5473 2724 5543 apostolorum
2758 5491 2769 5524 :
2805 5471 2931 5527 "(PC
2967 5473 3093 5526 dicit
3140 5471 3367 5544 Spiritus
3383 5471 3575 5544 jubens
3606 5487 3625 5525 :
3661 5472 3770 5527 Sc-

2159 5577 2342 5641 parate
2391 5566 2518 5620 mihi
2547 5565 2844 5620 Barnabam
2891 5575 2938 5621 et
2984 5564 3211 5620 Paulum
3257 5565 3310 5618 in
3341 5581 3469 5632 opus
3507 5565 3769 5635 ad'quod

2157 5660 2431 5716 vocavieos
2445 5659 2642 5712 mittere
2661 5658 2678 5727 (
2697 5657 2874 5713 Actor.
2899 5674 3017 5729 xm,
3041 5658 3120 5729 2).
3148 5657 3213 5713 Et
3242 5657 3441 5711 iterum
3463 5655 3718 5726 Apostoli
3747 5678 3764 5714 :

2159 5750 2371 5808 Placuit
2397 5750 2619 5823 Spiritui
2653 5748 2870 5821 Sancto,
2904 5759 2952 5806 et
2975 5749 3120 5805 nobis
3153 5748 3353 5822 (Actor.
3389 5764 3483 5818 xv,
3504 5746 3644 5820 _28).
3688 5749 3768 5824 Et

2156 5843 2215 5905 in
2242 5841 2386 5904 libro
2415 5841 2726 5918 Regnorum
2755 5841 2888 5905 dicit
2921 5841 3071 5904 Deus
3097 5838 3153 5901 in
3179 5837 3395 5902 Judaeos
3429 5856 3441 5896 :
3481 5837 3767 5914 Regnave-
