  <div class='ocr_page' id='page_1' title='image "/cluster/home/n/w/nwhite01/storage/ocr_20150623/30/uva.x000826572/098.png"; bbox 0 0 4012 6190; ppageno 0'>
   <div class='ocr_carea' id='block_1_1' title="bbox 240 276 337 333">
    <p class='ocr_par' dir='ltr' id='par_1_1' title="bbox 240 276 337 333">
     <span class='ocr_line' id='line_1_1' title="bbox 240 276 337 333; baseline -0.01 0"><span class='ocrx_word' id='word_1_1' title='bbox 240 276 337 333; x_wconf 79' lang='grc'><em>181</em></span> 
     </span>
    </p>
   </div>
   <div class='ocr_carea' id='block_1_2' title="bbox 892 282 1784 359">
    <p class='ocr_par' dir='ltr' id='par_1_2' title="bbox 892 282 1784 344">
     <span class='ocr_line' id='line_1_2' title="bbox 892 282 1784 344; baseline 0.004 -5"><span class='ocrx_word' id='word_1_2' title='bbox 892 282 1230 341; x_wconf 75' lang='lat' dir='ltr'><em>EPISTOLA</em></span> <span class='ocrx_word' id='word_1_3' title='bbox 1270 283 1457 342; x_wconf 80' lang='lat' dir='ltr'>XVIII.</span> <span class='ocrx_word' id='word_1_4' title='bbox 1497 285 1592 342; x_wconf 88' lang='lat' dir='ltr'><em>AD</em></span> <span class='ocrx_word' id='word_1_5' title='bbox 1630 283 1784 344; x_wconf 55' lang='lat' dir='ltr'><em>PR5</em></span> 
     </span>
    </p>
   </div>
   <div class='ocr_carea' id='block_1_3' title="bbox 1894 282 2887 359">
    <p class='ocr_par' dir='ltr' id='par_1_3' title="bbox 1894 285 2887 359">
     <span class='ocr_line' id='line_1_3' title="bbox 1894 285 2887 359; baseline 0.011 -18"><span class='ocrx_word' id='word_1_6' title='bbox 1894 285 2068 359; x_wconf 64' lang='lat' dir='ltr'><em>DIUM,</em></span> <span class='ocrx_word' id='word_1_7' title='bbox 2114 287 2206 344; x_wconf 84' lang='lat' dir='ltr'><em>DE</em></span> <span class='ocrx_word' id='word_1_8' title='bbox 2248 288 2483 349; x_wconf 81' lang='lat' dir='ltr'><strong>CEREO</strong></span> <span class='ocrx_word' id='word_1_9' title='bbox 2526 290 2887 352; x_wconf 80' lang='lat' dir='ltr'><em>PASCIIALI.</em></span> 
     </span>
    </p>
   </div>
   <div class='ocr_carea' id='block_1_4' title="bbox 3438 303 3544 361">
    <p class='ocr_par' dir='ltr' id='par_1_4' title="bbox 3438 303 3544 361">
     <span class='ocr_line' id='line_1_4' title="bbox 3438 303 3544 361; baseline 0.019 -2"><span class='ocrx_word' id='word_1_10' title='bbox 3438 303 3544 361; x_wconf 70' lang='grc'><em>182</em></span> 
     </span>
    </p>
   </div>
   <div class='ocr_carea' id='block_1_5' title="bbox 232 397 3536 484">
    <p class='ocr_par' dir='ltr' id='par_1_5' title="bbox 232 397 3536 484">
     <span class='ocr_line' id='line_1_5' title="bbox 232 397 3536 484; baseline 0.009 -42"><span class='ocrx_word' id='word_1_11' title='bbox 232 401 352 444; x_wconf 84' lang='lat' dir='ltr'><em>runt</em></span> <span class='ocrx_word' id='word_1_12' title='bbox 383 408 492 447; x_wconf 88' lang='lat' dir='ltr'><em>non</em></span> <span class='ocrx_word' id='word_1_13' title='bbox 511 408 713 464; x_wconf 86' lang='lat' dir='ltr'><em>perme,</em></span> <span class='ocrx_word' id='word_1_14' title='bbox 731 411 888 466; x_wconf 84' lang='lat' dir='ltr'><em>neque</em></span> <span class='ocrx_word' id='word_1_15' title='bbox 902 413 993 465; x_wconf 85' lang='lat' dir='ltr'><em>per</em></span> <span class='ocrx_word' id='word_1_16' title='bbox 1006 397 1246 467; x_wconf 86' lang='lat' dir='ltr'><em>spiritum</em></span> <span class='ocrx_word' id='word_1_17' title='bbox 1261 397 1589 471; x_wconf 85' lang='lat' dir='ltr'><em>menm(0se.</em></span> <span class='ocrx_word' id='word_1_18' title='bbox 1618 398 1824 471; x_wconf 55' lang='lat' dir='ltr'><em>va).</em></span> <span class='ocrx_word' id='word_1_19' title='bbox 1855 401 1912 462; x_wconf 79' lang='grc' dir='ltr'><strong>Α</strong></span> <span class='ocrx_word' id='word_1_20' title='bbox 1933 400 2026 454; x_wconf 88' lang='lat' dir='ltr'><em>sub</em></span> <span class='ocrx_word' id='word_1_21' title='bbox 2064 401 2221 483; x_wconf 76' lang='lat' dir='ltr'><em>ﬁnem</em></span> <span class='ocrx_word' id='word_1_22' title='bbox 2247 404 2488 484; x_wconf 66' lang='lat' dir='ltr'><em>epistola:</em></span> <span class='ocrx_word' id='word_1_23' title='bbox 2517 423 2533 460; x_wconf 92' lang='lat'><strong><em>:</em></strong></span> <span class='ocrx_word' id='word_1_24' title='bbox 2561 407 2800 484; x_wconf 63' lang='lat' dir='ltr'><em>1t‘iecrlum</em></span> <span class='ocrx_word' id='word_1_25' title='bbox 2851 423 3024 484; x_wconf 80' lang='lat' dir='ltr'><em>annus</em></span> <span class='ocrx_word' id='word_1_26' title='bbox 3075 412 3380 482; x_wconf 88' lang='lat' dir='ltr'><em>completus</em></span> <span class='ocrx_word' id='word_1_27' title='bbox 3433 428 3536 484; x_wconf 86' lang='lat' dir='ltr'><em>est,</em></span> 
     </span>
    </p>
   </div>
   <div class='ocr_carea' id='block_1_6' title="bbox 233 482 1836 563">
    <p class='ocr_par' dir='ltr' id='par_1_6' title="bbox 233 482 1836 563">
     <span class='ocr_line' id='line_1_6' title="bbox 233 482 1836 563; baseline 0.005 -26"><span class='ocrx_word' id='word_1_28' title='bbox 233 482 301 538; x_wconf 87' lang='lat' dir='ltr'><em>Et</em></span> <span class='ocrx_word' id='word_1_29' title='bbox 326 484 379 538; x_wconf 90' lang='lat' dir='ltr'><em>in</em></span> <span class='ocrx_word' id='word_1_30' title='bbox 403 485 698 557; x_wconf 80' lang='lat' dir='ltr'><em>Propltetis</em></span> <span class='ocrx_word' id='word_1_31' title='bbox 729 488 802 543; x_wconf 88' lang='lat' dir='ltr'><em>ita</em></span> <span class='ocrx_word' id='word_1_32' title='bbox 837 489 1096 544; x_wconf 85' lang='lat' dir='ltr'><em>Dominus</em></span> <span class='ocrx_word' id='word_1_33' title='bbox 1124 509 1135 542; x_wconf 92' lang='lat'>:</span> <span class='ocrx_word' id='word_1_34' title='bbox 1160 489 1333 544; x_wconf 81' lang='lat' dir='ltr'><em>Israel</em></span> <span class='ocrx_word' id='word_1_35' title='bbox 1362 491 1638 545; x_wconf 79' lang='lat' dir='ltr'><em>concitavit</em></span> <span class='ocrx_word' id='word_1_36' title='bbox 1679 491 1836 563; x_wconf 87' lang='lat' dir='ltr'><em>spiri—</em></span> 
     </span>
    </p>
   </div>
   <div class='ocr_carea' id='block_1_7' title="bbox 230 577 1834 654">
    <p class='ocr_par' dir='ltr' id='par_1_7' title="bbox 230 577 1834 654">
     <span class='ocr_line' id='line_1_7' title="bbox 230 577 1834 654; baseline 0.008 -27"><span class='ocrx_word' id='word_1_37' title='bbox 230 583 337 628; x_wconf 87' lang='lat' dir='ltr'><em>tum</em></span> <span class='ocrx_word' id='word_1_38' title='bbox 370 577 588 634; x_wconf 81' lang='lat' dir='ltr'><em>Domini</em></span> <span class='ocrx_word' id='word_1_39' title='bbox 613 583 632 654; x_wconf 88' lang='lat'>(</span> <span class='ocrx_word' id='word_1_40' title='bbox 657 581 768 638; x_wconf 87' lang='lat' dir='ltr'><em>Isa.</em></span> <span class='ocrx_word' id='word_1_41' title='bbox 813 599 929 648; x_wconf 86' lang='lat' dir='ltr'><em>Lm,</em></span> <span class='ocrx_word' id='word_1_42' title='bbox 979 583 1089 653; x_wconf 84' lang='lat' dir='ltr'><em>IO).</em></span> <span class='ocrx_word' id='word_1_43' title='bbox 1119 584 1185 638; x_wconf 86' lang='lat' dir='ltr'><em>Et</em></span> <span class='ocrx_word' id='word_1_44' title='bbox 1218 584 1364 654; x_wconf 91' lang='lat' dir='ltr'><em>quod</em></span> <span class='ocrx_word' id='word_1_45' title='bbox 1402 583 1608 640; x_wconf 86' lang='lat' dir='ltr'><em>habitet</em></span> <span class='ocrx_word' id='word_1_46' title='bbox 1651 586 1706 640; x_wconf 91' lang='lat' dir='ltr'><em>in</em></span> <span class='ocrx_word' id='word_1_47' title='bbox 1739 585 1834 640; x_wconf 84' lang='lat' dir='ltr'><em>bo-</em></span> 
     </span>
    </p>
   </div>
   <div class='ocr_carea' id='block_1_8' title="bbox 227 669 1835 747">
    <p class='ocr_par' dir='ltr' id='par_1_8' title="bbox 227 669 1835 747">
     <span class='ocr_line' id='line_1_8' title="bbox 227 669 1835 747; baseline 0.008 -27"><span class='ocrx_word' id='word_1_48' title='bbox 227 669 376 723; x_wconf 89' lang='lat' dir='ltr'><em>mine</em></span> <span class='ocrx_word' id='word_1_49' title='bbox 398 672 642 740; x_wconf 84' lang='lat' dir='ltr'><em>Spiritus</em></span> <span class='ocrx_word' id='word_1_50' title='bbox 670 673 900 729; x_wconf 87' lang='lat' dir='ltr'><em>Sanctus</em></span> <span class='ocrx_word' id='word_1_51' title='bbox 927 678 1198 745; x_wconf 86' lang='lat' dir='ltr'><em>quomodo</em></span> <span class='ocrx_word' id='word_1_52' title='bbox 1224 677 1416 744; x_wconf 82' lang='lat' dir='ltr'><em>Filius,</em></span> <span class='ocrx_word' id='word_1_53' title='bbox 1451 677 1581 731; x_wconf 88' lang='lat' dir='ltr'><em>dicit</em></span> <span class='ocrx_word' id='word_1_54' title='bbox 1603 678 1835 747; x_wconf 81' lang='lat' dir='ltr'><em>Aposto-</em></span> 
     </span>
    </p>
   </div>
   <div class='ocr_carea' id='block_1_9' title="bbox 221 759 1832 838">
    <p class='ocr_par' dir='ltr' id='par_1_9' title="bbox 221 759 1832 838">
     <span class='ocr_line' id='line_1_9' title="bbox 221 759 1832 838; baseline 0.006 -26"><span class='ocrx_word' id='word_1_55' title='bbox 221 759 305 812; x_wconf 87' lang='lat' dir='ltr'><strong>lus</strong></span> <span class='ocrx_word' id='word_1_56' title='bbox 337 778 348 812; x_wconf 94' lang='lat'>:</span> <span class='ocrx_word' id='word_1_57' title='bbox 389 761 655 827; x_wconf 80' lang='lat' dir='ltr'><em>Quoniam</em></span> <span class='ocrx_word' id='word_1_58' title='bbox 687 766 914 819; x_wconf 83' lang='lat' dir='ltr'><em>membra</em></span> <span class='ocrx_word' id='word_1_59' title='bbox 959 777 1126 820; x_wconf 79' lang='lat' dir='ltr'><em>vestra</em></span> <span class='ocrx_word' id='word_1_60' title='bbox 1158 768 1413 835; x_wconf 82' lang='lat' dir='ltr'><em>templum</em></span> <span class='ocrx_word' id='word_1_61' title='bbox 1454 779 1569 822; x_wconf 87' lang='lat' dir='ltr'><em>sunt</em></span> <span class='ocrx_word' id='word_1_62' title='bbox 1601 768 1832 838; x_wconf 73' lang='lat' dir='ltr'><em>Spiritus</em></span> 
     </span>
    </p>
   </div>
   <div class='ocr_carea' id='block_1_10' title="bbox 220 855 1832 931">
    <p class='ocr_par' dir='ltr' id='par_1_10' title="bbox 220 855 1832 931">
     <span class='ocr_line' id='line_1_10' title="bbox 220 855 1832 931; baseline 0.004 -24"><span class='ocrx_word' id='word_1_63' title='bbox 220 855 390 907; x_wconf 81' lang='lat' dir='ltr'><em>sancti</em></span> <span class='ocrx_word' id='word_1_64' title='bbox 417 857 512 925; x_wconf 79' lang='lat' dir='ltr'><em>qui</em></span> <span class='ocrx_word' id='word_1_65' title='bbox 544 857 742 910; x_wconf 83' lang='lat' dir='ltr'><em>habitat</em></span> <span class='ocrx_word' id='word_1_66' title='bbox 774 858 825 911; x_wconf 91' lang='lat' dir='ltr'><em>in</em></span> <span class='ocrx_word' id='word_1_67' title='bbox 851 858 1012 913; x_wconf 81' lang='lat' dir='ltr'><em>robis.</em></span> <span class='ocrx_word' id='word_1_68' title='bbox 1047 858 1113 913; x_wconf 84' lang='lat' dir='ltr'><em>Et</em></span> <span class='ocrx_word' id='word_1_69' title='bbox 1158 859 1394 915; x_wconf 74' lang='lat' dir='ltr'><em>iterum:</em></span> <span class='ocrx_word' id='word_1_70' title='bbox 1439 859 1663 915; x_wconf 76' lang='lat' dir='ltr'><em>Nescitis</em></span> <span class='ocrx_word' id='word_1_71' title='bbox 1705 878 1832 931; x_wconf 89' lang='lat' dir='ltr'><em>quo-</em></span> 
     </span>
    </p>
   </div>
   <div class='ocr_carea' id='block_1_11' title="bbox 219 944 1827 1018">
    <p class='ocr_par' dir='ltr' id='par_1_11' title="bbox 219 944 1827 1018">
     <span class='ocr_line' id='line_1_11' title="bbox 219 944 1827 1018; baseline 0.006 -24"><span class='ocrx_word' id='word_1_72' title='bbox 219 944 364 996; x_wconf 86' lang='lat' dir='ltr'><em>niam</em></span> <span class='ocrx_word' id='word_1_73' title='bbox 397 948 652 1018; x_wconf 86' lang='lat' dir='ltr'><em>templum</em></span> <span class='ocrx_word' id='word_1_74' title='bbox 676 947 775 1002; x_wconf 88' lang='lat' dir='ltr'><em>Dei</em></span> <span class='ocrx_word' id='word_1_75' title='bbox 802 949 943 1015; x_wconf 84' lang='lat' dir='ltr'><em>estis,</em></span> <span class='ocrx_word' id='word_1_76' title='bbox 975 960 1020 1002; x_wconf 89' lang='lat' dir='ltr'><em>et</em></span> <span class='ocrx_word' id='word_1_77' title='bbox 1047 951 1260 1018; x_wconf 73' lang='lat' dir='ltr'><em>spiritus</em></span> <span class='ocrx_word' id='word_1_78' title='bbox 1287 949 1386 1004; x_wconf 90' lang='lat' dir='ltr'><em>Dei</em></span> <span class='ocrx_word' id='word_1_79' title='bbox 1415 950 1612 1003; x_wconf 84' lang='lat' dir='ltr'><em>habitat</em></span> <span class='ocrx_word' id='word_1_80' title='bbox 1652 952 1704 1003; x_wconf 87' lang='lat' dir='ltr'><em>in</em></span> <span class='ocrx_word' id='word_1_81' title='bbox 1737 965 1827 1004; x_wconf 60' lang='lat' dir='ltr'><em>tto-</em></span> 
     </span>
    </p>
   </div>
   <div class='ocr_carea' id='block_1_12' title="bbox 218 1034 1822 1109">
    <p class='ocr_par' dir='ltr' id='par_1_12' title="bbox 218 1034 1822 1109">
     <span class='ocr_line' id='line_1_12' title="bbox 218 1034 1822 1109; baseline 0.004 -23"><span class='ocrx_word' id='word_1_82' title='bbox 218 1034 295 1088; x_wconf 88' lang='lat' dir='ltr'><em>bis</em></span> <span class='ocrx_word' id='word_1_83' title='bbox 326 1040 343 1106; x_wconf 91' lang='lat'>(</span> <span class='ocrx_word' id='word_1_84' title='bbox 371 1037 391 1090; x_wconf 86' lang='grc' dir='ltr'><strong>Ι</strong></span> <span class='ocrx_word' id='word_1_85' title='bbox 425 1038 547 1092; x_wconf 78' lang='lat' dir='ltr'><em>Cor.</em></span> <span class='ocrx_word' id='word_1_86' title='bbox 578 1055 650 1104; x_wconf 80' lang='lat' dir='ltr'><em>vr,</em></span> <span class='ocrx_word' id='word_1_87' title='bbox 687 1040 812 1108; x_wconf 71' lang='lat' dir='ltr'><em>Ill}?</em></span> <span class='ocrx_word' id='word_1_88' title='bbox 837 1040 904 1094; x_wconf 84' lang='lat' dir='ltr'><em>Et</em></span> <span class='ocrx_word' id='word_1_89' title='bbox 945 1041 1087 1109; x_wconf 74' lang='grc' dir='ltr'><em>(ιιιοά</em></span> <span class='ocrx_word' id='word_1_90' title='bbox 1115 1043 1297 1094; x_wconf 83' lang='lat' dir='ltr'><strong>omnia</strong></span> <span class='ocrx_word' id='word_1_91' title='bbox 1328 1042 1538 1094; x_wconf 78' lang='lat' dir='ltr'><em>noverit</em></span> <span class='ocrx_word' id='word_1_92' title='bbox 1562 1039 1822 1109; x_wconf 79' lang='lat' dir='ltr'><em>Spiritus,</em></span> 
     </span>
    </p>
   </div>
   <div class='ocr_carea' id='block_1_13' title="bbox 215 1128 1822 1205">
    <p class='ocr_par' dir='ltr' id='par_1_13' title="bbox 215 1128 1822 1205">
     <span class='ocr_line' id='line_1_13' title="bbox 215 1128 1822 1205; baseline 0.004 -25"><span class='ocrx_word' id='word_1_93' title='bbox 215 1128 355 1182; x_wconf 88' lang='lat' dir='ltr'><em>dicit</em></span> <span class='ocrx_word' id='word_1_94' title='bbox 389 1141 637 1200; x_wconf 10' lang='lat' dir='ltr'><em>sanctus,</em></span> <span class='ocrx_word' id='word_1_95' title='bbox 658 1131 952 1199; x_wconf 74' lang='lat' dir='ltr'><em>Apostolus</em></span> <span class='ocrx_word' id='word_1_96' title='bbox 986 1133 1056 1184; x_wconf 90' lang='lat' dir='ltr'><em>ita</em></span> <span class='ocrx_word' id='word_1_97' title='bbox 1084 1149 1097 1182; x_wconf 92' lang='lat'><strong>:</strong></span> <span class='ocrx_word' id='word_1_98' title='bbox 1126 1133 1234 1185; x_wconf 78' lang='lat' dir='ltr'><em>Alii</em></span> <span class='ocrx_word' id='word_1_99' title='bbox 1283 1135 1436 1186; x_wconf 82' lang='lat' dir='ltr'><em>datur</em></span> <span class='ocrx_word' id='word_1_100' title='bbox 1464 1149 1555 1204; x_wconf 79' lang='lat' dir='ltr'><em>per</em></span> <span class='ocrx_word' id='word_1_101' title='bbox 1583 1134 1822 1205; x_wconf 73' lang='lat' dir='ltr'><em>spiritum</em></span> 
     </span>
    </p>
   </div>
   <div class='ocr_carea' id='block_1_14' title="bbox 211 1220 1820 1296">
    <p class='ocr_par' dir='ltr' id='par_1_14' title="bbox 211 1220 1820 1296">
     <span class='ocr_line' id='line_1_14' title="bbox 211 1220 1820 1296; baseline 0.005 -24"><span class='ocrx_word' id='word_1_102' title='bbox 211 1220 427 1273; x_wconf 59' lang='lat' dir='ltr'><em>rer-bum</em></span> <span class='ocrx_word' id='word_1_103' title='bbox 460 1223 756 1290; x_wconf 80' lang='lat' dir='ltr'><em>sapientu&#39;c,</em></span> <span class='ocrx_word' id='word_1_104' title='bbox 789 1224 881 1275; x_wconf 80' lang='lat' dir='ltr'><em>alii</em></span> <span class='ocrx_word' id='word_1_105' title='bbox 921 1226 1121 1277; x_wconf 58' lang='lat' dir='ltr'><em>rer-bum</em></span> <span class='ocrx_word' id='word_1_106' title='bbox 1152 1226 1386 1279; x_wconf 72' lang='lat' dir='ltr'><em>scientia:</em></span> <span class='ocrx_word' id='word_1_107' title='bbox 1416 1227 1466 1278; x_wconf 86' lang='lat' dir='ltr'><em>in</em></span> <span class='ocrx_word' id='word_1_108' title='bbox 1505 1227 1683 1279; x_wconf 68' lang='lat' dir='ltr'><em>eodem</em></span> <span class='ocrx_word' id='word_1_109' title='bbox 1715 1228 1820 1296; x_wconf 83' lang='lat' dir='ltr'><em>spi-</em></span> 
     </span>
    </p>
   </div>
   <div class='ocr_carea' id='block_1_15' title="bbox 209 1315 1815 1389">
    <p class='ocr_par' dir='ltr' id='par_1_15' title="bbox 209 1315 1815 1389">
     <span class='ocr_line' id='line_1_15' title="bbox 209 1315 1815 1389; baseline 0.005 -24"><span class='ocrx_word' id='word_1_110' title='bbox 209 1315 337 1379; x_wconf 85' lang='lat' dir='ltr'><em>ritu,</em></span> <span class='ocrx_word' id='word_1_111' title='bbox 369 1316 467 1367; x_wconf 83' lang='lat' dir='ltr'><em>alii</em></span> <span class='ocrx_word' id='word_1_112' title='bbox 495 1315 650 1384; x_wconf 83' lang='lat' dir='ltr'><em>ﬁdes,</em></span> <span class='ocrx_word' id='word_1_113' title='bbox 683 1317 773 1368; x_wconf 79' lang='lat' dir='ltr'><em>alii</em></span> <span class='ocrx_word' id='word_1_114' title='bbox 803 1317 1097 1385; x_wconf 75' lang='lat' dir='ltr'><em>linguarum</em></span> <span class='ocrx_word' id='word_1_115' title='bbox 1136 1334 1343 1389; x_wconf 61' lang='lat' dir='ltr'><em>genera,</em></span> <span class='ocrx_word' id='word_1_116' title='bbox 1377 1317 1469 1370; x_wconf 89' lang='lat' dir='ltr'><em>alii</em></span> <span class='ocrx_word' id='word_1_117' title='bbox 1500 1319 1815 1386; x_wconf 79' lang='lat' dir='ltr'><em>interpreta-</em></span> 
     </span>
    </p>
   </div>
   <div class='ocr_carea' id='block_1_16' title="bbox 211 1408 1814 1483">
    <p class='ocr_par' dir='ltr' id='par_1_16' title="bbox 211 1408 1814 1483">
     <span class='ocr_line' id='line_1_16' title="bbox 211 1408 1814 1483; baseline 0.005 -25"><span class='ocrx_word' id='word_1_118' title='bbox 211 1408 370 1461; x_wconf 81' lang='lat' dir='ltr'><em>tiones</em></span> <span class='ocrx_word' id='word_1_119' title='bbox 418 1409 470 1460; x_wconf 89' lang='lat' dir='ltr'><em>in</em></span> <span class='ocrx_word' id='word_1_120' title='bbox 504 1410 681 1461; x_wconf 79' lang='lat' dir='ltr'><em>eodem</em></span> <span class='ocrx_word' id='word_1_121' title='bbox 711 1411 925 1478; x_wconf 81' lang='lat' dir='ltr'><em>spiritu,</em></span> <span class='ocrx_word' id='word_1_122' title='bbox 970 1411 1062 1462; x_wconf 83' lang='lat' dir='ltr'><em>alii</em></span> <span class='ocrx_word' id='word_1_123' title='bbox 1102 1411 1424 1483; x_wconf 80' lang='lat' dir='ltr'><em>gubernatio.</em></span> <span class='ocrx_word' id='word_1_124' title='bbox 1469 1411 1598 1466; x_wconf 73' lang='lat' dir='ltr'><em>Ha’c</em></span> <span class='ocrx_word' id='word_1_125' title='bbox 1643 1423 1814 1466; x_wconf 83' lang='lat' dir='ltr'><em>autent</em></span> 
     </span>
    </p>
   </div>
   <div class='ocr_carea' id='block_1_17' title="bbox 211 1499 1812 1573">
    <p class='ocr_par' dir='ltr' id='par_1_17' title="bbox 211 1499 1812 1573">
     <span class='ocr_line' id='line_1_17' title="bbox 211 1499 1812 1573; baseline 0.004 -22"><span class='ocrx_word' id='word_1_126' title='bbox 211 1499 378 1552; x_wconf 88' lang='lat' dir='ltr'><em>ontnia</em></span> <span class='ocrx_word' id='word_1_127' title='bbox 407 1510 662 1566; x_wconf 82' lang='lat' dir='ltr'><em>operatur</em></span> <span class='ocrx_word' id='word_1_128' title='bbox 688 1517 819 1553; x_wconf 87' lang='lat' dir='ltr'><em>unus</em></span> <span class='ocrx_word' id='word_1_129' title='bbox 843 1511 994 1569; x_wconf 83' lang='lat' dir='ltr'><em>atque</em></span> <span class='ocrx_word' id='word_1_130' title='bbox 1023 1501 1156 1554; x_wconf 86' lang='lat' dir='ltr'><em>idem</em></span> <span class='ocrx_word' id='word_1_131' title='bbox 1186 1503 1420 1573; x_wconf 77' lang='lat' dir='ltr'><em>spiritus,</em></span> <span class='ocrx_word' id='word_1_132' title='bbox 1447 1503 1678 1557; x_wconf 80' lang='lat' dir='ltr'><em>dividens</em></span> <span class='ocrx_word' id='word_1_133' title='bbox 1703 1522 1812 1558; x_wconf 89' lang='lat' dir='ltr'><em>ont-</em></span> 
     </span>
    </p>
   </div>
   <div class='ocr_carea' id='block_1_18' title="bbox 208 1592 1807 1666">
    <p class='ocr_par' dir='ltr' id='par_1_18' title="bbox 208 1592 1807 1666">
     <span class='ocr_line' id='line_1_18' title="bbox 208 1592 1807 1666; baseline 0.004 -22"><span class='ocrx_word' id='word_1_134' title='bbox 208 1592 355 1645; x_wconf 83' lang='lat' dir='ltr'><em>nibus</em></span> <span class='ocrx_word' id='word_1_135' title='bbox 401 1592 535 1645; x_wconf 89' lang='lat' dir='ltr'><em>sicut</em></span> <span class='ocrx_word' id='word_1_136' title='bbox 566 1594 674 1646; x_wconf 81' lang='lat' dir='ltr'><em>vult</em></span> <span class='ocrx_word' id='word_1_137' title='bbox 712 1594 774 1664; x_wconf 92' lang='lat' dir='ltr'><em>(l</em></span> <span class='ocrx_word' id='word_1_138' title='bbox 821 1593 941 1648; x_wconf 89' lang='lat' dir='ltr'><em>Cor.</em></span> <span class='ocrx_word' id='word_1_139' title='bbox 986 1611 1090 1660; x_wconf 76' lang='lat' dir='ltr'><em>xu,</em></span> <span class='ocrx_word' id='word_1_140' title='bbox 1126 1595 1178 1658; x_wconf 87' lang='lat'><em>7,</em></span> <span class='ocrx_word' id='word_1_141' title='bbox 1212 1613 1355 1666; x_wconf 68' lang='lat' dir='ltr'><em>seqq.</em></span> <span class='ocrx_word' id='word_1_142' title='bbox 1383 1598 1425 1666; x_wconf 93' lang='lat'><em>).</em></span> <span class='ocrx_word' id='word_1_143' title='bbox 1476 1597 1593 1652; x_wconf 75' lang='lat' dir='ltr'><em>Non</em></span> <span class='ocrx_word' id='word_1_144' title='bbox 1649 1597 1807 1665; x_wconf 78' lang='lat' dir='ltr'><em>dixit,</em></span> 
     </span>
    </p>
   </div>
   <div class='ocr_carea' id='block_1_19' title="bbox 207 1683 1811 1755">
    <p class='ocr_par' dir='ltr' id='par_1_19' title="bbox 207 1683 1811 1755">
     <span class='ocr_line' id='line_1_19' title="bbox 207 1683 1811 1755; baseline 0.002 -18"><span class='ocrx_word' id='word_1_145' title='bbox 207 1686 341 1738; x_wconf 84' lang='lat' dir='ltr'><em>sicut</em></span> <span class='ocrx_word' id='word_1_146' title='bbox 365 1683 614 1754; x_wconf 72' lang='lat' dir='ltr'><em>iubetur,</em></span> <span class='ocrx_word' id='word_1_147' title='bbox 647 1686 740 1739; x_wconf 86' lang='lat' dir='ltr'><em>sed</em></span> <span class='ocrx_word' id='word_1_148' title='bbox 771 1686 901 1739; x_wconf 87' lang='lat' dir='ltr'><em>sicut</em></span> <span class='ocrx_word' id='word_1_149' title='bbox 933 1687 1062 1755; x_wconf 84' lang='lat' dir='ltr'><em>vult,</em></span> <span class='ocrx_word' id='word_1_150' title='bbox 1107 1689 1402 1743; x_wconf 89' lang='lat' dir='ltr'><em>ostendens</em></span> <span class='ocrx_word' id='word_1_151' title='bbox 1441 1703 1547 1742; x_wconf 88' lang='lat' dir='ltr'><em>non</em></span> <span class='ocrx_word' id='word_1_152' title='bbox 1596 1700 1811 1743; x_wconf 88' lang='lat' dir='ltr'><em>creatu-</em></span> 
     </span>
    </p>
   </div>
   <div class='ocr_carea' id='block_1_20' title="bbox 207 1779 2091 1889">
    <p class='ocr_par' dir='ltr' id='par_1_20' title="bbox 207 1779 2091 1889">
     <span class='ocr_line' id='line_1_20' title="bbox 207 1779 2091 1889; baseline 0.011 -59"><span class='ocrx_word' id='word_1_153' title='bbox 207 1794 342 1838; x_wconf 81' lang='lat' dir='ltr'><em>ram.</em></span> <span class='ocrx_word' id='word_1_154' title='bbox 399 1779 494 1832; x_wconf 88' lang='lat' dir='ltr'><em>sed</em></span> <span class='ocrx_word' id='word_1_155' title='bbox 549 1795 734 1834; x_wconf 76' lang='lat' dir='ltr'><em>verum</em></span> <span class='ocrx_word' id='word_1_156' title='bbox 789 1780 955 1834; x_wconf 89' lang='lat' dir='ltr'><em>Deum</em></span> <span class='ocrx_word' id='word_1_157' title='bbox 984 1780 1258 1850; x_wconf 73' lang='lat' dir='ltr'><em>Spiritum</em></span> <span class='ocrx_word' id='word_1_158' title='bbox 1291 1781 1359 1838; x_wconf 90' lang='lat' dir='ltr'><em>de</em></span> <span class='ocrx_word' id='word_1_159' title='bbox 1409 1783 1519 1837; x_wconf 84' lang='lat' dir='ltr'><em>Deo</em></span> <span class='ocrx_word' id='word_1_160' title='bbox 1569 1799 1711 1850; x_wconf 85' lang='lat' dir='ltr'><em>esse,</em></span> <span class='ocrx_word' id='word_1_161' title='bbox 1755 1792 1810 1838; x_wconf 76' lang='lat' dir='ltr'><em>et</em></span> <span class='ocrx_word' id='word_1_162' title='bbox 1838 1785 1888 1846; x_wconf 91' lang='lat' dir='ltr'><strong>B</strong></span> 
     </span>
    </p>
   </div>
   <div class='ocr_carea' id='block_1_21' title="bbox 205 1871 1799 1947">
    <p class='ocr_par' dir='ltr' id='par_1_21' title="bbox 205 1871 1799 1947">
     <span class='ocr_line' id='line_1_21' title="bbox 205 1871 1799 1947; baseline 0.006 -24"><span class='ocrx_word' id='word_1_163' title='bbox 205 1871 384 1925; x_wconf 92' lang='lat' dir='ltr'><em>omnia</em></span> <span class='ocrx_word' id='word_1_164' title='bbox 418 1887 580 1939; x_wconf 78' lang='lat' dir='ltr'><em>posse</em></span> <span class='ocrx_word' id='word_1_165' title='bbox 616 1874 755 1926; x_wconf 87' lang='lat' dir='ltr'><em>sicut</em></span> <span class='ocrx_word' id='word_1_166' title='bbox 785 1873 1003 1928; x_wconf 85' lang='lat' dir='ltr'><em>Filium.</em></span> <span class='ocrx_word' id='word_1_167' title='bbox 1040 1874 1195 1930; x_wconf 88' lang='lat' dir='ltr'><em>Unde</em></span> <span class='ocrx_word' id='word_1_168' title='bbox 1241 1876 1312 1929; x_wconf 91' lang='lat' dir='ltr'><em>ait</em></span> <span class='ocrx_word' id='word_1_169' title='bbox 1343 1878 1528 1930; x_wconf 88' lang='lat' dir='ltr'><em>statim</em></span> <span class='ocrx_word' id='word_1_170' title='bbox 1563 1878 1799 1947; x_wconf 82' lang='lat' dir='ltr'><em>Aposto-</em></span> 
     </span>
    </p>
   </div>
   <div class='ocr_carea' id='block_1_22' title="bbox 205 1963 1800 2038">
    <p class='ocr_par' dir='ltr' id='par_1_22' title="bbox 205 1963 1800 2038">
     <span class='ocr_line' id='line_1_22' title="bbox 205 1963 1800 2038; baseline 0.005 -22"><span class='ocrx_word' id='word_1_171' title='bbox 205 1963 286 2017; x_wconf 91' lang='lat' dir='ltr'><em>lus</em></span> <span class='ocrx_word' id='word_1_172' title='bbox 317 1982 329 2016; x_wconf 92' lang='lat'>:</span> <span class='ocrx_word' id='word_1_173' title='bbox 359 1963 808 2031; x_wconf 79' lang='lat' dir='ltr'><em>Quemadmodum</em></span> <span class='ocrx_word' id='word_1_174' title='bbox 834 1983 981 2020; x_wconf 90' lang='lat' dir='ltr'><em>nemo</em></span> <span class='ocrx_word' id='word_1_175' title='bbox 1002 1969 1142 2022; x_wconf 86' lang='lat' dir='ltr'><em>novit</em></span> <span class='ocrx_word' id='word_1_176' title='bbox 1168 1968 1430 2022; x_wconf 77' lang='lat' dir='ltr'><em>hominum</em></span> <span class='ocrx_word' id='word_1_177' title='bbox 1460 1987 1570 2038; x_wconf 81' lang='lat' dir='ltr'><em>qua:</em></span> <span class='ocrx_word' id='word_1_178' title='bbox 1599 1981 1717 2023; x_wconf 86' lang='lat' dir='ltr'><em>sunt</em></span> <span class='ocrx_word' id='word_1_179' title='bbox 1747 1972 1800 2024; x_wconf 87' lang='lat' dir='ltr'><em>in</em></span> 
     </span>
    </p>
   </div>
   <div class='ocr_carea' id='block_1_23' title="bbox 204 2056 1801 2132">
    <p class='ocr_par' dir='ltr' id='par_1_23' title="bbox 204 2056 1801 2132">
     <span class='ocr_line' id='line_1_23' title="bbox 204 2056 1801 2132; baseline 0.006 -25"><span class='ocrx_word' id='word_1_180' title='bbox 204 2056 428 2121; x_wconf 78' lang='lat' dir='ltr'><em>homine,</em></span> <span class='ocrx_word' id='word_1_181' title='bbox 466 2059 568 2110; x_wconf 84' lang='lat' dir='ltr'><em>nisi</em></span> <span class='ocrx_word' id='word_1_182' title='bbox 590 2058 804 2126; x_wconf 85' lang='lat' dir='ltr'><em>spiritus</em></span> <span class='ocrx_word' id='word_1_183' title='bbox 831 2058 1057 2112; x_wconf 83' lang='lat' dir='ltr'><em>hominis</em></span> <span class='ocrx_word' id='word_1_184' title='bbox 1086 2063 1174 2130; x_wconf 87' lang='lat' dir='ltr'><em>qui</em></span> <span class='ocrx_word' id='word_1_185' title='bbox 1201 2064 1350 2114; x_wconf 87' lang='lat' dir='ltr'><em>estin</em></span> <span class='ocrx_word' id='word_1_186' title='bbox 1382 2079 1438 2115; x_wconf 82' lang='lat' dir='ltr'><em>eo</em></span> <span class='ocrx_word' id='word_1_187' title='bbox 1465 2078 1482 2115; x_wconf 81' lang='lat'><em>.‘</em></span> <span class='ocrx_word' id='word_1_188' title='bbox 1513 2063 1587 2116; x_wconf 85' lang='lat' dir='ltr'><em>sic</em></span> <span class='ocrx_word' id='word_1_189' title='bbox 1615 2071 1664 2116; x_wconf 89' lang='lat' dir='ltr'><em>et</em></span> <span class='ocrx_word' id='word_1_190' title='bbox 1685 2079 1801 2132; x_wconf 65' lang='lat' dir='ltr'><em>quae</em></span> 
     </span>
    </p>
   </div>
   <div class='ocr_carea' id='block_1_24' title="bbox 203 2149 1798 2225">
    <p class='ocr_par' dir='ltr' id='par_1_24' title="bbox 203 2149 1798 2225">
     <span class='ocr_line' id='line_1_24' title="bbox 203 2149 1798 2225; baseline 0.006 -25"><span class='ocrx_word' id='word_1_191' title='bbox 203 2159 315 2201; x_wconf 81' lang='lat' dir='ltr'><em>sunt</em></span> <span class='ocrx_word' id='word_1_192' title='bbox 345 2149 443 2203; x_wconf 87' lang='lat' dir='ltr'><em>Dei</em></span> <span class='ocrx_word' id='word_1_193' title='bbox 471 2166 621 2202; x_wconf 72' lang='lat' dir='ltr'><em>nemo</em></span> <span class='ocrx_word' id='word_1_194' title='bbox 651 2155 808 2215; x_wconf 75' lang='lat' dir='ltr'><em>novit,</em></span> <span class='ocrx_word' id='word_1_195' title='bbox 840 2153 939 2204; x_wconf 86' lang='lat' dir='ltr'><em>nisi</em></span> <span class='ocrx_word' id='word_1_196' title='bbox 962 2154 1170 2224; x_wconf 76' lang='lat' dir='ltr'><em>spiritus</em></span> <span class='ocrx_word' id='word_1_197' title='bbox 1199 2154 1286 2224; x_wconf 82' lang='lat' dir='ltr'><em>qui</em></span> <span class='ocrx_word' id='word_1_198' title='bbox 1314 2155 1376 2208; x_wconf 87' lang='lat' dir='ltr'><em>de</em></span> <span class='ocrx_word' id='word_1_199' title='bbox 1407 2154 1514 2209; x_wconf 88' lang='lat' dir='ltr'><em>Deo</em></span> <span class='ocrx_word' id='word_1_200' title='bbox 1553 2166 1646 2210; x_wconf 90' lang='lat' dir='ltr'><em>est.</em></span> <span class='ocrx_word' id='word_1_201' title='bbox 1675 2157 1798 2225; x_wconf 83' lang='lat' dir='ltr'><em>Spi-</em></span> 
     </span>
    </p>
   </div>
   <div class='ocr_carea' id='block_1_25' title="bbox 203 2241 1793 2315">
    <p class='ocr_par' dir='ltr' id='par_1_25' title="bbox 203 2241 1793 2315">
     <span class='ocr_line' id='line_1_25' title="bbox 203 2241 1793 2315; baseline 0.007 -22"><span class='ocrx_word' id='word_1_202' title='bbox 203 2243 325 2295; x_wconf 84' lang='lat' dir='ltr'><em>ritus</em></span> <span class='ocrx_word' id='word_1_203' title='bbox 382 2243 522 2295; x_wconf 61' lang='lat' dir='ltr'><em>cuim</em></span> <span class='ocrx_word' id='word_1_204' title='bbox 564 2241 664 2296; x_wconf 85' lang='lat' dir='ltr'><em>Dei</em></span> <span class='ocrx_word' id='word_1_205' title='bbox 695 2255 1049 2315; x_wconf 84' lang='lat' dir='ltr'><em>perscrutatur</em></span> <span class='ocrx_word' id='word_1_206' title='bbox 1097 2249 1252 2299; x_wconf 79' lang='lat' dir='ltr'><em>etiam</em></span> <span class='ocrx_word' id='word_1_207' title='bbox 1301 2245 1409 2300; x_wconf 92' lang='lat' dir='ltr'><em>alta</em></span> <span class='ocrx_word' id='word_1_208' title='bbox 1453 2245 1575 2304; x_wconf 86' lang='lat' dir='ltr'><em>Dei.</em></span> <span class='ocrx_word' id='word_1_209' title='bbox 1606 2246 1793 2314; x_wconf 82' lang='lat' dir='ltr'><em>Vides,</em></span> 
     </span>
    </p>
   </div>
   <div class='ocr_carea' id='block_1_26' title="bbox 201 2335 1788 2411">
    <p class='ocr_par' dir='ltr' id='par_1_26' title="bbox 201 2335 1788 2411">
     <span class='ocr_line' id='line_1_26' title="bbox 201 2335 1788 2411; baseline 0.004 -21"><span class='ocrx_word' id='word_1_210' title='bbox 201 2335 655 2404; x_wconf 78' lang='lat' dir='ltr'><em>quemadmodum</em></span> <span class='ocrx_word' id='word_1_211' title='bbox 691 2339 871 2392; x_wconf 84' lang='lat' dir='ltr'><em>omnia</em></span> <span class='ocrx_word' id='word_1_212' title='bbox 917 2347 1179 2394; x_wconf 83' lang='lat' dir='ltr'><em>scientem</em></span> <span class='ocrx_word' id='word_1_213' title='bbox 1214 2341 1472 2409; x_wconf 91' lang='lat' dir='ltr'><em>Spiritum</em></span> <span class='ocrx_word' id='word_1_214' title='bbox 1519 2351 1788 2411; x_wconf 88' lang='lat' dir='ltr'><em>sanctum,</em></span> 
     </span>
    </p>
   </div>
   <div class='ocr_carea' id='block_1_27' title="bbox 202 2429 1790 2502">
    <p class='ocr_par' dir='ltr' id='par_1_27' title="bbox 202 2429 1790 2502">
     <span class='ocr_line' id='line_1_27' title="bbox 202 2429 1790 2502; baseline 0.006 -22"><span class='ocrx_word' id='word_1_215' title='bbox 202 2439 249 2480; x_wconf 89' lang='lat' dir='ltr'><em>et</em></span> <span class='ocrx_word' id='word_1_216' title='bbox 273 2429 460 2480; x_wconf 82' lang='lat' dir='ltr'><em>ornnia</em></span> <span class='ocrx_word' id='word_1_217' title='bbox 482 2436 779 2497; x_wconf 84' lang='lat' dir='ltr'><em>potentem,</em></span> <span class='ocrx_word' id='word_1_218' title='bbox 808 2442 859 2484; x_wconf 90' lang='lat' dir='ltr'><em>et</em></span> <span class='ocrx_word' id='word_1_219' title='bbox 883 2430 1079 2499; x_wconf 87' lang='lat' dir='ltr'><em>ubique</em></span> <span class='ocrx_word' id='word_1_220' title='bbox 1107 2446 1249 2498; x_wconf 88' lang='lat' dir='ltr'><em>esse,</em></span> <span class='ocrx_word' id='word_1_221' title='bbox 1279 2442 1332 2485; x_wconf 90' lang='lat' dir='ltr'><em>et</em></span> <span class='ocrx_word' id='word_1_222' title='bbox 1351 2433 1529 2486; x_wconf 82' lang='lat' dir='ltr'><em>omnia</em></span> <span class='ocrx_word' id='word_1_223' title='bbox 1553 2450 1790 2502; x_wconf 76' lang='lat' dir='ltr'><em>creasse,</em></span> 
     </span>
    </p>
   </div>
   <div class='ocr_carea' id='block_1_28' title="bbox 201 2520 1788 2594">
    <p class='ocr_par' dir='ltr' id='par_1_28' title="bbox 201 2520 1788 2594">
     <span class='ocr_line' id='line_1_28' title="bbox 201 2520 1788 2594; baseline 0.007 -23"><span class='ocrx_word' id='word_1_224' title='bbox 201 2531 248 2571; x_wconf 88' lang='lat' dir='ltr'><em>ct</em></span> <span class='ocrx_word' id='word_1_225' title='bbox 273 2520 456 2574; x_wconf 89' lang='lat' dir='ltr'><em>omnia</em></span> <span class='ocrx_word' id='word_1_226' title='bbox 490 2522 724 2587; x_wconf 84' lang='lat' dir='ltr'><em>salvare,</em></span> <span class='ocrx_word' id='word_1_227' title='bbox 757 2532 946 2576; x_wconf 87' lang='lat' dir='ltr'><em>sancta</em></span> <span class='ocrx_word' id='word_1_228' title='bbox 987 2524 1142 2577; x_wconf 88' lang='lat' dir='ltr'><em>nobis</em></span> <span class='ocrx_word' id='word_1_229' title='bbox 1177 2525 1453 2594; x_wconf 78' lang='lat' dir='ltr'><em>Scriptura</em></span> <span class='ocrx_word' id='word_1_230' title='bbox 1482 2528 1788 2582; x_wconf 84' lang='lat' dir='ltr'><em>annuntiat.</em></span> 
     </span>
    </p>
   </div>
   <div class='ocr_carea' id='block_1_29' title="bbox 204 2611 1791 2688">
    <p class='ocr_par' dir='ltr' id='par_1_29' title="bbox 204 2611 1791 2688">
     <span class='ocr_line' id='line_1_29' title="bbox 204 2611 1791 2688; baseline 0.004 -22"><span class='ocrx_word' id='word_1_231' title='bbox 204 2611 348 2667; x_wconf 61' lang='lat' dir='ltr'><em>[inde</em></span> <span class='ocrx_word' id='word_1_232' title='bbox 381 2624 434 2665; x_wconf 91' lang='lat' dir='ltr'><em>et</em></span> <span class='ocrx_word' id='word_1_233' title='bbox 469 2612 717 2667; x_wconf 72' lang='lat' dir='ltr'><em>Salvator</em></span> <span class='ocrx_word' id='word_1_234' title='bbox 747 2614 796 2667; x_wconf 91' lang='lat' dir='ltr'><em>in</em></span> <span class='ocrx_word' id='word_1_235' title='bbox 828 2615 1124 2684; x_wconf 69' lang='lat' dir='ltr'><em>Evangelia</em></span> <span class='ocrx_word' id='word_1_236' title='bbox 1145 2658 1159 2683; x_wconf 92' lang='lat'><em>,</em></span> <span class='ocrx_word' id='word_1_237' title='bbox 1195 2616 1585 2686; x_wconf 79' lang='lat' dir='ltr'><em>blasphemiam</em></span> <span class='ocrx_word' id='word_1_238' title='bbox 1617 2618 1791 2688; x_wconf 88' lang='lat' dir='ltr'><em>Spiri-</em></span> 
     </span>
    </p>
   </div>
   <div class='ocr_carea' id='block_1_30' title="bbox 202 2707 1788 2780">
    <p class='ocr_par' dir='ltr' id='par_1_30' title="bbox 202 2707 1788 2780">
     <span class='ocr_line' id='line_1_30' title="bbox 202 2707 1788 2780; baseline 0.005 -22"><span class='ocrx_word' id='word_1_239' title='bbox 202 2715 276 2758; x_wconf 89' lang='lat' dir='ltr'><em>tus</em></span> <span class='ocrx_word' id='word_1_240' title='bbox 305 2707 523 2770; x_wconf 83' lang='lat' dir='ltr'><em>sancti,</em></span> <span class='ocrx_word' id='word_1_241' title='bbox 574 2723 755 2775; x_wconf 89' lang='lat' dir='ltr'><em>neque</em></span> <span class='ocrx_word' id='word_1_242' title='bbox 798 2707 906 2775; x_wconf 88' lang='lat' dir='ltr'><em>bic,</em></span> <span class='ocrx_word' id='word_1_243' title='bbox 956 2725 1127 2780; x_wconf 83' lang='lat' dir='ltr'><em>neque</em></span> <span class='ocrx_word' id='word_1_244' title='bbox 1160 2710 1211 2762; x_wconf 92' lang='lat' dir='ltr'><em>in</em></span> <span class='ocrx_word' id='word_1_245' title='bbox 1251 2710 1434 2766; x_wconf 83' lang='lat' dir='ltr'><em>futuro</em></span> <span class='ocrx_word' id='word_1_246' title='bbox 1476 2711 1788 2766; x_wconf 76' lang='lat' dir='ltr'><em>hominibus</em></span> 
     </span>
    </p>
   </div>
   <div class='ocr_carea' id='block_1_31' title="bbox 200 2797 1788 2876">
    <p class='ocr_par' dir='ltr' id='par_1_31' title="bbox 200 2797 1788 2876">
     <span class='ocr_line' id='line_1_31' title="bbox 200 2797 1788 2876; baseline 0.005 -26"><span class='ocrx_word' id='word_1_247' title='bbox 200 2798 386 2852; x_wconf 80' lang='lat' dir='ltr'><em>statuit</em></span> <span class='ocrx_word' id='word_1_248' title='bbox 416 2797 825 2865; x_wconf 77' lang='lat' dir='ltr'><em>dimittendam,</em></span> <span class='ocrx_word' id='word_1_249' title='bbox 855 2802 1043 2857; x_wconf 78' lang='lat' dir='ltr'><em>dicens</em></span> <span class='ocrx_word' id='word_1_250' title='bbox 1077 2822 1090 2857; x_wconf 92' lang='lat'>:</span> <span class='ocrx_word' id='word_1_251' title='bbox 1135 2801 1263 2857; x_wconf 83' lang='lat' dir='ltr'><em>Ideo</em></span> <span class='ocrx_word' id='word_1_252' title='bbox 1301 2806 1416 2858; x_wconf 81' lang='lat' dir='ltr'><em>dico</em></span> <span class='ocrx_word' id='word_1_253' title='bbox 1447 2807 1609 2870; x_wconf 77' lang='lat' dir='ltr'><em>robis,</em></span> <span class='ocrx_word' id='word_1_254' title='bbox 1650 2807 1788 2876; x_wconf 84' lang='lat' dir='ltr'><em>quod</em></span> 
     </span>
    </p>
   </div>
   <div class='ocr_carea' id='block_1_32' title="bbox 198 2891 1786 2966">
    <p class='ocr_par' dir='ltr' id='par_1_32' title="bbox 198 2891 1786 2966">
     <span class='ocr_line' id='line_1_32' title="bbox 198 2891 1786 2966; baseline 0.004 -23"><span class='ocrx_word' id='word_1_255' title='bbox 198 2893 353 2943; x_wconf 86' lang='lat' dir='ltr'><em>omnis</em></span> <span class='ocrx_word' id='word_1_256' title='bbox 378 2891 722 2958; x_wconf 70' lang='lat' dir='ltr'><em>blasphemia,</em></span> <span class='ocrx_word' id='word_1_257' title='bbox 759 2903 805 2947; x_wconf 87' lang='lat' dir='ltr'><em>et</em></span> <span class='ocrx_word' id='word_1_258' title='bbox 839 2911 989 2948; x_wconf 87' lang='lat' dir='ltr'><em>onme</em></span> <span class='ocrx_word' id='word_1_259' title='bbox 1015 2905 1281 2966; x_wconf 80' lang='lat' dir='ltr'><em>peccatum</em></span> <span class='ocrx_word' id='word_1_260' title='bbox 1314 2898 1596 2952; x_wconf 82' lang='lat' dir='ltr'><em>dimittetur</em></span> <span class='ocrx_word' id='word_1_261' title='bbox 1621 2900 1786 2951; x_wconf 80' lang='lat' dir='ltr'><em>[tenti-</em></span> 
     </span>
    </p>
   </div>
   <div class='ocr_carea' id='block_1_33' title="bbox 195 2982 1783 3060">
    <p class='ocr_par' dir='ltr' id='par_1_33' title="bbox 195 2982 1783 3060">
     <span class='ocr_line' id='line_1_33' title="bbox 195 2982 1783 3060; baseline 0.006 -26"><span class='ocrx_word' id='word_1_262' title='bbox 195 2982 332 3036; x_wconf 82' lang='lat' dir='ltr'><em>nibus</em></span> <span class='ocrx_word' id='word_1_263' title='bbox 359 2998 378 3035; x_wconf 90' lang='lat'><strong><em>:</em></strong></span> <span class='ocrx_word' id='word_1_264' title='bbox 411 2984 734 3053; x_wconf 84' lang='lat' dir='ltr'><em>blasphemia</em></span> <span class='ocrx_word' id='word_1_265' title='bbox 765 2996 936 3039; x_wconf 82' lang='lat' dir='ltr'><em>autent</em></span> <span class='ocrx_word' id='word_1_266' title='bbox 981 2987 1212 3054; x_wconf 81' lang='lat' dir='ltr'><em>Spiritus</em></span> <span class='ocrx_word' id='word_1_267' title='bbox 1259 2991 1444 3055; x_wconf 78' lang='lat' dir='ltr'><em>sancti,</em></span> <span class='ocrx_word' id='word_1_268' title='bbox 1491 3008 1650 3060; x_wconf 68' lang='lat' dir='ltr'><em>neque</em></span> <span class='ocrx_word' id='word_1_269' title='bbox 1680 2991 1783 3056; x_wconf 80' lang='lat' dir='ltr'><em>hic,</em></span> 
     </span>
    </p>
   </div>
   <div class='ocr_carea' id='block_1_34' title="bbox 195 3075 1782 3154">
    <p class='ocr_par' dir='ltr' id='par_1_34' title="bbox 195 3075 1782 3154">
     <span class='ocr_line' id='line_1_34' title="bbox 195 3075 1782 3154; baseline 0.007 -27"><span class='ocrx_word' id='word_1_270' title='bbox 195 3092 346 3146; x_wconf 83' lang='lat' dir='ltr'><em>neque</em></span> <span class='ocrx_word' id='word_1_271' title='bbox 377 3078 432 3128; x_wconf 87' lang='lat' dir='ltr'><em>in</em></span> <span class='ocrx_word' id='word_1_272' title='bbox 458 3081 638 3146; x_wconf 77' lang='lat' dir='ltr'><em>futuro</em></span> <span class='ocrx_word' id='word_1_273' title='bbox 659 3075 958 3131; x_wconf 85' lang='lat' dir='ltr'><em>hominibus</em></span> <span class='ocrx_word' id='word_1_274' title='bbox 980 3079 1263 3133; x_wconf 79' lang='lat' dir='ltr'><em>dimittetur</em></span> <span class='ocrx_word' id='word_1_275' title='bbox 1287 3080 1503 3154; x_wconf 77' lang='lat' dir='ltr'><em>(Matth.</em></span> <span class='ocrx_word' id='word_1_276' title='bbox 1529 3099 1624 3148; x_wconf 66' lang='lat' dir='ltr'><em>stt,</em></span> <span class='ocrx_word' id='word_1_277' title='bbox 1654 3083 1744 3153; x_wconf 79' lang='grc'><em>51)</em></span> <span class='ocrx_word' id='word_1_278' title='bbox 1769 3101 1782 3138; x_wconf 86' lang='lat'><strong>:</strong></span> 
     </span>
    </p>
   </div>
   <div class='ocr_carea' id='block_1_35' title="bbox 1937 474 3532 553">
    <p class='ocr_par' dir='ltr' id='par_1_35' title="bbox 1937 474 3532 553">
     <span class='ocr_line' id='line_1_35' title="bbox 1937 474 3532 553; baseline 0.013 -29"><span class='ocrx_word' id='word_1_279' title='bbox 1937 487 2045 539; x_wconf 86' lang='lat' dir='ltr'><em>quo</em></span> <span class='ocrx_word' id='word_1_280' title='bbox 2089 474 2770 553; x_wconf 66' lang='lat' dir='ltr'><em>principemGratianum,</em></span> <span class='ocrx_word' id='word_1_281' title='bbox 2813 480 3075 549; x_wconf 88' lang='lat' dir='ltr'><em>prodente</em></span> <span class='ocrx_word' id='word_1_282' title='bbox 3116 474 3360 539; x_wconf 74' lang='lat' dir='ltr'><em>exercitu</em></span> <span class='ocrx_word' id='word_1_283' title='bbox 3409 474 3532 553; x_wconf 58' lang='lat' dir='ltr'><em>suo;</em></span> 
     </span>
    </p>
   </div>
   <div class='ocr_carea' id='block_1_36' title="bbox 1937 544 3535 623">
    <p class='ocr_par' dir='ltr' id='par_1_36' title="bbox 1937 544 3535 623">
     <span class='ocr_line' id='line_1_36' title="bbox 1937 544 3535 623; baseline 0.013 -28"><span class='ocrx_word' id='word_1_284' title='bbox 1937 544 2580 623; x_wconf 10' lang='lat' dir='ltr'><em>aurte_f(eda_capti\itas,</em></span> <span class='ocrx_word' id='word_1_285' title='bbox 2628 544 2827 607; x_wconf 81' lang='lat' dir='ltr'><em>dehinc</em></span> <span class='ocrx_word' id='word_1_286' title='bbox 2867 553 3225 609; x_wconf 88' lang='lat' dir='ltr'><em>miserabilior</em></span> <span class='ocrx_word' id='word_1_287' title='bbox 3263 544 3535 623; x_wconf 71' lang='lat' dir='ltr'><em>oppressit</em></span> 
     </span>
    </p>
   </div>
   <div class='ocr_carea' id='block_1_37' title="bbox 1935 613 3528 699">
    <p class='ocr_par' dir='ltr' id='par_1_37' title="bbox 1935 613 3528 699">
     <span class='ocr_line' id='line_1_37' title="bbox 1935 613 3528 699; baseline 0.011 -33"><span class='ocrx_word' id='word_1_288' title='bbox 1935 613 2216 699; x_wconf 60' lang='lat' dir='ltr'><em>interitus.</em></span> <span class='ocrx_word' id='word_1_289' title='bbox 2259 613 2411 699; x_wconf 69' lang='lat' dir='ltr'><em>Visus</em></span> <span class='ocrx_word' id='word_1_290' title='bbox 2439 633 2611 674; x_wconf 87' lang='lat' dir='ltr'><em>autem</em></span> <span class='ocrx_word' id='word_1_291' title='bbox 2632 631 2715 699; x_wconf 65' lang='lat' dir='ltr'><em>est</em></span> <span class='ocrx_word' id='word_1_292' title='bbox 2743 625 2904 699; x_wconf 72' lang='lat' dir='ltr'><em>doctis</em></span> <span class='ocrx_word' id='word_1_293' title='bbox 2935 625 3153 699; x_wconf 81' lang='lat' dir='ltr'><em>criticis,</em></span> <span class='ocrx_word' id='word_1_294' title='bbox 3189 635 3236 679; x_wconf 84' lang='lat' dir='ltr'><em>et</em></span> <span class='ocrx_word' id='word_1_295' title='bbox 3276 613 3387 680; x_wconf 68' lang='lat' dir='ltr'><em>cuin</em></span> <span class='ocrx_word' id='word_1_296' title='bbox 3416 613 3528 699; x_wconf 43' lang='lat' dir='ltr'><em>pri;</em></span> 
     </span>
    </p>
   </div>
   <div class='ocr_carea' id='block_1_38' title="bbox 1937 683 3528 768">
    <p class='ocr_par' dir='ltr' id='par_1_38' title="bbox 1937 683 3528 768">
     <span class='ocr_line' id='line_1_38' title="bbox 1937 683 3528 768; baseline 0.011 -32"><span class='ocrx_word' id='word_1_297' title='bbox 1937 683 2302 768; x_wconf 67' lang='lat' dir='ltr'><em>misErasmo,</em></span> <span class='ocrx_word' id='word_1_298' title='bbox 2328 689 2642 768; x_wconf 70' lang='lat' dir='ltr'><em>Hieronymi</em></span> <span class='ocrx_word' id='word_1_299' title='bbox 2667 695 2855 768; x_wconf 82' lang='lat' dir='ltr'><em>stylum</em></span> <span class='ocrx_word' id='word_1_300' title='bbox 2895 683 3196 761; x_wconf 67' lang='lat' dir='ltr'><em>tumulatus,</em></span> <span class='ocrx_word' id='word_1_301' title='bbox 3229 704 3280 749; x_wconf 82' lang='lat' dir='ltr'><em>ut</em></span> <span class='ocrx_word' id='word_1_302' title='bbox 3307 683 3528 768; x_wconf 60' lang='lat' dir='ltr'><em>pote&#39;qui</em></span> 
     </span>
    </p>
   </div>
   <div class='ocr_carea' id='block_1_39' title="bbox 1936 757 3522 834">
    <p class='ocr_par' dir='ltr' id='par_1_39' title="bbox 1936 757 3522 834">
     <span class='ocr_line' id='line_1_39' title="bbox 1936 757 3522 834; baseline 0.011 -28"><span class='ocrx_word' id='word_1_303' title='bbox 1936 771 2001 834; x_wconf 70' lang='lat' dir='ltr'><em>ea:</em></span> <span class='ocrx_word' id='word_1_304' title='bbox 2030 757 2190 829; x_wconf 81' lang='lat' dir='ltr'><em>hujus</em></span> <span class='ocrx_word' id='word_1_305' title='bbox 2219 760 2452 834; x_wconf 76' lang='lat' dir='ltr'><em>epistolis</em></span> <span class='ocrx_word' id='word_1_306' title='bbox 2483 757 2554 834; x_wconf 75' lang='lat' dir='ltr'><em>ad</em></span> <span class='ocrx_word' id='word_1_307' title='bbox 2592 757 2930 818; x_wconf 74' lang='lat' dir='ltr'><em>Heliodorum</em></span> <span class='ocrx_word' id='word_1_308' title='bbox 2962 781 3022 818; x_wconf 75' lang='lat' dir='ltr'><em>ac</em></span> <span class='ocrx_word' id='word_1_309' title='bbox 3054 757 3286 834; x_wconf 69' lang='lat' dir='ltr'><em>(ceteros,</em></span> <span class='ocrx_word' id='word_1_310' title='bbox 3307 757 3522 823; x_wconf 60' lang='lat' dir='ltr'><em>sentcn-</em></span> 
     </span>
    </p>
   </div>
   <div class='ocr_carea' id='block_1_40' title="bbox 1937 827 3526 906">
    <p class='ocr_par' dir='ltr' id='par_1_40' title="bbox 1937 827 3526 906">
     <span class='ocr_line' id='line_1_40' title="bbox 1937 827 3526 906; baseline 0.013 -29"><span class='ocrx_word' id='word_1_311' title='bbox 1937 827 2312 906; x_wconf 63' lang='lat' dir='ltr'><em>tiasquasdam</em></span> <span class='ocrx_word' id='word_1_312' title='bbox 2357 840 2404 906; x_wconf 80' lang='lat' dir='ltr'><em>et</em></span> <span class='ocrx_word' id='word_1_313' title='bbox 2443 833 2593 886; x_wconf 82' lang='lat' dir='ltr'><em>rcrba</em></span> <span class='ocrx_word' id='word_1_314' title='bbox 2633 835 2930 906; x_wconf 71' lang='lat' dir='ltr'><em>sublegerit.</em></span> <span class='ocrx_word' id='word_1_315' title='bbox 2974 835 3111 889; x_wconf 80' lang='lat' dir='ltr'><em>Mihi</em></span> <span class='ocrx_word' id='word_1_316' title='bbox 3152 827 3526 897; x_wconf 50' lang='lat' dir='ltr'><em>non&#39;imitatus</em></span> 
     </span>
    </p>
   </div>
   <div class='ocr_carea' id='block_1_41' title="bbox 1934 897 3526 979">
    <p class='ocr_par' dir='ltr' id='par_1_41' title="bbox 1934 897 3526 979">
     <span class='ocr_line' id='line_1_41' title="bbox 1934 897 3526 979; baseline 0.011 -31"><span class='ocrx_word' id='word_1_317' title='bbox 1934 897 2109 977; x_wconf 77' lang='lat' dir='ltr'><em>modo,</em></span> <span class='ocrx_word' id='word_1_318' title='bbox 2142 909 2230 952; x_wconf 86' lang='lat' dir='ltr'><em>aut</em></span> <span class='ocrx_word' id='word_1_319' title='bbox 2259 903 2602 979; x_wconf 16' lang='lat' dir='ltr'><em>anxio,»quod</em></span> <span class='ocrx_word' id='word_1_320' title='bbox 2628 906 2744 973; x_wconf 78' lang='lat' dir='ltr'><em>ﬁeri</em></span> <span class='ocrx_word' id='word_1_321' title='bbox 2767 897 2930 971; x_wconf 72' lang='lat' dir='ltr'><em>durat,</em></span> <span class='ocrx_word' id='word_1_322' title='bbox 2959 907 3334 979; x_wconf 79' lang='lat' dir='ltr'><em>Hieronymum</em></span> <span class='ocrx_word' id='word_1_323' title='bbox 3371 914 3526 965; x_wconf 75' lang='lat' dir='ltr'><em>resti-</em></span> 
     </span>
    </p>
   </div>
   <div class='ocr_carea' id='block_1_42' title="bbox 1931 969 3532 1052">
    <p class='ocr_par' dir='ltr' id='par_1_42' title="bbox 1931 969 3532 1052">
     <span class='ocr_line' id='line_1_42' title="bbox 1931 969 3532 1052; baseline 0.011 -33"><span class='ocrx_word' id='word_1_324' title='bbox 1931 969 2016 1036; x_wconf 88' lang='lat' dir='ltr'><em>gio</em></span> <span class='ocrx_word' id='word_1_325' title='bbox 2069 980 2304 1050; x_wconf 76' lang='lat' dir='ltr'><em>secutus,</em></span> <span class='ocrx_word' id='word_1_326' title='bbox 2363 977 2454 1025; x_wconf 84' lang='lat' dir='ltr'><em>sed</em></span> <span class='ocrx_word' id='word_1_327' title='bbox 2480 969 2669 1052; x_wconf 68' lang='lat' dir='ltr'><em>ipsum</em></span> <span class='ocrx_word' id='word_1_328' title='bbox 2711 981 2873 1047; x_wconf 79' lang='lat' dir='ltr'><em>ferme</em></span> <span class='ocrx_word' id='word_1_329' title='bbox 2920 969 3120 1032; x_wconf 71' lang='lat' dir='ltr'><em>ridetur</em></span> <span class='ocrx_word' id='word_1_330' title='bbox 3161 969 3532 1052; x_wconf 42' lang='lat' dir='ltr'><em>&quot;Hieronymia-</em></span> 
     </span>
    </p>
   </div>
   <div class='ocr_carea' id='block_1_43' title="bbox 1931 1041 3524 1116">
    <p class='ocr_par' dir='ltr' id='par_1_43' title="bbox 1931 1041 3524 1116">
     <span class='ocr_line' id='line_1_43' title="bbox 1931 1041 3524 1116; baseline 0.012 -28"><span class='ocrx_word' id='word_1_331' title='bbox 1931 1054 2051 1088; x_wconf 90' lang='lat' dir='ltr'><em>num</em></span> <span class='ocrx_word' id='word_1_332' title='bbox 2093 1041 2374 1108; x_wconf 82' lang='lat' dir='ltr'><em>ingenium.</em></span> <span class='ocrx_word' id='word_1_333' title='bbox 2409 1061 2493 1116; x_wconf 85' lang='lat' dir='ltr'><em>ac</em></span> <span class='ocrx_word' id='word_1_334' title='bbox 2523 1041 2748 1097; x_wconf 59' lang='lat' dir='ltr'><em>salivam</em></span> <span class='ocrx_word' id='word_1_335' title='bbox 2778 1057 2884 1101; x_wconf 87' lang='lat' dir='ltr'><em>tota</em></span> <span class='ocrx_word' id='word_1_336' title='bbox 2919 1052 3169 1105; x_wconf 84' lang='lat' dir='ltr'><em>orationis</em></span> <span class='ocrx_word' id='word_1_337' title='bbox 3200 1041 3524 1116; x_wconf 51' lang='lat' dir='ltr'><em>serie,vcon—</em></span> 
     </span>
    </p>
   </div>
   <div class='ocr_carea' id='block_1_44' title="bbox 1928 1115 3518 1192">
    <p class='ocr_par' dir='ltr' id='par_1_44' title="bbox 1928 1115 3518 1192">
     <span class='ocr_line' id='line_1_44' title="bbox 1928 1115 3518 1192; baseline 0.014 -35"><span class='ocrx_word' id='word_1_338' title='bbox 1928 1116 2171 1192; x_wconf 72' lang='lat' dir='ltr'><em>textaque</em></span> <span class='ocrx_word' id='word_1_339' title='bbox 2197 1115 2566 1166; x_wconf 82' lang='lat' dir='ltr'><em>sententiarum</em></span> <span class='ocrx_word' id='word_1_340' title='bbox 2605 1120 2825 1186; x_wconf 80' lang='lat' dir='ltr'><em>referre.</em></span> <span class='ocrx_word' id='word_1_341' title='bbox 2866 1119 3056 1173; x_wconf 83' lang='lat' dir='ltr'><em>Verum</em></span> <span class='ocrx_word' id='word_1_342' title='bbox 3088 1125 3182 1175; x_wconf 88' lang='lat' dir='ltr'><em>hoc</em></span> <span class='ocrx_word' id='word_1_343' title='bbox 3217 1136 3288 1177; x_wconf 82' lang='lat' dir='ltr'><em>est</em></span> <span class='ocrx_word' id='word_1_344' title='bbox 3327 1115 3518 1192; x_wconf 82' lang='lat' dir='ltr'><em>ipsum,</em></span> 
     </span>
    </p>
   </div>
   <div class='ocr_carea' id='block_1_45' title="bbox 1923 1180 3524 1250">
    <p class='ocr_par' dir='ltr' id='par_1_45' title="bbox 1923 1180 3524 1250">
     <span class='ocr_line' id='line_1_45' title="bbox 1923 1180 3524 1250; baseline 0.014 -22"><span class='ocrx_word' id='word_1_345' title='bbox 1923 1180 2062 1246; x_wconf 87' lang='lat' dir='ltr'><em>quod</em></span> <span class='ocrx_word' id='word_1_346' title='bbox 2093 1196 2173 1232; x_wconf 85' lang='lat' dir='ltr'><em>me</em></span> <span class='ocrx_word' id='word_1_347' title='bbox 2197 1186 2361 1250; x_wconf 80' lang='lat' dir='ltr'><em>magis</em></span> <span class='ocrx_word' id='word_1_348' title='bbox 2396 1197 2596 1249; x_wconf 78' lang='lat' dir='ltr'><em>movet;</em></span> <span class='ocrx_word' id='word_1_349' title='bbox 2621 1180 2676 1240; x_wconf 74' lang='lat' dir='ltr'><em>si</em></span> <span class='ocrx_word' id='word_1_350' title='bbox 2696 1191 2834 1242; x_wconf 77' lang='lat' dir='ltr'><em>enim</em></span> <span class='ocrx_word' id='word_1_351' title='bbox 2874 1202 3010 1244; x_wconf 86' lang='lat' dir='ltr'><em>recte</em></span> <span class='ocrx_word' id='word_1_352' title='bbox 3039 1201 3327 1250; x_wconf 77' lang='lat' dir='ltr'><em>temporum</em></span> <span class='ocrx_word' id='word_1_353' title='bbox 3350 1180 3524 1249; x_wconf 54' lang='lat' dir='ltr'><em>&#39;ratio:</em></span> 
     </span>
    </p>
   </div>
   <div class='ocr_carea' id='block_1_46' title="bbox 1923 1251 3521 1336">
    <p class='ocr_par' dir='ltr' id='par_1_46' title="bbox 1923 1251 3521 1336">
     <span class='ocr_line' id='line_1_46' title="bbox 1923 1251 3521 1336; baseline 0.014 -36"><span class='ocrx_word' id='word_1_354' title='bbox 1923 1264 2020 1330; x_wconf 43' lang='lat' dir='ltr'><em>nes.</em></span> <span class='ocrx_word' id='word_1_355' title='bbox 2041 1251 2252 1336; x_wconf 53' lang='lat' dir='ltr'><em>inimus,</em></span> <span class='ocrx_word' id='word_1_356' title='bbox 2285 1255 2519 1336; x_wconf 72' lang='lat' dir='ltr'><em>nondum</em></span> <span class='ocrx_word' id='word_1_357' title='bbox 2546 1269 2654 1309; x_wconf 88' lang='lat' dir='ltr'><em>erat</em></span> <span class='ocrx_word' id='word_1_358' title='bbox 2677 1277 2818 1312; x_wconf 86' lang='lat' dir='ltr'><em>anno</em></span> <span class='ocrx_word' id='word_1_359' title='bbox 2848 1261 2974 1324; x_wconf 82' lang='grc'><em>578,</em></span> <span class='ocrx_word' id='word_1_360' title='bbox 3005 1279 3069 1315; x_wconf 80' lang='lat' dir='ltr'><em>ea:</em></span> <span class='ocrx_word' id='word_1_361' title='bbox 3096 1251 3521 1336; x_wconf 78' lang='lat' dir='ltr'><em>Hreronymianis</em></span> 
     </span>
    </p>
   </div>
   <div class='ocr_carea' id='block_1_47' title="bbox 1919 1321 3517 1404">
    <p class='ocr_par' dir='ltr' id='par_1_47' title="bbox 1919 1321 3517 1404">
     <span class='ocr_line' id='line_1_47' title="bbox 1919 1321 3517 1404; baseline 0.013 -34"><span class='ocrx_word' id='word_1_362' title='bbox 1919 1321 2284 1404; x_wconf 74' lang='lat' dir='ltr'><em>scriptionibus</em></span> <span class='ocrx_word' id='word_1_363' title='bbox 2309 1333 2431 1404; x_wconf 78' lang='lat' dir='ltr'><em>tam_</em></span> <span class='ocrx_word' id='word_1_364' title='bbox 2456 1327 2577 1404; x_wconf 74' lang='lat' dir='ltr'><em>bene</em></span> <span class='ocrx_word' id='word_1_365' title='bbox 2613 1321 2992 1404; x_wconf 74' lang='lat' dir='ltr'><em>conformanda</em></span> <span class='ocrx_word' id='word_1_366' title='bbox 3030 1335 3165 1404; x_wconf 86' lang='lat' dir='ltr'><em>stylo</em></span> <span class='ocrx_word' id='word_1_367' title='bbox 3196 1321 3517 1404; x_wconf 66' lang='lat' dir='ltr'><em>emrinplum,</em></span> 
     </span>
    </p>
   </div>
   <div class='ocr_carea' id='block_1_48' title="bbox 1919 1353 3518 1472">
    <p class='ocr_par' dir='ltr' id='par_1_48' title="bbox 1919 1353 3518 1472">
     <span class='ocr_line' id='line_1_48' title="bbox 1919 1353 3517 1404; baseline 0.012 -32"><span class='ocrx_word' id='word_1_368' title='bbox 1919 1353 2284 1386; x_wconf 69' lang='lat' dir='ltr'><em>culpatuuwuo</em></span> <span class='ocrx_word' id='word_1_369' title='bbox 2309 1353 2414 1376; x_wconf 86' lang='lat' dir='ltr'><em>tum</em></span> <span class='ocrx_word' id='word_1_370' title='bbox 2456 1353 2577 1381; x_wconf 68' lang='lat' dir='ltr'><em>Utltc</em></span> <span class='ocrx_word' id='word_1_371' title='bbox 2613 1353 2992 1398; x_wconf 73' lang='grc' dir='ltr'><em>ιυιιιωίηιιηιιο</em></span> <span class='ocrx_word' id='word_1_372' title='bbox 3030 1353 3165 1386; x_wconf 74' lang='grc'><em>81110</em></span> <span class='ocrx_word' id='word_1_373' title='bbox 3196 1353 3517 1404; x_wconf 68' lang='lat' dir='ltr'><em>emrrnptum,</em></span> 
     </span>
     <span class='ocr_line' id='line_1_49' title="bbox 1919 1353 3518 1472; baseline 0.013 -31"><span class='ocrx_word' id='word_1_374' title='bbox 1919 1405 2080 1459; x_wconf 82' lang='lat' dir='ltr'><em>neque</em></span> <span class='ocrx_word' id='word_1_375' title='bbox 2102 1393 2228 1472; x_wconf 78' lang='lat' dir='ltr'><em>adeo</em></span> <span class='ocrx_word' id='word_1_376' title='bbox 2255 1395 2369 1464; x_wconf 86' lang='lat' dir='ltr'><em>ipsa</em></span> <span class='ocrx_word' id='word_1_377' title='bbox 2397 1397 2596 1450; x_wconf 72' lang='lat' dir='ltr'><em>dudum</em></span> <span class='ocrx_word' id='word_1_378' title='bbox 2642 1399 2858 1454; x_wconf 87' lang='lat' dir='ltr'><em>laudata</em></span> <span class='ocrx_word' id='word_1_379' title='bbox 2900 1353 3116 1472; x_wconf 65' lang='lat' dir='ltr'><em>epistolis</em></span> <span class='ocrx_word' id='word_1_380' title='bbox 3158 1407 3226 1458; x_wconf 88' lang='lat' dir='ltr'><em>ad</em></span> <span class='ocrx_word' id='word_1_381' title='bbox 3255 1406 3518 1461; x_wconf 82' lang='lat' dir='ltr'><em>Heliodo-</em></span> 
     </span>
    </p>
   </div>
   <div class='ocr_carea' id='block_1_49' title="bbox 1917 1465 3514 1544">
    <p class='ocr_par' dir='ltr' id='par_1_49' title="bbox 1917 1465 3514 1544">
     <span class='ocr_line' id='line_1_50' title="bbox 1917 1465 3514 1544; baseline 0.014 -32"><span class='ocrx_word' id='word_1_382' title='bbox 1917 1477 2031 1513; x_wconf 83' lang='lat' dir='ltr'><em>rum</em></span> <span class='ocrx_word' id='word_1_383' title='bbox 2063 1465 2191 1518; x_wconf 84' lang='lat' dir='ltr'><em>satis</em></span> <span class='ocrx_word' id='word_1_384' title='bbox 2219 1478 2351 1528; x_wconf 82' lang='lat' dir='ltr'><em>erat,</em></span> <span class='ocrx_word' id='word_1_385' title='bbox 2384 1484 2502 1544; x_wconf 31' lang='lat' dir='ltr'><em>‘qua</em></span> <span class='ocrx_word' id='word_1_386' title='bbox 2535 1486 2652 1522; x_wconf 84' lang='lat' dir='ltr'><em>cum</em></span> <span class='ocrx_word' id='word_1_387' title='bbox 2690 1472 2736 1544; x_wconf 82' lang='lat' dir='ltr'><em>si</em></span> <span class='ocrx_word' id='word_1_388' title='bbox 2766 1465 3068 1539; x_wconf 70' lang='lat' dir='ltr'><em>prensantem</em></span> <span class='ocrx_word' id='word_1_389' title='bbox 3098 1477 3168 1527; x_wconf 88' lang='lat' dir='ltr'><em>ad</em></span> <span class='ocrx_word' id='word_1_390' title='bbox 3207 1480 3514 1544; x_wconf 63' lang='lat' dir='ltr'><em>praesidium</em></span> 
     </span>
    </p>
   </div>
   <div class='ocr_carea' id='block_1_50' title="bbox 1915 1540 3516 1619">
    <p class='ocr_par' dir='ltr' id='par_1_50' title="bbox 1915 1540 3516 1619">
     <span class='ocr_line' id='line_1_51' title="bbox 1915 1540 3516 1619; baseline 0.012 -36"><span class='ocrx_word' id='word_1_391' title='bbox 1915 1548 2220 1616; x_wconf 73' lang='lat' dir='ltr'><em>componas,</em></span> <span class='ocrx_word' id='word_1_392' title='bbox 2251 1540 2420 1619; x_wconf 77' lang='lat' dir='ltr'><em>magis</em></span> <span class='ocrx_word' id='word_1_393' title='bbox 2444 1543 2735 1619; x_wconf 73' lang='lat' dir='ltr'><em>argumenti</em></span> <span class='ocrx_word' id='word_1_394' title='bbox 2762 1545 3126 1608; x_wconf 72' lang='lat' dir='ltr'><em>similitudine.</em></span> <span class='ocrx_word' id='word_1_395' title='bbox 3157 1540 3516 1619; x_wconf 40' lang='lat' dir='ltr'><em>et&#39;Scriplor&#39;is</em></span> 
     </span>
    </p>
   </div>
   <div class='ocr_carea' id='block_1_51' title="bbox 1915 1602 3508 1681">
    <p class='ocr_par' dir='ltr' id='par_1_51' title="bbox 1915 1602 3508 1681">
     <span class='ocr_line' id='line_1_52' title="bbox 1915 1602 3508 1681; baseline 0.011 -26"><span class='ocrx_word' id='word_1_396' title='bbox 1915 1602 2121 1681; x_wconf 76' lang='lat' dir='ltr'><em>ingenio</em></span> <span class='ocrx_word' id='word_1_397' title='bbox 2163 1602 2440 1679; x_wconf 60' lang='lat' dir='ltr'><em>perspicies</em></span> <span class='ocrx_word' id='word_1_398' title='bbox 2487 1602 2786 1680; x_wconf 63' lang='lat' dir='ltr'><em>conrenire,</em></span> <span class='ocrx_word' id='word_1_399' title='bbox 2835 1631 2988 1681; x_wconf 86' lang='lat' dir='ltr'><em>quam</em></span> <span class='ocrx_word' id='word_1_400' title='bbox 3029 1602 3270 1670; x_wconf 74' lang='lat' dir='ltr'><em>subiectis</em></span> <span class='ocrx_word' id='word_1_401' title='bbox 3310 1602 3374 1672; x_wconf 51' lang='lat' dir='ltr'><em>ea;</em></span> <span class='ocrx_word' id='word_1_402' title='bbox 3413 1621 3508 1674; x_wconf 82' lang='lat' dir='ltr'><em>illa</em></span> 
     </span>
    </p>
   </div>
   <div class='ocr_carea' id='block_1_52' title="bbox 1914 1675 3506 1755">
    <p class='ocr_par' dir='ltr' id='par_1_52' title="bbox 1914 1675 3506 1755">
     <span class='ocr_line' id='line_1_53' title="bbox 1914 1675 3506 1755; baseline 0.011 -29"><span class='ocrx_word' id='word_1_403' title='bbox 1914 1675 2074 1755; x_wconf 69' lang='lat' dir='ltr'><em>rerbis</em></span> <span class='ocrx_word' id='word_1_404' title='bbox 2102 1675 2189 1755; x_wconf 77' lang='lat' dir='ltr'><em>aut</em></span> <span class='ocrx_word' id='word_1_405' title='bbox 2211 1675 2479 1734; x_wconf 74' lang='lat' dir='ltr'><em>sententiis</em></span> <span class='ocrx_word' id='word_1_406' title='bbox 2508 1697 2524 1735; x_wconf 92' lang='lat'><strong><em>:</em></strong></span> <span class='ocrx_word' id='word_1_407' title='bbox 2555 1675 2782 1746; x_wconf 79' lang='lat' dir='ltr'><em>quarum</em></span> <span class='ocrx_word' id='word_1_408' title='bbox 2796 1675 2946 1738; x_wconf 85' lang='lat' dir='ltr'><em>etiam</em></span> <span class='ocrx_word' id='word_1_409' title='bbox 2970 1685 3346 1755; x_wconf 79' lang='lat' dir='ltr'><em>splendidiOres</em></span> <span class='ocrx_word' id='word_1_410' title='bbox 3370 1707 3506 1743; x_wconf 81' lang='lat' dir='ltr'><em>non-</em></span> 
     </span>
    </p>
   </div>
   <div class='ocr_carea' id='block_1_53' title="bbox 1917 1745 3510 1823">
    <p class='ocr_par' dir='ltr' id='par_1_53' title="bbox 1917 1745 3510 1823">
     <span class='ocr_line' id='line_1_54' title="bbox 1917 1745 3510 1823; baseline 0.011 -26"><span class='ocrx_word' id='word_1_411' title='bbox 1917 1745 2076 1823; x_wconf 72' lang='lat' dir='ltr'><em>nulla:</em></span> <span class='ocrx_word' id='word_1_412' title='bbox 2117 1749 2170 1801; x_wconf 87' lang='lat' dir='ltr'><em>in</em></span> <span class='ocrx_word' id='word_1_413' title='bbox 2199 1766 2450 1823; x_wconf 73' lang='lat' dir='ltr'><em>eamque</em></span> <span class='ocrx_word' id='word_1_414' title='bbox 2488 1745 2640 1823; x_wconf 85' lang='lat' dir='ltr'><em>atque</em></span> <span class='ocrx_word' id='word_1_415' title='bbox 2679 1757 2782 1808; x_wconf 78' lang='lat' dir='ltr'><em>ista</em></span> <span class='ocrx_word' id='word_1_416' title='bbox 2817 1772 2886 1810; x_wconf 77' lang='lat' dir='ltr'><em>ea:</em></span> <span class='ocrx_word' id='word_1_417' title='bbox 2928 1745 3236 1812; x_wconf 72' lang='lat' dir='ltr'><em>Tertulliani</em></span> <span class='ocrx_word' id='word_1_418' title='bbox 3277 1760 3406 1815; x_wconf 84' lang='lat' dir='ltr'><em>libro</em></span> <span class='ocrx_word' id='word_1_419' title='bbox 3435 1766 3510 1815; x_wconf 84' lang='lat' dir='ltr'><em>ad</em></span> 
     </span>
    </p>
   </div>
   <div class='ocr_carea' id='block_1_54' title="bbox 2099 1822 3506 1888">
    <p class='ocr_par' dir='ltr' id='par_1_54' title="bbox 2099 1822 3506 1888">
     <span class='ocr_line' id='line_1_55' title="bbox 2099 1822 3506 1888; baseline 0.012 -18"><span class='ocrx_word' id='word_1_420' title='bbox 2099 1835 2174 1871; x_wconf 89' lang='lat' dir='ltr'><em>res</em></span> <span class='ocrx_word' id='word_1_421' title='bbox 2203 1822 2364 1874; x_wconf 83' lang='lat' dir='ltr'><em>uideri</em></span> <span class='ocrx_word' id='word_1_422' title='bbox 2387 1822 2599 1888; x_wconf 82' lang='lat' dir='ltr'><em>possunt</em></span> <span class='ocrx_word' id='word_1_423' title='bbox 2622 1825 2880 1881; x_wconf 76' lang='lat' dir='ltr'><em>delibatw.</em></span> <span class='ocrx_word' id='word_1_424' title='bbox 2910 1826 3077 1882; x_wconf 87' lang='lat' dir='ltr'><em>Porro</em></span> <span class='ocrx_word' id='word_1_425' title='bbox 3098 1840 3270 1883; x_wconf 79' lang='lat' dir='ltr'><em>autem</em></span> <span class='ocrx_word' id='word_1_426' title='bbox 3295 1848 3360 1884; x_wconf 76' lang='lat' dir='ltr'><em>ex</em></span> <span class='ocrx_word' id='word_1_427' title='bbox 3384 1831 3506 1888; x_wconf 76' lang='lat' dir='ltr'><em>aliis</em></span> 
     </span>
    </p>
   </div>
   <div class='ocr_carea' id='block_1_55' title="bbox 1908 1885 3499 1972">
    <p class='ocr_par' dir='ltr' id='par_1_55' title="bbox 1908 1885 3499 1972">
     <span class='ocr_line' id='line_1_56' title="bbox 1908 1885 3499 1972; baseline 0.012 -34"><span class='ocrx_word' id='word_1_428' title='bbox 1908 1885 2218 1959; x_wconf 75' lang='lat' dir='ltr'><em>Hieronymi</em></span> <span class='ocrx_word' id='word_1_429' title='bbox 2247 1885 2472 1972; x_wconf 62' lang='lat' dir='ltr'><em>scriptis,</em></span> <span class='ocrx_word' id='word_1_430' title='bbox 2505 1912 2618 1972; x_wconf 38' lang='lat' dir='ltr'><em>qlute</em></span> <span class='ocrx_word' id='word_1_431' title='bbox 2647 1900 2986 1965; x_wconf 74' lang='lat' dir='ltr'><em>posteriorum</em></span> <span class='ocrx_word' id='word_1_432' title='bbox 3033 1911 3149 1953; x_wconf 86' lang='lat' dir='ltr'><em>sunt</em></span> <span class='ocrx_word' id='word_1_433' title='bbox 3183 1913 3499 1972; x_wconf 85' lang='lat' dir='ltr'><em>temporum,</em></span> 
     </span>
    </p>
   </div>
   <div class='ocr_carea' id='block_1_56' title="bbox 1906 1963 3500 2041">
    <p class='ocr_par' dir='ltr' id='par_1_56' title="bbox 1906 1963 3500 2041">
     <span class='ocr_line' id='line_1_57' title="bbox 1906 1963 3500 2041; baseline 0.013 -32"><span class='ocrx_word' id='word_1_434' title='bbox 1906 1968 2078 2011; x_wconf 83' lang='lat' dir='ltr'><em>naster</em></span> <span class='ocrx_word' id='word_1_435' title='bbox 2117 1977 2232 2041; x_wconf 72' lang='lat' dir='ltr'><em>qua:</em></span> <span class='ocrx_word' id='word_1_436' title='bbox 2276 1964 2424 2032; x_wconf 89' lang='lat' dir='ltr'><em>paria</em></span> <span class='ocrx_word' id='word_1_437' title='bbox 2451 1963 2850 2031; x_wconf 34' lang='lat' dir='ltr'><em>habet,&#39;mutuo</em></span> <span class='ocrx_word' id='word_1_438' title='bbox 2893 1978 3060 2041; x_wconf 83' lang='lat' dir='ltr'><em>tamen</em></span> <span class='ocrx_word' id='word_1_439' title='bbox 3108 1963 3369 2041; x_wconf 76' lang='lat' dir='ltr'><em>accepisse</em></span> <span class='ocrx_word' id='word_1_440' title='bbox 3397 1963 3500 2029; x_wconf 75' lang='lat' dir='ltr'><em>non</em></span> 
     </span>
    </p>
   </div>
   <div class='ocr_carea' id='block_1_57' title="bbox 1903 2032 3498 2112">
    <p class='ocr_par' dir='ltr' id='par_1_57' title="bbox 1903 2032 3498 2112">
     <span class='ocr_line' id='line_1_58' title="bbox 1903 2032 3498 2112; baseline 0.013 -34"><span class='ocrx_word' id='word_1_441' title='bbox 1903 2040 2091 2112; x_wconf 75' lang='lat' dir='ltr'><em>potest.</em></span> <span class='ocrx_word' id='word_1_442' title='bbox 2123 2032 2395 2112; x_wconf 74' lang='lat' dir='ltr'><em>lt‘jusmodi</em></span> <span class='ocrx_word' id='word_1_443' title='bbox 2420 2045 2515 2112; x_wconf 66' lang='lat' dir='ltr'><em>est,</em></span> <span class='ocrx_word' id='word_1_444' title='bbox 2555 2048 2607 2087; x_wconf 89' lang='lat' dir='ltr'><em>ut</em></span> <span class='ocrx_word' id='word_1_445' title='bbox 2634 2053 2794 2089; x_wconf 86' lang='lat' dir='ltr'><em>unum</em></span> <span class='ocrx_word' id='word_1_446' title='bbox 2830 2050 2988 2112; x_wconf 68' lang='lat' dir='ltr'><em>atque</em></span> <span class='ocrx_word' id='word_1_447' title='bbox 3009 2032 3498 2112; x_wconf 56' lang='lat' dir='ltr'><em>alterum&#39;earpresse</em></span> 
     </span>
    </p>
   </div>
   <div class='ocr_carea' id='block_1_58' title="bbox 1904 2101 3494 2180">
    <p class='ocr_par' dir='ltr' id='par_1_58' title="bbox 1904 2101 3494 2180">
     <span class='ocr_line' id='line_1_59' title="bbox 1904 2101 3494 2180; baseline 0.011 -29"><span class='ocrx_word' id='word_1_448' title='bbox 1904 2101 2135 2166; x_wconf 87' lang='lat' dir='ltr'><em>laudem,</em></span> <span class='ocrx_word' id='word_1_449' title='bbox 2156 2104 2300 2180; x_wconf 69' lang='lat' dir='ltr'><em>quod</em></span> <span class='ocrx_word' id='word_1_450' title='bbox 2322 2107 2392 2180; x_wconf 75' lang='lat' dir='ltr'><em>ait</em></span> <span class='ocrx_word' id='word_1_451' title='bbox 2421 2105 2770 2180; x_wconf 76' lang='lat' dir='ltr'><em>Hieronymus</em></span> <span class='ocrx_word' id='word_1_452' title='bbox 2792 2101 2940 2180; x_wconf 71' lang='lat' dir='ltr'><em>epist.</em></span> <span class='ocrx_word' id='word_1_453' title='bbox 2964 2109 3053 2171; x_wconf 69' lang='lat'><em>2.),</em></span> <span class='ocrx_word' id='word_1_454' title='bbox 3073 2113 3141 2164; x_wconf 86' lang='lat' dir='ltr'><em>ad</em></span> <span class='ocrx_word' id='word_1_455' title='bbox 3165 2101 3494 2179; x_wconf 78' lang='lat' dir='ltr'><em>Marcellam,</em></span> 
     </span>
    </p>
   </div>
   <div class='ocr_carea' id='block_1_59' title="bbox 1901 2175 3491 2250">
    <p class='ocr_par' dir='ltr' id='par_1_59' title="bbox 1901 2175 3491 2250">
     <span class='ocr_line' id='line_1_60' title="bbox 1901 2175 3491 2250; baseline 0.011 -27"><span class='ocrx_word' id='word_1_456' title='bbox 1901 2187 2017 2250; x_wconf 78' lang='lat' dir='ltr'><em>qua:</em></span> <span class='ocrx_word' id='word_1_457' title='bbox 2042 2175 2165 2250; x_wconf 73' lang='lat' dir='ltr'><em>anni</em></span> <span class='ocrx_word' id='word_1_458' title='bbox 2183 2187 2258 2227; x_wconf 84' lang='lat' dir='ltr'><em>est</em></span> <span class='ocrx_word' id='word_1_459' title='bbox 2276 2177 2489 2250; x_wconf 36' lang='grc' dir='ltr'>ᾇὸιῇνυι</span> <span class='ocrx_word' id='word_1_460' title='bbox 2510 2178 2556 2231; x_wconf 80' lang='lat' dir='ltr'><em>si</em></span> <span class='ocrx_word' id='word_1_461' title='bbox 2575 2175 2700 2245; x_wconf 84' lang='lat' dir='ltr'><em>quid</em></span> <span class='ocrx_word' id='word_1_462' title='bbox 2733 2175 2870 2232; x_wconf 62' lang='lat' dir='ltr'><em>forte</em></span> <span class='ocrx_word' id='word_1_463' title='bbox 2901 2182 3168 2235; x_wconf 75' lang='lat' dir='ltr'><em>nescimus</em></span> <span class='ocrx_word' id='word_1_464' title='bbox 3190 2185 3306 2236; x_wconf 87' lang='lat' dir='ltr'><em>sine</em></span> <span class='ocrx_word' id='word_1_465' title='bbox 3333 2175 3491 2250; x_wconf 69' lang='lat' dir='ltr'><em>teste,</em></span> 
     </span>
    </p>
   </div>
   <div class='ocr_carea' id='block_1_60' title="bbox 1899 2243 3495 2318">
    <p class='ocr_par' dir='ltr' id='par_1_60' title="bbox 1899 2243 3495 2318">
     <span class='ocr_line' id='line_1_61' title="bbox 1899 2243 3495 2318; baseline 0.008 -24"><span class='ocrx_word' id='word_1_466' title='bbox 1899 2243 2018 2318; x_wconf 71' lang='lat' dir='ltr'><em>sine</em></span> <span class='ocrx_word' id='word_1_467' title='bbox 2043 2243 2225 2310; x_wconf 83' lang='lat' dir='ltr'><em>judice</em></span> <span class='ocrx_word' id='word_1_468' title='bbox 2276 2247 2324 2299; x_wconf 93' lang='lat' dir='ltr'><em>in</em></span> <span class='ocrx_word' id='word_1_469' title='bbox 2360 2248 2461 2300; x_wconf 86' lang='lat' dir='ltr'><em>lida</em></span> <span class='ocrx_word' id='word_1_470' title='bbox 2512 2243 2642 2302; x_wconf 80' lang='lat' dir='ltr'><em>aure</em></span> <span class='ocrx_word' id='word_1_471' title='bbox 2692 2254 2989 2303; x_wconf 88' lang='lat' dir='ltr'><em>moriatur:</em></span> <span class='ocrx_word' id='word_1_472' title='bbox 3033 2253 3174 2318; x_wconf 81' lang='lat' dir='ltr'><em>quod</em></span> <span class='ocrx_word' id='word_1_473' title='bbox 3202 2264 3374 2306; x_wconf 80' lang='lat' dir='ltr'><em>noster</em></span> <span class='ocrx_word' id='word_1_474' title='bbox 3402 2243 3495 2310; x_wconf 79' lang='lat' dir='ltr'><em>sub</em></span> 
     </span>
    </p>
   </div>
   <div class='ocr_carea' id='block_1_61' title="bbox 1899 2313 3495 2385">
    <p class='ocr_par' dir='ltr' id='par_1_61' title="bbox 1899 2313 3495 2385">
     <span class='ocr_line' id='line_1_62' title="bbox 1899 2313 3495 2385; baseline 0.009 -21"><span class='ocrx_word' id='word_1_475' title='bbox 1899 2313 2054 2380; x_wconf 85' lang='lat' dir='ltr'><em>ﬁnem</em></span> <span class='ocrx_word' id='word_1_476' title='bbox 2081 2331 2200 2381; x_wconf 84' lang='lat' dir='ltr'><em>cap.</em></span> <span class='ocrx_word' id='word_1_477' title='bbox 2228 2332 2263 2370; x_wconf 87' lang='grc' dir='ltr'><em>ι.</em></span> <span class='ocrx_word' id='word_1_478' title='bbox 2293 2319 2501 2371; x_wconf 86' lang='lat' dir='ltr'><em>totidem</em></span> <span class='ocrx_word' id='word_1_479' title='bbox 2526 2321 2632 2385; x_wconf 82' lang='lat' dir='ltr'><em>[ere</em></span> <span class='ocrx_word' id='word_1_480' title='bbox 2658 2323 2821 2374; x_wconf 75' lang='lat' dir='ltr'><em>verbis</em></span> <span class='ocrx_word' id='word_1_481' title='bbox 2847 2321 3017 2376; x_wconf 80' lang='lat' dir='ltr'><em>habet.</em></span> <span class='ocrx_word' id='word_1_482' title='bbox 3046 2313 3180 2375; x_wconf 72' lang='lat' dir='ltr'><em>Tum</em></span> <span class='ocrx_word' id='word_1_483' title='bbox 3202 2323 3335 2376; x_wconf 85' lang='lat' dir='ltr'><em>illud</em></span> <span class='ocrx_word' id='word_1_484' title='bbox 3373 2326 3495 2379; x_wconf 88' lang='lat' dir='ltr'><em>illu-</em></span> 
     </span>
    </p>
   </div>
   <div class='ocr_carea' id='block_1_62' title="bbox 1897 2387 3492 2465">
    <p class='ocr_par' dir='ltr' id='par_1_62' title="bbox 1897 2387 3492 2465">
     <span class='ocr_line' id='line_1_63' title="bbox 1897 2387 3492 2465; baseline 0.009 -30"><span class='ocrx_word' id='word_1_485' title='bbox 1897 2387 2054 2465; x_wconf 73' lang='lat' dir='ltr'><em>strius</em></span> <span class='ocrx_word' id='word_1_486' title='bbox 2079 2389 2228 2457; x_wconf 86' lang='lat' dir='ltr'><em>epist.</em></span> <span class='ocrx_word' id='word_1_487' title='bbox 2423 2395 2489 2465; x_wconf 82' lang='lat' dir='ltr'><em>ad</em></span> <span class='ocrx_word' id='word_1_488' title='bbox 2510 2389 2884 2465; x_wconf 72' lang='lat' dir='ltr'><em>Gaudentium,</em></span> <span class='ocrx_word' id='word_1_489' title='bbox 2915 2403 3026 2462; x_wconf 86' lang='lat' dir='ltr'><em>post</em></span> <span class='ocrx_word' id='word_1_490' title='bbox 3055 2412 3220 2448; x_wconf 83' lang='lat' dir='ltr'><em>annos</em></span> <span class='ocrx_word' id='word_1_491' title='bbox 3251 2397 3492 2465; x_wconf 78' lang='lat' dir='ltr'><em>triginta-</em></span> 
     </span>
    </p>
   </div>
   <div class='ocr_carea' id='block_1_63' title="bbox 1895 2459 3490 2524">
    <p class='ocr_par' dir='ltr' id='par_1_63' title="bbox 1895 2459 3490 2524">
     <span class='ocr_line' id='line_1_64' title="bbox 1895 2459 3490 2524; baseline 0.012 -19"><span class='ocrx_word' id='word_1_492' title='bbox 1895 2459 2138 2523; x_wconf 81' lang='lat' dir='ltr'><em>quinque.</em></span> <span class='ocrx_word' id='word_1_493' title='bbox 2165 2476 2254 2512; x_wconf 88' lang='lat' dir='ltr'><em>seu</em></span> <span class='ocrx_word' id='word_1_494' title='bbox 2285 2460 2392 2515; x_wconf 77' lang='grc'><strong>415</strong></span> <span class='ocrx_word' id='word_1_495' title='bbox 2416 2461 2535 2514; x_wconf 87' lang='lat' dir='ltr'><em>data</em></span> <span class='ocrx_word' id='word_1_496' title='bbox 2566 2479 2584 2514; x_wconf 68' lang='grc' dir='ltr'><strong><em>ε</em></strong></span> <span class='ocrx_word' id='word_1_497' title='bbox 2615 2462 2670 2514; x_wconf 88' lang='lat' dir='ltr'><em>In</em></span> <span class='ocrx_word' id='word_1_498' title='bbox 2705 2459 3220 2520; x_wconf 79' lang='lat' dir='ltr'><em>Dominisacriliciis</em></span> <span class='ocrx_word' id='word_1_499' title='bbox 3249 2459 3352 2520; x_wconf 73' lang='lat' dir='ltr'><em>mel</em></span> <span class='ocrx_word' id='word_1_500' title='bbox 3385 2485 3490 2524; x_wconf 90' lang='lat' dir='ltr'><em>non</em></span> 
     </span>
    </p>
   </div>
   <div class='ocr_carea' id='block_1_64' title="bbox 1895 2526 3490 2603">
    <p class='ocr_par' dir='ltr' id='par_1_64' title="bbox 1895 2526 3490 2603">
     <span class='ocr_line' id='line_1_65' title="bbox 1895 2526 3490 2603; baseline 0.01 -25"><span class='ocrx_word' id='word_1_501' title='bbox 1895 2526 2136 2603; x_wconf 74' lang='lat' dir='ltr'><em>oll&#39;ertur,</em></span> <span class='ocrx_word' id='word_1_502' title='bbox 2185 2545 2414 2599; x_wconf 77' lang='lat' dir='ltr'><em>ceraque</em></span> <span class='ocrx_word' id='word_1_503' title='bbox 2444 2541 2770 2601; x_wconf 88' lang='lat' dir='ltr'><em>contempta,</em></span> <span class='ocrx_word' id='word_1_504' title='bbox 2812 2551 2930 2603; x_wconf 67' lang='lat' dir='ltr'><em>qua&quot;.</em></span> <span class='ocrx_word' id='word_1_505' title='bbox 2979 2537 3154 2590; x_wconf 88' lang='lat' dir='ltr'><em>mellis</em></span> <span class='ocrx_word' id='word_1_506' title='bbox 3196 2536 3490 2603; x_wconf 75' lang='lat' dir='ltr'><em>hospitium</em></span> 
     </span>
    </p>
   </div>
   <div class='ocr_carea' id='block_1_65' title="bbox 1895 2601 3489 2674">
    <p class='ocr_par' dir='ltr' id='par_1_65' title="bbox 1895 2601 3489 2674">
     <span class='ocr_line' id='line_1_66' title="bbox 1895 2601 3489 2674; baseline 0.006 -24"><span class='ocrx_word' id='word_1_507' title='bbox 1895 2608 1995 2674; x_wconf 75' lang='lat' dir='ltr'><em>est,</em></span> <span class='ocrx_word' id='word_1_508' title='bbox 2024 2601 2206 2674; x_wconf 69' lang='lat' dir='ltr'><em>oleum</em></span> <span class='ocrx_word' id='word_1_509' title='bbox 2239 2605 2552 2656; x_wconf 83' lang='lat' dir='ltr'><em>accenditur</em></span> <span class='ocrx_word' id='word_1_510' title='bbox 2580 2610 2631 2657; x_wconf 92' lang='lat' dir='ltr'><em>ln</em></span> <span class='ocrx_word' id='word_1_511' title='bbox 2663 2601 2862 2673; x_wconf 82' lang='lat' dir='ltr'><em>templo</em></span> <span class='ocrx_word' id='word_1_512' title='bbox 2897 2605 3008 2665; x_wconf 80' lang='lat' dir='ltr'><em>Dei.</em></span> <span class='ocrx_word' id='word_1_513' title='bbox 3053 2609 3195 2674; x_wconf 85' lang='lat' dir='ltr'><em>quod</em></span> <span class='ocrx_word' id='word_1_514' title='bbox 3243 2601 3310 2661; x_wconf 79' lang='lat' dir='ltr'><em>de</em></span> <span class='ocrx_word' id='word_1_515' title='bbox 3335 2624 3489 2662; x_wconf 80' lang='lat' dir='ltr'><em>arua-</em></span> 
     </span>
    </p>
   </div>
   <div class='ocr_carea' id='block_1_66' title="bbox 1896 2670 3487 2748">
    <p class='ocr_par' dir='ltr' id='par_1_66' title="bbox 1896 2670 3487 2748">
     <span class='ocr_line' id='line_1_67' title="bbox 1896 2670 3487 2748; baseline 0.009 -28"><span class='ocrx_word' id='word_1_516' title='bbox 1896 2670 2470 2748; x_wconf 58' lang='lat' dir='ltr'><em>ritudineesprlmitnr</em></span> <span class='ocrx_word' id='word_1_517' title='bbox 2489 2674 2749 2728; x_wconf 83' lang='lat' dir='ltr'><em>olivarum</em></span> <span class='ocrx_word' id='word_1_518' title='bbox 2776 2670 2789 2728; x_wconf 79' lang='grc' dir='ltr'>Ξ</span> <span class='ocrx_word' id='word_1_519' title='bbox 2812 2687 3033 2744; x_wconf 78' lang='lat' dir='ltr'><em>qzue,&#39;ut</em></span> <span class='ocrx_word' id='word_1_520' title='bbox 3054 2670 3160 2732; x_wconf 77' lang='lat' dir='ltr'><em>alia</em></span> <span class='ocrx_word' id='word_1_521' title='bbox 3183 2683 3350 2734; x_wconf 86' lang='lat' dir='ltr'><em>multa</em></span> <span class='ocrx_word' id='word_1_522' title='bbox 3372 2698 3487 2748; x_wconf 72' lang='lat' dir='ltr'><em>qua!</em></span> 
     </span>
    </p>
   </div>
   <div class='ocr_carea' id='block_1_67' title="bbox 1893 2744 3484 2819">
    <p class='ocr_par' dir='ltr' id='par_1_67' title="bbox 1893 2744 3484 2819">
     <span class='ocr_line' id='line_1_68' title="bbox 1893 2744 3484 2819; baseline 0.008 -28"><span class='ocrx_word' id='word_1_523' title='bbox 1893 2744 2472 2819; x_wconf 31' lang='lat' dir='ltr'><em>pra’termittimus,‘ita</em></span> <span class='ocrx_word' id='word_1_524' title='bbox 2502 2757 2673 2819; x_wconf 83' lang='lat' dir='ltr'><em>noster</em></span> <span class='ocrx_word' id='word_1_525' title='bbox 2711 2750 2980 2819; x_wconf 77' lang='lat' dir='ltr'><em>eapressit,</em></span> <span class='ocrx_word' id='word_1_526' title='bbox 3035 2760 3087 2801; x_wconf 90' lang='lat' dir='ltr'><em>ut</em></span> <span class='ocrx_word' id='word_1_527' title='bbox 3126 2765 3240 2802; x_wconf 87' lang='lat' dir='ltr'><em>cum</em></span> <span class='ocrx_word' id='word_1_528' title='bbox 3284 2744 3484 2804; x_wconf 38' lang='lat' dir='ltr'><em>cert-unt</em></span> 
     </span>
    </p>
   </div>
   <div class='ocr_carea' id='block_1_68' title="bbox 1891 2811 3481 2890">
    <p class='ocr_par' dir='ltr' id='par_1_68' title="bbox 1891 2811 3481 2890">
     <span class='ocr_line' id='line_1_69' title="bbox 1891 2811 3481 2890; baseline 0.009 -29"><span class='ocrx_word' id='word_1_529' title='bbox 1891 2811 1958 2890; x_wconf 55' lang='lat' dir='ltr'><em>sit</em></span> <span class='ocrx_word' id='word_1_530' title='bbox 1987 2829 2049 2865; x_wconf 81' lang='lat' dir='ltr'><em>ea:</em></span> <span class='ocrx_word' id='word_1_531' title='bbox 2079 2813 2142 2866; x_wconf 85' lang='lat' dir='ltr'><em>iis</em></span> <span class='ocrx_word' id='word_1_532' title='bbox 2171 2816 2298 2868; x_wconf 81' lang='lat' dir='ltr'><em>locis</em></span> <span class='ocrx_word' id='word_1_533' title='bbox 2343 2815 2542 2870; x_wconf 79' lang='lat' dir='ltr'><em>desunti</em></span> <span class='ocrx_word' id='word_1_534' title='bbox 2573 2834 2673 2870; x_wconf 84' lang='lat' dir='ltr'><em>non</em></span> <span class='ocrx_word' id='word_1_535' title='bbox 2701 2811 2946 2890; x_wconf 74' lang='lat' dir='ltr'><em>poinissc,</em></span> <span class='ocrx_word' id='word_1_536' title='bbox 2968 2811 2972 2812; x_wconf 20' lang='grc' dir='ltr'>ί</span> <span class='ocrx_word' id='word_1_537' title='bbox 2993 2819 3111 2872; x_wconf 74' lang='lat' dir='ltr'><em>dna:</em></span> <span class='ocrx_word' id='word_1_538' title='bbox 3141 2822 3292 2874; x_wconf 86' lang='lat' dir='ltr'><em>unius</em></span> <span class='ocrx_word' id='word_1_539' title='bbox 3342 2824 3481 2890; x_wconf 79' lang='lat' dir='ltr'><em>ejus-</em></span> 
     </span>
    </p>
   </div>
   <div class='ocr_carea' id='block_1_69' title="bbox 1891 2880 3484 2963">
    <p class='ocr_par' dir='ltr' id='par_1_69' title="bbox 1891 2880 3484 2963">
     <span class='ocr_line' id='line_1_70' title="bbox 1891 2880 3484 2963; baseline 0.011 -33"><span class='ocrx_word' id='word_1_540' title='bbox 1891 2880 2104 2950; x_wconf 76' lang='lat' dir='ltr'><em>demque</em></span> <span class='ocrx_word' id='word_1_541' title='bbox 2131 2888 2356 2939; x_wconf 87' lang='lat' dir='ltr'><em>auctoris</em></span> <span class='ocrx_word' id='word_1_542' title='bbox 2402 2889 2655 2963; x_wconf 70' lang='lat' dir='ltr'><em>epistolat,</em></span> <span class='ocrx_word' id='word_1_543' title='bbox 2701 2880 2750 2943; x_wconf 71' lang='grc' dir='ltr'><em>ἐἰ</em></span> <span class='ocrx_word' id='word_1_544' title='bbox 2781 2906 2842 2942; x_wconf 78' lang='lat' dir='ltr'><em>ea:</em></span> <span class='ocrx_word' id='word_1_545' title='bbox 2889 2880 2984 2943; x_wconf 83' lang='lat' dir='ltr'><em>hoc</em></span> <span class='ocrx_word' id='word_1_546' title='bbox 3026 2891 3142 2944; x_wconf 83' lang='lat' dir='ltr'><em>licet</em></span> <span class='ocrx_word' id='word_1_547' title='bbox 3186 2908 3290 2945; x_wconf 88' lang='lat' dir='ltr'><em>uno</em></span> <span class='ocrx_word' id='word_1_548' title='bbox 3320 2880 3484 2963; x_wconf 70' lang='lat' dir='ltr'><em>argu-</em></span> 
     </span>
    </p>
   </div>
   <div class='ocr_carea' id='block_1_70' title="bbox 1883 2958 2667 3026">
    <p class='ocr_par' dir='ltr' id='par_1_70' title="bbox 1883 2958 2667 3026">
     <span class='ocr_line' id='line_1_71' title="bbox 1883 2958 2667 3026; baseline 0.015 -24"><span class='ocrx_word' id='word_1_549' title='bbox 1883 2965 2059 3006; x_wconf 84' lang='lat' dir='ltr'><em>mento</em></span> <span class='ocrx_word' id='word_1_550' title='bbox 2078 2958 2343 3026; x_wconf 79' lang='lat' dir='ltr'><em>judicare,</em></span> <span class='ocrx_word' id='word_1_551' title='bbox 2370 2959 2667 3014; x_wconf 79' lang='lat' dir='ltr'><em>rideantur.</em></span> 
     </span>
    </p>
   </div>
   <div class='ocr_carea' id='block_1_71' title="bbox 1959 3027 3475 3104">
    <p class='ocr_par' dir='ltr' id='par_1_71' title="bbox 1959 3027 3475 3104">
     <span class='ocr_line' id='line_1_72' title="bbox 1959 3027 3475 3104; baseline 0.011 -29"><span class='ocrx_word' id='word_1_552' title='bbox 1959 3027 2022 3076; x_wconf 77' lang='lat' dir='ltr'><em>At</em></span> <span class='ocrx_word' id='word_1_553' title='bbox 2051 3043 2151 3079; x_wconf 89' lang='lat' dir='ltr'><em>non</em></span> <span class='ocrx_word' id='word_1_554' title='bbox 2183 3029 2297 3082; x_wconf 87' lang='lat' dir='ltr'><em>ideo</em></span> <span class='ocrx_word' id='word_1_555' title='bbox 2322 3032 2598 3104; x_wconf 79' lang='lat' dir='ltr'><em>genuinum</em></span> <span class='ocrx_word' id='word_1_556' title='bbox 2627 3033 2763 3104; x_wconf 83' lang='lat' dir='ltr'><em>hunc</em></span> <span class='ocrx_word' id='word_1_557' title='bbox 2791 3048 3005 3104; x_wconf 73' lang='lat' dir='ltr'><em>quoque</em></span> <span class='ocrx_word' id='word_1_558' title='bbox 3025 3049 3134 3087; x_wconf 85' lang='lat' dir='ltr'><em>esse</em></span> <span class='ocrx_word' id='word_1_559' title='bbox 3165 3033 3475 3104; x_wconf 81' lang='lat' dir='ltr'><em>Hieronymi</em></span> 
     </span>
    </p>
   </div>
   <div class='ocr_carea' id='block_1_72' title="bbox 1889 3094 3466 3174">
    <p class='ocr_par' dir='ltr' id='par_1_72' title="bbox 1889 3094 3466 3174">
     <span class='ocr_line' id='line_1_73' title="bbox 1889 3094 3466 3174; baseline 0.007 -27"><span class='ocrx_word' id='word_1_560' title='bbox 1889 3094 2045 3174; x_wconf 71' lang='lat' dir='ltr'><em>fetum</em></span> <span class='ocrx_word' id='word_1_561' title='bbox 2075 3094 2348 3174; x_wconf 68' lang='lat' dir='ltr'><em>pronuntio</em></span> <span class='ocrx_word' id='word_1_562' title='bbox 2377 3117 2395 3154; x_wconf 81' lang='lat'><em>.&#39;</em></span> <span class='ocrx_word' id='word_1_563' title='bbox 2417 3100 2619 3174; x_wconf 70' lang='lat' dir='ltr'><em>dicant</em></span> <span class='ocrx_word' id='word_1_564' title='bbox 2642 3101 2740 3174; x_wconf 86' lang='lat' dir='ltr'><em>hac</em></span> <span class='ocrx_word' id='word_1_565' title='bbox 2771 3100 2835 3154; x_wconf 87' lang='lat' dir='ltr'><em>de</em></span> <span class='ocrx_word' id='word_1_566' title='bbox 2888 3094 2948 3174; x_wconf 64' lang='lat' dir='ltr'><em>re</em></span> <span class='ocrx_word' id='word_1_567' title='bbox 2989 3102 3165 3174; x_wconf 8' lang='lat' dir='ltr'><em>latius,</em></span> <span class='ocrx_word' id='word_1_568' title='bbox 3188 3105 3241 3156; x_wconf 89' lang='lat' dir='ltr'><em>in</em></span> <span class='ocrx_word' id='word_1_569' title='bbox 3271 3094 3466 3174; x_wconf 45' lang='lat' dir='ltr'><em>pruria-</em></span> 
     </span>
    </p>
   </div>
   <div class='ocr_carea' id='block_1_73' title="bbox 194 3166 3477 3244">
    <p class='ocr_par' dir='ltr' id='par_1_73' title="bbox 194 3166 3477 3244">
     <span class='ocr_line' id='line_1_74' title="bbox 194 3166 3477 3244; baseline 0.008 -40"><span class='ocrx_word' id='word_1_570' title='bbox 194 3184 289 3222; x_wconf 70' lang='lat' dir='ltr'><em>m,&quot;</em></span> <span class='ocrx_word' id='word_1_571' title='bbox 343 3171 536 3238; x_wconf 59' lang='lat' dir='ltr'><em>“nque</em></span> <span class='ocrx_word' id='word_1_572' title='bbox 589 3169 980 3235; x_wconf 54' lang='lat' dir='ltr'><em>blasphemm&quot;</em></span> <span class='ocrx_word' id='word_1_573' title='bbox 1031 3171 1290 3226; x_wconf 57' lang='lat' dir='ltr'><em>dicebam</em></span> <span class='ocrx_word' id='word_1_574' title='bbox 1344 3175 1502 3227; x_wconf 57' lang='lat' dir='ltr'><em>una.&quot;</em></span> <span class='ocrx_word' id='word_1_575' title='bbox 1543 3176 1778 3244; x_wconf 51' lang='lat' dir='ltr'><em>sim-ilus</em></span> <span class='ocrx_word' id='word_1_576' title='bbox 1807 3169 1852 3233; x_wconf 82' lang='lat' dir='ltr'>C</span> <span class='ocrx_word' id='word_1_577' title='bbox 1888 3166 2065 3222; x_wconf 85' lang='lat' dir='ltr'><em>tione:</em></span> <span class='ocrx_word' id='word_1_578' title='bbox 2098 3169 2249 3244; x_wconf 78' lang='lat' dir='ltr'><em>Scias</em></span> <span class='ocrx_word' id='word_1_579' title='bbox 2270 3171 2477 3244; x_wconf 72' lang='lat' dir='ltr'><em>interim</em></span> <span class='ocrx_word' id='word_1_580' title='bbox 2509 3174 2572 3224; x_wconf 90' lang='lat' dir='ltr'><em>ab</em></span> <span class='ocrx_word' id='word_1_581' title='bbox 2602 3172 2683 3224; x_wconf 91' lang='lat' dir='ltr'><em>his</em></span> <span class='ocrx_word' id='word_1_582' title='bbox 2704 3173 2901 3226; x_wconf 81' lang='lat' dir='ltr'><em>rerbis:</em></span> <span class='ocrx_word' id='word_1_583' title='bbox 2931 3173 3170 3226; x_wconf 79' lang='lat' dir='ltr'><em>Pelicani</em></span> <span class='ocrx_word' id='word_1_584' title='bbox 3198 3166 3318 3227; x_wconf 78' lang='lat' dir='ltr'><em>enin</em></span> <span class='ocrx_word' id='word_1_585' title='bbox 3348 3166 3477 3230; x_wconf 79' lang='lat' dir='ltr'><em>suos</em></span> 
     </span>
    </p>
   </div>
   <div class='ocr_carea' id='block_1_74' title="bbox 190 3262 1776 3335">
    <p class='ocr_par' dir='ltr' id='par_1_74' title="bbox 190 3262 1776 3335">
     <span class='ocr_line' id='line_1_75' title="bbox 190 3262 1776 3335; baseline 0.006 -21"><span class='ocrx_word' id='word_1_586' title='bbox 190 3262 352 3316; x_wconf 82' lang='lat' dir='ltr'><em>sancti</em></span> <span class='ocrx_word' id='word_1_587' title='bbox 386 3263 585 3331; x_wconf 77' lang='lat' dir='ltr'><em>Judaei,</em></span> <span class='ocrx_word' id='word_1_588' title='bbox 621 3265 725 3318; x_wconf 85' lang='lat' dir='ltr'><em>nisi</em></span> <span class='ocrx_word' id='word_1_589' title='bbox 757 3263 858 3318; x_wconf 86' lang='lat' dir='ltr'><em>hoc</em></span> <span class='ocrx_word' id='word_1_590' title='bbox 885 3265 1030 3334; x_wconf 87' lang='lat' dir='ltr'><em>quod</em></span> <span class='ocrx_word' id='word_1_591' title='bbox 1077 3267 1216 3320; x_wconf 85' lang='lat' dir='ltr'><em>Deus</em></span> <span class='ocrx_word' id='word_1_592' title='bbox 1248 3283 1354 3320; x_wconf 84' lang='lat' dir='ltr'><em>non</em></span> <span class='ocrx_word' id='word_1_593' title='bbox 1403 3276 1540 3335; x_wconf 82' lang='lat' dir='ltr'><em>eral,</em></span> <span class='ocrx_word' id='word_1_594' title='bbox 1588 3276 1675 3322; x_wconf 61' lang='lat' dir='ltr'><em>aut</em></span> <span class='ocrx_word' id='word_1_595' title='bbox 1711 3269 1776 3323; x_wconf 88' lang='lat' dir='ltr'><em>de</em></span> 
     </span>
    </p>
   </div>
   <div class='ocr_carea' id='block_1_75' title="bbox 188 3355 1773 3430">
    <p class='ocr_par' dir='ltr' id='par_1_75' title="bbox 188 3355 1773 3430">
     <span class='ocr_line' id='line_1_76' title="bbox 188 3355 1773 3430; baseline 0.003 -21"><span class='ocrx_word' id='word_1_596' title='bbox 188 3355 290 3411; x_wconf 86' lang='lat' dir='ltr'><em>Deo</em></span> <span class='ocrx_word' id='word_1_597' title='bbox 328 3357 560 3428; x_wconf 86' lang='lat' dir='ltr'><em>proprie</em></span> <span class='ocrx_word' id='word_1_598' title='bbox 587 3373 694 3412; x_wconf 85' lang='lat' dir='ltr'><em>non</em></span> <span class='ocrx_word' id='word_1_599' title='bbox 741 3367 843 3412; x_wconf 87' lang='lat' dir='ltr'><em>est.</em></span> <span class='ocrx_word' id='word_1_600' title='bbox 878 3358 1011 3412; x_wconf 80' lang='lat' dir='ltr'><em>Nam</em></span> <span class='ocrx_word' id='word_1_601' title='bbox 1060 3358 1360 3414; x_wconf 79' lang='lat' dir='ltr'><em>invenimus</em></span> <span class='ocrx_word' id='word_1_602' title='bbox 1392 3362 1643 3430; x_wconf 88' lang='lat' dir='ltr'><em>quoniam</em></span> <span class='ocrx_word' id='word_1_603' title='bbox 1674 3359 1773 3414; x_wconf 86' lang='lat' dir='ltr'><em>Ju-</em></span> 
     </span>
    </p>
   </div>
   <div class='ocr_carea' id='block_1_76' title="bbox 188 3448 1773 3524">
    <p class='ocr_par' dir='ltr' id='par_1_76' title="bbox 188 3448 1773 3524">
     <span class='ocr_line' id='line_1_77' title="bbox 188 3448 1773 3524; baseline 0.003 -21"><span class='ocrx_word' id='word_1_604' title='bbox 188 3448 279 3504; x_wconf 63' lang='lat' dir='ltr'><em>dasi</em></span> <span class='ocrx_word' id='word_1_605' title='bbox 306 3466 417 3505; x_wconf 90' lang='lat' dir='ltr'><em>non</em></span> <span class='ocrx_word' id='word_1_606' title='bbox 445 3451 650 3506; x_wconf 89' lang='lat' dir='ltr'><em>audent</em></span> <span class='ocrx_word' id='word_1_607' title='bbox 676 3450 944 3522; x_wconf 79' lang='lat' dir='ltr'><em>denegare</em></span> <span class='ocrx_word' id='word_1_608' title='bbox 965 3453 1256 3523; x_wconf 68' lang='lat' dir='ltr'><em>spiritum:</em></span> <span class='ocrx_word' id='word_1_609' title='bbox 1288 3452 1384 3508; x_wconf 88' lang='lat' dir='ltr'><em>sed</em></span> <span class='ocrx_word' id='word_1_610' title='bbox 1430 3457 1482 3508; x_wconf 91' lang='lat' dir='ltr'><em>in</em></span> <span class='ocrx_word' id='word_1_611' title='bbox 1525 3453 1773 3524; x_wconf 62' lang='lat' dir='ltr'><em>Scriptuo</em></span> 
     </span>
    </p>
   </div>
   <div class='ocr_carea' id='block_1_77' title="bbox 188 3542 1772 3616">
    <p class='ocr_par' dir='ltr' id='par_1_77' title="bbox 188 3542 1772 3616">
     <span class='ocr_line' id='line_1_78' title="bbox 188 3542 1772 3616; baseline 0.001 -19"><span class='ocrx_word' id='word_1_612' title='bbox 188 3542 252 3597; x_wconf 84' lang='lat' dir='ltr'><em>ris</em></span> <span class='ocrx_word' id='word_1_613' title='bbox 278 3543 457 3599; x_wconf 86' lang='lat' dir='ltr'><em>sicubi</em></span> <span class='ocrx_word' id='word_1_614' title='bbox 507 3545 776 3614; x_wconf 79' lang='lat' dir='ltr'><em>legentes,</em></span> <span class='ocrx_word' id='word_1_615' title='bbox 816 3553 910 3598; x_wconf 90' lang='lat' dir='ltr'><em>aut</em></span> <span class='ocrx_word' id='word_1_616' title='bbox 949 3553 1256 3601; x_wconf 85' lang='lat' dir='ltr'><em>creaturam</em></span> <span class='ocrx_word' id='word_1_617' title='bbox 1303 3545 1598 3616; x_wconf 86' lang='lat' dir='ltr'><em>accipiunt,</em></span> <span class='ocrx_word' id='word_1_618' title='bbox 1633 3547 1772 3600; x_wconf 88' lang='lat' dir='ltr'><em>sicut</em></span> 
     </span>
    </p>
   </div>
   <div class='ocr_carea' id='block_1_78' title="bbox 185 3634 1768 3706">
    <p class='ocr_par' dir='ltr' id='par_1_78' title="bbox 185 3634 1768 3706">
     <span class='ocr_line' id='line_1_79' title="bbox 185 3634 1768 3706; baseline 0.004 -20"><span class='ocrx_word' id='word_1_619' title='bbox 185 3634 473 3704; x_wconf 80' lang='lat' dir='ltr'><em>Angelum,</em></span> <span class='ocrx_word' id='word_1_620' title='bbox 501 3647 598 3692; x_wconf 88' lang='lat' dir='ltr'><em>aut</em></span> <span class='ocrx_word' id='word_1_621' title='bbox 628 3638 802 3706; x_wconf 78' lang='lat' dir='ltr'><em>ipsum</em></span> <span class='ocrx_word' id='word_1_622' title='bbox 839 3637 1054 3693; x_wconf 83' lang='lat' dir='ltr'><em>Patrem</em></span> <span class='ocrx_word' id='word_1_623' title='bbox 1084 3639 1417 3704; x_wconf 80' lang='lat' dir='ltr'><em>existimant,</em></span> <span class='ocrx_word' id='word_1_624' title='bbox 1465 3646 1522 3692; x_wconf 90' lang='lat' dir='ltr'><em>et</em></span> <span class='ocrx_word' id='word_1_625' title='bbox 1553 3637 1768 3692; x_wconf 89' lang='lat' dir='ltr'><em>tertiam</em></span> 
     </span>
    </p>
   </div>
   <div class='ocr_carea' id='block_1_79' title="bbox 185 3732 1771 3803">
    <p class='ocr_par' dir='ltr' id='par_1_79' title="bbox 185 3732 1771 3803">
     <span class='ocr_line' id='line_1_80' title="bbox 185 3732 1771 3803; baseline 0.002 -21"><span class='ocrx_word' id='word_1_626' title='bbox 185 3743 464 3796; x_wconf 87' lang='lat' dir='ltr'><em>personam</em></span> <span class='ocrx_word' id='word_1_627' title='bbox 515 3732 819 3802; x_wconf 78' lang='lat' dir='ltr'><em>accipiunt,</em></span> <span class='ocrx_word' id='word_1_628' title='bbox 876 3743 970 3786; x_wconf 91' lang='lat' dir='ltr'><em>ant</em></span> <span class='ocrx_word' id='word_1_629' title='bbox 1022 3734 1382 3803; x_wconf 78' lang='lat' dir='ltr'><em>compositura</em></span> <span class='ocrx_word' id='word_1_630' title='bbox 1434 3732 1771 3786; x_wconf 81' lang='lat' dir='ltr'><em>arbitrantur</em></span> 
     </span>
    </p>
   </div>
   <div class='ocr_carea' id='block_1_80' title="bbox 183 3816 1768 3893">
    <p class='ocr_par' dir='ltr' id='par_1_80' title="bbox 183 3816 1768 3893">
     <span class='ocr_line' id='line_1_81' title="bbox 183 3816 1768 3893; baseline 0.001 -19"><span class='ocrx_word' id='word_1_631' title='bbox 183 3816 334 3875; x_wconf 84' lang='lat' dir='ltr'><em>Deum</em></span> <span class='ocrx_word' id='word_1_632' title='bbox 364 3821 608 3887; x_wconf 83' lang='lat' dir='ltr'><em>Patrem,</em></span> <span class='ocrx_word' id='word_1_633' title='bbox 643 3838 762 3876; x_wconf 88' lang='lat' dir='ltr'><em>cum</em></span> <span class='ocrx_word' id='word_1_634' title='bbox 797 3824 865 3877; x_wconf 80' lang='lat' dir='ltr'><em>sit</em></span> <span class='ocrx_word' id='word_1_635' title='bbox 892 3823 1125 3893; x_wconf 62' lang='lat' dir='ltr'><em>propria:</em></span> <span class='ocrx_word' id='word_1_636' title='bbox 1156 3834 1361 3877; x_wconf 64' lang='lat' dir='ltr'><em>naturae</em></span> <span class='ocrx_word' id='word_1_637' title='bbox 1404 3821 1638 3892; x_wconf 85' lang='lat' dir='ltr'><em>Spiritus</em></span> <span class='ocrx_word' id='word_1_638' title='bbox 1667 3820 1768 3876; x_wconf 82' lang='lat' dir='ltr'><em>Pa-</em></span> 
     </span>
    </p>
   </div>
   <div class='ocr_carea' id='block_1_81' title="bbox 184 3913 1766 3984">
    <p class='ocr_par' dir='ltr' id='par_1_81' title="bbox 184 3913 1766 3984">
     <span class='ocr_line' id='line_1_82' title="bbox 184 3913 1766 3984; baseline 0.004 -23"><span class='ocrx_word' id='word_1_639' title='bbox 184 3917 270 3966; x_wconf 87' lang='lat' dir='ltr'><em>ter.</em></span> <span class='ocrx_word' id='word_1_640' title='bbox 299 3913 381 3968; x_wconf 78' lang='lat' dir='ltr'><em>Ex</em></span> <span class='ocrx_word' id='word_1_641' title='bbox 422 3915 505 3968; x_wconf 87' lang='lat' dir='ltr'><em>his</em></span> <span class='ocrx_word' id='word_1_642' title='bbox 532 3915 696 3969; x_wconf 89' lang='lat' dir='ltr'><em>etiam</em></span> <span class='ocrx_word' id='word_1_643' title='bbox 722 3914 974 3984; x_wconf 83' lang='lat' dir='ltr'><em>spiritum</em></span> <span class='ocrx_word' id='word_1_644' title='bbox 1005 3916 1241 3971; x_wconf 86' lang='lat' dir='ltr'><em>alterum</em></span> <span class='ocrx_word' id='word_1_645' title='bbox 1265 3925 1454 3984; x_wconf 88' lang='lat' dir='ltr'><em>putant</em></span> <span class='ocrx_word' id='word_1_646' title='bbox 1480 3932 1604 3972; x_wconf 90' lang='lat' dir='ltr'><em>eum</em></span> <span class='ocrx_word' id='word_1_647' title='bbox 1635 3929 1766 3968; x_wconf 92' lang='lat' dir='ltr'><em>con-</em></span> 
     </span>
    </p>
   </div>
   <div class='ocr_carea' id='block_1_82' title="bbox 180 4002 1764 4080">
    <p class='ocr_par' dir='ltr' id='par_1_82' title="bbox 180 4002 1764 4080">
     <span class='ocr_line' id='line_1_83' title="bbox 180 4002 1764 4080; baseline 0.006 -27"><span class='ocrx_word' id='word_1_648' title='bbox 180 4002 358 4058; x_wconf 84' lang='lat' dir='ltr'><em>sistere</em></span> <span class='ocrx_word' id='word_1_649' title='bbox 396 4014 448 4059; x_wconf 91' lang='lat' dir='ltr'><em>et</em></span> <span class='ocrx_word' id='word_1_650' title='bbox 483 4005 686 4070; x_wconf 77' lang='lat' dir='ltr'><em>Verbo,</em></span> <span class='ocrx_word' id='word_1_651' title='bbox 722 4023 842 4060; x_wconf 87' lang='lat' dir='ltr'><em>cum</em></span> <span class='ocrx_word' id='word_1_652' title='bbox 875 4010 947 4061; x_wconf 76' lang='lat' dir='ltr'><em>sit</em></span> <span class='ocrx_word' id='word_1_653' title='bbox 980 4007 1082 4064; x_wconf 86' lang='lat' dir='ltr'><em>hoc</em></span> <span class='ocrx_word' id='word_1_654' title='bbox 1131 4010 1298 4079; x_wconf 76' lang='lat' dir='ltr'><em>inagis</em></span> <span class='ocrx_word' id='word_1_655' title='bbox 1327 4011 1407 4064; x_wconf 86' lang='lat' dir='ltr'><em>rei</em></span> <span class='ocrx_word' id='word_1_656' title='bbox 1448 4009 1764 4080; x_wconf 87' lang='lat' dir='ltr'><em>compositi-</em></span> 
     </span>
    </p>
   </div>
   <div class='ocr_carea' id='block_1_83' title="bbox 180 4096 1761 4173">
    <p class='ocr_par' dir='ltr' id='par_1_83' title="bbox 180 4096 1761 4173">
     <span class='ocr_line' id='line_1_84' title="bbox 180 4096 1761 4173; baseline 0.008 -27"><span class='ocrx_word' id='word_1_657' title='bbox 180 4096 252 4148; x_wconf 76' lang='lat' dir='ltr'><em>tia:</em></span> <span class='ocrx_word' id='word_1_658' title='bbox 275 4109 326 4151; x_wconf 90' lang='lat' dir='ltr'><em>et</em></span> <span class='ocrx_word' id='word_1_659' title='bbox 353 4100 527 4152; x_wconf 84' lang='lat' dir='ltr'><em>realis</em></span> <span class='ocrx_word' id='word_1_660' title='bbox 548 4141 560 4160; x_wconf 88' lang='lat'><em>,</em></span> <span class='ocrx_word' id='word_1_661' title='bbox 599 4117 758 4168; x_wconf 72' lang='lat' dir='ltr'><em>quam</em></span> <span class='ocrx_word' id='word_1_662' title='bbox 785 4118 960 4167; x_wconf 64' lang='lat' dir='ltr'><em>verae,</em></span> <span class='ocrx_word' id='word_1_663' title='bbox 995 4103 1198 4157; x_wconf 72' lang='lat' dir='ltr'><em>divina:</em></span> <span class='ocrx_word' id='word_1_664' title='bbox 1217 4148 1232 4171; x_wconf 93' lang='lat'><em>,</em></span> <span class='ocrx_word' id='word_1_665' title='bbox 1261 4103 1598 4173; x_wconf 63' lang='lat' dir='ltr'><em>incorporate</em></span> <span class='ocrx_word' id='word_1_666' title='bbox 1627 4108 1761 4159; x_wconf 80' lang='lat' dir='ltr'><em>sim-</em></span> 
     </span>
    </p>
   </div>
   <div class='ocr_carea' id='block_1_84' title="bbox 176 4188 1760 4268">
    <p class='ocr_par' dir='ltr' id='par_1_84' title="bbox 176 4188 1760 4268">
     <span class='ocr_line' id='line_1_85' title="bbox 176 4188 1760 4268; baseline 0.009 -29"><span class='ocrx_word' id='word_1_667' title='bbox 176 4188 454 4262; x_wconf 77' lang='lat' dir='ltr'><em>plicisque.</em></span> <span class='ocrx_word' id='word_1_668' title='bbox 511 4193 664 4246; x_wconf 84' lang='lat' dir='ltr'><em>Solet</em></span> <span class='ocrx_word' id='word_1_669' title='bbox 715 4212 741 4244; x_wconf 76' lang='grc' dir='ltr'><strong>ει</strong></span> <span class='ocrx_word' id='word_1_670' title='bbox 793 4194 993 4249; x_wconf 72' lang='lat' dir='ltr'><em>Jndmis</em></span> <span class='ocrx_word' id='word_1_671' title='bbox 1044 4196 1147 4252; x_wconf 84' lang='lat' dir='ltr'><em>hoc</em></span> <span class='ocrx_word' id='word_1_672' title='bbox 1195 4197 1274 4252; x_wconf 91' lang='lat' dir='ltr'><em>sic</em></span> <span class='ocrx_word' id='word_1_673' title='bbox 1325 4198 1575 4268; x_wconf 77' lang='lat' dir='ltr'><em>intelligi,</em></span> <span class='ocrx_word' id='word_1_674' title='bbox 1629 4207 1682 4252; x_wconf 91' lang='lat' dir='ltr'><em>et</em></span> <span class='ocrx_word' id='word_1_675' title='bbox 1729 4213 1760 4252; x_wconf 89' lang='lat' dir='ltr'><em>a</em></span> 
     </span>
    </p>
   </div>
   <div class='ocr_carea' id='block_1_85' title="bbox 175 4285 1758 4358">
    <p class='ocr_par' dir='ltr' id='par_1_85' title="bbox 175 4285 1758 4358">
     <span class='ocr_line' id='line_1_86' title="bbox 175 4285 1758 4358; baseline 0.008 -23"><span class='ocrx_word' id='word_1_676' title='bbox 175 4285 381 4351; x_wconf 62' lang='lat' dir='ltr'><em>paganis</em></span> <span class='ocrx_word' id='word_1_677' title='bbox 420 4286 716 4340; x_wconf 87' lang='lat' dir='ltr'><em>interdum.</em></span> <span class='ocrx_word' id='word_1_678' title='bbox 743 4287 907 4342; x_wconf 77' lang='lat' dir='ltr'><em>Nobis</em></span> <span class='ocrx_word' id='word_1_679' title='bbox 938 4289 1098 4358; x_wconf 79' lang='lat' dir='ltr'><em>igitur</em></span> <span class='ocrx_word' id='word_1_680' title='bbox 1131 4307 1269 4344; x_wconf 78' lang='lat' dir='ltr'><em>UIIUS</em></span> <span class='ocrx_word' id='word_1_681' title='bbox 1309 4289 1492 4356; x_wconf 86' lang='lat' dir='ltr'><em>Pater,</em></span> <span class='ocrx_word' id='word_1_682' title='bbox 1533 4301 1586 4346; x_wconf 90' lang='lat' dir='ltr'><em>ct</em></span> <span class='ocrx_word' id='word_1_683' title='bbox 1620 4308 1758 4348; x_wconf 90' lang='lat' dir='ltr'><em>unus</em></span> 
     </span>
    </p>
   </div>
   <div class='ocr_carea' id='block_1_86' title="bbox 177 4372 1758 4453">
    <p class='ocr_par' dir='ltr' id='par_1_86' title="bbox 177 4372 1758 4453">
     <span class='ocr_line' id='line_1_87' title="bbox 177 4372 1758 4453; baseline 0.009 -27"><span class='ocrx_word' id='word_1_684' title='bbox 177 4372 328 4432; x_wconf 76' lang='lat' dir='ltr'><em>Filius</em></span> <span class='ocrx_word' id='word_1_685' title='bbox 352 4379 478 4448; x_wconf 85' lang='lat' dir='ltr'><em>ejus</em></span> <span class='ocrx_word' id='word_1_686' title='bbox 513 4395 676 4434; x_wconf 78' lang='lat' dir='ltr'><em>verus</em></span> <span class='ocrx_word' id='word_1_687' title='bbox 708 4379 872 4444; x_wconf 85' lang='lat' dir='ltr'><em>Deus,</em></span> <span class='ocrx_word' id='word_1_688' title='bbox 904 4392 960 4436; x_wconf 88' lang='lat' dir='ltr'><em>et</em></span> <span class='ocrx_word' id='word_1_689' title='bbox 991 4399 1126 4437; x_wconf 87' lang='lat' dir='ltr'><em>unus</em></span> <span class='ocrx_word' id='word_1_690' title='bbox 1159 4384 1392 4453; x_wconf 83' lang='lat' dir='ltr'><em>Spiritus</em></span> <span class='ocrx_word' id='word_1_691' title='bbox 1419 4395 1642 4439; x_wconf 90' lang='lat' dir='ltr'><em>sanctus</em></span> <span class='ocrx_word' id='word_1_692' title='bbox 1668 4401 1758 4440; x_wconf 72' lang='lat' dir='ltr'><em>re-</em></span> 
     </span>
    </p>
   </div>
   <div class='ocr_carea' id='block_1_87' title="bbox 175 4472 1756 4544">
    <p class='ocr_par' dir='ltr' id='par_1_87' title="bbox 175 4472 1756 4544">
     <span class='ocr_line' id='line_1_88' title="bbox 175 4472 1756 4544; baseline 0.008 -22"><span class='ocrx_word' id='word_1_693' title='bbox 175 4484 254 4524; x_wconf 85' lang='lat' dir='ltr'><em>rus</em></span> <span class='ocrx_word' id='word_1_694' title='bbox 281 4472 423 4528; x_wconf 83' lang='lat' dir='ltr'><em>Deus</em></span> <span class='ocrx_word' id='word_1_695' title='bbox 468 4491 480 4524; x_wconf 89' lang='lat'><strong>:</strong></span> <span class='ocrx_word' id='word_1_696' title='bbox 515 4483 571 4527; x_wconf 90' lang='lat' dir='ltr'><em>et</em></span> <span class='ocrx_word' id='word_1_697' title='bbox 613 4472 665 4527; x_wconf 89' lang='lat' dir='ltr'><em>bi</em></span> <span class='ocrx_word' id='word_1_698' title='bbox 710 4483 820 4529; x_wconf 88' lang='lat' dir='ltr'><em>tres</em></span> <span class='ocrx_word' id='word_1_699' title='bbox 852 4491 1014 4530; x_wconf 89' lang='lat' dir='ltr'><em>unum</em></span> <span class='ocrx_word' id='word_1_700' title='bbox 1051 4486 1201 4543; x_wconf 89' lang='lat' dir='ltr'><em>sunt,</em></span> <span class='ocrx_word' id='word_1_701' title='bbox 1251 4492 1354 4531; x_wconf 90' lang='lat' dir='ltr'><em>una</em></span> <span class='ocrx_word' id='word_1_702' title='bbox 1394 4477 1670 4544; x_wconf 84' lang='lat' dir='ltr'><em>divinitas,</em></span> <span class='ocrx_word' id='word_1_703' title='bbox 1701 4489 1756 4534; x_wconf 88' lang='lat' dir='ltr'><em>et</em></span> 
     </span>
    </p>
   </div>
   <div class='ocr_carea' id='block_1_88' title="bbox 177 4567 1750 4643">
    <p class='ocr_par' dir='ltr' id='par_1_88' title="bbox 177 4567 1750 4643">
     <span class='ocr_line' id='line_1_89' title="bbox 177 4567 1750 4643; baseline 0.008 -27"><span class='ocrx_word' id='word_1_704' title='bbox 177 4568 420 4632; x_wconf 82' lang='lat' dir='ltr'><em>potentia,</em></span> <span class='ocrx_word' id='word_1_705' title='bbox 457 4577 513 4622; x_wconf 90' lang='lat' dir='ltr'><em>et</em></span> <span class='ocrx_word' id='word_1_706' title='bbox 545 4583 794 4638; x_wconf 80' lang='lat' dir='ltr'><em>regnum.</em></span> <span class='ocrx_word' id='word_1_707' title='bbox 829 4567 964 4622; x_wconf 86' lang='lat' dir='ltr'><em>Sunt</em></span> <span class='ocrx_word' id='word_1_708' title='bbox 985 4579 1166 4625; x_wconf 89' lang='lat' dir='ltr'><em>autem</em></span> <span class='ocrx_word' id='word_1_709' title='bbox 1201 4581 1310 4625; x_wconf 88' lang='lat' dir='ltr'><em>tres</em></span> <span class='ocrx_word' id='word_1_710' title='bbox 1341 4587 1612 4643; x_wconf 62' lang='lat' dir='ltr'><em>personae,</em></span> <span class='ocrx_word' id='word_1_711' title='bbox 1643 4589 1750 4629; x_wconf 85' lang='lat' dir='ltr'><em>non</em></span> 
     </span>
    </p>
   </div>
   <div class='ocr_carea' id='block_1_89' title="bbox 175 4654 1754 4735">
    <p class='ocr_par' dir='ltr' id='par_1_89' title="bbox 175 4654 1754 4735">
     <span class='ocr_line' id='line_1_90' title="bbox 175 4654 1754 4735; baseline 0.011 -27"><span class='ocrx_word' id='word_1_712' title='bbox 175 4654 296 4726; x_wconf 67' lang='lat' dir='ltr'><em>dum,</em></span> <span class='ocrx_word' id='word_1_713' title='bbox 346 4675 456 4716; x_wconf 90' lang='lat' dir='ltr'><em>non</em></span> <span class='ocrx_word' id='word_1_714' title='bbox 512 4677 638 4728; x_wconf 86' lang='lat' dir='ltr'><em>una,</em></span> <span class='ocrx_word' id='word_1_715' title='bbox 691 4676 800 4716; x_wconf 91' lang='lat' dir='ltr'><em>non</em></span> <span class='ocrx_word' id='word_1_716' title='bbox 853 4663 1150 4718; x_wconf 88' lang='lat' dir='ltr'><em>secundum</em></span> <span class='ocrx_word' id='word_1_717' title='bbox 1198 4665 1612 4735; x_wconf 80' lang='lat' dir='ltr'><em>revelationem,</em></span> <span class='ocrx_word' id='word_1_718' title='bbox 1660 4679 1754 4724; x_wconf 88' lang='lat' dir='ltr'><em>aut</em></span> 
     </span>
    </p>
   </div>
   <div class='ocr_carea' id='block_1_90' title="bbox 175 4751 1752 4827">
    <p class='ocr_par' dir='ltr' id='par_1_90' title="bbox 175 4751 1752 4827">
     <span class='ocr_line' id='line_1_91' title="bbox 175 4751 1752 4827; baseline 0.01 -24"><span class='ocrx_word' id='word_1_719' title='bbox 175 4751 566 4822; x_wconf 75' lang='lat' dir='ltr'><em>collectionem,</em></span> <span class='ocrx_word' id='word_1_720' title='bbox 600 4763 692 4809; x_wconf 89' lang='lat' dir='ltr'><em>aut</em></span> <span class='ocrx_word' id='word_1_721' title='bbox 723 4755 1126 4824; x_wconf 82' lang='lat' dir='ltr'><em>confusionem,</em></span> <span class='ocrx_word' id='word_1_722' title='bbox 1156 4759 1253 4815; x_wconf 89' lang='lat' dir='ltr'><em>sed</em></span> <span class='ocrx_word' id='word_1_723' title='bbox 1285 4776 1506 4827; x_wconf 57' lang='lat' dir='ltr'><em>semper</em></span> <span class='ocrx_word' id='word_1_724' title='bbox 1530 4778 1752 4819; x_wconf 87' lang='lat' dir='ltr'><em>manen-</em></span> 
     </span>
    </p>
   </div>
   <div class='ocr_carea' id='block_1_91' title="bbox 176 4840 1749 4926">
    <p class='ocr_par' dir='ltr' id='par_1_91' title="bbox 176 4840 1749 4926">
     <span class='ocr_line' id='line_1_92' title="bbox 176 4840 1749 4926; baseline 0.013 -35"><span class='ocrx_word' id='word_1_725' title='bbox 176 4840 298 4897; x_wconf 88' lang='lat' dir='ltr'><em>tibus</em></span> <span class='ocrx_word' id='word_1_726' title='bbox 330 4847 581 4914; x_wconf 57' lang='lat' dir='ltr'><em>peraonis</em></span> <span class='ocrx_word' id='word_1_727' title='bbox 627 4846 848 4901; x_wconf 79' lang='lat' dir='ltr'><em>divinis.</em></span> <span class='ocrx_word' id='word_1_728' title='bbox 899 4847 1103 4904; x_wconf 84' lang='lat' dir='ltr'><em>Ilarnm</em></span> <span class='ocrx_word' id='word_1_729' title='bbox 1137 4850 1271 4906; x_wconf 81' lang='lat' dir='ltr'><em>ﬁdes</em></span> <span class='ocrx_word' id='word_1_730' title='bbox 1298 4852 1461 4909; x_wconf 90' lang='lat' dir='ltr'><em>datur</em></span> <span class='ocrx_word' id='word_1_731' title='bbox 1511 4854 1565 4910; x_wconf 92' lang='lat' dir='ltr'><em>in</em></span> <span class='ocrx_word' id='word_1_732' title='bbox 1612 4859 1749 4926; x_wconf 88' lang='lat' dir='ltr'><em>bap-</em></span> 
     </span>
    </p>
   </div>
   <div class='ocr_carea' id='block_1_92' title="bbox 176 4932 1751 5013">
    <p class='ocr_par' dir='ltr' id='par_1_92' title="bbox 176 4932 1751 5013">
     <span class='ocr_line' id='line_1_93' title="bbox 176 4932 1751 5013; baseline 0.013 -28"><span class='ocrx_word' id='word_1_733' title='bbox 176 4932 334 5002; x_wconf 87' lang='lat' dir='ltr'><em>tismo,</em></span> <span class='ocrx_word' id='word_1_734' title='bbox 363 4940 434 4993; x_wconf 89' lang='lat' dir='ltr'><em>ab</em></span> <span class='ocrx_word' id='word_1_735' title='bbox 453 4939 542 4992; x_wconf 85' lang='lat' dir='ltr'><em>bis</em></span> <span class='ocrx_word' id='word_1_736' title='bbox 564 4949 618 4994; x_wconf 89' lang='lat' dir='ltr'><em>ct</em></span> <span class='ocrx_word' id='word_1_737' title='bbox 635 4940 889 4996; x_wconf 87' lang='lat' dir='ltr'><em>remissio</em></span> <span class='ocrx_word' id='word_1_738' title='bbox 912 4943 1072 4998; x_wconf 91' lang='lat' dir='ltr'><em>datur</em></span> <span class='ocrx_word' id='word_1_739' title='bbox 1090 4945 1316 5013; x_wconf 87' lang='lat' dir='ltr'><em>peccati,</em></span> <span class='ocrx_word' id='word_1_740' title='bbox 1341 4956 1396 5000; x_wconf 88' lang='lat' dir='ltr'><em>et</em></span> <span class='ocrx_word' id='word_1_741' title='bbox 1417 4948 1522 5002; x_wconf 87' lang='lat' dir='ltr'><em>vita</em></span> <span class='ocrx_word' id='word_1_742' title='bbox 1546 4958 1751 5004; x_wconf 86' lang='lat' dir='ltr'><em>aeterna</em></span> 
     </span>
    </p>
   </div>
   <div class='ocr_carea' id='block_1_93' title="bbox 173 5025 1749 5104">
    <p class='ocr_par' dir='ltr' id='par_1_93' title="bbox 173 5025 1749 5104">
     <span class='ocr_line' id='line_1_94' title="bbox 173 5025 1749 5104; baseline 0.012 -28"><span class='ocrx_word' id='word_1_743' title='bbox 173 5025 270 5082; x_wconf 81' lang='lat' dir='ltr'><em>sine</em></span> <span class='ocrx_word' id='word_1_744' title='bbox 289 5029 466 5101; x_wconf 51' lang='lat' dir='ltr'><em>alilma</em></span> <span class='ocrx_word' id='word_1_745' title='bbox 496 5032 841 5088; x_wconf 86' lang='lat' dir='ltr'><em>dubitatione</em></span> <span class='ocrx_word' id='word_1_746' title='bbox 873 5044 1144 5104; x_wconf 86' lang='lat' dir='ltr'><em>speratur.</em></span> <span class='ocrx_word' id='word_1_747' title='bbox 1187 5037 1324 5092; x_wconf 86' lang='lat' dir='ltr'><em>Huic</em></span> <span class='ocrx_word' id='word_1_748' title='bbox 1351 5038 1598 5094; x_wconf 88' lang='lat' dir='ltr'><em>Trinitati</em></span> <span class='ocrx_word' id='word_1_749' title='bbox 1627 5055 1749 5096; x_wconf 89' lang='lat' dir='ltr'><em>cre-</em></span> 
     </span>
    </p>
   </div>
   <div class='ocr_carea' id='block_1_94' title="bbox 173 5115 1747 5200">
    <p class='ocr_par' dir='ltr' id='par_1_94' title="bbox 173 5115 1747 5200">
     <span class='ocr_line' id='line_1_95' title="bbox 173 5115 1747 5200; baseline 0.013 -33"><span class='ocrx_word' id='word_1_750' title='bbox 173 5115 337 5177; x_wconf 80' lang='lat' dir='ltr'><em>dentes</em></span> <span class='ocrx_word' id='word_1_751' title='bbox 385 5139 516 5180; x_wconf 74' lang='lat' dir='ltr'><em>vere</em></span> <span class='ocrx_word' id='word_1_752' title='bbox 563 5126 743 5180; x_wconf 86' lang='lat' dir='ltr'><em>sancti</em></span> <span class='ocrx_word' id='word_1_753' title='bbox 783 5134 838 5180; x_wconf 90' lang='lat' dir='ltr'><em>et</em></span> <span class='ocrx_word' id='word_1_754' title='bbox 885 5127 1025 5183; x_wconf 85' lang='lat' dir='ltr'><em>beati</em></span> <span class='ocrx_word' id='word_1_755' title='bbox 1071 5130 1416 5198; x_wconf 80' lang='lat' dir='ltr'><em>patriarclnn,</em></span> <span class='ocrx_word' id='word_1_756' title='bbox 1452 5131 1747 5200; x_wconf 82' lang='lat' dir='ltr'><em>prophetae,</em></span> 
     </span>
    </p>
   </div>
   <div class='ocr_carea' id='block_1_95' title="bbox 173 5218 1748 5298">
    <p class='ocr_par' dir='ltr' id='par_1_95' title="bbox 173 5218 1748 5298">
     <span class='ocr_line' id='line_1_96' title="bbox 173 5218 1748 5298; baseline 0.01 -32"><span class='ocrx_word' id='word_1_757' title='bbox 173 5218 398 5287; x_wconf 69' lang='lat' dir='ltr'><em>apestuli,</em></span> <span class='ocrx_word' id='word_1_758' title='bbox 451 5230 722 5292; x_wconf 81' lang='lat' dir='ltr'><em>martyres</em></span> <span class='ocrx_word' id='word_1_759' title='bbox 747 5265 760 5289; x_wconf 91' lang='lat'><em>,</em></span> <span class='ocrx_word' id='word_1_760' title='bbox 805 5230 857 5276; x_wconf 85' lang='lat' dir='ltr'><em>ct</em></span> <span class='ocrx_word' id='word_1_761' title='bbox 889 5225 1130 5294; x_wconf 87' lang='lat' dir='ltr'><em>martyrii</em></span> <span class='ocrx_word' id='word_1_762' title='bbox 1158 5225 1382 5295; x_wconf 80' lang='lat' dir='ltr'><em>gloriam</em></span> <span class='ocrx_word' id='word_1_763' title='bbox 1413 5238 1748 5298; x_wconf 87' lang='lat' dir='ltr'><em>meruerunt,</em></span> 
     </span>
    </p>
   </div>
   <div class='ocr_carea' id='block_1_96' title="bbox 173 5312 1751 5391">
    <p class='ocr_par' dir='ltr' id='par_1_96' title="bbox 173 5312 1751 5391">
     <span class='ocr_line' id='line_1_97' title="bbox 173 5312 1751 5391; baseline 0.011 -31"><span class='ocrx_word' id='word_1_764' title='bbox 173 5312 217 5358; x_wconf 78' lang='lat' dir='ltr'><em>ct</em></span> <span class='ocrx_word' id='word_1_765' title='bbox 247 5326 386 5379; x_wconf 72' lang='lat' dir='ltr'><em>spem</em></span> <span class='ocrx_word' id='word_1_766' title='bbox 419 5317 545 5370; x_wconf 76' lang='lat' dir='ltr'><em>vine</em></span> <span class='ocrx_word' id='word_1_767' title='bbox 575 5315 832 5384; x_wconf 87' lang='lat' dir='ltr'><em>perennis</em></span> <span class='ocrx_word' id='word_1_768' title='bbox 859 5315 1038 5385; x_wconf 84' lang='lat' dir='ltr'><em>adepti</em></span> <span class='ocrx_word' id='word_1_769' title='bbox 1070 5327 1214 5384; x_wconf 84' lang='lat' dir='ltr'><em>sunt,</em></span> <span class='ocrx_word' id='word_1_770' title='bbox 1249 5328 1302 5374; x_wconf 91' lang='lat' dir='ltr'><em>et</em></span> <span class='ocrx_word' id='word_1_771' title='bbox 1335 5336 1557 5391; x_wconf 73' lang='lat' dir='ltr'><em>regnum</em></span> <span class='ocrx_word' id='word_1_772' title='bbox 1586 5321 1751 5378; x_wconf 73' lang='lat' dir='ltr'><em>cmlo-</em></span> 
     </span>
    </p>
   </div>
   <div class='ocr_carea' id='block_1_97' title="bbox 175 5403 1498 5480">
    <p class='ocr_par' dir='ltr' id='par_1_97' title="bbox 175 5403 1498 5480">
     <span class='ocr_line' id='line_1_98' title="bbox 175 5403 1498 5480; baseline 0.008 -25"><span class='ocrx_word' id='word_1_773' title='bbox 175 5411 271 5455; x_wconf 78' lang='lat' dir='ltr'><em>tum</em></span> <span class='ocrx_word' id='word_1_774' title='bbox 297 5403 706 5463; x_wconf 75' lang='lat' dir='ltr'><em>ha-reditatione</em></span> <span class='ocrx_word' id='word_1_775' title='bbox 737 5424 846 5464; x_wconf 92' lang='lat' dir='ltr'><em>non</em></span> <span class='ocrx_word' id='word_1_776' title='bbox 867 5410 1116 5480; x_wconf 79' lang='lat' dir='ltr'><em>ambigua</em></span> <span class='ocrx_word' id='word_1_777' title='bbox 1148 5411 1323 5467; x_wconf 89' lang='lat' dir='ltr'><em>sortiti</em></span> <span class='ocrx_word' id='word_1_778' title='bbox 1351 5421 1498 5468; x_wconf 89' lang='lat' dir='ltr'><em>sunt.</em></span> 
     </span>
    </p>
   </div>
   <div class='ocr_carea' id='block_1_98' title="bbox 275 5539 1604 5651">
    <p class='ocr_par' dir='ltr' id='par_1_98' title="bbox 275 5539 1604 5651">
     <span class='ocr_line' id='line_1_99' title="bbox 275 5539 1604 5651; baseline 0.011 -27"><span class='ocrx_word' id='word_1_779' title='bbox 275 5539 602 5633; x_wconf 69' lang='lat' dir='ltr'><em>&#39;noxtrun</em></span> <span class='ocrx_word' id='word_1_780' title='bbox 637 5575 706 5631; x_wconf 73' lang='lat' dir='ltr'><em>in</em></span> <span class='ocrx_word' id='word_1_781' title='bbox 745 5577 1126 5634; x_wconf 74' lang='lat' dir='ltr'><em>LPISTOLAM</em></span> <span class='ocrx_word' id='word_1_782' title='bbox 1156 5579 1604 5651; x_wconf 68' lang='lat' dir='ltr'><em>sequnnren.</em></span> 
     </span>
    </p>
   </div>
   <div class='ocr_carea' id='block_1_99' title="bbox 230 5711 1749 5794">
    <p class='ocr_par' dir='ltr' id='par_1_99' title="bbox 230 5711 1749 5794">
     <span class='ocr_line' id='line_1_100' title="bbox 230 5711 1749 5794; baseline 0.011 -32"><span class='ocrx_word' id='word_1_783' title='bbox 230 5711 408 5768; x_wconf 77' lang='lat' dir='ltr'><em>Auctor</em></span> <span class='ocrx_word' id='word_1_784' title='bbox 451 5717 595 5794; x_wconf 76' lang='lat' dir='ltr'><em>circa</em></span> <span class='ocrx_word' id='word_1_785' title='bbox 620 5734 818 5772; x_wconf 88' lang='lat' dir='ltr'><em>annum</em></span> <span class='ocrx_word' id='word_1_786' title='bbox 844 5721 1268 5794; x_wconf 81' lang='lat' dir='ltr'><em>trecentesimum</em></span> <span class='ocrx_word' id='word_1_787' title='bbox 1311 5725 1749 5794; x_wconf 83' lang='lat' dir='ltr'><em>septuagesimum</em></span> 
     </span>
    </p>
   </div>
   <div class='ocr_carea' id='block_1_100' title="bbox 170 5789 1752 5874">
    <p class='ocr_par' dir='ltr' id='par_1_100' title="bbox 170 5789 1752 5874">
     <span class='ocr_line' id='line_1_101' title="bbox 170 5789 1752 5874; baseline 0.015 -41"><span class='ocrx_word' id='word_1_788' title='bbox 170 5792 373 5843; x_wconf 77' lang='lat' dir='ltr'><em>actarum</em></span> <span class='ocrx_word' id='word_1_789' title='bbox 404 5789 688 5864; x_wconf 71' lang='lat' dir='ltr'><em>scribebat,</em></span> <span class='ocrx_word' id='word_1_790' title='bbox 716 5789 853 5861; x_wconf 76' lang='lat' dir='ltr'><em>quod</em></span> <span class='ocrx_word' id='word_1_791' title='bbox 882 5793 1215 5874; x_wconf 72' lang='lat' dir='ltr'><em>nranifesturn</em></span> <span class='ocrx_word' id='word_1_792' title='bbox 1243 5809 1309 5852; x_wconf 70' lang='lat' dir='ltr'><em>ea:</em></span> <span class='ocrx_word' id='word_1_793' title='bbox 1329 5789 1430 5870; x_wconf 71' lang='lat' dir='ltr'><em>jus</em></span> <span class='ocrx_word' id='word_1_794' title='bbox 1470 5789 1617 5859; x_wconf 69' lang='lat' dir='ltr'><em>debet</em></span> <span class='ocrx_word' id='word_1_795' title='bbox 1645 5804 1752 5860; x_wconf 66' lang='lat' dir='ltr'><em>em</em></span> 
     </span>
    </p>
   </div>
   <div class='ocr_carea' id='block_1_101' title="bbox 1884 3242 3478 3315">
    <p class='ocr_par' dir='ltr' id='par_1_101' title="bbox 1884 3242 3478 3315">
     <span class='ocr_line' id='line_1_102' title="bbox 1884 3242 3478 3315; baseline 0.006 -26"><span class='ocrx_word' id='word_1_796' title='bbox 1884 3253 1912 3289; x_wconf 92' lang='lat' dir='ltr'><em>a</em></span> <span class='ocrx_word' id='word_1_797' title='bbox 1943 3250 2195 3315; x_wconf 69' lang='lat' dir='ltr'><em>serpente</em></span> <span class='ocrx_word' id='word_1_798' title='bbox 2228 3242 2366 3295; x_wconf 80' lang='lat' dir='ltr'><em>ﬁlios</em></span> <span class='ocrx_word' id='word_1_799' title='bbox 2401 3245 2630 3315; x_wconf 73' lang='lat' dir='ltr'><em>occisos,</em></span> <span class='ocrx_word' id='word_1_800' title='bbox 2663 3251 2793 3302; x_wconf 68' lang='grc' dir='ltr'><em>εις..</em></span> <span class='ocrx_word' id='word_1_801' title='bbox 2828 3260 2943 3312; x_wconf 76' lang='lat' dir='ltr'><em>qua:</em></span> <span class='ocrx_word' id='word_1_802' title='bbox 2976 3245 3279 3315; x_wconf 84' lang='lat' dir='ltr'><em>interposito</em></span> <span class='ocrx_word' id='word_1_803' title='bbox 3307 3247 3478 3315; x_wconf 83' lang='lat' dir='ltr'><em>spatio</em></span> 
     </span>
    </p>
   </div>
   <div class='ocr_carea' id='block_1_102' title="bbox 1879 3309 3472 3386">
    <p class='ocr_par' dir='ltr' id='par_1_102' title="bbox 1879 3309 3472 3386">
     <span class='ocr_line' id='line_1_103' title="bbox 1879 3309 3472 3386; baseline 0.008 -27"><span class='ocrx_word' id='word_1_804' title='bbox 1879 3309 2221 3386; x_wconf 62' lang='lat' dir='ltr'><em>sejnnrimus,</em></span> <span class='ocrx_word' id='word_1_805' title='bbox 2265 3326 2367 3365; x_wconf 90' lang='lat' dir='ltr'><em>non</em></span> <span class='ocrx_word' id='word_1_806' title='bbox 2399 3323 2451 3386; x_wconf 80' lang='lat' dir='ltr'><em>ut</em></span> <span class='ocrx_word' id='word_1_807' title='bbox 2483 3313 2740 3386; x_wconf 72' lang='lat' dir='ltr'><em>Erasmus</em></span> <span class='ocrx_word' id='word_1_808' title='bbox 2778 3309 2986 3383; x_wconf 81' lang='lat' dir='ltr'><em>putabat</em></span> <span class='ocrx_word' id='word_1_809' title='bbox 3023 3317 3086 3368; x_wconf 91' lang='lat' dir='ltr'><em>ab</em></span> <span class='ocrx_word' id='word_1_810' title='bbox 3117 3309 3242 3382; x_wconf 79' lang='lat' dir='ltr'><em>illis,</em></span> <span class='ocrx_word' id='word_1_811' title='bbox 3289 3309 3472 3386; x_wconf 80' lang='lat' dir='ltr'><em>itaque</em></span> 
     </span>
    </p>
   </div>
   <div class='ocr_carea' id='block_1_103' title="bbox 1881 3379 3471 3455">
    <p class='ocr_par' dir='ltr' id='par_1_103' title="bbox 1881 3379 3471 3455">
     <span class='ocr_line' id='line_1_104' title="bbox 1881 3379 3471 3455; baseline 0.007 -26"><span class='ocrx_word' id='word_1_812' title='bbox 1881 3379 2283 3455; x_wconf 33' lang='lat' dir='ltr'><em>illac-erumnam</em></span> <span class='ocrx_word' id='word_1_813' title='bbox 2314 3383 2552 3455; x_wconf 85' lang='lat' dir='ltr'><em>remitto,</em></span> <span class='ocrx_word' id='word_1_814' title='bbox 2585 3379 2796 3455; x_wconf 68' lang='lat' dir='ltr'><em>alterius</em></span> <span class='ocrx_word' id='word_1_815' title='bbox 2827 3387 3070 3444; x_wconf 83' lang='lat' dir='ltr'><em>aucturis.</em></span> <span class='ocrx_word' id='word_1_816' title='bbox 3100 3387 3189 3455; x_wconf 85' lang='lat' dir='ltr'><em>qui</em></span> <span class='ocrx_word' id='word_1_817' title='bbox 3231 3379 3294 3440; x_wconf 77' lang='lat' dir='ltr'><em>de</em></span> <span class='ocrx_word' id='word_1_818' title='bbox 3320 3379 3471 3440; x_wconf 74' lang='lat' dir='ltr'><em>natu-</em></span> 
     </span>
    </p>
   </div>
   <div class='ocr_carea' id='block_1_104' title="bbox 1875 3449 3474 3528">
    <p class='ocr_par' dir='ltr' id='par_1_104' title="bbox 1875 3449 3474 3528">
     <span class='ocr_line' id='line_1_105' title="bbox 1875 3449 3474 3528; baseline 0.007 -27"><span class='ocrx_word' id='word_1_819' title='bbox 1875 3449 1946 3501; x_wconf 83' lang='lat' dir='ltr'><em>ris</em></span> <span class='ocrx_word' id='word_1_820' title='bbox 1975 3451 2324 3528; x_wconf 78' lang='lat' dir='ltr'><em>animantium</em></span> <span class='ocrx_word' id='word_1_821' title='bbox 2375 3453 2657 3528; x_wconf 74' lang='lat' dir='ltr'><em>scripserit,</em></span> <span class='ocrx_word' id='word_1_822' title='bbox 2686 3469 2819 3528; x_wconf 69' lang='lat' dir='ltr'><em>esse</em></span> <span class='ocrx_word' id='word_1_823' title='bbox 2859 3449 3313 3528; x_wconf 59' lang='lat' dir='ltr'><em>unoanaapa&#39;mov,</em></span> <span class='ocrx_word' id='word_1_824' title='bbox 3347 3475 3474 3512; x_wconf 86' lang='lat' dir='ltr'><em>sane</em></span> 
     </span>
    </p>
   </div>
   <div class='ocr_carea' id='block_1_105' title="bbox 1874 3521 3471 3598">
    <p class='ocr_par' dir='ltr' id='par_1_105' title="bbox 1874 3521 3471 3598">
     <span class='ocr_line' id='line_1_106' title="bbox 1874 3521 3471 3598; baseline 0.007 -27"><span class='ocrx_word' id='word_1_825' title='bbox 1874 3535 1965 3598; x_wconf 70' lang='lat' dir='ltr'><em>nec</em></span> <span class='ocrx_word' id='word_1_826' title='bbox 1995 3521 2226 3588; x_wconf 86' lang='lat' dir='ltr'><em>doctam,</em></span> <span class='ocrx_word' id='word_1_827' title='bbox 2269 3537 2361 3576; x_wconf 84' lang='lat' dir='ltr'><em>nec</em></span> <span class='ocrx_word' id='word_1_828' title='bbox 2381 3523 2449 3575; x_wconf 86' lang='lat' dir='ltr'><em>ad</em></span> <span class='ocrx_word' id='word_1_829' title='bbox 2477 3521 2587 3576; x_wconf 78' lang='lat' dir='ltr'><em>rem</em></span> <span class='ocrx_word' id='word_1_830' title='bbox 2599 3524 2888 3598; x_wconf 74' lang='lat' dir='ltr'><em>quidquam</em></span> <span class='ocrx_word' id='word_1_831' title='bbox 2915 3521 3197 3596; x_wconf 79' lang='lat' dir='ltr'><em>pertinens,</em></span> <span class='ocrx_word' id='word_1_832' title='bbox 3243 3521 3308 3581; x_wconf 86' lang='lat' dir='ltr'><em>et</em></span> <span class='ocrx_word' id='word_1_833' title='bbox 3333 3529 3471 3598; x_wconf 83' lang='lat' dir='ltr'><em>quod</em></span> 
     </span>
    </p>
   </div>
   <div class='ocr_carea' id='block_1_106' title="bbox 1873 3591 3462 3674">
    <p class='ocr_par' dir='ltr' id='par_1_106' title="bbox 1873 3591 3462 3674">
     <span class='ocr_line' id='line_1_107' title="bbox 1873 3591 3462 3674; baseline 0.008 -31"><span class='ocrx_word' id='word_1_834' title='bbox 1873 3591 2078 3674; x_wconf 73' lang='lat' dir='ltr'><em>videtur</em></span> <span class='ocrx_word' id='word_1_835' title='bbox 2099 3607 2274 3646; x_wconf 77' lang='lat' dir='ltr'><em>errore</em></span> <span class='ocrx_word' id='word_1_836' title='bbox 2303 3609 2501 3674; x_wconf 74' lang='lat' dir='ltr'><em>eorum,</em></span> <span class='ocrx_word' id='word_1_837' title='bbox 2520 3595 2609 3664; x_wconf 79' lang='lat' dir='ltr'><em>qui</em></span> <span class='ocrx_word' id='word_1_838' title='bbox 2634 3591 2945 3674; x_wconf 71' lang='lat' dir='ltr'><em>concinnant</em></span> <span class='ocrx_word' id='word_1_839' title='bbox 2963 3591 3196 3654; x_wconf 85' lang='lat' dir='ltr'><em>codicum</em></span> <span class='ocrx_word' id='word_1_840' title='bbox 3219 3591 3462 3674; x_wconf 77' lang='lat' dir='ltr'><em>paginas,</em></span> 
     </span>
    </p>
   </div>
   <div class='ocr_carea' id='block_1_107' title="bbox 1873 3663 2975 3736">
    <p class='ocr_par' dir='ltr' id='par_1_107' title="bbox 1873 3663 2975 3736">
     <span class='ocr_line' id='line_1_108' title="bbox 1873 3663 2975 3736; baseline 0.007 -21"><span class='ocrx_word' id='word_1_841' title='bbox 1873 3672 1930 3716; x_wconf 87' lang='lat' dir='ltr'><em>ut</em></span> <span class='ocrx_word' id='word_1_842' title='bbox 1958 3663 2090 3719; x_wconf 85' lang='lat' dir='ltr'><em>alias</em></span> <span class='ocrx_word' id='word_1_843' title='bbox 2119 3665 2376 3734; x_wconf 83' lang='lat' dir='ltr'><em>usuvenit,</em></span> <span class='ocrx_word' id='word_1_844' title='bbox 2401 3663 2585 3720; x_wconf 83' lang='lat' dir='ltr'><em>temere</em></span> <span class='ocrx_word' id='word_1_845' title='bbox 2623 3667 2975 3736; x_wconf 83' lang='lat' dir='ltr'><em>subjunctum.</em></span> 
     </span>
    </p>
   </div>
   <div class='ocr_carea' id='block_1_108' title="bbox 2396 3797 2946 3858">
    <p class='ocr_par' dir='ltr' id='par_1_108' title="bbox 2396 3797 2946 3858">
     <span class='ocr_line' id='line_1_109' title="bbox 2396 3797 2946 3858; baseline 0.005 -5"><span class='ocrx_word' id='word_1_846' title='bbox 2396 3797 2730 3855; x_wconf 84' lang='lat' dir='ltr'><em>EPISTOLA</em></span> <span class='ocrx_word' id='word_1_847' title='bbox 2762 3799 2946 3858; x_wconf 78' lang='lat' dir='ltr'>XVIII.</span> 
     </span>
    </p>
   </div>
   <div class='ocr_carea' id='block_1_109' title="bbox 2461 3929 2876 3972">
    <p class='ocr_par' dir='ltr' id='par_1_109' title="bbox 2461 3929 2876 3972">
     <span class='ocr_line' id='line_1_110' title="bbox 2461 3929 2876 3972; baseline 0.01 -6"><span class='ocrx_word' id='word_1_848' title='bbox 2461 3929 2526 3967; x_wconf 78' lang='lat' dir='ltr'><em>AD</em></span> <span class='ocrx_word' id='word_1_849' title='bbox 2554 3929 2876 3972; x_wconf 62' lang='lat' dir='ltr'><em>PRAESIDIUM.</em></span> 
     </span>
    </p>
   </div>
   <div class='ocr_carea' id='block_1_110' title="bbox 2386 4027 2935 4101">
    <p class='ocr_par' dir='ltr' id='par_1_110' title="bbox 2386 4027 2935 4101">
     <span class='ocr_line' id='line_1_111' title="bbox 2386 4027 2935 4101; baseline 0.013 -20"><span class='ocrx_word' id='word_1_850' title='bbox 2386 4027 2465 4082; x_wconf 86' lang='lat' dir='ltr'><em>De</em></span> <span class='ocrx_word' id='word_1_851' title='bbox 2493 4027 2650 4084; x_wconf 87' lang='lat' dir='ltr'><em>Cerco</em></span> <span class='ocrx_word' id='word_1_852' title='bbox 2681 4030 2935 4101; x_wconf 67' lang='lat' dir='ltr'><em>patir/tali.</em></span> 
     </span>
    </p>
   </div>
   <div class='ocr_carea' id='block_1_111' title="bbox 1939 4138 3458 4217">
    <p class='ocr_par' dir='ltr' id='par_1_111' title="bbox 1939 4138 3458 4217">
     <span class='ocr_line' id='line_1_112' title="bbox 1939 4138 3458 4217; baseline 0.007 -23"><span class='ocrx_word' id='word_1_853' title='bbox 1939 4138 1979 4194; x_wconf 86' lang='lat' dir='ltr'><em>l.</em></span> <span class='ocrx_word' id='word_1_854' title='bbox 2020 4138 2177 4196; x_wconf 79' lang='lat' dir='ltr'><em>Nulla</em></span> <span class='ocrx_word' id='word_1_855' title='bbox 2201 4155 2290 4196; x_wconf 89' lang='lat' dir='ltr'><em>res</em></span> <span class='ocrx_word' id='word_1_856' title='bbox 2320 4140 2498 4214; x_wconf 79' lang='lat' dir='ltr'><em>(vetus</em></span> <span class='ocrx_word' id='word_1_857' title='bbox 2524 4143 2694 4213; x_wconf 85' lang='lat' dir='ltr'><em>inquit</em></span> <span class='ocrx_word' id='word_1_858' title='bbox 2716 4144 2990 4217; x_wconf 87' lang='lat' dir='ltr'><em>Comicus)</em></span> <span class='ocrx_word' id='word_1_859' title='bbox 3022 4156 3128 4203; x_wconf 88' lang='lat' dir='ltr'><em>tam</em></span> <span class='ocrx_word' id='word_1_860' title='bbox 3153 4147 3324 4203; x_wconf 89' lang='lat' dir='ltr'><em>facilis</em></span> <span class='ocrx_word' id='word_1_861' title='bbox 3349 4157 3458 4216; x_wconf 89' lang='lat' dir='ltr'><em>est,</em></span> 
     </span>
    </p>
   </div>
   <div class='ocr_carea' id='block_1_112' title="bbox 1864 4233 3458 4307">
    <p class='ocr_par' dir='ltr' id='par_1_112' title="bbox 1864 4233 3458 4307">
     <span class='ocr_line' id='line_1_113' title="bbox 1864 4233 3458 4307; baseline 0.008 -21"><span class='ocrx_word' id='word_1_862' title='bbox 1864 4233 1992 4302; x_wconf 89' lang='lat' dir='ltr'><em>quin</em></span> <span class='ocrx_word' id='word_1_863' title='bbox 2021 4234 2256 4290; x_wconf 79' lang='lat' dir='ltr'><em>difﬁcilis</em></span> <span class='ocrx_word' id='word_1_864' title='bbox 2288 4238 2403 4301; x_wconf 84' lang='lat' dir='ltr'><em>liat,</em></span> <span class='ocrx_word' id='word_1_865' title='bbox 2435 4238 2480 4292; x_wconf 88' lang='lat' dir='ltr'><em>si</em></span> <span class='ocrx_word' id='word_1_866' title='bbox 2513 4237 2716 4294; x_wconf 81' lang='lat' dir='ltr'><em>invitus</em></span> <span class='ocrx_word' id='word_1_867' title='bbox 2745 4240 2932 4295; x_wconf 83' lang='lat' dir='ltr'><em>iacias.</em></span> <span class='ocrx_word' id='word_1_868' title='bbox 2965 4243 3116 4307; x_wconf 80' lang='lat' dir='ltr'><em>Quod</em></span> <span class='ocrx_word' id='word_1_869' title='bbox 3149 4243 3192 4297; x_wconf 91' lang='lat' dir='ltr'><em>si</em></span> <span class='ocrx_word' id='word_1_870' title='bbox 3220 4243 3309 4298; x_wconf 89' lang='lat' dir='ltr'><em>ille</em></span> <span class='ocrx_word' id='word_1_871' title='bbox 3341 4259 3458 4298; x_wconf 89' lang='lat' dir='ltr'><em>rem</em></span> 
     </span>
    </p>
   </div>
   <div class='ocr_carea' id='block_1_113' title="bbox 1865 4326 3458 4404">
    <p class='ocr_par' dir='ltr' id='par_1_113' title="bbox 1865 4326 3458 4404">
     <span class='ocr_line' id='line_1_114' title="bbox 1865 4326 3458 4404; baseline 0.006 -25"><span class='ocrx_word' id='word_1_872' title='bbox 1865 4326 2074 4382; x_wconf 81' lang='lat' dir='ltr'><em>facilem</em></span> <span class='ocrx_word' id='word_1_873' title='bbox 2095 4328 2388 4386; x_wconf 79' lang='lat' dir='ltr'><em>dil&#39;liculter</em></span> <span class='ocrx_word' id='word_1_874' title='bbox 2411 4332 2527 4387; x_wconf 82' lang='lat' dir='ltr'><em>ﬁeri</em></span> <span class='ocrx_word' id='word_1_875' title='bbox 2558 4333 2729 4388; x_wconf 80' lang='lat' dir='ltr'><em>invito</em></span> <span class='ocrx_word' id='word_1_876' title='bbox 2756 4333 2938 4388; x_wconf 84' lang='lat' dir='ltr'><em>animo</em></span> <span class='ocrx_word' id='word_1_877' title='bbox 2960 4336 3187 4404; x_wconf 84' lang='lat' dir='ltr'><em>putavit,</em></span> <span class='ocrx_word' id='word_1_878' title='bbox 3216 4334 3341 4404; x_wconf 84' lang='lat' dir='ltr'><em>quid</em></span> <span class='ocrx_word' id='word_1_879' title='bbox 3372 4351 3458 4390; x_wconf 87' lang='lat' dir='ltr'><em>me</em></span> 
     </span>
    </p>
   </div>
   <div class='ocr_carea' id='block_1_114' title="bbox 1861 4419 3456 4492">
    <p class='ocr_par' dir='ltr' id='par_1_114' title="bbox 1861 4419 3456 4492">
     <span class='ocr_line' id='line_1_115' title="bbox 1861 4419 3456 4492; baseline 0.004 -18"><span class='ocrx_word' id='word_1_880' title='bbox 1861 4419 2042 4475; x_wconf 85' lang='lat' dir='ltr'><em>facere</em></span> <span class='ocrx_word' id='word_1_881' title='bbox 2073 4437 2232 4489; x_wconf 82' lang='lat' dir='ltr'><em>posse</em></span> <span class='ocrx_word' id='word_1_882' title='bbox 2263 4423 2542 4479; x_wconf 81' lang='lat' dir='ltr'><em>existimas</em></span> <span class='ocrx_word' id='word_1_883' title='bbox 2563 4425 2619 4479; x_wconf 90' lang='lat' dir='ltr'><em>in</em></span> <span class='ocrx_word' id='word_1_884' title='bbox 2648 4441 2709 4481; x_wconf 88' lang='lat' dir='ltr'><em>re</em></span> <span class='ocrx_word' id='word_1_885' title='bbox 2739 4425 2999 4492; x_wconf 77' lang='lat' dir='ltr'><em>maxima,</em></span> <span class='ocrx_word' id='word_1_886' title='bbox 3029 4435 3082 4481; x_wconf 88' lang='lat' dir='ltr'><em>et</em></span> <span class='ocrx_word' id='word_1_887' title='bbox 3110 4427 3311 4481; x_wconf 85' lang='lat' dir='ltr'><em>nullius</em></span> <span class='ocrx_word' id='word_1_888' title='bbox 3337 4439 3456 4480; x_wconf 88' lang='lat' dir='ltr'><em>um-</em></span> 
     </span>
    </p>
   </div>
   <div class='ocr_carea' id='block_1_115' title="bbox 1862 4516 3454 4592">
    <p class='ocr_par' dir='ltr' id='par_1_115' title="bbox 1862 4516 3454 4592">
     <span class='ocr_line' id='line_1_116' title="bbox 1862 4516 3454 4592; baseline 0.006 -24"><span class='ocrx_word' id='word_1_889' title='bbox 1862 4529 2019 4584; x_wconf 87' lang='lat' dir='ltr'><em>quam</em></span> <span class='ocrx_word' id='word_1_890' title='bbox 2051 4516 2312 4573; x_wconf 87' lang='lat' dir='ltr'><em>edisserta</em></span> <span class='ocrx_word' id='word_1_891' title='bbox 2344 4519 2696 4590; x_wconf 88' lang='lat' dir='ltr'><em>eloquentia?</em></span> <span class='ocrx_word' id='word_1_892' title='bbox 2734 4521 2870 4576; x_wconf 82' lang='lat' dir='ltr'><em>Nam</em></span> <span class='ocrx_word' id='word_1_893' title='bbox 2911 4522 3237 4592; x_wconf 88' lang='lat' dir='ltr'><em>quicumque</em></span> <span class='ocrx_word' id='word_1_894' title='bbox 3267 4521 3454 4577; x_wconf 86' lang='lat' dir='ltr'><em>voluc-</em></span> 
     </span>
    </p>
   </div>
   <div class='ocr_carea' id='block_1_116' title="bbox 1861 4611 3452 4685">
    <p class='ocr_par' dir='ltr' id='par_1_116' title="bbox 1861 4611 3452 4685">
     <span class='ocr_line' id='line_1_117' title="bbox 1861 4611 3452 4685; baseline 0.003 -19"><span class='ocrx_word' id='word_1_895' title='bbox 1861 4623 1983 4666; x_wconf 91' lang='lat' dir='ltr'><em>runt</em></span> <span class='ocrx_word' id='word_1_896' title='bbox 2014 4611 2084 4668; x_wconf 85' lang='lat' dir='ltr'><em>de</em></span> <span class='ocrx_word' id='word_1_897' title='bbox 2112 4613 2368 4669; x_wconf 88' lang='lat' dir='ltr'><em>laudibus</em></span> <span class='ocrx_word' id='word_1_898' title='bbox 2400 4613 2559 4670; x_wconf 85' lang='lat' dir='ltr'><em>Cerei</em></span> <span class='ocrx_word' id='word_1_899' title='bbox 2600 4614 2817 4678; x_wconf 82' lang='lat' dir='ltr'><em>dicere,</em></span> <span class='ocrx_word' id='word_1_900' title='bbox 2852 4615 3160 4685; x_wconf 66' lang='lat' dir='ltr'><em>plenisque,</em></span> <span class='ocrx_word' id='word_1_901' title='bbox 3189 4626 3244 4670; x_wconf 92' lang='lat' dir='ltr'><em>ut</em></span> <span class='ocrx_word' id='word_1_902' title='bbox 3275 4615 3452 4683; x_wconf 88' lang='lat' dir='ltr'><em>aiunt,</em></span> 
     </span>
    </p>
   </div>
   <div class='ocr_carea' id='block_1_117' title="bbox 1858 4705 3448 4777">
    <p class='ocr_par' dir='ltr' id='par_1_117' title="bbox 1858 4705 3448 4777">
     <span class='ocr_line' id='line_1_118' title="bbox 1858 4705 3448 4777; baseline 0.004 -18"><span class='ocrx_word' id='word_1_903' title='bbox 1858 4705 2032 4760; x_wconf 86' lang='lat' dir='ltr'><em>ventis</em></span> <span class='ocrx_word' id='word_1_904' title='bbox 2065 4706 2266 4775; x_wconf 82' lang='lat' dir='ltr'><em>ingenii</em></span> <span class='ocrx_word' id='word_1_905' title='bbox 2297 4707 2384 4761; x_wconf 88' lang='lat' dir='ltr'><em>sui</em></span> <span class='ocrx_word' id='word_1_906' title='bbox 2415 4707 2699 4764; x_wconf 86' lang='lat' dir='ltr'><em>intendere</em></span> <span class='ocrx_word' id='word_1_907' title='bbox 2723 4708 2841 4762; x_wconf 86' lang='lat' dir='ltr'><em>vela</em></span> <span class='ocrx_word' id='word_1_908' title='bbox 2866 4750 2883 4774; x_wconf 93' lang='lat'><em>,</em></span> <span class='ocrx_word' id='word_1_909' title='bbox 2925 4714 2980 4761; x_wconf 88' lang='lat' dir='ltr'><em>et</em></span> <span class='ocrx_word' id='word_1_910' title='bbox 3017 4709 3169 4777; x_wconf 84' lang='lat' dir='ltr'><em>quasi</em></span> <span class='ocrx_word' id='word_1_911' title='bbox 3199 4709 3448 4777; x_wconf 84' lang='lat' dir='ltr'><em>quaedam</em></span> 
     </span>
    </p>
   </div>
   <div class='ocr_carea' id='block_1_118' title="bbox 1857 4799 3445 4871">
    <p class='ocr_par' dir='ltr' id='par_1_118' title="bbox 1857 4799 3445 4871">
     <span class='ocr_line' id='line_1_119' title="bbox 1857 4799 3445 4871; baseline 0.002 -16"><span class='ocrx_word' id='word_1_912' title='bbox 1857 4799 2034 4871; x_wconf 83' lang='lat' dir='ltr'><em>pelagi</em></span> <span class='ocrx_word' id='word_1_913' title='bbox 2065 4801 2171 4854; x_wconf 86' lang='lat' dir='ltr'><em>alta</em></span> <span class='ocrx_word' id='word_1_914' title='bbox 2200 4807 2560 4870; x_wconf 85' lang='lat' dir='ltr'><em>penetrantes</em></span> <span class='ocrx_word' id='word_1_915' title='bbox 2583 4839 2600 4865; x_wconf 91' lang='lat'><em>,</em></span> <span class='ocrx_word' id='word_1_916' title='bbox 2649 4799 2823 4854; x_wconf 87' lang='lat' dir='ltr'><em>vicina</em></span> <span class='ocrx_word' id='word_1_917' title='bbox 2854 4800 3193 4855; x_wconf 87' lang='lat' dir='ltr'><em>abscondere</em></span> <span class='ocrx_word' id='word_1_918' title='bbox 3220 4801 3400 4857; x_wconf 88' lang='lat' dir='ltr'><em>littora</em></span> <span class='ocrx_word' id='word_1_919' title='bbox 3431 4823 3445 4858; x_wconf 89' lang='lat'><strong>:</strong></span> 
     </span>
    </p>
   </div>
   <div class='ocr_carea' id='block_1_119' title="bbox 1857 4891 3452 4965">
    <p class='ocr_par' dir='ltr' id='par_1_119' title="bbox 1857 4891 3452 4965">
     <span class='ocr_line' id='line_1_120' title="bbox 1857 4891 3452 4965; baseline 0.004 -19"><span class='ocrx_word' id='word_1_920' title='bbox 1857 4893 2042 4946; x_wconf 89' lang='lat' dir='ltr'><em>statim</em></span> <span class='ocrx_word' id='word_1_921' title='bbox 2073 4892 2130 4944; x_wconf 89' lang='lat' dir='ltr'><em>in</em></span> <span class='ocrx_word' id='word_1_922' title='bbox 2153 4892 2419 4946; x_wconf 84' lang='lat' dir='ltr'><em>orationis</em></span> <span class='ocrx_word' id='word_1_923' title='bbox 2447 4891 2660 4945; x_wconf 84' lang='lat' dir='ltr'><em>foribus</em></span> <span class='ocrx_word' id='word_1_924' title='bbox 2684 4892 2887 4944; x_wconf 89' lang='lat' dir='ltr'><em>retinet</em></span> <span class='ocrx_word' id='word_1_925' title='bbox 2917 4903 3196 4948; x_wconf 87' lang='lat' dir='ltr'><em>oratorum</em></span> <span class='ocrx_word' id='word_1_926' title='bbox 3223 4896 3452 4965; x_wconf 81' lang='lat' dir='ltr'><em>clamor,</em></span> 
     </span>
    </p>
   </div>
   <div class='ocr_carea' id='block_1_120' title="bbox 1857 4981 3452 5052">
    <p class='ocr_par' dir='ltr' id='par_1_120' title="bbox 1857 4981 3452 5052">
     <span class='ocr_line' id='line_1_121' title="bbox 1857 4981 3452 5052; baseline 0.004 -14"><span class='ocrx_word' id='word_1_927' title='bbox 1857 4983 2050 5038; x_wconf 85' lang='lat' dir='ltr'><em>ﬂorum</em></span> <span class='ocrx_word' id='word_1_928' title='bbox 2079 5023 2094 5046; x_wconf 89' lang='lat'><em>,</em></span> <span class='ocrx_word' id='word_1_929' title='bbox 2136 4992 2525 5052; x_wconf 86' lang='lat' dir='ltr'><em>pratorumque</em></span> <span class='ocrx_word' id='word_1_930' title='bbox 2552 4981 2848 5050; x_wconf 90' lang='lat' dir='ltr'><em>descriptio</em></span> <span class='ocrx_word' id='word_1_931' title='bbox 2874 5022 2889 5047; x_wconf 92' lang='lat'><em>,</em></span> <span class='ocrx_word' id='word_1_932' title='bbox 2935 4989 2990 5036; x_wconf 85' lang='lat' dir='ltr'><em>et</em></span> <span class='ocrx_word' id='word_1_933' title='bbox 3026 4983 3078 5038; x_wconf 91' lang='lat' dir='ltr'><em>in</em></span> <span class='ocrx_word' id='word_1_934' title='bbox 3113 4986 3331 5042; x_wconf 89' lang='lat' dir='ltr'><em>modum</em></span> <span class='ocrx_word' id='word_1_935' title='bbox 3362 5003 3452 5044; x_wconf 91' lang='lat' dir='ltr'><em>so-</em></span> 
     </span>
    </p>
   </div>
   <div class='ocr_carea' id='block_1_121' title="bbox 1857 5073 3452 5141">
    <p class='ocr_par' dir='ltr' id='par_1_121' title="bbox 1857 5073 3452 5141">
     <span class='ocr_line' id='line_1_122' title="bbox 1857 5073 3452 5141; baseline 0.003 -11"><span class='ocrx_word' id='word_1_936' title='bbox 1857 5074 2036 5130; x_wconf 88' lang='lat' dir='ltr'><em>nantis</em></span> <span class='ocrx_word' id='word_1_937' title='bbox 2065 5088 2212 5128; x_wconf 75' lang='lat' dir='ltr'><em>aura:</em></span> <span class='ocrx_word' id='word_1_938' title='bbox 2236 5073 2472 5127; x_wconf 89' lang='lat' dir='ltr'><em>molliter</em></span> <span class='ocrx_word' id='word_1_939' title='bbox 2495 5073 2659 5126; x_wconf 89' lang='lat' dir='ltr'><em>verba</em></span> <span class='ocrx_word' id='word_1_940' title='bbox 2681 5073 2954 5141; x_wconf 87' lang='lat' dir='ltr'><em>cadentia,</em></span> <span class='ocrx_word' id='word_1_941' title='bbox 2982 5075 3107 5132; x_wconf 89' lang='lat' dir='ltr'><em>dum</em></span> <span class='ocrx_word' id='word_1_942' title='bbox 3131 5079 3452 5136; x_wconf 88' lang='lat' dir='ltr'><em>describun-</em></span> 
     </span>
    </p>
   </div>
   <div class='ocr_carea' id='block_1_122' title="bbox 1857 5165 3446 5242">
    <p class='ocr_par' dir='ltr' id='par_1_122' title="bbox 1857 5165 3446 5242">
     <span class='ocr_line' id='line_1_123' title="bbox 1857 5165 3446 5242; baseline 0.003 -21"><span class='ocrx_word' id='word_1_943' title='bbox 1857 5177 1942 5221; x_wconf 90' lang='lat' dir='ltr'><em>tur</em></span> <span class='ocrx_word' id='word_1_944' title='bbox 1971 5182 2102 5236; x_wconf 88' lang='lat' dir='ltr'><em>apes</em></span> <span class='ocrx_word' id='word_1_945' title='bbox 2128 5209 2143 5233; x_wconf 92' lang='lat'><em>,</em></span> <span class='ocrx_word' id='word_1_946' title='bbox 2188 5165 2336 5233; x_wconf 88' lang='lat' dir='ltr'><em>quod</em></span> <span class='ocrx_word' id='word_1_947' title='bbox 2360 5166 2478 5221; x_wconf 87' lang='lat' dir='ltr'><em>sine</em></span> <span class='ocrx_word' id='word_1_948' title='bbox 2508 5165 2654 5219; x_wconf 89' lang='lat' dir='ltr'><em>coitu</em></span> <span class='ocrx_word' id='word_1_949' title='bbox 2685 5179 3018 5235; x_wconf 80' lang='lat' dir='ltr'><em>generantur</em></span> <span class='ocrx_word' id='word_1_950' title='bbox 3055 5179 3110 5226; x_wconf 88' lang='lat' dir='ltr'><em>et</em></span> <span class='ocrx_word' id='word_1_951' title='bbox 3144 5182 3446 5242; x_wconf 85' lang='lat' dir='ltr'><em>generant,</em></span> 
     </span>
    </p>
   </div>
   <div class='ocr_carea' id='block_1_123' title="bbox 1853 5256 3446 5331">
    <p class='ocr_par' dir='ltr' id='par_1_123' title="bbox 1853 5256 3446 5331">
     <span class='ocr_line' id='line_1_124' title="bbox 1853 5256 3446 5331; baseline 0.001 -19"><span class='ocrx_word' id='word_1_952' title='bbox 1853 5258 1997 5328; x_wconf 88' lang='lat' dir='ltr'><em>quod</em></span> <span class='ocrx_word' id='word_1_953' title='bbox 2023 5257 2154 5312; x_wconf 69' lang='lat' dir='ltr'><em>solae</em></span> <span class='ocrx_word' id='word_1_954' title='bbox 2194 5271 2225 5311; x_wconf 89' lang='lat' dir='ltr'><em>a</em></span> <span class='ocrx_word' id='word_1_955' title='bbox 2265 5256 2558 5311; x_wconf 89' lang='lat' dir='ltr'><em>concubitu</em></span> <span class='ocrx_word' id='word_1_956' title='bbox 2601 5256 2833 5326; x_wconf 69' lang='lat' dir='ltr'><em>liberte,</em></span> <span class='ocrx_word' id='word_1_957' title='bbox 2880 5270 3040 5316; x_wconf 89' lang='lat' dir='ltr'><em>natos</em></span> <span class='ocrx_word' id='word_1_958' title='bbox 3085 5279 3180 5318; x_wconf 87' lang='lat' dir='ltr'><em>ore</em></span> <span class='ocrx_word' id='word_1_959' title='bbox 3224 5264 3446 5331; x_wconf 84' lang='lat' dir='ltr'><em>legunt,</em></span> 
     </span>
    </p>
   </div>
   <div class='ocr_carea' id='block_1_124' title="bbox 1853 5346 3448 5419">
    <p class='ocr_par' dir='ltr' id='par_1_124' title="bbox 1853 5346 3448 5419">
     <span class='ocr_line' id='line_1_125' title="bbox 1853 5346 3448 5419; baseline 0.002 -14"><span class='ocrx_word' id='word_1_960' title='bbox 1853 5362 1970 5405; x_wconf 87' lang='lat' dir='ltr'><em>arte</em></span> <span class='ocrx_word' id='word_1_961' title='bbox 2003 5356 2368 5418; x_wconf 87' lang='lat' dir='ltr'><em>componunt,</em></span> <span class='ocrx_word' id='word_1_962' title='bbox 2414 5356 2470 5404; x_wconf 89' lang='lat' dir='ltr'><em>et</em></span> <span class='ocrx_word' id='word_1_963' title='bbox 2496 5346 2732 5416; x_wconf 87' lang='lat' dir='ltr'><em>quadam</em></span> <span class='ocrx_word' id='word_1_964' title='bbox 2766 5352 2978 5406; x_wconf 89' lang='lat' dir='ltr'><em>ratione</em></span> <span class='ocrx_word' id='word_1_965' title='bbox 3007 5353 3156 5406; x_wconf 75' lang='lat' dir='ltr'><em>vitali</em></span> <span class='ocrx_word' id='word_1_966' title='bbox 3186 5396 3199 5419; x_wconf 89' lang='lat'><em>,</em></span> <span class='ocrx_word' id='word_1_967' title='bbox 3237 5353 3448 5408; x_wconf 87' lang='lat' dir='ltr'><em>animas</em></span> 
     </span>
    </p>
   </div>
   <div class='ocr_carea' id='block_1_125' title="bbox 1855 5440 3447 5513">
    <p class='ocr_par' dir='ltr' id='par_1_125' title="bbox 1855 5440 3447 5513">
     <span class='ocr_line' id='line_1_126' title="bbox 1855 5440 3447 5513; baseline 0.003 -17"><span class='ocrx_word' id='word_1_968' title='bbox 1855 5442 2104 5510; x_wconf 90' lang='lat' dir='ltr'><em>apiculis,</em></span> <span class='ocrx_word' id='word_1_969' title='bbox 2139 5457 2248 5497; x_wconf 92' lang='lat' dir='ltr'><em>non</em></span> <span class='ocrx_word' id='word_1_970' title='bbox 2271 5441 2340 5495; x_wconf 87' lang='lat' dir='ltr'><em>de</em></span> <span class='ocrx_word' id='word_1_971' title='bbox 2365 5454 2462 5494; x_wconf 90' lang='lat' dir='ltr'><em>suo</em></span> <span class='ocrx_word' id='word_1_972' title='bbox 2485 5440 2750 5496; x_wconf 90' lang='lat' dir='ltr'><em>inserunt.</em></span> <span class='ocrx_word' id='word_1_973' title='bbox 2771 5443 3045 5498; x_wconf 80' lang='lat' dir='ltr'><em>Praeterea</em></span> <span class='ocrx_word' id='word_1_974' title='bbox 3071 5442 3277 5513; x_wconf 76' lang='lat' dir='ltr'><em>Virgilii</em></span> <span class='ocrx_word' id='word_1_975' title='bbox 3303 5453 3447 5502; x_wconf 87' lang='lat' dir='ltr'><em>totus</em></span> 
     </span>
    </p>
   </div>
   <div class='ocr_carea' id='block_1_126' title="bbox 1853 5529 3446 5604">
    <p class='ocr_par' dir='ltr' id='par_1_126' title="bbox 1853 5529 3446 5604">
     <span class='ocr_line' id='line_1_127' title="bbox 1853 5529 3446 5604; baseline 0.003 -14"><span class='ocrx_word' id='word_1_976' title='bbox 1853 5534 2240 5604; x_wconf 78' lang='lat' dir='ltr'><em>Georgicorum</em></span> <span class='ocrx_word' id='word_1_977' title='bbox 2273 5534 2413 5588; x_wconf 91' lang='lat' dir='ltr'><em>liber</em></span> <span class='ocrx_word' id='word_1_978' title='bbox 2444 5529 2718 5603; x_wconf 82' lang='lat' dir='ltr'><em>profertur</em></span> <span class='ocrx_word' id='word_1_979' title='bbox 2754 5535 2805 5589; x_wconf 90' lang='lat' dir='ltr'><em>in</em></span> <span class='ocrx_word' id='word_1_980' title='bbox 2835 5531 3074 5588; x_wconf 89' lang='lat' dir='ltr'><em>medium</em></span> <span class='ocrx_word' id='word_1_981' title='bbox 3096 5578 3110 5601; x_wconf 91' lang='lat'><em>,</em></span> <span class='ocrx_word' id='word_1_982' title='bbox 3156 5553 3252 5592; x_wconf 81' lang='lat' dir='ltr'><em>rex</em></span> <span class='ocrx_word' id='word_1_983' title='bbox 3277 5539 3446 5595; x_wconf 85' lang='lat' dir='ltr'><em>advo-</em></span> 
     </span>
    </p>
   </div>
   <div class='ocr_carea' id='block_1_127' title="bbox 1851 5618 3447 5695">
    <p class='ocr_par' dir='ltr' id='par_1_127' title="bbox 1851 5618 3447 5695">
     <span class='ocr_line' id='line_1_128' title="bbox 1851 5618 3447 5695; baseline 0.006 -15"><span class='ocrx_word' id='word_1_984' title='bbox 1851 5626 1972 5680; x_wconf 87' lang='lat' dir='ltr'><em>lans</em></span> <span class='ocrx_word' id='word_1_985' title='bbox 1999 5618 2190 5694; x_wconf 79' lang='lat' dir='ltr'><em>agmen</em></span> <span class='ocrx_word' id='word_1_986' title='bbox 2219 5625 2428 5682; x_wconf 87' lang='lat' dir='ltr'><em>inducit</em></span> <span class='ocrx_word' id='word_1_987' title='bbox 2453 5668 2469 5693; x_wconf 92' lang='lat'><em>,</em></span> <span class='ocrx_word' id='word_1_988' title='bbox 2519 5633 2779 5695; x_wconf 80' lang='lat' dir='ltr'><em>tantoque</em></span> <span class='ocrx_word' id='word_1_989' title='bbox 2816 5625 3050 5695; x_wconf 86' lang='lat' dir='ltr'><em>strepitu</em></span> <span class='ocrx_word' id='word_1_990' title='bbox 3076 5627 3290 5688; x_wconf 85' lang='lat' dir='ltr'><em>diversa</em></span> <span class='ocrx_word' id='word_1_991' title='bbox 3320 5648 3447 5689; x_wconf 89' lang='lat' dir='ltr'><em>nar-</em></span> 
     </span>
    </p>
   </div>
   <div class='ocr_carea' id='block_1_128' title="bbox 1849 5715 3446 5784">
    <p class='ocr_par' dir='ltr' id='par_1_128' title="bbox 1849 5715 3446 5784">
     <span class='ocr_line' id='line_1_129' title="bbox 1849 5715 3446 5784; baseline 0.004 -12"><span class='ocrx_word' id='word_1_992' title='bbox 1849 5724 2038 5772; x_wconf 87' lang='lat' dir='ltr'><em>rantur</em></span> <span class='ocrx_word' id='word_1_993' title='bbox 2086 5718 2308 5784; x_wconf 90' lang='lat' dir='ltr'><em>munia,</em></span> <span class='ocrx_word' id='word_1_994' title='bbox 2359 5728 2416 5773; x_wconf 89' lang='lat' dir='ltr'><em>ut</em></span> <span class='ocrx_word' id='word_1_995' title='bbox 2462 5715 2793 5776; x_wconf 86' lang='lat' dir='ltr'><em>militaribus</em></span> <span class='ocrx_word' id='word_1_996' title='bbox 2840 5716 3042 5775; x_wconf 83' lang='lat' dir='ltr'><em>castris</em></span> <span class='ocrx_word' id='word_1_997' title='bbox 3086 5717 3349 5777; x_wconf 86' lang='lat' dir='ltr'><em>interesse</em></span> <span class='ocrx_word' id='word_1_998' title='bbox 3392 5732 3446 5779; x_wconf 84' lang='lat' dir='ltr'><em>te</em></span> 
     </span>
    </p>
   </div>
   <div class='ocr_carea' id='block_1_129' title="bbox 1850 5807 3448 5888">
    <p class='ocr_par' dir='ltr' id='par_1_129' title="bbox 1850 5807 3448 5888">
     <span class='ocr_line' id='line_1_130' title="bbox 1850 5807 3448 5888; baseline -0.002 -12"><span class='ocrx_word' id='word_1_999' title='bbox 1850 5809 2063 5888; x_wconf 48' lang='lat' dir='ltr'><em>credas:</em></span> <span class='ocrx_word' id='word_1_1000' title='bbox 2090 5808 2199 5876; x_wconf 74' lang='lat' dir='ltr'><em>Sed</em></span> <span class='ocrx_word' id='word_1_1001' title='bbox 2222 5825 2346 5880; x_wconf 74' lang='lat' dir='ltr'><em>Cum</em></span> <span class='ocrx_word' id='word_1_1002' title='bbox 2373 5810 2494 5881; x_wconf 62' lang='lat' dir='ltr'><em>haec</em></span> <span class='ocrx_word' id='word_1_1003' title='bbox 2521 5807 2763 5878; x_wconf 78' lang='lat' dir='ltr'><em>audieris</em></span> <span class='ocrx_word' id='word_1_1004' title='bbox 2789 5813 2908 5879; x_wconf 76' lang='lat' dir='ltr'><em>sive</em></span> <span class='ocrx_word' id='word_1_1005' title='bbox 2940 5811 3140 5881; x_wconf 68' lang='lat' dir='ltr'><em>terseris</em></span> <span class='ocrx_word' id='word_1_1006' title='bbox 3156 5852 3174 5884; x_wconf 86' lang='lat'><em>,</em></span> <span class='ocrx_word' id='word_1_1007' title='bbox 3203 5813 3448 5879; x_wconf 72' lang='lat' dir='ltr'><em>laudabis</em></span> 
     </span>
    </p>
   </div>
  </div>
