4012 6190
470 246 587 309 I83

1507 246 1566 306 S.
1609 244 1995 306 HIERONYMI
2034 244 2324 307 OPERUM
2363 246 2733 309 MANTISSA.

3676 258 3776 315 184

472 365 721 423 oratoris
759 362 1146 436 eloquentiam.
1188 360 1259 420 Et
1288 371 1349 419 ut.
1383 360 1624 421 breviter
1653 364 1859 435 signem
1890 404 1904 431 ,
1943 371 2074 435 puto
2102 371 2156 434 Α
2179 366 2378 423 accolae
2399 368 2569 423 eremi
2593 377 2741 439 sunt,
2761 366 3170 442 caelesteszillos
3189 368 3414 437 choros,
3440 385 3538 442 per
3559 374 3778 432 eosdem

480 468 540 516 te
566 458 886 529 Quintiliani
915 456 1308 513 controversiae
1337 456 1637 523 recordari,
1666 456 1720 511 in
1743 471 1847 525 qua
1872 470 2080 527 pauper

476 566 741 613 causatur
764 599 778 624 ,
821 555 1014 610 dolens
1042 553 1111 608 ob
1137 552 1414 608 interitum
1445 568 1605 622 apum
1632 593 1647 618 ,
1686 551 1849 607 ﬁores
1876 552 1945 608 ab
1975 552 2079 608 im-

480 650 866 721 potentissime
911 645 1080 701 divite
1119 654 1444 702 venenatos.
1493 646 1625 700 Esto
1676 644 1795 700 haec
1837 645 2077 715 jucunda

477 742 589 797 sint
615 781 630 805 ,
674 747 730 793 et
762 750 951 793 aurem
981 736 1286 808 composito
1313 736 1450 807 pede
1481 734 1801 803 mulceant,
1852 734 1980 806 quid
2011 735 2077 791 ad

478 832 767 888 diaconum
811 829 936 902 [ΑΙ.
979 837 1112 883 tacet
1156 828 1287 899 quid
1314 828 1381 883 ad
1412 826 1783 900 diaconum],
1833 826 1964 898 quid
2010 826 2083 883 ad

478 923 746 981 Ecclesia:
778 930 1121 978 sacramenta
1147 964 1161 990 ,
1208 920 1336 993 quid
1377 921 1445 977 ad
1478 931 1692 993 tempus
1719 921 1948 978 Pascha:
1973 936 2082 992 quo

478 1034 650 1093 agnus
678 1017 984 1087 occiditur,
1014 1033 1141 1075 cum
1182 1018 1450 1075 accinctis
1481 1017 1683 1074 lumbis
1725 1033 1922 1074 carnes
1960 1033 2084 1074 cum

479 1111 697 1169 ossibus
722 1112 1065 1167 devorantur
1097 1127 1113 1165 :
1142 1124 1268 1165 cum
1299 1118 1515 1166 tacente
1542 1109 1824 1180 episcopo,
1857 1118 1914 1165 et
1934 1124 2087 1185 pres-

479 1206 691 1280 byteris
720 1206 774 1261 in
800 1204 1074 1277 plebeium
1110 1204 1516 1276 quodammodo
1563 1204 1769 1259 cultum
1807 1202 2044 1259 redactis
2067 1245 2083 1271 ,

475 1300 669 1357 Levita
700 1298 964 1369 loquitur,
995 1296 1263 1367 docetque
1289 1295 1436 1366 quod
1467 1310 1605 1366 pene
1638 1310 1743 1351 non
1776 1293 1967 1351 didicit
1993 1312 2004 1347 :
2031 1303 2089 1350 et

478 1391 843 1449 festivissime
869 1389 1174 1461 praedicans
1207 1397 1457 1460 tempore
1484 1430 1499 1455 ,
1556 1398 1672 1444 toto
1713 1388 1912 1444 dehinc
1945 1402 2088 1442 anno

478 1482 757 1556 iustitium
779 1480 931 1539 vocis
949 1482 1072 1551 ejus
1094 1480 1385 1537 indicitur?
1414 1480 1653 1537 Videsne
1676 1496 1837 1552 quam
1857 1480 2087 1553 grandia

481 1576 629 1633 sint?
652 1574 911 1646 intelligis
932 1582 986 1631 te
1006 1573 1247 1629 difﬁcilia
1270 1573 1572 1644 postulare.
1587 1573 1647 1629 In
1671 1572 1864 1630 eodem
1889 1574 2091 1645 quippe

484 1675 765 1724 momento
787 1675 844 1723 et
867 1665 1210 1736 praedicanda
1238 1665 1587 1722 conscribere
1612 1707 1627 1731 ,
1661 1674 1716 1721 et
1739 1680 1837 1720 cur
1858 1666 1929 1720 ita
1954 1679 2092 1735 prm—

2183 458 2429 529 erupisse
2457 461 2703 517 tramites
2728 502 2743 528 ,
2789 461 2981 517 iisdem
3014 463 3276 520 institisse
3305 466 3571 536 vestigiis.
3628 467 3694 522 Et
3727 477 3782 523 ut

2183 551 2400 623 longam
2451 553 2755 609 orationem
2809 555 3134 624 compendio
3188 555 3429 612 breviem
3492 558 3779 629 (epistola

2183 644 2382 715 quippe
2424 645 2620 701 librum
2664 646 2916 704 redolere
2954 664 3060 704 non
3106 648 3309 721 debet)
3354 659 3446 706 aut
3486 666 3651 722 parva
3689 664 3779 709 aut

2184 756 2378 810 magna
2442 750 2615 809 sunt,
2672 758 2792 812 qua:
2846 742 2946 799 tibi
2991 743 3295 800 deserenda
3347 746 3663 802 suademus.
3723 748 3777 805 Si

2186 847 2350 903 parva
2378 874 2394 899 ,
2447 849 2555 890 non
2600 834 2825 891 difﬁcile
2874 845 3031 907 putes
3080 852 3249 907 parva
3296 849 3672 897 contemnere.
3723 842 3777 896 Si

2187 941 2382 997 magna
2407 972 2421 996 ,
2472 925 2676 997 majora
2718 928 2929 999 magnis
2971 930 3195 999 prmmia
3228 940 3623 1001 praeparantur.
3673 933 3777 989 Sed

2187 1018 2327 1075 dicis
2352 1037 2366 1074 :
2398 1019 2534 1075 Volo
2564 1020 2714 1090 prius
2741 1029 3030 1091 paternum
3059 1037 3153 1077 rus
3179 1022 3419 1078 vendere
3439 1064 3453 1090 ,
3489 1031 3547 1079 et
3576 1024 3783 1095 exiguis

2188 1112 2491 1182 sumptibus
2520 1114 2862 1185 congregatis
2886 1154 2902 1181 ,
2937 1116 3051 1170 sive
3081 1114 3335 1170 viaticum
3366 1117 3467 1170 vim
3495 1125 3743 1175 sternere
3769 1162 3783 1185 ,

2189 1207 2304 1260 sive
2334 1204 2387 1260 iu
2420 1222 2717 1277 pauperum
2746 1222 2833 1263 me
2863 1208 3178 1264 alimoniam
3221 1224 3553 1280 praeparare.
3595 1213 3663 1267 Et
3701 1212 3786 1268 hic

2190 1299 2575 1371 Evangelicam
2607 1301 2733 1357 audi
2759 1301 3087 1358 sententiam
3115 1318 3129 1357 :
3160 1302 3223 1358 Si
3253 1302 3327 1356 vis
3358 1308 3613 1375 perfectus
3644 1321 3784 1372 esse,

2190 1392 2353 1460 vade,
2382 1394 2542 1448 vende
2570 1395 2749 1447 omnia
2777 1410 2895 1465 quat
2920 1393 3076 1449 habes
3102 1435 3117 1461 ,
3151 1402 3200 1449 et
3236 1395 3305 1448 da
3346 1396 3656 1467 pauperibus
3678 1439 3692 1463 ,
3742 1409 3789 1453 et

2191 1484 2326 1550 veni,
2359 1493 2407 1537 et
2434 1500 2641 1555 sequere
2670 1502 2748 1540 me
2777 1485 2992 1558 (Matth.
3021 1502 3134 1553 χιι,
3156 1487 3274 1557 21).
3308 1487 3495 1542 Plures
3518 1488 3629 1558 jam
3662 1490 3788 1545 auni

2191 1582 2318 1628 sunt
2343 1574 2485 1645 quod
2518 1575 2731 1646 cmpisti
2772 1578 2979 1633 servire
3018 1578 3148 1635 Deo.
3198 1579 3351 1635 Mens
3384 1579 3665 1634 Christum
3703 1595 3790 1635 se-

2193 1682 2365 1737 quens
2394 1682 2501 1722 non
2546 1667 2639 1722 diu
2673 1668 2857 1725 sreculi
2884 1669 3118 1725 sustinet
3156 1683 3296 1725 onus
3318 1710 3332 1735 ,
3370 1685 3472 1726 nec
3503 1685 3564 1726 se
3592 1671 3792 1741 patitur

483 1759 668 1815 dicata
699 1758 809 1814 sint
834 1758 1037 1815 docere
1061 1801 1075 1826 ,
1125 1756 1364 1813 omnium
1408 1756 1793 1812 difﬁcillimum
1821 1767 1925 1813 est.
1956 1755 2089 1812 Nam
2121 1753 2170 1815 B
2196 1761 2503 1817 istiusmodi
2534 1762 2767 1819 vinculis
2797 1764 3025 1835 alligari.
3067 1764 3208 1833 Quin
3240 1766 3416 1836 potius
3450 1766 3748 1822 timendum
3772 1809 3788 1836 ,

484 1851 622 1907 illud
652 1865 791 1923 pene
832 1866 920 1907 me
955 1849 1259 1921 praeteriit,
1309 1847 1457 1919 quod
1486 1848 1686 1905 divinis
1716 1849 1888 1918 magis
1925 1863 2089 1920 quam

485 1947 744 2003 humanis
780 1945 1007 2003 vocibus
1038 1944 1418 2001 disserendum
1460 1951 1565 2000 est.
1611 1943 1757 2015 Lege
1796 1943 2092 1999 Pentateu-

483 2041 647 2097 chum
674 2083 689 2108 ,
737 2039 1161 2096 lnstrumentum
1196 2052 1458 2109 pereurre
1496 2044 1653 2093 vetus
1685 2054 1699 2091 :
1734 2052 2000 2109 nusquam
2033 2037 2088 2092 in

486 2131 586 2188 Dei
618 2131 905 2188 sacriﬁciis
936 2130 1098 2187 mella
1127 2172 1143 2195 ,
1186 2144 1452 2202 nusquam
1482 2144 1628 2187 cerae
1658 2145 1846 2194 usum,
1880 2130 1976 2185 sed
2007 2130 2091 2185 lu-

483 2240 773 2283 cernarum
813 2223 1015 2281 lumina
1042 2266 1059 2293 ,
1098 2230 1156 2280 et
1196 2223 1321 2280 oleo
1348 2222 1494 2279 fotos
1531 2223 1747 2279 videbis
1794 2223 2085 2294 igniculos.

458 2316 611 2385 Quid
642 2331 851 2374 causer
878 2316 947 2373 de
979 2315 1151 2373 veteri
1182 2315 1579 2372 Testamento?
1616 2315 1796 2371 Novos
1823 2330 2087 2386 percurre

481 2409 677 2467 libros.
712 2408 811 2476 Hi,
838 2416 898 2463 ut
927 2408 1145 2479 opinor,
1174 2415 1301 2464 sunt
1328 2405 1626 2478 Evangelia
1654 2414 1913 2478 quatuor,
1948 2421 2085 2475 apo-

482 2505 749 2562 stolorum
775 2502 967 2569 Actus,
990 2500 1268 2572 Epistolas,
1288 2501 1515 2557 Joannis
1540 2500 1915 2571 Apocalypsis.
1940 2499 2085 2556 Nihil

480 2607 683 2669 praeter
711 2596 851 2661 ista;
882 2592 1146 2663 numquid
1174 2592 1374 2648 alicubi
1406 2594 1635 2650 cereus?
1665 2594 1860 2649 Nonne
1888 2594 1940 2649 in
1978 2594 2085 2650 ﬁne

483 2687 594 2762 [ΑΙ.
627 2685 766 2757 ﬁde]
805 2685 1086 2756 Evangelii
1114 2683 1430 2742 detonantis
1459 2685 1603 2742 inter
1628 2695 1836 2757 septem
1875 2685 2084 2742 eande-

479 2778 635 2834 labra
659 2786 715 2834 et
737 2776 989 2834 lucernas
1010 2791 1225 2845 aureas,
1245 2791 1478 2848 sponsus
1501 2778 1777 2835 revelatur
1800 2778 2084 2835 incedens?

479 2872 567 2930 Ad
591 2871 710 2928 haze
734 2870 1132 2942 respondebis:
1157 2870 1227 2927 Et
1250 2886 1352 2943 ego
1380 2888 1411 2927 a
1441 2881 1493 2928 te
1514 2871 1633 2929 ﬁeri
1663 2871 1869 2929 idcirco
1896 2882 2083 2944 postu-

480 2964 621 3034 lavi,
654 2963 780 3036 quia
809 2962 945 3020 seivi
975 2978 1098 3020 esse
1123 2961 1348 3021 difﬁcile
1369 2964 1511 3035 quod
1543 2964 1813 3035 petebam.
1862 2964 2082 3022 Leviter

481 3061 664 3116 omnis
686 3059 913 3115 solvitur
942 3058 1202 3130 quaestio,
1235 3066 1290 3114 et
1321 3073 1420 3130 par
1449 3060 1564 3128 pari
1589 3057 1827 3115 refertur
1852 3065 2077 3115 senten—

2194 1870 2265 1911 ne
2294 1854 2421 1910 dum
2447 1857 2667 1911 occasio
2690 1854 3049 1912 distribuendi
3077 1856 3387 1927 patrimonii
3413 1857 3787 1928 praetenditur,

2194 1947 2323 2003 dum
2368 1963 2475 2003 non
2517 1947 2599 2003 vis
2644 1963 2761 2004 rem
2806 1948 3029 2020 majoris
3059 1949 3220 2020 pretii
3249 1950 3477 2004 minoris
3506 1950 3749 2006 vendere
3773 1992 3787 2017 ,

2194 2039 2267 2096 sit
2298 2040 2744 2112 impedimentum
2782 2042 2836 2097 in
2881 2043 3163 2113 proposito
3201 2052 3313 2098 tuo.
3356 2043 3556 2099 Decem
3585 2043 3787 2114 aliquid

2192 2142 2431 2204 emptum
2461 2143 2545 2189 est
2575 2135 2898 2203 nummulis,
2932 2134 3019 2190 vel
3046 2151 3213 2190 unum
3242 2136 3473 2192 libenter
3502 2137 3785 2208 accipitm,

2191 2223 2321 2280 dum
2350 2240 2438 2281 me
2467 2224 2535 2280 ad
2571 2226 2816 2295 praelium
2856 2226 3203 2282 festinantem
3251 2227 3415 2283 nullae
3455 2230 3791 2299 praepediant

2190 2332 2378 2373 morae.
2410 2318 2693 2374 Matthacus
2721 2319 2922 2374 sedens
2948 2318 3016 2374 ad
3046 2320 3314 2375 teloueum
3344 2320 3493 2376 audit
3522 2337 3534 2374 :
3567 2320 3790 2393 Sequere

2189 2426 2270 2466 me
2297 2409 2523 2480 (Matth.
2560 2427 2612 2467 ιι
2632 2456 2646 2482 ,
2673 2411 2757 2482 9).
2789 2411 3061 2484 Numquid
3092 2414 3242 2483 prius
3268 2413 3553 2469 ratiocinia
3580 2430 3787 2485 suppu-

2191 2504 2323 2560 tavit
2345 2546 2359 2573 ,
2403 2514 2458 2560 et
2486 2520 2737 2562 reversus
2765 2506 2988 2563 domum
3018 2522 3241 2564 suorum
3274 2522 3470 2577 passus
3499 2517 3585 2565 est
3611 2509 3788 2581 lacry-

2187 2611 2329 2664 mas,
2360 2597 2802 2670 praediorumque
2832 2600 3088 2656 auctione
3116 2600 3410 2671 sollicitus,
3442 2616 3781 2672 nequaquam

2187 2691 2362 2762 potuit
2392 2692 2603 2747 Domini
2648 2694 2801 2763 sequi
2839 2692 3066 2763 vestigia
3094 2738 3109 2763 ,
3162 2692 3265 2750 nisi
3306 2694 3492 2750 mundi
3529 2710 3591 2752 se
3627 2695 3784 2766 prius

2186 2799 2357 2840 onere
2388 2784 2691 2841 liberaret?
2730 2786 2825 2843 Ille
2866 2786 3171 2857 discipulus
3210 2788 3301 2858 qui
3340 2789 3659 2845 renuntiare
3688 2804 3784 2857 pa-

2184 2875 2430 2932 rentibus
2456 2884 2583 2932 ante
2610 2878 2884 2948 cupiebat,
2916 2893 3051 2935 voce
3076 2878 3380 2935 Salvatoris
3409 2880 3679 2950 arguitur.
3714 2881 3785 2936 Et

2184 2977 2331 3025 certe
2359 2968 2587 3024 multum
2613 2980 2697 3026 est
2723 2970 2865 3026 inter
2886 2985 3033 3039 eum,
3068 2970 3227 3041 cujus
3252 2969 3433 3026 brevis
3459 2970 3525 3024 ad
3556 2970 3781 3026 domum

2181 3077 2436 3119 recursus
2479 3064 2660 3119 statim
2688 3063 2905 3120 venturi
2936 3064 3355 3135 reprehenditur
3381 3105 3397 3131 ,
3443 3074 3496 3121 et
3544 3075 3597 3120 te
3622 3107 3638 3132 ,
3686 3067 3782 3136 qui

478 3156 581 3213 tia.
627 3156 697 3213 Et
734 3170 840 3228 ego
877 3170 966 3211 me
1004 3154 1208 3210 idcirco
1245 3154 1427 3209 facere
1463 3152 1663 3209 debere
1700 3168 1807 3208 non
1835 3152 2037 3225 putabo
2061 3198 2076 3223 ,
2105 3132 2152 3197 (ἶ
2188 3162 2339 3209 tanto
2363 3153 2474 3224 jam
2504 3164 2748 3226 tempore
2772 3194 2788 3223 ,
2820 3164 2912 3210 aut
2953 3132 3062 3211 non
3098 3156 3291 3211 vendis
3317 3164 3406 3211 ttta
3432 3201 3446 3225 ,
3479 3157 3625 3228 quod
3668 3132 3779 3212 cito

480 3252 606 3325 quia
645 3266 763 3308 rem
803 3249 1183 3306 difﬁcillimam
1228 3246 1518 3319 postulasti
1563 3262 1583 3305 :
1624 3256 1862 3303 attamen
1915 3262 1982 3302 ne
2026 3256 2081 3303 te

480 3345 760 3404 causando
790 3344 1038 3401 diﬁ'eram
1063 3384 1079 3411 ,
1120 3342 1167 3398 si
1201 3356 1386 3397 coram
1416 3341 1622 3413 pariter
1648 3340 1911 3396 fuerimus
1932 3384 1945 3410 ,
1986 3355 2081 3395 au-

481 3439 601 3496 dies
626 3438 883 3495 universa
913 3451 1034 3509 qua:
1075 3435 1308 3492 sentiam
1342 3450 1356 3489 :
1388 3441 1449 3490 ut
1481 3433 1528 3489 si
1555 3433 1685 3504 quid
1723 3431 1865 3489 forte
1897 3432 2078 3487 nesci-

482 3547 639 3599 mus,
666 3532 722 3587 in
751 3542 843 3587 tua
874 3545 1005 3586 aure
1031 3528 1313 3585 moriatur.
1348 3526 1482 3583 Nam
1509 3526 1599 3598 qui
1630 3526 1841 3595 scribit,
1876 3526 2079 3582 multos

484 3626 655 3681 sumit
700 3622 912 3694 judices
942 3638 956 3678 :
986 3621 1128 3678 alius
1169 3621 1222 3676 in
1262 3620 1489 3677 alterius
1528 3620 1660 3675 livet
1696 3634 1763 3675 ac
1801 3628 2078 3689 grassatur

484 3716 789 3787 ingenium.
832 3713 930 3769 Ille
961 3713 1006 3768 si
1036 3728 1177 3768 unus
1206 3727 1387 3767 sermo
1418 3711 1693 3777 defuerit,
1740 3711 1895 3781 quasi
1930 3710 2078 3766 clau-

484 3806 609 3861 dam
641 3803 1045 3859 oratiunculam
1070 3801 1302 3871 diffugit.
1346 3801 1504 3856 Alius
1537 3801 1581 3855 si
1614 3800 1883 3871 paululum
1911 3816 1969 3856 se
1998 3801 2079 3855 lo-

483 3895 700 3966 quentis
721 3895 1021 3951 cothurnus
1044 3892 1322 3959 extulerit,
1338 3906 1444 3949 non
1465 3892 1838 3965 presbyterum
1860 3891 2079 3949 latrabit

479 4005 625 4061 esse,
659 3990 755 4047 sed
785 3989 1083 4045 rhetorem.

549 4084 617 4140 ll.
657 4083 843 4155 Itaque
869 4082 916 4138 si
943 4082 1029 4138 vis
1057 4091 1110 4137 te
1135 4080 1268 4137 mihi
1299 4078 1402 4136 hoc
1424 4079 1648 4151 obligari
1676 4094 1921 4147 munere,
1956 4079 2078 4134 Pla-

479 4181 725 4236 centinas
757 4178 981 4234 delicias
1009 4172 1205 4233 desere
1230 4217 1244 4241 ,
1277 4184 1487 4232 sectare
1528 4172 1762 4230 Abrahze
1788 4174 2030 4229 habitum
2054 4216 2071 4242 ,

478 4274 728 4345 relinque
758 4272 935 4327 natale
964 4271 1166 4338 solum,
1199 4270 1505 4340 spretisque
1528 4266 1756 4323 urbibus
1775 4266 1840 4321 ad
1862 4265 2076 4322 deserta

475 4367 672 4425 secede
698 4412 714 4436 ,
763 4373 827 4421 ut
862 4363 1041 4436 possis
1078 4377 1237 4419 orare
1280 4377 1404 4416 cum
1443 4359 1684 4415 Christo.
1720 4359 1835 4414 Erit
1858 4357 2075 4430 quidem

475 4460 647 4518 durus
677 4469 735 4517 et
762 4454 1012 4513 mucidus
1037 4495 1053 4521 ,
1098 4463 1152 4510 et
1189 4452 1525 4509 hordeaceus
1569 4449 1708 4505 forte
1746 4448 1922 4519 panis.
1964 4447 2071 4506 Sed

2183 3256 2336 3317 potes
2368 3247 2549 3303 facere
2573 3289 2588 3314 ,
2619 3257 2710 3302 aut
2740 3264 2847 3303 non
2875 3250 3181 3305 contemnis
3229 3266 3244 3304 :
3295 3248 3392 3305 sed
3418 3248 3571 3306 vides
3602 3250 3777 3307 multa

2182 3336 2281 3392 tibi
2314 3337 2707 3407 impedimento
2737 3353 2859 3394 esse
2890 3354 2958 3395 ne
2986 3338 3174 3395 facias.

2252 3429 2341 3485 lll.
2382 3428 2517 3486 Cum
2550 3430 2665 3487 hmc
2694 3432 2924 3502 legeris,
2959 3432 3025 3488 ad
3054 3433 3264 3506 asylum
3296 3432 3517 3490 Romuli
3561 3434 3738 3507 fugies
3764 3481 3780 3506 ,

2180 3530 2235 3576 et
2262 3521 2554 3578 Commdiae
2592 3525 2967 3581 conscendens
2994 3541 3144 3581 aram
3168 3568 3183 3592 ,
3226 3529 3394 3583 verba
3426 3528 3645 3584 Domini
3676 3545 3784 3585 sa:-

2180 3613 2376 3670 vientis
2403 3614 2616 3671 eludes.
2664 3616 2972 3686 Diaconus,
3022 3618 3271 3691 inquies,
3314 3622 3606 3678 ecclesiam
3659 3632 3781 3680 tuto

2178 3708 2439 3765 deserere
2467 3726 2574 3764 non
2606 3724 2827 3779 possum
2869 3731 2881 3766 :
2914 3728 3108 3770 vereor
3136 3730 3207 3770 ne
3237 3713 3506 3772 incurram
3541 3719 3777 3775 sacrile-

2177 3799 2347 3871 gium,
2381 3800 2425 3855 si
2456 3801 2643 3856 altaria
2675 3802 3072 3876 derelinquam.
3104 3805 3255 3877 Euge
3281 3849 3296 3874 ,
3328 3824 3479 3863 meus
3504 3851 3519 3875 ,
3550 3809 3675 3880 plus
3706 3810 3778 3867 de

2176 3900 2231 3949 te
2257 3903 2549 3951 exacturus
2575 3911 2694 3950 sum
2717 3937 2733 3964 ,
2768 3897 2813 3953 si
2844 3897 2911 3952 ad
2942 3898 3110 3954 vitam
3140 3901 3421 3968 monachi,
3455 3902 3643 3957 clerici
3674 3903 3780 3958 ali-

2177 3987 2305 4057 quid
2327 3987 2600 4055 dignitatis
2622 3990 2829 4045 accedit
2855 4008 2865 4043 :
2896 3992 2940 4047 si
2968 3993 3021 4047 in
3052 3994 3351 4063 apostolico
3380 4004 3531 4050 stans
3553 3997 3773 4065 ordine,

2176 4079 2418 4149 quotidie
2444 4081 2645 4136 Christi
2676 4097 2875 4153 corpus
2911 4083 2999 4154 pia
3026 4085 3172 4155 plebi
3206 4085 3561 4144 famulatione
3586 4089 3777 4144 distri-

2176 4168 2318 4228 buis.
2352 4170 2459 4228 Sed
2488 4174 2799 4243 considera,
2828 4176 3083 4244 obsecro,
3122 4178 3254 4234 satis
3284 4194 3407 4235 csse
3435 4178 3662 4235 difﬁcile
3694 4181 3776 4238 lo-

2175 4278 2299 4319 cum
2328 4263 2590 4334 Stephani
2636 4267 2862 4338 implere
2896 4270 2982 4325 vel
3020 4270 3172 4325 Pauli
3201 4311 3216 4337 ,
3256 4272 3311 4327 in
3356 4272 3598 4342 angelico
3624 4287 3775 4331 stare

2175 4354 2485 4411 ministerio
2508 4398 2524 4423 ,
2571 4367 2626 4413 et
2657 4359 2885 4429 populos
2915 4359 3263 4432 subjacentes
3293 4366 3505 4420 cadenti
3535 4366 3777 4439 desuper

2176 4459 2331 4507 veste
2356 4449 2663 4522 despicere.
2696 4452 2999 4511 Pretiosum
3027 4465 3113 4513 est
3136 4461 3508 4529 margaritum,
3537 4461 3634 4518 sed
3661 4464 3776 4518 cito

475 4554 771 4610 delicatum
813 4548 1043 4606 militem
1086 4560 1181 4601 rex
1228 4559 1332 4599 non
1362 4552 1524 4599 amat.
1559 4542 1859 4599 Jerusalem
1886 4582 1903 4607 ,
1950 4555 2071 4611 qua:
2099 4513 2149 4575 θ
2175 4542 2442 4612 frangitur
2470 4584 2483 4609 ,
2528 4542 2871 4616 fractumque
2902 4563 3010 4603 non
3046 4559 3223 4617 potest
3265 4550 3576 4608 instaurari.
3607 4554 3777 4612 Navis

472 4647 708 4702 similam
735 4654 791 4701 et
816 4642 946 4706 mel,
980 4650 1037 4698 et
1062 4638 1244 4694 oleum
1278 4636 1666 4702 manducavit,
1698 4633 2070 4689 fornicationis

474 4741 721 4811 arguitur
770 4756 785 4794 :
839 4752 945 4793 non
977 4733 1123 4806 quod
1160 4732 1288 4787 mali
1331 4731 1441 4787 sint
1466 4730 1572 4785 cibi
1601 4770 1617 4795 ,
1663 4742 1803 4799 quos
1843 4736 2069 4797 paterna

474 4834 720 4903 indulget
761 4826 1087 4892 clementia;
1133 4824 1229 4880 sed
1271 4822 1415 4893 quod
1462 4820 1645 4878 mollis
1689 4819 1962 4891 przeliator
1999 4818 2067 4875 ad

473 4924 707 4993 primam
729 4923 908 4977 statim
931 4921 1103 4976 aciem
1121 4916 1454 4980 concidat,et
1477 4925 1597 4986 post
1622 4914 1870 4969 umbram
1895 4912 2064 4968 solem

392 5076 403 5085 _
469 5019 622 5073 ferre
652 5029 760 5071 nou
782 5026 981 5084 queat:
1015 5022 1141 5084 post
1166 5011 1447 5068 sudarium
1470 5010 1677 5082 galeam
1711 5009 1869 5065 oneri
1892 5009 2071 5077 potius

472 5119 709 5183 reputet,
733 5125 895 5181 quam
919 5110 1190 5165 tutamini.
1213 5107 1371 5176 Quod
1393 5108 1437 5164 si
1461 5107 1613 5164 exire
1633 5106 1871 5177 cupienti
1896 5116 2071 5162 mater

472 5202 691 5260 obsistit
733 5202 785 5255 in
828 5200 1057 5265 limine,
1107 5200 1331 5271 loquere
1377 5198 1428 5256 ei
1474 5199 1659 5255 verbis
1692 5198 1905 5255 Domini
1939 5198 2014 5253 tui
2050 5215 2064 5252 :

472 5294 643 5350 Mater
667 5302 714 5347 et
744 5308 858 5347 mea
886 5293 1071 5363 fratres
1101 5291 1200 5344 mei
1231 5292 1284 5344 hi
1311 5300 1427 5345 sunt
1457 5291 1545 5358 qui
1584 5290 1786 5358 faciunt
1825 5288 2067 5346 volunta-

469 5399 569 5441 tem
598 5384 778 5440 Patris
811 5384 944 5448 mei,
977 5382 1064 5451 qui
1092 5384 1144 5436 in
1174 5381 1316 5435 caelis
1345 5391 1441 5436 est.
1470 5382 1529 5437 Si
1556 5381 1863 5436 vernaculae
1890 5424 1905 5446 ,
1938 5397 2062 5435 cum

469 5477 669 5547 quibus
691 5477 927 5532 nutritus
953 5491 1013 5531 es
1039 5516 1053 5539 ,
1083 5475 1214 5529 ﬁere
1235 5516 1251 5542 ,
1280 5484 1334 5529 et
1363 5474 1575 5543 paterni
1600 5476 1741 5529 ruris
1771 5474 2059 5541 memoria,

468 5571 645 5637 ipsius
668 5584 883 5637 quoque
908 5568 1101 5622 domus
1138 5565 1319 5634 anguli
1345 5609 1360 5632 ,
1409 5576 1466 5619 et
1504 5575 1711 5621 secreta
1741 5566 1977 5621 retinere
2008 5575 2060 5622 te

467 5662 757 5728 casperint,
788 5661 840 5712 iu
868 5660 1063 5728 quibus
1090 5660 1264 5713 infans
1291 5660 1569 5715 volutatus
1591 5675 1673 5725 es,
1702 5661 1875 5715 lusisti
1899 5677 2056 5731 puer,

462 5747 906 5807 adolescentulus
931 5748 1187 5807 lascivistl
1213 5767 1225 5803 ι
1249 5751 1537 5809 recordare
1562 5765 1772 5818 omnes,
1796 5753 1889 5822 qui
1912 5770 2055 5812 nunc

2177 4635 2424 4703 quamvis
2453 4636 2526 4690 sit
2554 4636 2724 4702 rudis,
2755 4646 2813 4694 et
2832 4639 3022 4695 solidis
3042 4642 3254 4699 conﬁxa
3276 4644 3466 4712 clavis,
3498 4654 3776 4704 tumentes

2176 4726 2372 4784 ﬁuctus
2407 4729 2642 4785 tabulata
2673 4745 2782 4786 non
2820 4732 3060 4789 sentiant
3101 4752 3115 4788 :
3158 4736 3269 4791 cito
3314 4746 3490 4793 tamen
3537 4740 3581 4794 si
3626 4742 3777 4809 peri—

2173 4820 2360 4874 culose
2403 4822 2654 4891 navigat,
2701 4822 3006 4892 perforatur
3050 4840 3064 4880 :
3115 4834 3172 4882 et
3211 4827 3340 4883 licet
3385 4828 3559 4898 plenis
3587 4832 3769 4889 ventis

2172 4910 2443 4966 lucrosius
2472 4912 2536 4968 ad
2570 4922 2752 4983 Optata
2783 4917 3066 4985 perveniat
3094 4933 3111 4973 :
3145 4926 3323 4975 tamen
3366 4924 3536 4993 magis
3573 4938 3771 4980 secura

2178 5014 2305 5058 sunt
2340 5020 2459 5073 qua:
2499 5008 2830 5077 tranquilla;
2874 5018 2930 5065 et
2957 5020 3015 5064 ut
3042 5011 3283 5078 apertius
3310 5013 3529 5084 loquar,
3566 5014 3688 5085 plus
3717 5028 3774 5075 tc

2174 5101 2394 5170 quidem
2435 5101 2571 5159 dicis
2615 5105 2815 5160 habere
2854 5105 3161 5175 mercedis,
3215 5107 3259 5163 si
3305 5107 3360 5161 in
3407 5110 3585 5165 media
3627 5111 3773 5169 urbe

2171 5195 2476 5252 consistens
2504 5238 2520 5265 ,
2565 5197 2957 5255 monachorum
2996 5200 3160 5256 vitam
3191 5202 3426 5258 victites.
3475 5204 3604 5261 "me
3633 5219 3771 5264 sunt

2170 5302 2299 5343 vera
2331 5306 2451 5356 quae
2478 5290 2616 5347 dicis
2637 5333 2651 5357 ,
2685 5291 2778 5346 sed
2810 5307 2915 5346 non
2953 5302 3059 5348 tam
3092 5294 3253 5350 facile
3279 5294 3568 5364 explentur
3596 5314 3773 5368 opere

2168 5394 2327 5449 quam
2356 5379 2520 5435 dicto.
2553 5382 2617 5437 Ut
2646 5385 2788 5439 enim
2818 5394 3013 5441 caatera
3048 5388 3479 5457 praetermittam,
3510 5406 3633 5459 qum
3664 5409 3773 5451 nos

2166 5472 2235 5526 ab
2265 5474 2567 5528 austeriore
2594 5474 2701 5531 vita
2731 5478 3039 5544 retrahunt,
3067 5478 3197 5534 illud
3227 5479 3478 5548 inferam,
3513 5483 3579 5537 ad
3606 5486 3773 5554 cujus

2165 5565 2629 5635 comparationem
2662 5567 2825 5621 etiam
2868 5586 2991 5639 quae
3036 5571 3491 5627 dissimulaveritn
3519 5616 3535 5640 ,
3592 5576 3772 5633 immo

2165 5657 2441 5714 timuerim
2488 5659 2709 5724 dicere,
2764 5660 3053 5733 intelliges.
3114 5664 3267 5720 Alius
3319 5664 3544 5720 barbam
3596 5671 3771 5727 c:rdit

2167 5752 2452 5826 aequaliter
2500 5764 2557 5815 et
2612 5756 2945 5814 hilaritatem
2990 5758 3209 5827 frontis,
3267 5758 3460 5816 nitenti
3514 5763 3768 5835 desuper
