4012 6190
180 269 276 328 185

815 270 1154 332 εριδτοω
1193 273 1381 337 XVIII.
1423 273 1517 336 AD
1552 272 1994 346 PRESIDIUM,
2039 272 2130 333 DE
2166 271 2399 335 CEREO
2436 276 2801 339 PASCHALI.

3370 281 3477 341 188

177 402 320 445 coma
347 387 609 460 protegit.
624 388 704 444 Tu
726 388 770 444 si
790 390 1094 461 paululum,
1119 400 1297 449 utnos
1325 393 1563 451 solemus
1592 394 1773 451 facere
1798 392 1850 454 Δ
1874 392 1973 448 illa
2019 392 2264 463 quotidie
2320 393 2499 465 cogita
2528 436 2544 461 ,
2596 401 2766 451 tracta
2790 436 2807 461 ,
2859 392 3104 451 desidera
3139 435 3155 461 ,
3215 402 3272 452 et
3314 397 3472 467 quasi

176 481 478 552 rusticani,
531 482 786 553 capillum
831 497 1004 555 usque
1047 484 1114 540 ad
1153 496 1333 543 cutem
1372 489 1725 560 persequeris
1751 535 1765 560 ,

176 576 337 630 risum
362 575 636 645 praebebis
656 576 934 632 omnibus.
953 578 1109 644 Quod
1133 579 1179 635 si
1202 582 1346 652 pulla
1372 581 1531 637 fuerit
1558 583 1767 655 tunica,

173 665 337 721 etiam
372 668 824 737 praetereuntium
853 668 1043 740 digitis
1070 669 1442 727 denotaberis.
1472 670 1650 739 Cave,
1688 673 1772 729 in-

171 773 330 828 quam
357 802 373 828 ,
406 771 468 816 ut
495 776 604 816 non
632 761 841 818 strictas
865 764 975 819 sint
999 764 1190 836 caliga:
1216 782 1286 822 ne
1314 782 1472 823 crura
1500 782 1610 823 non
1640 783 1770 825 ean—

173 852 489 911 deant.Nisi
513 854 787 912 formosus
811 858 1005 924 fueris,
1026 870 1249 915 sanctus
1271 877 1391 918 esse
1414 878 1519 917 non
1542 866 1766 934 pulcris.

168 945 382 1016 Aliquis
409 946 604 1004 invitat
627 948 696 1005 de
726 949 1087 1020 optimatibus
1117 952 1184 1006 ad
1219 955 1502 1021 prandium
1528 996 1544 1018 ,
1578 971 1767 1011 omnes

170 1038 375 1094 votivis
401 1051 634 1111 pergunt
655 1042 834 1098 feriis:
856 1054 1004 1099 certe
1027 1055 1115 1097 aut
1142 1047 1376 1099 eundum
1407 1047 1500 1100 tibi
1526 1057 1609 1101 est
1628 1090 1643 1114 ,
1672 1058 1765 1103 aut

167 1131 500 1199 negandum.
536 1132 593 1187 Si
620 1133 754 1189 ieris
782 1173 796 1196 ,
828 1144 923 1187 aut
949 1135 1160 1190 eisdem
1191 1138 1428 1191 vesceris
1455 1138 1595 1191 cibis
1622 1181 1637 1203 ,
1669 1149 1762 1194 aut

162 1222 316 1279 aliis.
365 1225 423 1280 Si
479 1224 602 1279 aliis
632 1264 646 1287 ,
698 1226 1051 1280 convivarum
1090 1226 1437 1282 offcndentur
1483 1230 1649 1284 oculi.
1700 1231 1757 1285 Si

164 1312 380 1380 iisdem,
414 1315 556 1382 perit
584 1314 933 1370 abstinentia.
964 1316 1118 1383 Quod
1146 1318 1190 1373 si
1223 1318 1302 1372 ire
1334 1320 1593 1384 nolueris,
1627 1329 1756 1375 tunc

165 1410 329 1464 miser
368 1407 424 1462 in
468 1407 699 1478 prandio
738 1408 1069 1463 comederis.
1118 1409 1199 1463 Ad
1243 1408 1485 1479 singulas
1514 1425 1756 1483 quasque

164 1502 369 1573 phialas
413 1509 470 1554 et
512 1500 752 1556 delibuta
797 1501 976 1556 mellis
1012 1501 1136 1556 vina
1170 1504 1466 1572 potabcris.
1502 1503 1656 1559 Alius
1699 1505 1751 1559 in

165 1605 304 1650 tuum
336 1594 545 1649 vultum
573 1593 938 1660 eavillabitur,
968 1595 1061 1650 ille
1093 1595 1365 1650 incessum
1399 1595 1633 1663 ridebit,
1664 1599 1753 1655 hic

166 1685 422 1741 habitum.
468 1686 533 1740 Et
564 1685 870 1741 imitatores
913 1686 1138 1741 forsitan
1166 1686 1482 1743 Judarorum
1515 1706 1526 1741 :
1566 1688 1753 1745 Nonne

1872 485 2111 556 quodam
2169 499 2388 541 carcere
2447 485 2704 543 detentus
2769 485 3007 541 exclama
3058 505 3073 542 :
3149 486 3268 543 Heu
3341 505 3467 557 me,

1871 579 1997 648 quia
2046 578 2391 649 peregrinatio
2440 595 2555 633 mea
2603 578 2914 651 prolongata
2969 580 3090 633 est!
3147 577 3215 633 Et
3275 579 3329 634 in
3374 596 3471 650 pa-

1873 670 2117 725 radisum
2164 678 2343 725 mente
2389 670 2798 737 conscendens,
2850 670 3014 725 toties
3057 671 3110 724 in
3163 679 3309 725 terra
3359 686 3465 728 non

1873 763 1985 817 eris
2017 802 2032 825 .
2102 762 2317 830 quoties
2377 770 2583 817 terram
2655 762 2993 833 despexeris.
3048 764 3253 819 Eadem
3313 764 3467 821 nobis

1873 863 2024 909 certe
2073 870 2196 910 cum
2241 853 2329 910 his
2372 856 2464 926 qui
2520 856 2765 911 habitant
2807 872 2906 927 per
2949 856 3169 913 deserta
3223 859 3471 917 conditio

1870 956 1980 1001 est.
2015 946 2179 1002 Iidem
2206 946 2349 1002 oculi
2370 990 2384 1013 ,
2433 948 2659 1003 totidem
2691 964 2907 1005 manus.
2954 948 3151 1005 Iisdem
3184 950 3471 1007 inﬁrmita-

1869 1038 2035 1104 tibus,
2064 1039 2148 1093 vel
2182 1039 2477 1093 virtutibus
2503 1040 2868 1109 subjaeemus.
2930 1040 2989 1098 Si
3040 1052 3092 1097 te
3127 1057 3281 1113 aquae
3312 1053 3471 1113 potus

1864 1140 2045 1195 vexat,
2079 1131 2262 1200 quanti
2303 1130 2624 1198 nobiliores,
2651 1148 2758 1187 non
2804 1133 2981 1189 dicam
3036 1134 3160 1191 vina
3195 1138 3471 1205 nesciunt,

1863 1230 1917 1275 et
1946 1222 2192 1275 carnium
2242 1220 2496 1292 ignorant
2540 1224 2715 1293 cibos,
2746 1225 2841 1280 sed
2872 1225 3054 1281 infuso
3078 1237 3288 1283 tantum
3317 1230 3466 1299 legu-

1861 1312 2006 1367 mine
2034 1315 2441 1369 sustentantur?
2488 1315 2544 1371 Si
2580 1315 2897 1371 balnearum
2931 1327 2984 1373 te
3018 1320 3230 1375 lavacra
3257 1322 3463 1377 sollici-

1861 1410 1997 1467 tant,
2033 1405 2219 1473 quanti
2243 1404 2514 1474 principes
2536 1406 2839 1473 civitatum,
2864 1409 2978 1465 sive
3001 1412 3071 1464 ob
3098 1412 3312 1482 culpam
3338 1430 3467 1483 pro-

1860 1495 2058 1563 priam,
2089 1496 2205 1549 sive
2226 1500 2295 1550 oh
2322 1498 2600 1566 invidiam,
2657 1499 2723 1554 ad
2780 1502 2985 1556 insulas
3013 1502 3304 1572 deportati,
3324 1505 3456 1560 sine

1858 1587 2082 1655 przem‘o
2113 1587 2400 1659 futuraque
2443 1591 2700 1647 mercede
2738 1592 2948 1662 absque
2981 1594 3217 1649 Ibalneis
3262 1610 3454 1663 perse-

1855 1680 2091 1733 verant?
2118 1679 2285 1736 Nemo
2311 1681 2363 1736 id
2391 1685 2718 1739 necessitate
2749 1685 2857 1753 pati
2915 1701 3022 1741 non
3057 1695 3260 1757 potest,
3303 1686 3449 1756 quod

168 1782 239 1834 hic
263 1789 372 1847 est,
406 1779 687 1849 inquient,
724 1779 868 1850 ﬁlius
894 1780 1080 1852 fabri?
1117 1781 1308 1835 Nonne
1339 1784 1525 1853 fratres
1562 1786 1676 1856 ejus
1706 1800 1741 1840 et

1858 1785 1958 1840 pro
1985 1771 2098 1827 Deo
2124 1774 2398 1828 voluntate
2432 1777 2537 1844 pati
2572 1776 2859 1832 detrectat.
2907 1777 3144 1834 Habebis
3190 1778 3447 1834 cellulam

164 1889 357 1928 sorores
378 1873 520 1943 apud
544 1890 636 1927 nos
659 1882 780 1928 sunt
800 1872 1018 1944 (Matth.
1035 1890 1152 1941 xttt,
1178 1873 1307 1945 55)?
1324 1874 1441 1945 Ego
1467 1874 1619 1931 illum
1645 1892 1757 1932 me-

170 1966 291 2021 mini
317 1975 447 2022 ante
480 1975 558 2021 tot
581 1966 753 2023 ferme
776 1981 949 2023 annos
971 1966 1101 2023 illud
1130 1967 1321 2025 fecisse
1342 1978 1523 2040 turpe,
1550 1970 1758 2028 dixisse

166 2061 388 2130 turpius.
436 2059 589 2115 Alius
620 2060 797 2116 furem
836 2061 1097 2116 clamabit
1134 2070 1189 2116 et
1227 2062 1500 2118 moechum
1528 2107 1543 2131 ,
1588 2079 1754 2135 seque

164 2151 380 2207 sceleris
402 2151 573 2223 finget
591 2150 758 2208 fuisse
781 2153 1125 2223 participem.
1148 2151 1340 2209 Omnia
1363 2156 1567 2225 pariter
1588 2170 1754 2227 pran-

164 2243 240 2299 dia
264 2245 651 2300 consonabant
679 2286 694 2312 ,
743 2255 798 2301 et
840 2246 893 2301 in
934 2255 988 2302 te
1033 2247 1396 2302 temulentum
1442 2249 1748 2305 convivium

164 2338 505 2394 dissolvetur.
535 2337 696 2407 Quod
727 2339 774 2394 si
804 2339 1004 2395 vilibus
1034 2339 1365 2396 abstinueris
1387 2341 1664 2410 carnibus,
1695 2352 1751 2399 et

164 2446 256 2487 non
293 2431 496 2487 crebro
541 2431 777 2487 balneas
813 2431 1252 2503 frcquentaveris
1278 2474 1295 2497 ,
1345 2442 1475 2489 tunc
1509 2435 1621 2491 fere
1652 2450 1749 2505 per

162 2537 337 2579 omnes
359 2524 645 2579 columnas
671 2523 953 2579 Manichaei
982 2524 1077 2579 tibi
1109 2524 1295 2580 titulus
1332 2525 1653 2582 ascribetur.
1687 2526 1745 2583 Si

163 2616 429 2671 volucrum
456 2615 698 2672 edulium
727 2615 1078 2681 refutaveris,
1107 2625 1161 2671 et
1189 2615 1419 2672 tenellas
1438 2616 1742 2685 columbas,

162 2724 475 2778 crassosque
499 2718 740 2764 turtures
762 2710 1040 2781 expetenti
1065 2710 1269 2780 gutturi
1287 2709 1476 2765 durior
1490 2710 1743 2768 dominus

162 2802 505 2875 denegaveris
533 2844 548 2869 ,
592 2801 866 2874 sacrilegii
894 2802 1098 2858 crimen
1127 2804 1398 2874 alligetur.
1434 2803 1742 2874 Statimque

160 2896 285 2951 aient
317 2913 333 2951 :
368 2895 432 2949 lli
472 2904 600 2950 sunt
628 2895 721 2965 qui
758 2904 1067 2951 creatorem
1112 2894 1297 2951 mundi
1340 2905 1737 2952 contemnunt:

158 2984 206 3041 in
231 3002 357 3042 usus
389 2997 609 3043 nostros
637 2986 781 3042 facta
812 2998 938 3042 sunt
969 2989 1174 3043 omnia.
1208 2986 1426 3055 Audivi,
1461 2997 1599 3044 teste
1630 2988 1738 3044 Do-

159 3079 310 3146 mino,
344 3094 459 3133 non
489 3079 747 3146 mentior,
779 3078 1069 3149 quemdam
1098 3079 1151 3134 in
1181 3095 1335 3135 suam
1365 3080 1542 3150 gulam
1563 3079 1738 3136 diser-

1858 1880 1979 1936 qua?
2005 1874 2057 1920 te
2088 1866 2261 1921 solum
2288 1868 2487 1935 capiat.
2522 1869 2690 1924 Immo
2723 1886 2829 1926 non
2862 1873 2973 1928 eris
3005 1873 3176 1941 solus,
3201 1873 3447 1944 angelica

1858 1966 2036 2013 tecum
2063 1958 2218 2014 turba
2248 1960 2571 2014 versabitur.
2596 1961 2701 2015 Tot
2726 1963 2886 2028 socii,
2933 1974 3062 2034 quot
3102 1966 3297 2019 sancti.
3346 1965 3448 2021 Le-

1854 2066 1950 2122 ges
1967 2052 2344 2122 Evangelium,
2376 2054 3007 2112 confabuiabiturtccum
3044 2057 3220 2115 Jesus.
3261 2060 3451 2130 Repli-

1853 2144 2003 2199 cabis
2023 2145 2299 2213 apostolos
2330 2146 2411 2201 vel
2444 2148 2759 2216 prapltetas.
2820 2148 3092 2218 Numquid
3125 2151 3326 2220 poteris
3356 2162 3443 2206 ta-

1852 2235 1958 2292 lem
1981 2236 2146 2292 alium
2171 2238 2276 2293 tuis
2302 2238 2647 2295 sermonibus
2670 2240 2870 2297 habere
2899 2242 3248 2298 consortem?
3278 2242 3446 2298 Terra

1849 2340 2061 2394 sumus,
2092 2329 2423 2389 etciniszet
2452 2345 2548 2400 per
2586 2331 2767 2386 omnia
2816 2344 3095 2388 momenta
3143 2333 3211 2389 de
3260 2344 3446 2390 nostra

1848 2419 2027 2477 salute
2048 2422 2323 2492 suspensi,
2356 2423 2618 2479 continuo
2646 2425 2697 2479 in
2756 2426 3035 2493 pulverem
3087 2426 3444 2484 dissolvcudi.

1847 2512 1985 2580 Quid
2011 2523 2371 2571 retrectamus
2422 2517 2491 2572 de
2542 2519 2869 2577 necessitate
2913 2520 3096 2578 facere
3138 2524 3446 2579 virtutem?

1846 2602 2009 2662 Certe
2056 2607 2382 2680 quandoque
2429 2611 2768 2666 moriendum
2821 2624 2929 2679 est,
3004 2622 3060 2671 et
3109 2617 3444 2673 stercoribus

1844 2698 2001 2769 plena
2031 2700 2235 2767 vitalia,
2268 2717 2389 2772 qua:
2411 2717 2512 2757 nos
2546 2703 2788 2773 quotidie
2839 2714 3044 2762 nostra:
3090 2720 3442 2765 commonent

1845 2791 2095 2857 vilitatis,
2137 2792 2189 2847 in
2241 2794 2475 2850 similem
2509 2796 2849 2867 putredinem
2890 2814 3053 2857 omne
3075 2815 3259 2857 secum
3289 2809 3437 2859 trac-

1842 2891 1964 2938 tura
1992 2894 2117 2939 sunt
2138 2899 2356 2957 corpus.
2380 2888 2551 2957 Quam
2583 2891 2692 2947 cito
2720 2892 2907 2949 mundi
2938 2894 3306 2966 relinquamus
3336 2912 3437 2951 an-

1841 2977 2049 3047 gustias
2079 3020 2095 3044 ,
2131 2988 2187 3034 et
2228 2980 2274 3034 si
2322 2981 2464 3039 forte
2495 2984 2566 3039 ob
2594 2988 2987 3044 continentiam
3042 2990 3209 3060 (quod
3255 3000 3434 3047 tamen

1841 3082 1968 3123 raro
1997 3069 2217 3142 accidit)
2243 3071 2428 3129 dolere
2483 3080 2850 3143 stomachum,
2901 3092 3139 3137 aestuare
3192 3082 3439 3138 febribus

158 3180 256 3224 tum
279 3211 295 3237 ,
347 3185 475 3225 eum
512 3186 599 3226 me
634 3184 854 3226 rumore
882 3171 1232 3241 cognovisset
1272 3172 1734 3227 esculentioribus
1762 3155 1810 3219 (ἶ
1840 3162 2189 3230 θωρεηιηυε.
2221 3175 2502 3235 Perpetua!
2550 3169 2677 3222 νῖῑω
2722 3170 2943 3239 ianuam
2992 3172 3241 3227 morbum
3284 3183 3439 3243 pule-

156 3263 276 3319 eibis
316 3265 643 3331 abstinere;
688 3264 896 3321 dixisse
935 3279 951 3321 :
997 3264 1268 3335 Numquid
1304 3268 1575 3336 porcellus
1613 3266 1737 3322 ideo

154 3357 308 3412 factus
337 3367 452 3421 est,
485 3366 544 3412 ut
572 3366 784 3429 togatus
818 3357 872 3412 in
899 3366 1093 3412 senatu
1125 3358 1458 3414 sententiam
1491 3357 1736 3414 diceret?

154 3449 257 3517 Quo
274 3451 534 3508 videlicet
556 3467 643 3507 me
665 3451 907 3506 stultitia:
930 3450 1347 3518 condemnaret,
1368 3451 1458 3524 qui
1482 3463 1732 3521 putarem

152 3558 205 3596 ea
231 3559 345 3613 qua:
383 3552 511 3599 sunt
540 3544 595 3597 in
625 3542 906 3599 hominum
938 3558 1071 3598 usus
1095 3553 1279 3599 creata
1304 3584 1318 3607 ,
1353 3559 1459 3597 non
1490 3558 1730 3599 sumere.

152 3634 264 3691 Haec
298 3648 351 3692 et
398 3637 706 3693 istiusmodi
749 3652 872 3693 cum
911 3636 1075 3691 vitam
1124 3638 1179 3691 in
1224 3636 1451 3691 urbibus
1494 3636 1735 3693 lacerent

150 3725 348 3795 bonam,
387 3727 521 3799 quid
550 3727 741 3796 facies,
774 3727 965 3794 frater,
998 3728 1051 3783 in
1084 3726 1299 3782 medio?
1329 3736 1422 3782 aut
1445 3727 1610 3791 vitiis,
1640 3736 1735 3783 aut

151 3819 467 3876 anathemati
497 3819 638 3875 colla
664 3820 953 3876 submittes
985 3837 999 3873 :
1043 3820 1098 3875 id
1128 3829 1212 3876 est
1238 3864 1254 3889 ,
1302 3830 1395 3875 aut
1433 3820 1733 3878 sectaberis

149 3926 255 3979 qua:
291 3923 422 3969 sunt
470 3912 706 3969 adversa
736 3911 1091 3969 continentia:
1131 3931 1145 3966 :
1195 3922 1290 3969 aut
1329 3915 1372 3969 si
1413 3913 1594 3969 facere
1633 3931 1734 3969 no-

153 4002 306 4061 lueris
328 4047 344 4072 ,
380 4008 505 4079 ipse
534 4006 905 4062 damnaberis.
946 4008 1315 4064 Prtetermitto
1341 4008 1562 4063 crebras
1588 4009 1733 4064 salu-

148 4098 362 4155 tationes
388 4139 405 4166 ,
451 4099 718 4167 obsequia
753 4110 1128 4154 matronarum
1158 4141 1173 4165 ,
1221 4098 1508 4169 variasque
1547 4101 1733 4157 illece-

146 4186 259 4245 bras
287 4235 301 4258 ,
342 4192 547 4263 quibus
577 4192 744 4246 etiam
786 4190 1100 4262 rigidissimi
1131 4190 1482 4247 emolliuutur
1521 4194 1685 4247 animi
1713 4234 1730 4260 ,

145 4289 191 4335 et
228 4284 447 4339 sireneo
488 4294 655 4339 cantu
699 4282 767 4339 ad
800 4282 1080 4354 naufragia
1115 4282 1507 4354 pertrahuntur
1539 4303 1551 4340 :
1585 4285 1730 4356 quod

146 4372 202 4427 ad
241 4377 530 4446 speciosa:
566 4392 811 4448 quasque
858 4375 1065 4432 formas
1109 4376 1297 4431 oculus
1337 4391 1483 4447 saepe
1532 4377 1730 4434 invitus

145 4464 487 4535 abstrahitur,
516 4469 659 4541 quod
679 4483 838 4524 aures
861 4468 1122 4526 obscaena
1145 4469 1287 4523 dicta
1319 4469 1555 4537 feriunt;
1585 4486 1728 4527 nunc

1840 3267 1982 3319 inus,
2033 3255 2356 3328 plenamque
2428 3260 2735 3316 victoriam.
2815 3264 2950 3332 Quia
3006 3264 3285 3334 Scriptura
3335 3266 3435 3321 do-

1836 3350 2409 3418 centecognoscimus,
2462 3352 2666 3406 nullum
2719 3367 2845 3408 ante.
2893 3354 3017 3410 vita:
3073 3356 3231 3427 hujus
3272 3357 3432 3414 linem

1838 3439 1995 3506 plene
2036 3440 2251 3496 beatum
2283 3457 2405 3497 esse
2437 3443 2749 3501 dicendum.
2783 3447 2977 3514 Quanti
3008 3449 3061 3504 in
3094 3449 3287 3505 mediis
3317 3453 3437 3522 opi-

1836 3529 1956 3595 bus,
1979 3543 2028 3589 et
2056 3533 2198 3621 ipter
2222 3534 2417 3589 infulas
2437 3536 2750 3591 consulatus
2796 3539 3076 3606 repentina
3108 3550 3283 3599 morte
3305 3542 3436 3597 sub.

1835 3624 1992 3680 tracti
2022 3625 2192 3680 sunt?
2246 3625 2429 3697 Nuper
2469 3629 2763 3700 imperator
2819 3631 3246 3701 Valentinianus,
3305 3653 3429 3692 cum

1835 3716 2093 3771 adversus
2121 3716 2415 3786 Sarmatas,
2448 3721 2771 3792 Quadosque
2804 3734 3025 3794 pr0ptcr
3055 3727 3219 3799 Illyrii
3250 3741 3436 3785 vasta-

1836 3807 2038 3863 tionem
2080 3809 2133 3865 in
2173 3813 2497 3868 consistorio
2554 3829 2730 3871 stevus
2764 3818 3102 3887 infrcmcrct,
3155 3834 3208 3877 et
3262 3825 3429 3881 totius

1832 3901 2013 3970 gentis
2041 3901 2309 3957 excidium
2342 3905 2547 3973 rigidus
2595 3906 2913 3975 minaretur,
2960 3915 3219 3982 sanguine
3248 3931 3431 3972 crum-

1832 4003 1996 4065 pentc
2025 3994 2347 4067 discrepuit.
2380 3999 2517 4067 Quid
2552 4001 2740 4071 loquar
2770 4004 2835 4059 de
2862 4007 3026 4059 fratre
3074 4007 3210 4075 ejus,
3261 4026 3422 4077 quem

1833 4098 2019 4142 contra
2046 4089 2229 4159 regale
2292 4091 2559 4163 fastigium
2611 4093 2854 4150 Thracia:
2906 4098 3042 4168 ignis
3095 4100 3431 4156 absorbuit?

1833 4178 2073 4235 Necdum
2101 4197 2274 4239 annus
2309 4187 2613 4257 completus
2642 4199 2744 4254 est,
2784 4206 2889 4258 quo
2941 4192 3239 4261 principem
3296 4192 3433 4249 Gra-

1836 4272 2061 4342 tianum,
2086 4275 2349 4345 prodente
2375 4280 2614 4335 exercitu
2644 4296 2761 4345 suo,
2792 4292 2919 4339 ante
2951 4282 3088 4338 fmda
3113 4284 3423 4355 captivitas,

1833 4368 2031 4427 dehinc
2058 4373 2418 4431 miserabilior
2441 4378 2714 4448 Oppressit
2755 4379 3028 4435 interitus.
3082 4380 3171 4445 Et,
3216 4391 3273 4434 ut
3327 4382 3426 4435 ista

1834 4475 2064 4533 taceam,
2116 4468 2281 4524 etiam
2334 4471 2426 4541 qui
2478 4472 2753 4527 communi
2804 4472 2910 4529 line
2956 4474 3252 4542 perierunt,
3309 4485 3431 4542 post

147 4555 259 4614 illud
286 4536 547 4631 affirmo,
565 4561 711 4633 quod
738 4562 952 4618 etiamsi
979 4562 1080 4618 ista
1109 4577 1214 4616 non
1241 4571 1449 4627 essent,
1482 4562 1549 4617 ad
1578 4580 1728 4620 com-
1754 4536 1809 4599 Ῑ)
1833 4568 2063 4616 mortem
2116 4563 2231 4631 pari
2285 4536 2410 4618 cuin
2464 4567 2718 4622 omnibus
2772 4536 3083 4621 conditione
3129 4568 3427 4622 sociantur.

147 4652 472 4716 parationem
506 4662 614 4708 tam
641 4653 876 4723 ingentis
907 4652 1036 4709 boni
1061 4696 1077 4722 ,
1108 4652 1317 4708 minora
1344 4652 1601 4712 deserere
1633 4656 1729 4711 de-

146 4742 340 4799 bueras.
536 4738 537 4741 “

202 4832 284 4890 ιν.
324 4837 490 4895 Adde
518 4839 664 4908 quod
701 4839 966 4894 diaconus
1003 4854 1064 4897 es
1090 4885 1105 4909 ,
1150 4841 1244 4896 scd
1284 4841 1546 4899 abscessu
1590 4852 1683 4897 tuo
1708 4882 1723 4908 ,

144 4926 365 4984 ecclesia!
391 4931 596 4986 damna
628 4947 737 4986 non
770 4932 1028 4988 sentient.
1060 4932 1243 4987 Helias
1276 4933 1408 4988 vixit
1435 4936 1487 4988 in
1515 4948 1724 4989 eremo.

145 5015 395 5079 Heliseum
429 5024 831 5095 Prophetarum
862 5039 1089 5082 secutus
1120 5038 1200 5082 est
1226 5030 1447 5084 chorus.
1484 5030 1724 5085 Prmcur-

142 5124 218 5166 sor
242 5115 460 5173 Domini
492 5118 735 5176 Joannes
770 5120 1010 5177 nutritus
1041 5122 1092 5176 in
1126 5122 1420 5177 solitudine
1447 5165 1461 5186 ,
1511 5125 1579 5177 ad
1626 5126 1729 5180 hoc

143 5204 339 5263 tandem
369 5211 664 5267 descendit
689 5214 756 5267 ad
784 5212 1040 5269 Iordanis
1068 5215 1237 5282 ripas,
1271 5223 1330 5267 ut
1360 5215 1599 5284 populos
1637 5230 1727 5267 ar-

136 5308 305 5361 gueret
326 5303 698 5371 conﬂuentes,
727 5314 785 5362 et
810 5305 1109 5376 pharismos
1137 5306 1471 5376 intelligens,
1497 5305 1728 5362 clericos

137 5384 427 5450 Judrenrutn
470 5399 858 5467 generationes
899 5399 1154 5469 vipereas
1186 5399 1495 5454 dettotaret.
1537 5398 1724 5468 Nuper

138 5478 341 5554 Egypti
374 5488 598 5542 deserta
626 5489 811 5544 vidisti
856 5506 869 5541 :
923 5491 1148 5545 intuitus
1177 5505 1238 5545 es
1292 5492 1594 5561 angelicam
1642 5489 1723 5543 fa-

138 5575 345 5635 miliam.
396 5579 604 5647 Quanti
636 5582 710 5636 ibi
742 5583 902 5639 flores
932 5586 1102 5638 sunt?
1143 5600 1306 5655 quam
1342 5582 1722 5655 spiritualibus

138 5674 343 5734 gemmis
378 5683 541 5743 prata
572 5677 851 5731 veruantia
877 5677 900 5729 ?
944 5676 1135 5731 Vidisti
1166 5688 1310 5732 serta
1337 5718 1353 5744 ,
1388 5676 1581 5747 quibus
1614 5675 1723 5728 Do-

139 5762 295 5823 minus
324 5778 653 5826 coronatur.
678 5769 777 5827 llle
806 5769 905 5826 tibi
932 5769 986 5828 in
1004 5780 1233 5842 pectore
1258 5771 1401 5839 ignis
1423 5775 1710 5826 exmstust.

1831 4653 2269 4725 Quotusquisque
2292 4672 2477 4713 eorum
2512 4659 2564 4714 in
2589 4660 2677 4715 die
2698 4658 2887 4729 judicii
2919 4660 3140 4715 minimo
3196 4659 3264 4714 de
3314 4675 3430 4717 mo-

1830 4743 2018 4800 nachis
2044 4748 2486 4816 comparabitur?
2514 4750 2801 4805 Sectemur
2829 4750 3022 4803 saltem
3054 4748 3424 4816 mulierculas,

1830 4850 1991 4892 sexus
2031 4852 2131 4893 nos
2158 4840 2352 4894 doceat
2383 4842 2670 4895 infirmior.
2724 4841 2948 4907 Quantze
2974 4840 3177 4895 divitiis
3225 4843 3429 4913 pariter

1829 4940 1883 4985 et
1914 4931 2197 4986 nobilitate
2222 4934 2489 4998 pollentes
2541 4934 2694 5001 (nolo
2738 4936 2881 4986 enim
2907 4934 3170 4989 vocabula
3218 4937 3424 5007 dicere,

1831 5039 1899 5079 ne
1925 5022 2131 5076 adulari
2159 5023 2370 5094 videar)
2415 5025 2620 5079 relictis
2670 5025 3033 5094 facultatibus,
3080 5014 3424 5102 pignoribus-

1830 5134 1935 5188 que
1972 5119 2318 5184 contemptis,
2370 5119 2421 5173 id
2455 5120 2594 5174 factu
2637 5120 2795 5175 facile
2839 5122 3243 5195 judicavoruut,
3278 5130 3426 5199 quod

1832 5220 1887 5265 tu
1918 5210 2136 5278 proprio
2166 5209 2364 5277 putasti
2396 5209 2588 5264 timore
2614 5210 2871 5267 difﬁcile?
2898 5215 2951 5270 Id
3002 5217 3072 5271 de
3126 5222 3270 5275 cerei
3309 5235 3431 5275 car-

1832 5306 1976 5361 mine
2004 5305 2173 5360 disce.
2221 5303 2350 5357 lllud
2385 5304 2477 5357 tibi
2531 5305 2599 5359 de
2630 5307 2787 5360 variis
2813 5309 3033 5366 floribus
3062 5313 3241 5367 lumen
3266 5328 3425 5367 exor-

1833 5414 1920 5452 ua.
1957 5397 2087 5451 ESlll
2132 5406 2186 5451 et
2221 5396 2336 5463 ipse
2365 5396 2497 5464 apis.
2552 5397 2816 5453 Debborae
2864 5403 3143 5456 victoriam
3184 5405 3419 5460 imitare.

1832 5488 2041 5543 Barach
2075 5497 2253 5542 tecum
2286 5488 2525 5543 Sisaram
2573 5501 2948 5560 persequatur,
2991 5500 3047 5545 et
3096 5492 3327 5548 liberato
3351 5496 3426 5550 ls-

1832 5583 1965 5645 rael,
1995 5579 2245 5634 Judicum
2275 5593 2497 5635 carmen
2539 5582 2865 5652 iugemines,
2914 5594 2973 5637 ut
3012 5581 3212 5639 Christi
3262 5592 3424 5645 mella

1831 5685 2145 5738 componas.
2170 5668 2228 5725 Si
2255 5667 2333 5723 sic
2378 5671 2681 5741 lampadem
2737 5690 3034 5744 prmparas,
3082 5691 3283 5745 sponso
3334 5700 3427 5738 ve-

1832 5764 2015 5820 niente
2038 5779 2148 5822 non
2170 5763 2430 5836 dormies,
2455 5766 2760 5825 cubiculum
2784 5769 2932 5840 regis
2963 5768 3211 5826 intrabis.
3269 5774 3428 5831 Plura
