4012 6190
538 289 642 384 l87

1552 325 1611 384 S.
1653 324 2043 383 HIEBONYMI
2080 326 2367 386 OPERUM
2407 327 2808 388 ΜΑΝἸἸΞΞΑ.Ἰ

3733 337 3832 396 188

535 458 660 500 cum
691 441 874 499 dicere
897 439 1130 506 vellem,
1163 447 1219 496 et
1264 447 1317 496 te
1369 456 1578 499 mecum
1616 441 1705 496 tali
1756 441 2135 501 exhortatione
2160 447 2214 507 Α
2241 445 2321 501 los
2343 444 2566 504 occidit.
2611 446 2851 504 Panther
2901 448 3071 520 pardo
3111 448 3307 508 similis
3338 460 3446 521 est,
3505 461 3560 510 et
3588 463 3674 511 est
3703 456 3830 512 varii

540 537 796 602 retinere,
827 534 1007 590 subito
1029 534 1332 589 nuntiatum
1368 544 1472 604 est,
1497 533 1698 590 asellos
1731 549 1850 590 esse
1897 535 2134 592 conduc-

545 639 651 695 tos,
687 629 777 698 qui
809 642 896 682 me
924 627 1151 680 Romam
1185 643 1353 696 usque
1395 628 1791 698 pertraherent.
1839 627 2027 700 itaque
2059 630 2135 684 in-

537 724 680 776 vitus
709 719 1039 775 Placentiam
1065 728 1116 774 te
1137 722 1381 784 remitto,
1414 720 1514 774 sub
1541 734 1603 775 ea
1628 719 1947 776 conditione
1969 737 2130 792 quam

538 815 703 882 nosti,
731 822 787 867 ut
813 812 1026 882 quoties
1056 811 1173 867 [nec
1203 813 1427 882 legeris,
1463 810 1559 867 tibi
1585 812 1726 867 scias
1745 827 1864 869 esse
1887 827 1993 884 quo
2010 815 2131 886 pol-

537 905 716 961 licitus
743 920 826 972 es,
853 905 1206 961 veniendum.

616 1094 641 1120 ι
672 1082 913 1138 Pelicani
939 1096 1060 1138 cvm
1091 1098 1218 1138 suos
1241 1097 1268 1136 a
1289 1092 1542 1152 serpente
1564 1084 1705 1138 filios
1723 1083 1957 1150 occisos,
1983 1098 2132 1139 mor-

535 1185 658 1232 tuos
687 1177 1000 1242 inveniunt,
1032 1177 1239 1246 lugent,
1273 1184 1328 1229 et
1349 1191 1408 1230 se
1436 1187 1487 1231 et
1518 1192 1612 1231 sua
1630 1175 1802 1232 latera
1828 1177 2134 1246 percutiunt

534 1279 590 1324 ct
614 1271 874 1339 sanguine
912 1284 1147 1324 excusso
1173 1270 1239 1322 ad
1263 1283 1491 1339 corpora
1521 1282 1855 1326 mortuorum
1882 1271 1961 1325 sic
1991 1271 2134 1326 revi-

535 1364 772 1420 viscunt.
819 1363 1013 1434 Aquila
1045 1362 1260 1434 quando
1306 1366 1567 1430 senuerit,
1616 1375 1910 1434 gravantur
1960 1367 2133 1434 ipsius

535 1471 729 1525 pennze
755 1465 807 1509 et
835 1455 1000 1519 oculi,
1032 1457 1332 1524 quaeritque
1362 1454 1587 1520 fontem,
1643 1464 1697 1509 et
1717 1457 1878 1527 erigit
1905 1473 2128 1527 pennas,

535 1559 591 1604 et
612 1549 817 1617 colligit
842 1549 894 1602 in
922 1564 984 1603 se
1011 1549 1272 1618 calorem,
1332 1558 1387 1604 et
1415 1550 1494 1604 sic
1521 1550 1662 1604 oculi
1689 1549 1809 1620 ejus
1835 1555 2128 1606 sananturi

537 1641 666 1696 etin
697 1640 900 1694 fontem
933 1655 992 1694 se
1022 1648 1099 1695 ter
1149 1642 1365 1711 mergit,
1394 1639 1422 1680 ιο
1447 1652 1502 1696 et
1552 1643 1623 1697 ita
1682 1642 1749 1697 ad
1790 1642 2132 1712 juventutem

536 1733 697 1789 redit.
734 1732 967 1788 thnix
993 1733 1109 1788 avis
1131 1742 1215 1788 est
1255 1734 1309 1788 in
1363 1735 1532 1803 India,
1591 1743 1646 1790 et
1692 1751 1788 1804 per
1808 1737 2132 1807 quingentos

2237 537 2458 606 coloris,
2483 547 2538 595 et
2562 538 2728 596 mitis.
2762 541 2820 598 Si
2866 551 3144 598 saturatos
3177 544 3362 614 fuerit,
3418 546 3591 603 tribus
3649 547 3830 605 diebus

2236 627 2458 684 dormit.
2493 631 2620 685 Post
2647 634 2865 688 tertimn
2898 634 3038 690 diem
3062 636 3204 691 levat
3231 651 3291 692 se
3321 647 3376 692 et
3405 638 3630 708 clamat,
3680 653 3734 696 et
3753 644 3827 697 sic

2236 719 2457 776 odorem
2485 737 2708 778 suavem
2749 727 2967 792 emittit,
3017 736 3072 782 et
3117 739 3388 785 convocat
3437 746 3628 788 omnes
3671 732 3826 800 feras,

2236 829 2355 883 quin
2388 814 2559 871 odore
2579 816 2874 881 ducuntur,
2922 828 2976 873 et
3026 826 3110 873 est
3135 821 3388 876 omnibus
3426 822 3557 878 feris
3601 824 3827 894 amicus,

2237 916 2434 977 praeter
2463 909 2688 963 draconi
2715 920 2769 965 et
2797 910 2995 980 aspidi.
3027 913 3267 970 Testudo
3299 915 3531 981 marina,
3581 933 3704 990 qua:
3749 929 3831 975 cst

2239 998 2460 1068 grandis
2492 1009 2765 1070 tamquam
2792 1003 2990 1067 insula,
3039 1004 3164 1060 dum
3213 1007 3446 1076 emergit
3494 1024 3554 1064 se
3597 1009 3664 1065 de
3699 1011 3828 1079 alto,

2238 1092 2485 1147 ostendit
2513 1109 2572 1147 se
2603 1092 2655 1147 in
2681 1094 2800 1165 ipso
2847 1097 2980 1152 mari
3029 1105 3305 1169 tamquam
3358 1111 3588 1171 petram,
3644 1119 3742 1159 nec
3773 1119 3829 1159 se

2238 1191 2419 1238 movet
2447 1183 2593 1251 inde,
2620 1186 2975 1257 quoadusque
3018 1189 3269 1244 homines
3309 1206 3477 1246 naves
3523 1193 3714 1262 ligent.
3767 1195 3830 1250 Et

2237 1289 2356 1328 cuin
2389 1274 2504 1331 hinc
2533 1279 2791 1345 senserit,
2824 1281 2989 1334 trahit
3017 1282 3154 1338 sein
3186 1284 3376 1338 altum.
3413 1284 3517 1340 Sed
3540 1301 3669 1341 cum
3706 1303 3832 1344 esu-

2237 1366 2413 1438 rierit,
2445 1368 2618 1438 aperit
2637 1386 2722 1436 os,
2755 1380 2810 1426 et
2842 1372 3044 1428 bonum
3077 1376 3301 1430 odorem
3330 1377 3506 1432 reddit
3532 1395 3545 1432 :
3570 1378 3638 1434 ad
3665 1397 3828 1450 quem

2236 1461 2418 1514 caeteri
2452 1462 2628 1530 pisces
2657 1464 3012 1534 colliguntur.
3049 1466 3250 1522 Perdix
3307 1469 3481 1524 aliena
3533 1486 3634 1525 ova
3679 1473 3828 1528 cale-

2235 1552 2384 1618 facit,
2409 1556 2632 1624 perditis
2656 1557 2789 1610 suis.
2814 1557 2918 1612 Sed
2947 1573 3068 1613 cum
3097 1562 3374 1616 creverint
3397 1562 3556 1632 pulli,
3598 1580 3663 1620 ex
3699 1565 3827 1620 nido

2237 1643 2475 1711 evolant,
2506 1655 2562 1702 et
2587 1647 2654 1702 ad
2679 1661 2934 1718 parentes
2977 1665 3108 1706 suos
3143 1652 3394 1720 redeunt,
3427 1655 3712 1712 mentitum
3737 1673 3831 1728 pa-

2238 1742 2450 1789 rentem
2478 1737 2814 1793 omittentes.
2845 1740 3108 1796 Perdices
3134 1743 3235 1796 sibi
3265 1742 3615 1811 insidiantur,
3673 1760 3726 1803 et
3776 1749 3823 1804 si

539 1839 709 1880 annos
738 1825 805 1878 de
828 1824 1035 1878 Libano
1063 1825 1254 1894 implet
1289 1842 1346 1879 se
1373 1826 1724 1889 aromalibus,
1751 1835 1808 1882 et
1835 1829 1913 1881 sic
1949 1828 2129 1883 nidifi-
2157 1838 2205 1900 Β
2235 1825 2465 1882 afferant
2494 1828 2614 1883 illos
2638 1829 2704 1884 ad
2735 1831 2934 1886 silvam
2959 1834 3052 1902 qui
3084 1849 3177 1889 eos
3209 1835 3433 1904 habent,
3460 1853 3648 1894 vocem
3676 1841 3832 1895 entit-

531 1931 622 1976 cat
649 1931 671 1959 ο
700 1919 968 1974 sacerdoti
1003 1919 1396 1989 lleliopolitano
1428 1935 1618 1975 mense
1663 1921 1991 1989 FamenOth,
2036 1932 2130 1977 aut

537 1991 822 2065 Farmuth.
855 2009 1045 2079 Implet
1079 2025 1230 2065 aram
1274 2011 1529 2066 sacerdos
1581 2013 1898 2080 sarmentis,
1949 2022 2004 2068 et
2056 2015 2130 2071 ibi

543 2102 752 2159 confert
777 2102 997 2173 pbtenix
1037 2115 1301 2171 aromata,
1331 2114 1382 2158 cl
1417 2106 1678 2160 elecnum
1713 2121 1824 2160 arte
1873 2108 2123 2178 imponit.

533 2194 602 2250 Et
635 2196 812 2264 primo
842 2194 972 2250 solis
996 2205 1139 2262 ortu,
1177 2196 1399 2265 plicatiix
1429 2197 1648 2263 quidem
1679 2208 1862 2252 movet
1894 2215 2125 2268 pennas,

533 2287 664 2342 solis
697 2303 824 2342 vero
841 2287 1024 2343 calore
1049 2289 1370 2344 accenditur
1400 2289 1688 2355 electrum,
1717 2291 2126 2349 etsicexurun-

535 2387 623 2433 tur
672 2392 939 2445 aromata,
990 2389 1046 2435 et
1073 2381 1185 2449 ipsa
1219 2380 1438 2449 plumis
1483 2379 1810 2435 incenditur.
1875 2383 2128 2439 Crastino

535 2470 622 2526 die
646 2470 715 2526 de
744 2470 929 2527 cinere
956 2472 1197 2541 gignitur
1231 2470 1434 2526 vermis
1459 2487 1473 2524 :
1523 2473 1763 2526 secundo
1813 2489 2016 2541 pennas
2046 2475 2126 2529 ef-

536 2562 662 2631 fert,
688 2565 850 2618 tertio
873 2563 942 2616 ad
967 2563 1242 2630 antiquam
1273 2563 1414 2617 redit
1451 2574 1716 2632 naturam,
1753 2575 1807 2620 et
1829 2567 1906 2621 sic
1934 2567 2003 2621 ad
2029 2583 2127 2622 sua

531 2654 647 2710 loca
667 2656 978 2712 revertitur.
997 2656 1205 2726 Anguis
1233 2657 1449 2726 quando
1472 2657 1736 2724 senuerit,
1773 2661 1945 2729 perdit
1967 2677 2127 2732 aspe-

533 2759 678 2804 ctum
717 2767 730 2804 :
771 2759 825 2805 et
859 2751 906 2804 si
960 2750 1197 2805 voluerit
1232 2749 1412 2806 redire
1450 2751 1517 2806 ad
1563 2754 1929 2822 juventntem,
1979 2757 2125 2825 jeju-

534 2849 628 2894 nat
675 2840 1034 2910 quadraginta
1086 2840 1297 2909 diebus,
1361 2851 1418 2896 ut
1457 2843 1668 2898 laxetur
1698 2845 1853 2914 pellis
1879 2846 1997 2916 ejus
2029 2865 2039 2898 :
2072 2857 2128 2903 et

537 2933 618 2987 sic
649 2946 935 3004 angustum
966 2934 1205 2990 foramen
1239 2936 1484 3006 inquirit,
1516 2947 1573 2991 ut
1604 2937 1730 2993 dum
1759 2941 1944 2995 nititur
1974 2942 2125 2999 exire

530 3023 678 3092 inde,
707 3025 906 3094 pellem
928 3025 1226 3081 senectutis
1248 3026 1498 3081 dimittat.
1537 3027 1770 3084 Coluber
1814 3031 1880 3085 ad
1932 3032 2126 3088 biben-

528 3120 656 3174 dttm
682 3121 930 3187 veniens,
963 3122 1013 3175 in
1045 3137 1182 3192 aqua
1217 3137 1478 3177 venenum
1508 3122 1750 3190 deponit,
1778 3140 1846 3179 ne
1882 3141 2003 3179 eum
2025 3142 2120 3179 ve-

527 3228 728 3268 nenum
750 3227 887 3282 aqua
919 3223 1234 3268 concretum
1267 3214 1498 3268 occidat.
1529 3212 1553 3251 α
1600 3214 1811 3270 Nudum
1840 3217 2113 3274 imminent
2142 3226 2186 3289 ρ

527 3306 701 3371 timet,
735 3305 986 3360 vestitum
1028 3307 1392 3377 persequitur,
1434 3319 1597 3377 caput
1625 3318 1802 3365 tamen
1829 3325 1985 3364 suum
2023 3328 2116 3368 ce-

527 3396 602 3450 lat
652 3396 870 3467 quando
916 3399 1231 3466 percutitur,
1291 3398 1380 3453 uhi
1409 3399 1510 3453 scit
1538 3413 1658 3454 esse
1685 3409 1914 3455 mortem
1940 3416 2116 3458 suam.

524 3491 759 3563 Serpens
779 3491 996 3562 quidem
1031 3492 1075 3547 si
1104 3491 1271 3547 semel
1294 3492 1506 3546 calamo
1545 3493 1894 3561 percutiatur,
1946 3493 2116 3548 mori-

529 3593 617 3638 tur
649 3602 664 3638 :
697 3586 780 3641 sin
804 3602 932 3641 vero
953 3591 1148 3642 iterum
1177 3587 1530 3655 percutiatur,
1562 3575 1935 3644 confirmattir.
1983 3590 2141 3646 Bru-'

527 3677 652 3730 mali
684 3685 928 3745 tempore
961 3677 1220 3733 infirmior
1251 3679 1502 3746 efficitur,
1564 3691 1617 3734 et
1647 3697 1678 3734 a
1709 3682 1976 3739 soricibus
2025 3683 2120 3740 de-

526 3766 776 3820 vincitur.
809 3768 975 3838 lgitur
1000 3779 1125 3823 ante
1151 3769 1381 3825 hiemem
1408 3773 1554 3826 circa
1576 3787 1637 3827 se
1657 3774 1863 3843 colligit
1881 3785 2115 3847 segetes,

530 3866 587 3910 ut
637 3856 743 3911 illis
797 3873 980 3913 escam
1032 3861 1292 3928 praebeat.
1353 3860 1564 3932 Vipera:
1597 3878 1695 3932 per
1726 3881 1788 3919 os
1815 3865 2015 3920 coitum
2043 3869 2121 3920 fa-

524 3951 694 4011 ciunt,
725 3951 944 4005 masculi
972 3963 1198 4007 utortetn
1251 3965 1626 4017 contemnunt,
1675 3960 1769 4012 sed
1828 3958 2025 4014 femina
2057 3961 2114 4016 itt

526 4040 643 4110 ipso
671 4043 836 4106 coitu,
867 4043 981 4098 sive
1009 4059 1197 4113 magna
1223 4044 1506 4100 dulcedine
1534 4051 1826 4118 exagitata,
1873 4049 1991 4105 sive
2021 4051 2110 4106 fu-

525 4134 626 4188 turi
658 4134 881 4204 praescia
911 4137 1163 4204 periculi,
1202 4136 1328 4191 dum
1388 4140 1646 4195 absorbet
1696 4157 1905 4210 semen,
1953 4155 2116 4216 caput

520 4229 744 4283 masculi
764 4230 1057 4299 abscindit,
1083 4241 1137 4285 ct
1165 4247 1242 4288 StC
1273 4249 1394 4289 eum
1423 4236 1643 4290 occidit.
1697 4237 1804 4292 Sed
1830 4253 1953 4292 cum
1984 4256 2114 4294 con-

517 4325 744 4392 ceperit,
779 4323 986 4380 viscera
1022 4324 1166 4379 illius
1187 4326 1254 4379 ab
1281 4327 1412 4395 ipsis
1441 4345 1581 4397 quos
1610 4330 1882 4397 cunccpit,
1928 4347 2112 4388 come-

514 4413 734 4483 duntur,
771 4427 826 4471 et
868 4417 947 4471 sic
980 4428 1207 4473 matrem
1241 4420 1516 4475 occidunt.
1577 4420 1843 4478 Formica:
1883 4441 2004 4495 qua:
2030 4426 2108 4481 nil

510 4525 748 4584 portant,
773 4530 882 4570 non
913 4515 1132 4586 rapiunt
1161 4533 1326 4572 onera
1355 4534 1542 4574 earum
1576 4537 1696 4590 qua:
1730 4532 1976 4590 portant:
2005 4524 2101 4579 sed

511 4622 630 4662 cum
655 4609 1010 4677 deposuerint
1041 4612 1299 4677 triticum,
1350 4611 1594 4666 dividunt
1625 4629 1809 4681 grana,
1852 4616 2106 4673 timentes
2134 4608 2186 4669 1)

511 4719 578 4759 ne
604 4704 648 4758 si
682 4705 841 4760 fuerit
870 4706 1072 4774 pluvia,
1103 4707 1414 4762 florescant.
1449 4707 1651 4779 Vulpes
1707 4711 1754 4764 si
1782 4710 1880 4767 diu
1904 4714 2097 4782 esurit,

507 4797 716 4850 volutat
756 4812 816 4852 se
849 4798 903 4852 in
935 4800 1177 4868 pulvere,
1208 4808 1262 4855 et
1293 4799 1442 4871 fingit
1496 4816 1557 4857 se
1613 4815 1904 4858 mortuam.
1960 4806 2100 4876 Ergo

507 4890 738 4944 volatilia
766 4894 1013 4959 veniunt,
1044 4903 1098 4949 et
1118 4895 1243 4949 dum
1272 4896 1458 4950 volunt
1483 4897 1630 4951 illam
1659 4899 1971 4966 comedere,
2007 4915 2098 4955 co.

510 4980 815 5037 meduntnr.
875 4983 1167 5056 Vulpecula
1189 5003 1312 5043 cum
1342 4990 1614 5059 leporibus
1645 4989 1801 5058 ludit,
1843 5002 1897 5050 et
1928 4993 2006 5049 sic
2031 4992 2094 5048 il-

579 5196 604 5224 ο
637 5187 742 5263 Nos
773 5189 982 5254 istlnrc,
1011 5206 1129 5260 qum.
1153 5194 1404 5248 continua
1432 5195 1574 5249 serie
1598 5197 1970 5263 superioribus
1997 5215 2094 5254 an-

507 5262 863 5314 vertebantur
889 5265 1162 5335 runtniliil
1190 5274 1368 5317 tamen
1403 5267 1467 5318 ad
1501 5283 1559 5319 ea
1597 5271 1954 5335 pertinerent,
1981 5271 2094 5325 dis-

506 5334 788 5385 ll':l\illlllS.
829 5333 900 5412 lle
928 5333 1176 5412 l’elieano
1212 5335 1444 5389 fabulam
1475 5345 1686 5393 veteres
1708 5333 1950 5412 plerique
1979 5342 2093 5410 jac-

509 5404 1333 5459 tantetiamittert-tlihiliorem.
1708 5404 1725 5410 ’
1864 5404 1876 5412 ’
1980 5404 1995 5410 ⁷
2093 5415 2096 5424 ’

579 5474 603 5511 ι’
637 5475 810 5529 Verus
836 5475 1056 5529 llicron.
1093 5478 1144 5528 in
1177 5473 1453 5550 capri-sai.
1489 5495 1593 5532 se:
1628 5479 1816 5534 Crebro
1839 5482 2086 5550 dia‘intus,

506 5544 809 5612 Aquilurum
832 5555 1133 5599 senectutem
1155 5548 1459 5620 reviviscere
1480 5552 1760 5605 mutatione
1781 5544 2088 5620 pennarum;

508 5615 604 5688 llis
655 5627 829 5688 autem
880 5617 1436 5688 l’settdo-llteronymi
1492 5621 1638 5686 paria
1689 5615 1851 5679 habet
1899 5625 2089 5680 Eusta-

510 5683 655 5740 thius
685 5683 739 5736 in
772 5688 1107 5740 Ilexamerou
1133 5703 1186 5755 p.
1219 5688 1308 5754 27,
1329 5683 1389 5741 ut
1414 5683 1550 5745 alius
1576 5694 1838 5749 omittam.

585 5765 607 5792 ε
645 5755 1044 5830 finiendandus
1079 5758 1253 5830 locus,
1302 5761 1745 5830 supplendusque
1793 5769 1879 5818 ex'
1905 5775 2092 5822 vetere

509 5825 868 5897 Lugduneusi
902 5824 1154 5890 Editiouc
1179 5828 1276 5899 ita,
1310 5824 1464 5890 et'sic
1493 5824 1747 5904 ludiﬁcat.
1805 5833 1874 5892 Et
1899 5834 2094 5898 indicat

2236 1929 2354 1974 tunt
2378 1921 2652 1991 absconsi,
2681 1931 2736 1978 et
2764 1925 2842 1980 sic
2869 1927 3052 1982 caeteri
3081 1931 3330 1997 veniunt,
3389 1939 3445 1987 et
3473 1933 3677 1988 retibus
3729 1949 3818 1989 ca-

2234 2011 2454 2080 piuntur
2486 2029 2499 2065 :
2537 2014 2657 2083 plus
2682 2015 2913 2084 pedibus
2954 2034 3114 2088 qttam
3163 2021 3357 2090 pennis
3400 2022 3613 2094 fttgittttt
3663 2041 3829 2080 aucu-

2233 2113 2445 2171 pantes.
2497 2103 2566 2159 Et
2615 2104 2662 2159 si
2713 2107 2780 2160 ad
2805 2106 2907 2162 hoc
2941 2109 3104 2164 fuerit
3137 2121 3194 2165 ut
3231 2113 3539 2181 capiantur,
3591 2115 3828 2173 similent

2231 2193 2331 2248 sibi
2374 2195 2560 2251 colore
2609 2197 2844 2266 lapidem
2876 2213 3149 2270 quierunt,
3201 2215 3255 2259 et
3287 2206 3357 2260 ibi
3380 2222 3441 2262 se
3477 2209 3703 2280 supinos
3732 2227 3822 2280 po-

2232 2296 2384 2340 nunt.
2417 2287 2614 2343 Vultur
2642 2305 2762 2346 cum
2797 2296 3026 2363 empct‘it
3071 2313 3170 2351 ova
3225 2299 3410 2368 cdere,
3475 2304 3709 2370 primum
3762 2305 3829 2361 de

2234 2387 2374 2433 terra
2397 2379 2564 2436 ludite
2595 2391 2616 2418 ε
2641 2382 2952 2439 lnstintiutn
2979 2390 3168 2452 sumit,
3193 2399 3247 2444 et
3276 2400 3361 2445 est
3391 2405 3668 2462 tamquam
3698 2411 3825 2461 nux,

2230 2483 2284 2524 et
2315 2472 2462 2526 intus
2483 2475 2647 2530 habet
2673 2477 2876 2547 aliquid
2903 2481 3046 2550 quod
3079 2498 3348 2549 movetur,
3397 2496 3452 2540 et
3484 2503 3678 2541 sonum
3707 2490 3829 2543 red-

2229 2562 2329 2617 dit.
2363 2565 2476 2620 lloc
2506 2568 2607 2622 sibi
2639 2571 2864 2640 apponit
2893 2591 2906 2627 :
2932 2585 2982 2628 et
3011 2576 3211 2630 multos
3235 2579 3450 2648 quidem
3482 2581 3610 2635 facit
3641 2585 3822 2649 foetus,

2231 2673 2370 2714 unus
2403 2675 2536 2714 vero
2563 2674 2824 2719 remanet.
2853 2666 2987 2720 Nam
3013 2687 3134 2723 cum
3162 2687 3267 2724 non
3298 2670 3590 2728 ltabuerint
3615 2691 3820 2742 escam,

2230 2750 2533 2806 observant
2553 2769 2611 2809 se
2643 2757 2997 2827 dormientes,
3021 2773 3071 2815 et
3095 2763 3391 2817 comedunt
3410 2781 3468 2820 se
3492 2782 3665 2836 usque
3688 2769 3814 2823 dum

2229 2857 2370 2897 unus
2400 2858 2705 2902 remaneat.
2735 2850 3156 2922 Myrttticoleon,
3217 2859 3284 2910 ab
3333 2867 3459 2911 ante
3506 2859 3616 2926 leo,
3668 2870 3822 2917 retro

2226 2933 2474 3004 formica,
2500 2937 2568 2993 de
2591 2939 2798 2997 duabus
2829 2943 2958 2998 feris
2985 2947 3248 3002 nascitur.
3307 2948 3443 3004 Esca
3483 2967 3615 3006 vero
3650 2954 3825 3023 ipsius

2194 3027 2277 3104 .in
2313 3029 2504 3099 primis
2533 3043 2618 3087 est
2650 3033 2731 3090 lac
2758 3039 2970 3101 matris,
3012 3039 3062 3094 id
3088 3053 3193 3108 est,
3243 3041 3505 3098 formicas.
3566 3043 3824 3103 Nutritur

2225 3122 2368 3176 enim
2404 3131 2576 3177 mater
2607 3124 2880 3195 legumine
2903 3141 3173 3202 tamquam
3206 3132 3452 3189 fOrmECa.

2327 3233 2645 3292 MONITUM
2697 3237 2762 3292 ΙΝ
2813 3241 3198 3299 EPISTULAM
3255 3246 3704 3312 SEQUENTEM.

2293 3326 2663 3414 Cotpt'ontinem
2683 3331 2804 3387 huic
2834 3335 3022 3389 librum
3046 3341 3253 3414 scripsit
3299 3338 3351 3392 Ν
3357 3342 3644 3408 oratianus,
3675 3347 3820 3414 quod

2220 3413 2284 3450 ea:
2311 3399 2778 3488 eaiqlogo'constttt
2802 3422 2820 3459 :
2854 3423 2945 3460 nec
2975 3425 3133 3479 porro
3154 3399 3368 3478 defuere
3422 3399 3702 3488 quin/tunc,
3736 3418 3818 3488 ip-

2218 3484 2342 3550 sum.
2367 3468 2665 3550 Novatiano
2690 3468 2992 3550 tribuerent,
3034 3468 3350 3550 quamquam
3379 3468 3480 3535 non
3506 3468 3822 3541 illaniclurrm

2220 3538 2394 3603 modo,
2420 3543 2510 3594 sed
2521 3553 2581 3613 et
2609 3544 2818 3601 Ariona:
2844 3538 3097 3605 haereseos
3122 3538 3312 3606 mentio
3342 3564 3604 3611 occurrat.
3651 3556 3821 3613 Eras-

2219 3625 2334 3691 inus
2359 3613 2434 3700 ait
2463 3628 2483 3668 :
2509 3612 2575 3668 Ut
2602 3615 2958 3700 librant/tunc
2988 3623 3314 3700 [auaritia
3336 3695 3348 3700 Δ
3369 3642 3480 3700 non
3513 3627 3814 3700 indignum,

2221 3682 2292 3733 ita
2321 3684 2508 3752 stylus,
2539 3697 2590 3737 ιιι
2617 3687 2750 3742 nihil
2772 3695 2837 3743 sit
2864 3682 3032 3757 aliud,
3052 3695 3428 3750 evidentissime
3447 3682 3680 3752 declarat
3709 3682 3816 3755 noti

2218 3769 2327 3806 esse
2352 3757 2602 3835 scriptum
2644 3758 2724 3835 ab,
2761 3759 3098 3835 llieroiiyitto.
3147 3765 3428 3835 Inscriptio
3474 3769 3703 3823 variabat
3760 3773 3818 3826 in

2218 3826 2655 3905 exemplaribus:
2708 3832 2759 3905 in
2796 3826 3075 3905 aliisferat
3133 3826 3330 3890 titulus
3355 3839 3419 3892 ad
3475 3839 3812 3905 Terentiam,

2219 3894 2270 3978 inn
2294 3897 2413 3978 aliis
2442 3899 2506 3950 ad
2531 3898 2872 3978 'fltcrasiam.
2907 3903 3107 3959 Deinde
3131 3908 3186 3961 in
3223 3913 3338 3978 ipso
3377 3909 3634 3966 volumine
3663 3894 3817 3968 nulla

2219 3967 2556 4052 ﬁtttllinsrei
2609 3979 2992 4052 mentio,__qtttr
3043 3967 3290 4045 pri-(ineat
3332 3981 3418 4052 vel
3456 3982 3524 4033 ad
3562 3999 3676 4036 eum
3725 3967 3819 4052 qui

2218 4039 2440 4120 scripsit.
2468 4041 2544 4120 vel
2571 4042 2640 4094 ad
2663 4059 2744 4120 eos
2766 4039 2950 4120 quibus
2983 4039 3191 4118 scripsit
3217 4067 3234 4104 :
3258 4068 3368 4102 cum
3401 4051 3706 4120 Itujustnodi
3728 4039 3814 4108 so-

2218 4107 2320 4189 lrat
2345 4107 2794 4195 (ttlntiscere'flivns
2824 4107 3189 4188 Hieroni/nine,
3226 4107 3510 4192 prwserliin
3533 4126 3584 4176 in
3611 4126 3814 4195 princi-

2216 4181 2300 4260 pio
2329 4183 2453 4260 etin
2475 4183 2596 4250 ﬁne.
2622 4183 2891 4241 Pastremo
2917 4181 3040 4242 cuni
3058 4192 3121 4245 sit
3141 4181 3348 4260 justum
3374 4181 3633 4257 ralnmen',
3669 4208 3715 4249 et
3748 4201 3814 4251 de

2217 4251 2398 4304 celebri
2443 4267 2786 4334 arguntento,_
2825 4272 2994 4312 tanien
3029 4251 3284 4334 nusquam
3315 4266 3504 4318 citutur
3525 4265 3588 4318 ab
3617 4267 3812 4320 Πίστω-

2216 4337 2385 4388 nymo,
2419 4329 2504 4388 qui
2530 4336 2699 4378 tamen
2727 4328 2806 4380 illi
2829 4345 2937 4383 mos
2969 4341 3038 4384 est
3071 4328 3368 4388 tn'cwteris.
3393 4335 3693 4391 Siexslaret
3725 4343 3810 4393 itt-

2216 4395 2904 4471 (feroperumTertulliani,
2945 4405 3180 4471 fortassis
3233 4408 3362 4458 inter
3390 4407 3531 4460 illius
3562 4410 3810 4463 lucubra-

2216 4465 2375 4544 tiones
2402 4467 2742 4537 reperiretur,-
2785 4488 2906 4524 nam
2945 4465 3157 4544 "phrasis
3186 4477 3249 4532 ab
3271 4478 3413 4532 illius
3439 4495 3675 4535 sermone
3700 4499 3811 4537 non

2215 4533 2472 4592 abhorret;

2732 4633 3069 4694 EPISTULA
3124 4640 3272 4698 XIX.

2671 4727 2750 4782 De
2775 4746 2893 4784 vera
2922 4733 3328 4789 circumcisione.

2279 4816 2323 4872 Ι.
2358 4816 2654 4887 Superiore
2692 4823 2920 4891 epistola
2949 4840 3108 4895 quam
3141 4844 3209 4882 ex
3235 4843 3323 4883 tite
3347 4830 3680 4886 consultatio
3711 4847 3810 4889 ve-

2206 4920 2315 4964 stra
2345 4910 2704 4981 deprompsit,
2733 4924 2971 4984 quamet
2997 4918 3062 4971 ad
3085 4926 3233 4973 tuum
3256 4928 3308 4975 et
3327 4921 3534 4998 sororis
3562 4931 3666 4976 tum
3698 4939 3808 4979 no-

2206 5015 2328 5056 men
2350 5001 2492 5070 misi,
2518 5004 2781 5062 rati'onent
2808 5008 3239 5068 circuutcisionis
3262 5013 3448 5083 rapide
3473 5017 3806 5086 trauscurri,

2203 5209 2482 5274 sacerdoti,
2511 5222 2617 5268 etc.

2270 5276 2295 5315 ά
2327 5279 2515 5366 Ιοῑιίςπ.
2545 5287 2580 5339 Ι.
2618 5299 2714 5338 xu.
2743 5283 2949 5366 origin.
2985 5302 3051 5348 ο..
3142 5305 3159 5344 :
3209 5289 3419 5366 Fertur
3442 5303 3616 5347 autem
3657 5298 3807 5366 quod

2198 5364 2405 5432 serpens
2421 5353 2682 5432 hominem
2711 5353 2908 5432 nudant
2931 5375 3033 5411 non
3057 5363 3121 5414 sit
3144 5379 3300 5415 ausus
3326 5363 3594 5432 attingere.

2271 5429 2294 5494 ἐ
2323 5422 2519 5494 [Cadent
2555 5429 2665 5478 fere
2693 5427 2759 5480 ad
2797 5427 3018 5483 verbum
3053 5432 3119 5486 de
3145 5433 3353 5485 vulture
3381 5422 3542 5488 traiiit
3596 5435 3804 5494 Eusta-

2202 5489 2345 5575 titius
2378 5491 2428 5544 in
2463 5494 2847 5575 llexatnerou:
2893 5502 2984 5568 qui
3040 5518 3144 5556 non
3196 5501 3494 5556 Instintinm
3556 5505 3801 5575 lapidem

2199 5561 2350 5643 illum
2375 5575 2549 5643 vocat,
2577 5568 2670 5620 sed
2703 5561 2942 5634 εὐτοκίοῦ,
2997 5587 3063 5627 ex
3094 5589 3162 5627 eo
3184 5575 3327 5640 quod
3360 5585 3541 5642 partus
3585 5561 3803 5643 prorno-

2193 5641 2295 5711 vel.
2327 5633 2431 5686 Alii
2453 5640 2730 5718 fixus-6259?
2762 5642 3036 5718 appellant
3069 5660 3081 5696 :
3130 5633 3218 5718 qui
3252 5633 3385 5718 lapis
3430 5633 3637 5708 ἀετὶτῆς
3684 5633 3796 5718 est,

2195 5703 2314 5755 sive
2342 5705 2626 5782 ατῃιξζὲηιιδ.
2655 5703 2998 5782 ιΙὶηίξῖιίιίιΙίη]
3031 5729 3126 5782 pro
3148 5703 3487 5778 'lnsliittt'nm,
3519 5703 3668 5781 quod
3699 5703 3800 5772 litt-,-

2196 5787 2320 5828 men
2349 5776 2614 5908 nihitlest,
2647 5790 2742 5839 aut
2768 5776 3065 5856 Eutocinni,
3090 5795 3182 5842 aut
3215 5776 3516 5855 Ocytoriunt
3539 5776 3632 5844 hic
3655 5806 3799 5860 quo-

2196 5859 2302 5908 (lue
2323 5861 2492 5907 rescrt
2536 5863 2572 5908 t.

2195 5859 2302 5915 que
2323 5859 2572 5908 rescribi.
