4030 6292
230 335 334 394 189

1043 339 1378 399 EPISTOLA
1417 341 1564 400 XIX.
1603 340 1698 400 DE
1736 333 1923 400 VERA
1960 339 2514 413 CIRCUMCISIONE.

3418 355 3525 415 180

225 457 489 529 quoniam
520 455 833 527 procinctus
873 454 1090 512 itineris
1143 457 1271 525 mei,
1331 458 1384 513 in
1423 473 1531 527 quo
1577 455 1821 512 confecta
1849 455 1904 520 Α
1930 459 2225 526 promissa?
2247 479 2311 517 ea:
2333 467 2517 536 quibus
2544 467 2696 524 etiam
2726 476 2801 525 est
2833 467 3072 526 Christus
3099 472 3382 528 secundum
3401 488 3519 526 car-

227 557 334 612 est,
368 565 474 602 non
505 549 679 604 solum
711 547 761 602 ei
785 547 972 602 limam
999 548 1208 614 nitoris,
1243 564 1428 605 verum
1485 549 1650 605 etiam
1703 566 1823 620 per-

225 639 726 709 fectionemoperis
766 639 982 707 invidit,
1042 642 1164 696 licet
1215 659 1303 698 me
1349 656 1400 699 et
1450 644 1537 698 illa
1580 655 1827 700 terreant

227 747 350 802 qute
377 731 652 786 limantur.
681 731 836 800 Quod
858 733 901 788 si
935 749 1042 786 non
1071 733 1281 800 placent
1332 736 1515 803 polita,
1567 735 1827 791 formidat

228 827 446 880 animus
469 828 713 899 cogitare
744 827 875 897 quid
916 827 1106 896 judicii
1158 839 1471 884 mereantur
1525 827 1775 884 informia
1810 848 1822 885 :

223 934 551 991 quamquam
575 935 675 990 ego
708 921 855 974 illam
890 938 996 974 non
1022 921 1085 975 ad
1113 921 1361 990 judieum
1400 923 1680 989 subsellia,
1729 921 1822 978 sed

221 1014 292 1068 ad
346 1013 641 1068 faventium
689 1013 822 1068 mihi
875 1031 1133 1069 coronam
1201 1017 1502 1071 transmisi.
1582 1017 1824 1087 Denique

223 1120 349 1159 mea
373 1106 642 1160 sententia
677 1122 782 1160 non
816 1106 1104 1176 prodisset,
1139 1107 1242 1160 nisi
1279 1107 1470 1162 fuisset
1510 1123 1605 1176 per
1636 1124 1730 1161 vos
1752 1109 1820 1164 dc

220 1208 446 1252 secreto
474 1197 834 1261 verecundia‘,
866 1197 1014 1252 velut
1046 1213 1206 1250 manu
1252 1198 1486 1267 quadam
1537 1197 1818 1253 charitatis

220 1287 441 1344 educta.
503 1289 609 1344 Sed
653 1294 908 1358 quoniam
961 1289 1071 1359 jam
1127 1290 1274 1344 illam
1305 1289 1590 1345 meliorem
1639 1293 1816 1348 lacere

222 1396 332 1436 non
366 1396 608 1449 possum,
641 1383 838 1448 placuit
865 1381 1017 1446 mihi,
1055 1391 1112 1436 ut
1141 1382 1309 1436 semel
1347 1383 1602 1437 emissum
1659 1400 1813 1451 repe-

222 1482 343 1526 tens
365 1469 510 1540 apud
543 1480 593 1524 te
623 1472 846 1526 verbum
873 1481 1247 1536 retractarent,
1274 1475 1426 1543 cujus
1462 1477 1812 1532 conversatio

217 1562 651 1618 circumcisionis
673 1572 759 1618 est
802 1565 1201 1635 interpretatio,
1254 1577 1310 1621 et
1342 1568 1450 1622 vita
1485 1570 1649 1623 totius
1679 1569 1814 1641 legis

219 1659 516 1714 enarratio.
556 1661 633 1713 Ex
655 1674 719 1714 co
744 1660 1015 1729 siquidem
1047 1663 1127 1716 lex
1157 1662 1366 1718 videtur
1396 1664 1649 1730 obscura,
1679 1681 1814 1735 quo-

219 1751 360 1804 niam
393 1767 551 1806 rarus
577 1752 626 1804 in
655 1766 761 1820 quo
783 1753 1118 1820 conspicitur
1145 1755 1366 1808 exisut:
1397 1755 1490 1810 Dei
1518 1756 1661 1809 enim
1690 1773 1812 1810 ver-

216 1845 342 1901 bum
388 1844 495 1899 vita
547 1854 670 1909 est,
717 1855 773 1900 et
825 1861 924 1900 nos
981 1847 1140 1902 aliter
1198 1849 1428 1904 vivendo
1485 1865 1649 1920 quant
1704 1850 1808 1906 vita
1839 1833 1893 1896 Β

216 1943 349 2001 est,
399 1936 622 1990 verbum
683 1935 795 1998 Dei,
825 1936 1052 1992 facituus
1105 1938 1422 1995 obscurum.
1484 1941 1638 2008 Quod
1672 1942 1714 1996 si
1745 1957 1809 1997 ea

213 2029 325 2082 vita
371 2043 490 2097 quae
539 2028 710 2082 solum
761 2028 870 2081 vita
927 2039 1009 2084 cst
1066 2029 1366 2086 viveremus
1398 2073 1414 2097 ,
1461 2032 1811 2090 enarratione

213 2121 348 2192 legis
380 2122 496 2190 cjus
525 2137 658 2190 opus
691 2137 794 2175 non
819 2129 956 2182 erat.
995 2137 1155 2193 quam
1202 2122 1417 2178 facilius
1458 2133 1577 2179 erat
1625 2124 1810 2180 videre

213 2228 373 2284 quam
409 2213 555 2282 loqui
594 2231 604 2265 :
639 2213 1079 2284 quandoquidem
1132 2233 1234 2269 non
1264 2217 1317 2269 in
1345 2233 1581 2271 sermone
1626 2227 1699 2272 est
1730 2235 1809 2272 rc-

213 2323 372 2379 gnum
397 2303 515 2371 Dei,
549 2308 642 2362 sed
657 2309 708 2360 in
733 2308 915 2363 virtute
937 2309 979 2380 (1
1005 2307 1123 2365 Cor.
1149 2326 1221 2375 tv,
1251 2311 1365 2382 20).
1398 2311 1566 2366 Nobis
1590 2327 1720 2382 ergo
1741 2329 1805 2368 ex

216 2403 515 2459 abundanti
548 2405 675 2460 licet
705 2406 845 2476 apud
878 2415 927 2461 te
957 2407 1280 2472 dissertare,
1338 2409 1482 2479 quod
1518 2409 1809 2467 didicimus

214 2495 268 2550 in
300 2505 377 2562 te,
413 2496 505 2550 tibi
531 2496 766 2565 prodere
807 2497 949 2568 quod
985 2498 1143 2554 nobis
1175 2501 1281 2554 vita
1304 2508 1390 2554 tua
1421 2501 1693 2570 priestitit,
1739 2517 1809 2558 ne

212 2586 694 2642 essetohswtunt.
741 2588 843 2643 Sed
893 2589 1020 2660 quid
1073 2605 1270 2644 novum
1323 2590 1617 2662 loquimur,
1643 2592 1688 2648 si
1716 2603 1810 2648 aut

215 2687 273 2732 tu
299 2679 441 2748 quod
471 2679 706 2735 locuturi
731 2695 917 2736 sontus
963 2681 1066 2736 hoc
1113 2682 1272 2750 vivis,
1321 2694 1413 2738 aut
1465 2685 1508 2738 si
1566 2685 1703 2755 apud
1755 2693 1809 2740 te

220 2772 366 2843 quod
397 2773 450 2827 in
479 2782 530 2828 te
555 2773 848 2830 didicimus
877 2774 980 2830 hoc
1010 2774 1282 2846 loquimur
1315 2792 1328 2830 :
1359 2791 1482 2832 cum
1514 2784 1568 2832 et
1597 2791 1808 2832 memor

209 2879 397 2920 eorum
425 2881 548 2936 qua:
583 2867 828 2922 meminit
854 2870 1056 2922 monita
1085 2883 1188 2922 non
1217 2875 1445 2940 quaerat,
1504 2878 1559 2924 ct
1614 2867 1806 2924 doctus

207 2972 320 3010 non
351 2973 413 3012 ea
447 2973 568 3028 qure
594 2960 703 3028 jam
731 2960 894 3014 callet
916 2960 1148 3031 inquirat
1178 2961 1201 3015 ?

281 3053 348 3109 ll.
391 3053 472 3110 Tu
521 3054 769 3126 quidem,
821 3055 928 3110 tilia
973 3055 1347 3119 dilecdssima,
1391 3054 1808 3111 circumcisione

207 3144 349 3200 vivis
381 3163 392 3200 :
420 3145 550 3200 inihi
584 3156 759 3201 tamen
791 3149 1126 3218 propositum
1157 3157 1242 3201 est
1271 3145 1396 3202 illud
1429 3154 1605 3201 tecum
1639 3145 1804 3218 loqui,

1928 571 2074 619 nem,
2117 558 2208 628 qui
2251 569 2325 614 est
2370 559 2662 618 benedictus
2707 565 2760 618 in
2784 565 2997 619 arcula.
3031 563 3184 620 Absit
3215 581 3373 634 ergo,
3407 575 3458 620 ut
3491 580 3520 621 a

1927 651 2124 720 quibus
2150 651 2314 707 etiam
2347 653 2514 708 (ilium
2549 656 2842 711 secundum
2873 657 3143 711 hominem
3168 658 3332 711 voluit
3362 659 3512 725 oriri,

1927 742 2009 796 eis
2050 757 2154 797 non
2204 743 2359 813 plena
2393 745 2606 800 ratione
2654 748 2914 802 Conderet
2961 757 3358 802 testamentum.
3409 747 3514 803 Sed

1929 834 2184 900 quoniam
2217 845 2325 890 tam
2365 837 2649 892 evidenter
2678 847 2890 894 constat
2932 839 3108 892 omnia
3139 839 3384 892 ordinata
3428 853 3522 904 ιρι·

1928 925 2098 982 Deum
2133 929 2286 996 plena
2315 944 2439 984 esse
2468 933 2720 993 rationis,
2752 944 2804 985 ut
2837 941 3112 987 assertorc
3149 947 3253 984 non
3284 941 3474 1001 egeant
3501 946 3516 990 ;

1926 1020 2202 1074 valeamus
2249 1021 2390 1076 unde
2436 1023 2663 1092 digressi
2695 1003 2905 1089 sumus,
2948 1039 3065 1094 quae
3107 1038 3267 1078 causa
3314 1033 3421 1086 est,
3464 1034 3522 1079 ut

1923 1125 2042 1166 eam
2075 1122 2280 1181 partem
2312 1116 2580 1183 corporis,
2609 1131 2728 1184 qua:
2753 1117 3017 1170 secretior
3046 1126 3098 1170 et
3130 1116 3396 1169 occultior
3417 1125 3520 1181 est,

1919 1214 2011 1257 aut
2036 1220 2155 1258 eam
2185 1221 2308 1275 qua:
2336 1223 2363 1257 a
2398 1206 2602 1261 Grrccis
2632 1213 2804 1280 φύσις.
2839 1223 2867 1260 a
2901 1209 3059 1262 nobis
3088 1208 3286 1263 dicitur
3309 1219 3514 1275 natura,

1917 1295 1982 1348 ad
2015 1296 2515 1352 circumcidendum
2547 1298 2808 1351 Dominus
2851 1297 3082 1367 elegerit
3130 1314 3146 1354 :
3185 1299 3275 1369 qui
3333 1299 3520 1368 Utique

1916 1386 1985 1440 oh
2015 1387 2224 1456 signum
2269 1403 2375 1458 quo
2402 1389 2618 1443 volebat
2652 1389 2882 1443 faniulos
2914 1405 3042 1443 suos
3075 1391 3126 1444 in
3155 1391 3391 1445 Abraha:
3431 1407 3519 1446 se-

1915 1482 2060 1535 mine
2087 1484 2322 1549 censeri,
2359 1481 2408 1536 id
2444 1483 2706 1550 pomisset
2730 1482 2953 1552 eligere,
2977 1482 3118 1552 quod
3149 1483 3202 1536 in
3227 1486 3517 1552 prepatulo

1915 1578 2151 1642 positum
2182 1575 2251 1628 ab
2281 1575 2533 1629 omnibus
2561 1586 2879 1630 cerneretur
2900 1616 2915 1640 ,
2960 1588 3011 1630 et
3043 1575 3151 1629 alio
3180 1578 3399 1630 nomine
3423 1593 3520 1629 vo-

1913 1675 2166 1722 caretur:
2201 1666 2288 1722 ubi
2330 1681 2429 1723 nec
2460 1667 2512 1722 iu
2555 1666 2711 1738 signo
2757 1666 3089 1735 obscuritas,
3126 1683 3224 1722 nec
3268 1668 3516 1722 conlusio

1915 1769 2056 1812 esset
2083 1761 2135 1812 in
2169 1760 2409 1814 nomine.

1989 1851 2075 1906 lll.
2118 1852 2223 1906 Sed
2269 1866 2500 1922 utraque
2544 1853 2723 1923 imago
2756 1851 3021 1908 rationem
3051 1851 3233 1906 habuit
3280 1849 3513 1922 gemina:

1915 1944 2162 1999 veritatis
2191 1961 2204 1998 :
2237 1959 2397 2014 quam
2424 1944 2548 1998 dum
2583 1944 2773 2012 loquar
2804 1943 3056 2013 impende
3087 1945 3421 2013 patientiant,
3457 1951 3515 1996 ut

1913 2053 2036 2108 qua:
2073 2036 2547 2091 circumcisioncm
2581 2036 2725 2089 illam
2761 2037 2812 2089 iu
2842 2037 2948 2089 vita
2979 2046 3064 2088 tua
3094 2051 3198 2088 non
3231 2050 3351 2090 esse
3388 2051 3508 2089 cre-

1911 2129 2110 2199 debas,
2145 2145 2291 2184 nunc
2320 2129 2483 2183 vitam
2517 2139 2664 2183 tuam
2703 2129 2754 2182 in
2789 2128 2880 2181 illa
2929 2127 3342 2180 circumcisione
3381 2141 3506 2179 cor.-

1912 2220 2131 2291 spicias.
2168 2224 2244 2275 Ac
2270 2221 2503 2291 printum
2534 2221 2600 2274 de
2631 2219 2914 2275 secretiori
2941 2228 3092 2290 parte
3115 2220 3361 2288 corporis
3386 2217 3514 2287 quid

1913 2313 2199 2383 ﬁgurabat,
2225 2312 2470 2368 adverte.
2496 2311 2629 2368 Illud
2660 2313 2778 2366 sine
2808 2311 2972 2366 dubio
2999 2311 3140 2380 quod
3171 2309 3511 2380 postmodum

1912 2407 2176 2461 Dominus
2222 2406 2581 2471 monstravit,
2634 2420 2702 2459 ne
2740 2403 3005 2473 justitiam
3039 2411 3279 2457 nostram
3330 2415 3511 2456 coram

1911 2498 2220 2554 hominibus
2249 2496 2576 2562 faceremus,
2605 2497 2702 2553 sed
2731 2497 2785 2552 in
2818 2499 3032 2551 occulto
3062 2511 3246 2551 coram
3277 2511 3344 2550 eo
3369 2493 3507 2562 solo,

1909 2592 1994 2646 cui
2021 2592 2122 2648 soli
2153 2591 2286 2647 nihil
2321 2594 2593 2648 occultum
2623 2601 2739 2658 est,
2768 2601 2821 2646 et
2851 2607 3007 2663 quem
3039 2592 3212 2645 solum
3252 2604 3510 2644 remune-

1910 2694 2146 2738 ratorem
2176 2683 2445 2739 bonorum
2483 2685 2732 2738 novimus
2770 2698 2892 2738 esse
2934 2684 3215 2737 laetorum.
3250 2681 3383 2736 Nam
3418 2677 3510 2735 hic

1910 2786 2095 2829 nosu'a
2135 2775 2480 2830 circumcisio
2519 2790 2622 2828 non
2655 2774 2917 2830 videtur:
2960 2773 3213 2841 quoniam
3261 2772 3506 2826 stultitia:

1908 2868 2177 2924 velamine
2203 2869 2353 2923 velut.
2381 2876 2532 2924 veste
2577 2866 2775 2938 tegitur
2804 2865 3061 2921 mundiali
3100 2881 3114 2920 :
3147 2864 3258 2920 Nec
3302 2881 3433 2919 sane
3473 2879 3504 2918 a

1911 2961 2072 3017 nobis
2104 2977 2436 3034 magnopere
2463 2960 2880 3016 desiderandum
2922 2970 3035 3027 est,
3077 2970 3132 3013 ut
3176 2958 3510 3028 contempla-

1913 3055 2049 3111 tioni
2073 3056 2316 3111 omnium
2345 3055 2690 3111 circumcisio
2721 3065 2910 3126 aperte
2933 3053 3229 3123 suhjaceat,
3262 3069 3328 3107 ne
3363 3067 3507 3106 mer-

1911 3165 2000 3205 ces
2030 3150 2210 3219 operis
2248 3164 2386 3220 pene
2421 3165 2517 3204 eos
2547 3150 2648 3213 sit,
2679 3164 2813 3219 quos
2841 3148 3089 3201 volumus
3123 3145 3263 3200 hanc
3295 3143 3505 3206 videre,

205 3254 381 3312 quare
411 3255 516 3294 non
569 3241 620 3295 in
657 3240 850 3311 digito,
900 3256 1009 3296 non
1058 3241 1108 3294 in
1137 3255 1299 3306 aure,
1345 3238 1519 3294 aliave
1558 3239 1806 3308 corporis
1833 3216 1884 3284 (ἶ
1913 3243 2122 3298 dicente
2154 3242 2380 3297 Dotnino
2406 3259 2420 3298 :
2453 3241 2617 3296 Amen
2644 3241 2761 3294 dico
2788 3240 2949 3304 vobis,
2983 3245 3284 3306 receperunt
3311 3251 3506 3288 mercc-

203 3339 366 3404 parte
410 3331 502 3385 liat
539 3325 890 3387 circumcisio
932 3331 1268 3396 Judmorum,
1299 3347 1420 3402 quae
1462 3331 1647 3401 utique
1688 3329 1808 3386 sine

201 3425 424 3480 ratione
451 3425 569 3480 esse
601 3425 896 3494 diceretur,
931 3427 972 3478 si
1001 3441 1032 3478 a
1063 3425 1176 3480 Deo
1220 3426 1436 3481 inventa
1484 3441 1588 3482 non
1637 3433 1804 3480 esset.

199 3515 353 3572 Nihil
393 3516 536 3571 enim
569 3515 688 3572 sine
719 3516 927 3572 ratione
955 3517 1012 3570 tit
1043 3532 1139 3588 per
1165 3517 1330 3573 Deum
1362 3533 1375 3571 :
1410 3515 1538 3572 nihil
1567 3517 1802 3583 casibus,

201 3619 264 3663 ut
295 3618 485 3678 gentes
514 3609 826 3678 loquuntur,
860 3608 1116 3673 fortuitis,
1148 3610 1277 3664 nihil
1310 3609 1543 3680 denique
1576 3608 1805 3663 fortuna:

202 3701 259 3756 in
293 3702 389 3754 illo
421 3702 708 3755 temeritati
737 3701 885 3755 licet.
917 3699 1020 3769 ipsi
1053 3701 1193 3755 enim
1218 3704 1344 3756 creei
1367 3711 1512 3767 sunt,
1541 3701 1631 3772 qui
1657 3701 1802 3755 illam

199 3805 396 3867 putant
437 3793 639 3850 habere
669 3793 875 3864 aliquid
923 3795 1221 3862 potestatis.
1269 3795 1414 3850 Deus
1459 3801 1660 3859 autem,
1711 3792 1800 3862 qui

197 3890 324 3958 ipse
355 3886 491 3940 ratio
518 3897 622 3949 est,
675 3897 728 3938 ut
773 3885 902 3939 nihil
949 3901 1054 3939 non
1082 3885 1236 3956 plena
1275 3887 1481 3940 ratione
1510 3882 1798 3938 formavit:

193 3981 275 4035 ita
312 3978 444 4032 nihil
476 3979 543 4032 ah
568 3977 792 4033 homine
816 3979 930 4033 lieri
963 3979 1080 4033 sine
1113 3979 1320 4033 ratione
1345 3976 1641 4031 mandavit.
1670 3977 1799 4029 Nam

193 4074 243 4128 si
281 4073 552 4127 elementa
595 4088 716 4140 qum
744 4073 1017 4128 cernimus
1050 4081 1192 4126 tanta
1227 4072 1436 4127 ratione
1465 4071 1711 4140 digessit,
1745 4078 1804 4124 ut

195 4176 345 4220 terra
379 4164 496 4218 lucc
518 4173 684 4231 esset,
709 4179 1044 4234 superquam
1073 4163 1281 4232 reliqua
1311 4173 1680 4228 moverentur,
1701 4161 1802 4216 im-

189 4257 457 4326 mobilis,
499 4267 554 4310 ut
583 4271 842 4325 aquarum
871 4273 1020 4312 vena:
1060 4257 1339 4313 altioribus
1368 4255 1639 4310 montibus
1671 4268 1802 4308 cou-

189 4351 504 4413 derentur,
551 4365 580 4402 a
631 4348 826 4418 quibus
875 4359 989 4402 orta
1038 4348 1256 4404 ﬂun‘iina
1309 4348 1433 4402 dum
1489 4363 1582 4416 per
1631 4346 1798 4401 multa

191 4443 380 4514 Spatia
429 4442 726 4497 decurrunt
777 4442 909 4510 late,
959 4442 1179 4511 potandi
1232 4457 1388 4495 usum
1437 4456 1533 4511 per
1579 4456 1795 4495 omnem

194 4547 435 4591 tractum
485 4549 679 4590 cursus
737 4535 820 4590 sui
870 4534 1235 4590 animantibus
1290 4533 1612 4589 exhiberent
1664 4553 1677 4589 :
1739 4542 1796 4588 ut

1911 3334 2024 3389 dem
2053 3351 2202 3388 suam
2235 3333 2452 3406 (Matth.
2479 3348 2554 3396 vt,
2582 3331 2641 3403 ‘2)
2676 3349 2690 3387 :
2724 3334 2818 3387 sed
2855 3332 2922 3384 ita
2951 3330 3216 3397 modeste,
3251 3327 3319 3381 ita
3353 3341 3506 3380 vere-

1908 3427 2083 3483 Cunde
2113 3426 2359 3480 habenda
2391 3434 2494 3494 est,
2528 3434 2584 3479 et
2607 3424 2836 3478 velanda
2862 3423 3012 3491 juxta
3038 3436 3156 3474 eam
3191 3418 3502 3488 imaginem,

1907 3536 2064 3588 quam
2091 3517 2475 3574 abundantiori
2500 3517 2708 3572 honore
2732 3515 3012 3581 vestimus,
3041 3511 3358 3568 utvidcutcs
3382 3526 3501 3565 eam

1909 3629 2014 3668 non
2049 3612 2296 3677 videant,
2343 3611 2437 3666 sed
2473 3622 2780 3681 qumrentcs
2828 3608 3194 3678 rimantesque
3225 3607 3371 3661 intus
3403 3620 3501 3660 nos

1902 3705 2061 3773 juxta
2094 3703 2451 3773 Apostolum,
2493 3717 2629 3772 quos
2667 3701 2760 3756 sed
2775 3708 2992 3758 uctorcs
3023 3707 3242 3770 putant,
3276 3711 3498 3751 veraces

1905 3813 2029 3852 esse
2061 3795 2365 3851 fateantur:
2400 3811 2536 3866 quos
2567 3793 2696 3849 nihil
2747 3793 2947 3849 habere
2975 3791 3288 3849 credebant.
3315 3790 3495 3843 omnia

1909 3889 2190 3960 possidere
2211 3898 2545 3958 cognoscant
2580 3904 2594 3942 :
2628 3903 2762 3958 quos
2787 3885 2923 3940 mori
2949 3885 3288 3956 judicabant,
3315 3885 3498 3938 vivere

1906 3983 1957 4036 in
1988 3992 2252 4036 aaternum
2301 3987 2566 4058 testentur
2597 3977 2636 4048 (1
2669 3978 2789 4032 Cor.
2823 3993 2896 4044 vt,
2929 3976 3005 4048 il).
3039 3976 3162 4031 llaec
3201 3985 3284 4031 est
3325 3976 3495 4047 gloria

1903 4071 2336 4129 circumcisionis
2366 4073 2593 4126 occulta:
2628 4091 2640 4124 :
2677 4072 2792 4125 lucc
2825 4075 2994 4141 partis
3023 4068 3344 4124 \‘Cl‘CCtltltim
3389 4070 3496 4122 illis

1902 4166 1967 4221 ad
1993 4165 2313 4232 videndum,
2341 4166 2496 4220 nobis
2521 4165 2572 4220 in
2598 4175 2789 4220 nostro
2816 4180 3176 4234 corporenon
3202 4160 3452 4216 verende
3480 4178 3493 4215 :

1902 4260 2006 4314 hoc
2035 4259 2402 4315 testimonium
2440 4258 2731 4329 gloriosum
2759 4274 2881 4314 cum
2905 4257 3160 4314 conversi
3191 4269 3374 4309 amare
3401 4271 3496 4311 cu-

1901 4355 2088 4422 piunt,
2123 4368 2258 4423 qniis
2288 4353 2469 4408 odisse
2511 4353 2839 4425 gaudebant.
2876 4351 3025 4408 L'nde
3075 4368 3179 4406 non
3226 4351 3278 4404 in
3326 4363 3495 4403 carne

1901 4446 2111 4516 palam,
2141 4444 2237 4500 sed
2276 4446 2328 4500 in
2365 4446 2577 4501 occulto
2608 4445 2789 4501 cordis
2829 4444 3003 4500 Judaei
3048 4460 3168 4500 esse
3207 4442 3490 4507 debemus,

1902 4555 2009 4593 non
2037 4537 2234 4600 littera,
2261 4537 2353 4593 scd
2399 4539 2613 4608 spiritu.
2644 4536 2778 4593 Nam
2813 4537 2995 4593 littera
3034 4534 3208 4590 oculis
3249 4533 3493 4602 subiacet

192 4629 375 4700 ipsum
402 4642 554 4682 mare
584 4627 735 4696 aquis
759 4625 1113 4682 inﬂuentibus
1145 4639 1250 4679 non
1282 4634 1582 4690 excrescat,
1607 4625 1702 4680 sed
1734 4634 1792 4680 ut
1818 4610 1875 4672 Ῑ)
1898 4633 2101 4687 nostris
2135 4648 2150 4685 :
2181 4632 2404 4702 Spiritus
2437 4633 2593 4686 nobis
2625 4631 2906 4687 carnalem
2940 4627 3136 4696 refugit
3160 4635 3438 4697 aspectum
3474 4641 3488 4680 :

181 4721 352 4776 .velut
380 4729 572 4776 venter
611 4719 828 4791 quidam
867 4721 1086 4775 laticum
1116 4735 1284 4790 aquas
1318 4721 1467 4775 sitire
1498 4720 1742 4774 videatur
1775 4737 1788 4774 :

190 4829 265 4870 ne
299 4813 383 4868 vel
417 4813 654 4868 fontibus
681 4814 732 4867 in
760 4823 1024 4868 aeternum
1055 4812 1422 4880 manantibus,
1450 4814 1531 4868 vel
1557 4812 1792 4869 Πυιηὶιιίο

188 4909 297 4964 bus
330 4909 448 4962 sine
474 4908 580 4963 line
611 4907 957 4962 currentibus
980 4953 994 4976 ,
1024 4907 1104 4960 vel
1139 4907 1337 4976 pluviis
1373 4907 1594 4963 assidue
1629 4923 1791 4963 ruens

192 5005 376 5067 tibus,
412 5014 672 5074 perpetuo
713 5011 853 5058 terra
905 5002 1110 5056 diluvio
1154 5009 1466 5072 tegeretur:
1503 5010 1558 5056 ut
1590 5002 1785 5057 cazlum

190 5109 395 5171 przcttr
421 5098 811 5169 plenitudinem
859 5097 1002 5152 illant
1044 5095 1183 5152 lucis
1229 5095 1281 5151 in
1331 5097 1466 5161 sole,
1513 5095 1789 5151 nocturnis

186 5194 352 5248 etiam
386 5191 657 5247 sideribus
695 5192 956 5256 radiaret,
1000 5205 1067 5246 ne
1114 5189 1256 5259 quod
1303 5198 1514 5257 tempus
1560 5203 1789 5258 egenum

188 5284 412 5341 luminis
445 5283 789 5338 haberemus.
823 5282 879 5338 Si
916 5298 1046 5352 ergo
1080 5283 1193 5335 lucc
1223 5280 1552 5347 transitoria,
1587 5291 1645 5335 ttt
1677 5281 1791 5352 ipse

183 5378 260 5432 ait
291 5394 306 5434 :
338 5377 530 5431 Cretum
551 5385 600 5430 et
631 5386 768 5429 terra
800 5375 1092 5429 transibunt
1122 5374 1336 5445 (Matth.
1375 5390 1530 5442 xxrv,
1563 5375 1680 5446 55),
1710 5378 1789 5430 sic

182 5471 450 5541 sapientia
484 5469 799 5539 descripsit,
842 5477 900 5523 ut
943 5469 1105 5524 aliter
1134 5483 1196 5522 ea
1229 5483 1334 5522 non
1385 5469 1623 5538 potuisse
1666 5482 1786 5522 esse

181 5565 517 5631 credamus;
570 5562 695 5632 quid
747 5562 994 5616 homines
1046 5562 1228 5632 ipsos,
1282 5576 1380 5630 pro
1426 5561 1620 5632 quibus
1670 5562 1785 5615 haec

179 5671 328 5712 nunc
359 5656 433 5710 ita
464 5653 812 5721 exotigitavit,
839 5652 1128 5719 ordinavit,
1157 5653 1406 5720 instituit,
1440 5653 1555 5708 sine
1577 5652 1784 5708 ratione

176 5747 325 5803 (orte
354 5746 540 5802 vivere
565 5743 812 5814 permisit
840 5761 854 5801 ;
883 5759 1106 5815 quorum
1127 5742 1337 5814 adeptio
1359 5752 1432 5798 est
1461 5742 1714 5815 ﬁliorum,
1738 5753 1783 5798 et

175 5837 376 5914 gloria,
411 5848 459 5895 ct
486 5834 531 5894 Τ
532 5842 898 5906 estaiitentum,
922 5844 969 5892 et
995 5834 1277 5908 Ieyislatio,
1306 5845 1352 5891 et
1383 5834 1702 5908 obsequium,
1735 5844 1784 5892 et

1899 4738 1955 4780 ut
1984 4726 2099 4782 laus
2125 4725 2279 4795 juxta
2310 4726 2629 4794 Apostolnm
2667 4741 2730 4780 ex
2766 4724 2911 4787 Deo,
2946 4737 3052 4776 non
3082 4736 3147 4775 ex
3182 4717 3492 4773 hominibus

1895 4818 2207 4889 acquiratur
2234 4837 2246 4874 :
2280 4833 2566 4874 vereamur
2594 4827 2774 4873 autem
2804 4815 2996 4872 audire
3025 4830 3053 4868 a
3089 4813 3352 4867 Domino:
3385 4811 3492 4867 Po-

1893 4910 2045 4981 pulus
2069 4909 2152 4962 hic
2176 4908 2330 4963 labiis
2357 4925 2434 4962 nte
2455 4909 2698 4974 honorat,
2721 4925 2812 4962 cor
2838 4916 3012 4960 autem
3040 4921 3215 4959 earum
3248 4905 3399 4978 longe
3417 4916 3492 4959 est

1892 5019 1923 5057 a
1946 5019 2025 5055 me
2047 5001 2266 5071 (.llatth.
2303 5018 2390 5066 xv,
2421 5003 2501 5071 8).
2531 5004 2692 5057 Juxta
2723 5002 2873 5056 illum
2895 5001 2986 5070 qui
3013 4999 3157 5070 quod
3183 5001 3489 5070 pertinebat

1891 5093 1959 5147 ad
1987 5092 2150 5156 labia,
2184 5092 2502 5160 magistrum
2533 5094 2733 5148 bonum
2765 5091 2831 5147 de
2865 5092 3004 5146 bono
3043 5094 3367 5161 quresiturus
3395 5111 3491 5166 ap-

1891 5184 2060 5256 pellat
2100 5197 2114 5235 :
2153 5181 2240 5235 cui
2271 5191 2424 5237 vetus
2457 5183 2566 5248 lex,
2602 5183 2651 5238 id
2700 5193 2811 5249 est,
2861 5184 3099 5240 carnalis
3143 5184 3490 5240 circumcisio

1896 5276 2040 5331 velut
2083 5275 2134 5328 in
2164 5272 2455 5344 superficie
2487 5277 2659 5346 posita
2693 5278 2953 5332 recitatur
2974 5320 2988 5346 ,
3040 5295 3203 5348 quant
3243 5294 3301 5333 se
3333 5292 3484 5332 com-

1893 5369 2069 5438 plesse
2103 5376 2356 5436 testatus,
2390 5369 2479 5424 ubi
2522 5369 2664 5439 quod
2694 5368 2759 5423 ad
2805 5370 3277 5426 circumeisionem
3308 5367 3489 5423 cordis

1893 5462 2196 5532 pertinebat
2242 5459 2447 5515 audivit
2482 5479 2494 5515 :
2539 5459 2712 5515 Vende
2753 5463 2923 5516 omnia
2953 5479 3068 5534 qua:
3099 5462 3280 5528 habet,
3313 5470 3362 5513 et
3407 5476 3488 5514 se-

1888 5571 2044 5624 quere
2085 5572 2162 5607 me
2193 5553 2407 5622 (Matth.
2442 5569 2562 5618 ιιι,
2593 5553 2688 5624 21)
2726 5571 2738 5607 ;
2770 5555 2944 5609 tristis
2989 5553 3282 5618 abscessit,
3321 5553 3485 5608 miser

1889 5662 2139 5719 prorsus,
2171 5646 2261 5715 qui
2291 5647 2446 5716 sequi
2469 5647 2642 5702 noluit
2669 5662 2828 5717 quem
2861 5649 3060 5703 bonum
3093 5647 3351 5718 ignorare
3373 5664 3482 5705 non

1887 5740 2084 5814 potuit.
2117 5737 2352 5794 Interius
2379 5753 2508 5811 ergo
2539 5738 2671 5794 illud
2693 5750 2776 5795 est
2798 5740 3136 5813 signaculum
3168 5742 3489 5814 praetigura«-

1888 5847 2028 5906 tum,
2056 5831 2202 5907 quod
2235 5830 2290 5893 in
2317 5831 2583 5895 invisibili
2604 5842 2789 5895 mente
2820 5844 3002 5896 nostra
3021 5871 3040 5906 ,
3074 5835 3141 5898 ab
3169 5834 3265 5896 illo
3296 5834 3480 5895 invisi-
