4030 6316
490 594 735 659 audiret,
765 592 860 649 sed
891 607 1016 647 eum
1049 606 1080 646 a
1121 606 1230 658 quo
1258 592 1577 648 crederetur
1596 589 1899 645 attendere.
1933 588 2087 644 Oculi

490 688 637 743 enim
679 684 890 739 Domini
923 701 1079 756 super
1106 688 1283 757 justas
1305 682 1531 752 (Psalm.
1574 697 1766 746 χχχιιι,
1801 679 1915 753 16).
1946 681 1989 736 si
2019 680 2086 735 ad

486 778 752 850 justitiam
784 776 950 832 corde
979 777 1260 832 credatur.
1292 776 1492 831 Verum
1525 782 1707 829 autem
1732 788 1833 828 nos
1861 770 2088 827 credere

493 880 604 926 toto
650 869 817 925 corde
863 869 1180 935 mentimur,
1230 869 1274 923 si
1326 868 1394 922 ab
1439 866 1754 922 hominibus
1794 862 2089 934 accipimus

490 964 776 1019 honorem.
810 960 1121 1033 Accipimus
1154 960 1297 1017 enim
1333 960 1404 1013 ab
1447 957 1761 1013 hominibus
1803 955 2087 1018 honorem,

491 1056 536 1110 si
586 1054 961 1124 eleentosyttas
1016 1060 1230 1107 nostras
1287 1052 1411 1106 tuba
1471 1050 1670 1121 pepulo
1735 1048 2087 1119 prmdicatura

495 1147 796 1217 praecedat,
827 1160 961 1217 quas
994 1160 1091 1200 nec
1121 1161 1217 1215 per
1244 1143 1480 1199 cilicium
1516 1141 1857 1197 ministrandi
1902 1140 2094 1195 dexte-

492 1255 605 1295 ram
634 1254 756 1294 cum
784 1237 1003 1293 sinislra
1031 1236 1431 1293 communicare
1455 1248 1772 1290 concessum
1803 1242 1905 1287 est.
1934 1231 2095 1286 Aeci-

492 1334 671 1403 pimos
702 1332 770 1387 ab
816 1330 1121 1386 hominibus
1158 1330 1451 1392 honorem,
1489 1329 1533 1381 si
1580 1327 1785 1397 jejnnia
1828 1336 2010 1381 nostra
2039 1334 2094 1382 et

492 1423 821 1478 abstinentia
859 1422 1133 1485 ciborum,
1168 1419 1351 1491 populi
1395 1417 1567 1473 oculis
1605 1417 1824 1473 fractior
1854 1417 2094 1473 mentita

497 1515 828 1571 infirmitatis
875 1513 1220 1568 commendet
1269 1514 1541 1577 incessus,
1588 1522 1641 1568 et
1680 1510 1920 1568 favorem
1952 1510 2094 1582 vulgi

500 1605 643 1662 tristi
690 1607 836 1660 vultu
882 1605 1173 1660 advocatus
1219 1605 1389 1675 pallor
1426 1605 1672 1675 acquirat
1717 1620 1733 1660 :
1776 1604 1822 1660 si
1850 1619 1981 1660 vero
2027 1602 2096 1658 ad

498 1703 726 1758 formam
755 1702 957 1757 lzetitize
982 1701 1164 1756 voltus
1193 1708 1407 1756 erectus
1427 1743 1442 1768 ,
1477 1698 1713 1754 lavacris
1748 1699 1908 1755 etiam
1949 1713 2099 1754 sere-

502 1804 704 1851 natur:
735 1795 781 1850 si
825 1802 989 1864 caput
1023 1793 1091 1848 ad
1124 1792 1411 1864 imaginem
1453 1790 1767 1848 festivitatis
1803 1791 2097 1863 inungitur,

1530 380 1590 438 S.
1632 377 2015 440 lllERONYMl
2051 374 2339 438 OPERUM
2377 376 2779 440 MANTISSA.’

482 500 580 558 bili
609 506 800 558 nostro
830 499 944 556 Deo
972 497 1211 566 videtur,
1244 506 1305 555 ut
1334 513 1442 555 non
1466 513 1587 555 eum
1617 513 1645 552 a
1673 513 1780 569 quo
1802 498 2083 553 invocetur
2107 493 2160 555 Δ
2187 496 2288 553 lius
2317 494 2419 553 Dei
2460 496 2561 553 vivi
2601 495 2826 570 (Matth.
2852 512 2970 565 xvi,
3003 496 3094 570 16)

3686 382 3813 442 192

3148 513 3161 551 :
3210 498 3482 556 exclamat
3529 498 3811 557 Dominus

2192 589 2433 658 beatum,
2463 590 2547 645 cui
2573 603 2681 645 non
2702 604 2830 646 caro
2858 590 3000 646 istud
3029 591 3324 648 revelasset
3353 600 3407 648 et
3427 594 3675 664 sanguis,
3698 594 3808 650 sed

2192 680 2352 736 Pater
2374 681 2492 752 ejus
2518 683 2609 753 qui
2636 682 2860 739 essetin
2891 684 3065 741 caelis.
3098 683 3251 740 Tunc
3279 694 3333 741 et
3357 685 3549 742 Petrus
3568 698 3807 743 vocatur

2190 787 2221 826 a
2251 772 2444 841 Petra,
2480 782 2761 844 postquam
2804 775 3120 845 angularem
3147 776 3295 832 illam
3341 786 3552 847 petram
3586 780 3807 849 primus

2191 869 2433 934 agnovit.
2486 864 2648 922 Jubet
2698 876 2878 923 tamen
2923 878 3044 937 post
3091 869 3287 926 multas
3350 869 3582 927 donatas
3631 873 3806 929 Petro

2191 954 2601 1013 benedictiones
2628 957 3003 1029 potentiasque
3030 958 3266 1028 virtutis,
3302 975 3371 1016 ne
3400 962 3524 1032 quis
3555 962 3804 1032 discipu-

2192 1046 2366 1103 lorum
2397 1049 2625 1117 diceret,
2668 1049 2811 1121 quod
2842 1049 2958 1123 ipse
2987 1061 3133 1108 esset
3160 1050 3434 1108 Christus.
3464 1053 3597 1110 Mira
3625 1056 3803 1120 ratio,

2193 1154 2300 1193 non
2333 1140 2450 1194 vult
2483 1140 2768 1209 praedicari
2811 1142 2953 1212 quod
2999 1143 3199 1213 gaudet
3237 1144 3463 1217 intelligi
3509 1164 3525 1201 :
3572 1149 3804 1218 agnosci

2194 1241 2361 1298 amat,
2394 1243 2449 1289 et
2476 1233 2592 1288 odit
2622 1234 2834 1291 ostendi
2876 1253 2891 1291 :
2941 1235 3019 1292 sic
3047 1238 3362 1309 mysterium
3408 1238 3646 1295 obtecta:
3691 1241 3806 1295 cir-

2193 1325 2544 1381 cumeisionis
2566 1342 2850 1384 exercens.
2879 1327 3011 1383 Nam
3045 1330 3251 1385 mavult
3276 1345 3335 1386 se
3361 1331 3642 1387 inventum
3674 1347 3806 1389 esse

2195 1434 2354 1489 quam
2382 1420 2685 1489 proditum,
2716 1430 2774 1475 ut
2804 1422 2976 1478 virtus
3007 1438 3102 1478 sua
3144 1423 3327 1494 illum,
3360 1441 3465 1480 non
3495 1429 3649 1481 favor
3680 1443 3807 1481 ma-

2197 1511 2478 1567 nifeslaret
2514 1512 2724 1568 alienos
2754 1530 2768 1567 :
2797 1528 3126 1586 quamquam
3176 1518 3230 1571 in
3274 1516 3375 1572 hoc
3422 1527 3706 1590 praecepto
3749 1530 3806 1575 et

2196 1601 2342 1657 aliud
2394 1603 2773 1673 intelligentiae
2819 1620 2991 1675 genus
3032 1617 3300 1664 occurrat.
3330 1608 3487 1665 Vetat
3538 1612 3807 1669 Dominus

2198 1692 2302 1748 hoc
2324 1693 2466 1750 unde
2487 1694 2709 1751 Petrum
2734 1695 3047 1753 laudaverat
3074 1699 3377 1770 prazdicare
3403 1718 3417 1754 :
3442 1701 3811 1760 offendendos

2201 1789 2408 1859 utique,
2437 1789 2482 1843 si
2515 1800 2703 1847 contra
2734 1792 3067 1849 voluntatem
3115 1795 3236 1866 ejus
3266 1795 3411 1867 quod
3451 1797 3649 1856 Petrus
3679 1814 3811 1856 set.-

502 1895 565 1943 ut
597 1887 699 1943 soli
731 1887 841 1942 Deo
872 1886 1073 1956 jejunia
1103 1896 1289 1941 nostra
1331 1885 1800 1949 commendantes,
1832 1885 2098 1954 possimus
2127 1874 2176 1937 B
2200 1890 2349 1936 serat
2396 1881 2735 1953 faterentur,
2782 1886 3039 1955 quoniam
3088 1889 3133 1941 si
3183 1888 3490 1945 facultatem
3542 1890 3809 1962 loquendi

502 1981 687 2036 dicere
716 1998 728 2033 :
764 1979 1075 2034 Voluntarie
1091 1978 1446 2047 sacriﬁcanto:
1473 1977 1587 2043 tibi,
1616 1975 1837 2031 Domine
1865 1974 2096 2039 (Psalm.

503 2088 615 2137 LIII,
646 2072 729 2141 8).
762 2070 942 2137 Vides,
976 2069 1106 2134 filia,
1140 2086 1333 2140 nempe
1366 2068 1512 2141 quod
1543 2068 1696 2129 vivis.
1730 2078 1782 2124 et
1808 2082 2101 2123 conversa-

504 2168 707 2223 tionem
737 2174 884 2219 toam
917 2173 1142 2218 secretae
1170 2163 1317 2218 illius
1346 2162 1776 2218 circumeisionis
1805 2161 2054 2232 agnoscis
2083 2178 2099 2217 :

505 2260 636 2316 foris
665 2274 831 2331 egena
851 2303 865 2328 ,
898 2258 1043 2315 intus
1075 2259 1222 2329 larga
1256 2274 1268 2311 :
1302 2255 1433 2311 foris
1461 2255 1581 2312 sine
1626 2255 1776 2325 lege,
1809 2254 1955 2309 intus
1997 2254 2102 2309 sub

507 2352 628 2423 lege
672 2369 686 2406 :
730 2350 917 2422 pepuli
968 2350 1139 2406 oculis
1188 2348 1461 2420 publicum
1502 2348 1723 2404 vitando
1768 2347 2099 2414 convivium,

509 2458 823 2502 vocatorum
862 2458 1024 2501 sensu
1069 2454 1249 2499 autem
1288 2441 1647 2513 Evangelista:
1686 2440 1941 2496 soeiando
1982 2453 2101 2497 me-

507 2537 695 2593 ritum.

586 2631 676 2688 lV.
717 2629 825 2688 Sed
867 2628 934 2684 ad
973 2643 1157 2682 veram
1190 2625 1359 2697 ipsam
1394 2626 1559 2682 vitam
1602 2625 1892 2698 aliquando
1921 2625 2104 2682 venia-

509 2736 650 2785 mus,
685 2719 736 2778 id
766 2727 871 2786 est,
894 2718 960 2773 ad
995 2718 1278 2774 Dominum
1303 2726 1547 2773 nostrum
1576 2716 1762 2773 Jesum
1784 2716 2059 2773 Christum
2086 2735 2101 2774 :

511 2814 792 2869 videamus
818 2828 884 2867 au
931 2812 1039 2869 tale
1086 2812 1285 2883 aliquid
1316 2812 1502 2867 docuit
1539 2822 1596 2868 et
1642 2811 1796 2880 fecit,
1847 2813 2103 2881 quoniam

509 2906 651 2979 quod
671 2908 860 2978 factum
882 2915 956 2959 est
981 2906 1035 2958 in
1058 2905 1149 2959 illo
1172 2905 1275 2958 vita
1296 2914 1405 2959 erat
1427 2902 1673 2977 (Joau.’t,
1702 2905 1756 2975 4)
1791 2922 1807 2960 :
1838 2903 1885 2960 si
1913 2913 1969 2961 et
1988 2905 2106 2975 ipse

510 2997 981 3054 circumcisionem
1011 2998 1177 3053 veluti
1212 2997 1262 3052 in
1292 2998 1505 3054 occulta
1526 3006 1680 3069 parte
1703 2998 1949 3068 corporis
1972 3012 2103 3069 ope—

510 3100 691 3159 ratus,
724 3090 894 3144 voluit
921 3089 990 3144 ab
1018 3089 1352 3154 hominibus,
1404 3097 1459 3145 et
1484 3105 1546 3145 ea
1582 3105 1703 3162 quae
1742 3090 2002 3158 faciebat,
2050 3097 2106 3146 et

511 3182 600 3238 ille
647 3182 768 3254 quis
810 3192 953 3238 esset
997 3182 1238 3252 agnosci.
1272 3183 1351 3239 Ac
1390 3182 1619 3253 primum
1666 3194 1784 3252 post
1823 3183 2100 3240 caelestem

509 3275 657 3331 illam
684 3275 985 3330 doctrinam
1010 3273 1078 3329 de
1100 3284 1282 3329 monte
1308 3273 1670 3339 descendens,
1694 3273 2018 3343 populorum
2041 3289 2102 3330 se

511 3368 896 3423 admirantium
948 3366 1179 3437 stipatus
1226 3366 1564 3437 agminibus,
1618 3365 1816 3436 Ieprosi
1866 3365 2104 3422 hominis

510 3460 701 3514 sordes
734 3460 1045 3514 emaculans
1068 3458 1286 3529 (Matth.
1320 3474 1437 3527 vut,
1475 3460 1564 3530 1),
1597 3474 1694 3529 pro
1719 3459 1908 3515 salutis
1940 3467 2103 3515 tanta!

508 3551 805 3619 beneficio,
848 3567 955 3607 non
991 3552 1204 3607 laudem
1226 3592 1242 3619 ,
1276 3567 1382 3607 non
1418 3551 1795 3608 celebritatem
1826 3552 2102 3609 communi

509 3644 787 3699 hominum
826 3660 978 3699 more
1016 3645 1294 3701 desiderat
1324 3662 1337 3698 :
1364 3644 1458 3700 sed
1503 3645 1606 3701 sibi
1648 3646 1752 3701 soli
1800 3645 1925 3716 quid
1956 3655 2103 3703 esset

507 3738 789 3802 Conscius,
837 3738 1102 3807 majorum
1154 3753 1261 3793 non
1308 3738 1511 3809 indiget
1560 3739 1888 3796 testimonio.
1938 3740 2103 3796 Jttbet

508 3827 659 3882 illuni
687 3832 886 3884 nemini
920 3846 1146 3885 narrare
1168 3846 1317 3884 suam
1343 3833 1596 3886 virtutem
1626 3851 1637 3886 :
1666 3844 1935 3888 secretum
1965 3849 2100 3905 quo.

508 3938 613 3992 que
642 3923 839 3978 divinae
862 3923 1177 3993 Majestatis,
1200 3926 1340 3994 quod
1366 3928 1681 3996 mysterium
1707 3926 2098 3982 lncaruatiouis

510 4017 750 4072 occuluit
773 4058 786 4080 ,
828 4017 897 4073 ab
926 4032 993 4073 eo
1032 4018 1124 4089 qui
1153 4029 1377 4074 sanatos
1422 4018 1629 4087 fuerat,
1663 4022 1771 4076 vult
1803 4022 1952 4077 sileri
1985 4042 1998 4079 :
2032 4037 2098 4077 ne

506 4112 732 4182 gloriam
778 4113 928 4182 quasi
980 4113 1143 4166 homo
1193 4128 1438 4184 qumrere
1465 4114 1767 4181 videretur,
1797 4130 1957 4185 quam
1988 4115 2097 4171 alio

507 4219 659 4260 more
687 4215 741 4258 et
763 4206 988 4278 mystica
1010 4205 1219 4261 ratione
1240 4206 1501 4275 suscepit.
1525 4206 1656 4262 Nam
1683 4216 1737 4261 ιιι
1765 4222 1824 4261 se
1845 4206 2097 4263 ostendat

504 4298 799 4366 sacerdoti,
831 4310 885 4353 ct
916 4313 1112 4354 munus
1144 4300 1254 4356 Deo
1285 4300 1512 4365 offerat,
1546 4301 1832 4370 imperavit
1864 4318 1875 4354 :
1908 4312 1962 4357 et
1996 4303 2097 4358 hoc

504 4405 731 4457 munus,
763 4390 906 4461 quod
940 4393 1195 4463 pra'Ccpit
1226 4394 1439 4465 Moyses
1467 4395 1520 4448 in
1555 4395 1923 4450 testimonium
1962 4396 2093 4464 illis,

504 4492 562 4535 ut
600 4482 727 4536 dum
758 4490 903 4539 tacet
940 4483 1082 4554 quod
1122 4486 1274 4556 quasi
1311 4484 1456 4540 filios
1504 4485 1739 4542 hominis
1784 4487 2091 4559 imperavit,

501 4573 637 4644 legis
669 4576 846 4644 potius
887 4576 1137 4631 mandata
1181 4593 1343 4649 quam
1376 4579 1545 4649 Moysi
1587 4581 1726 4634 Deus
1766 4580 1881 4649 ipse
1922 4580 2092 4649 dedit,

500 4666 701 4722 efficiat
730 4685 741 4720 :
777 4676 832 4722 ut
861 4678 912 4723 et
942 4668 1067 4722 dum
1096 4669 1373 4724 hominem
1413 4686 1570 4739 quem
1605 4670 1656 4724 in
1697 4686 1860 4726 carne
1890 4674 2096 4729 viderat

508 4758 733 4816 laudare
761 4762 1119 4832 prohibetur,
1156 4763 1322 4818 Deum
1367 4773 1545 4818 tamen
1589 4764 1641 4819 in
1676 4764 1915 4820 moneris
1944 4766 2094 4821 obla-

502 4852 647 4907 tione
675 4854 1006 4925 tnagnificct.
1031 4854 1123 4911 Sic
1143 4855 1313 4927 gloria
1349 4854 1442 4910 lilii
1475 4855 1711 4911 hominis
1740 4873 1859 4926 qum
1890 4873 1987 4927 per
2010 4857 2096 4928 ja-

503 4960 667 4999 uuam
714 4947 1061 5016 prohibetur,
1107 4964 1205 5018 per
1243 4962 1303 5005 se
1348 4957 1564 5004 uterum
1607 4951 1817 5005 videtur
1867 4951 2093 5016 intrare,

502 5035 629 5091 dum
660 5053 764 5093 non
793 5039 976 5112 [Mart.
1010 5040 1162 5113 vero]
1203 5042 1355 5113 quasi
1395 5041 1554 5096 homo
1584 5044 1963 5113 prmdieandns
1989 5056 2093 5110 est,

398 5136 405 5139 '
501 5129 586 5184 cui
626 5138 684 5184 ut
729 5129 843 5187 Deo
874 5140 998 5186 sunt
1036 5133 1379 5188 curationum
1407 5143 1529 5189 vota
1562 5135 1813 5191 solvenda
1850 5154 1860 5189 :
1900 5152 2002 5192 me
2043 5139 2093 5192 itt

500 5222 801 5293 platearum
829 5224 1040 5294 angulis
1069 5226 1360 5282 carnaliter
1382 5227 1769 5295 celebrandos,
1819 5230 1907 5298 qui
1940 5229 2097 5297 spiri-

504 5314 722 5369 tualiter
764 5316 838 5369 sit
883 5315 1191 5371 adorandus
1229 5319 1279 5372 in
1332 5319 1532 5388 templo
1562 5335 1575 5371 :
1604 5329 1661 5372 ιιι
1705 5318 1752 5375 si
1792 5322 2093 5375 secundum

503 5411 778 5467 hominem
813 5411 884 5466 nil
919 5412 1182 5479 requirit,
1230 5413 1527 5468 secundum
1563 5415 1729 5470 Deum
1772 5415 1969 5470 divinat
1996 5416 2097 5471 vir-

502 5508 631 5560 tutis
674 5504 899 5577 gloriam
945 5514 1336 5575 promereatur.
1384 5505 1547 5562 Addit
1596 5506 1721 5562 huic
1766 5508 1990 5575 similia,
2041 5519 2099 5563 ut

503 5597 703 5652 veritas
748 5598 1087 5669 locopletiori
1132 5598 1445 5653 testimonio
1494 5592 1791 5655 fulciretur.
1825 5600 2028 5666 Qnazrit
2066 5615 2097 5655 a

507 5684 787 5756 discipulis
814 5691 937 5760 quis
964 5688 1223 5744 habeatur
1247 5691 1299 5745 in
1333 5689 1531 5758 populo
1562 5690 1807 5762 egregios
1842 5706 1852 5743 :
1888 5690 1967 5745 illi
2001 5704 2098 5744 no-

507 5779 714 5834 minant
746 5782 1057 5848 prophetas.
1088 5782 1225 5846 Quid
1254 5783 1355 5852 ipsi
1397 5784 1631 5840 sentiant
1654 5826 1668 5848 ,
1700 5781 1966 5837 sollicitus
1992 5799 2095 5836 cx-

506 5870 662 5929 ctitit.
690 5869 786 5931 Cui
813 5870 1005 5929 beatus
1035 5873 1229 5934 Petrus
1260 5892 1274 5935 ι
1305 5870 1383 5932 Tu
1411 5887 1483 5948 es,
1516 5873 1715 5948 inquit,
1741 5872 1977 5931 Christus
2001 5871 2101 5931 Fls

2126 4631 2174 4691 D

2203 1972 2447 2029 tribuere
2478 1974 2761 2047 voluisset,
2793 1980 3075 2035 excusatio
3102 1981 3367 2051 proditori
3415 1983 3809 2054 prmdestinata

2202 2064 2491 2122 videbatur
2520 2085 2534 2122 :
2562 2077 2883 2141 poteratque
2930 2072 3150 2137 dicere.
3183 2075 3483 2145 permisisti
3515 2078 3673 2135 nobis
3717 2078 3807 2133 di—

2202 2156 2426 2227 scipulis
2456 2159 2596 2225 tuis,
2630 2168 2691 2214 ut
2721 2168 2774 2217 te
2800 2162 3053 2219 omnibus
3086 2165 3466 2235 panderemus,
3496 2184 3600 2224 nec
3628 2168 3812 2241 impu-

2204 2248 2427 2305 tandum
2469 2251 2605 2307 mihi
2637 2260 2754 2319 est,
2796 2254 2842 2310 si
2873 2254 2982 2311 alio
3008 2255 3075 2312 ad
3121 2266 3174 2314 te
3204 2258 3400 2330 aliquis
3443 2261 3628 2318 animo
3652 2264 3814 2320 venit

2202 2356 2365 2411 quam
2412 2357 2515 2414 ego
2558 2353 2610 2400 te
2657 2354 2779 2401 tuus
2826 2346 3075 2405 laudator
3102 2353 3340 2408 ostendi.
3388 2352 3498 2409 Sed
3544 2357 3810 2426 quoniam

2202 2433 2462 2506 quidquid
2498 2436 2824 2505 prohibetur
2854 2439 3096 2496 illicitum
3128 2452 3213 2500 est
3247 2461 3260 2498 :
3293 2460 3325 2499 a
3352 2445 3504 2502 nullo
3539 2462 3599 2503 se
3633 2449 3816 2505 voluit

2202 2523 2364 2596 digne
2389 2526 2653 2583 celebrari
2696 2529 2824 2585 dum
2852 2546 2880 2585 a
2909 2532 3047 2588 Juda
3085 2534 3408 2605 proderetur
3439 2537 3679 2610 indigne.
3707 2538 3812 2595 Ju-

2202 2616 2295 2672 bet
2340 2634 2471 2691 ergo
2514 2620 2799 2691 discipulis
2843 2640 2911 2679 ne
2949 2629 3036 2681 cui
3085 2626 3309 2696 dicant,
3359 2630 3504 2701 quod
3552 2632 3669 2701 ipse
3718 2640 3816 2688 est

2203 2709 2472 2768 Christus.
2501 2714 2701 2771 Tendit
2729 2718 2998 2774 sententia
3028 2720 3386 2779 interdictalis
3416 2723 3469 2779 in
3499 2723 3719 2792 Jodam,
3752 2737 3813 2782 et

2205 2804 2494 2873 praevisum
2517 2805 2730 2878 jugulat
2773 2809 3100 2879 proditorem
3121 2854 3137 2880 ,
3185 2812 3307 2882 ipso
3336 2814 3504 2869 verbo
3537 2818 3811 2886 przecepti

2206 2897 2545 2967 majestatem
2574 2901 2817 2973 signans,
2850 2918 2970 2975 qua:
2997 2913 3116 2960 erat
3139 2904 3471 2976 designanda
3500 2916 3809 2977 praecepto.

2205 2989 2393 3047 Refert
2423 2992 2767 3065 Evangelista
2798 2995 2886 3050 his
2916 2996 3098 3053 verbis
3131 3017 3145 3051 :
3178 2998 3325 3053 Tunc
3353 2999 3618 3071 imperavit
3645 3002 3814 3055 disci-

2204 3082 2343 3153 pulis
2366 3086 2496 3151 sttit,
2529 3096 2583 3140 ut
2610 3089 2802 3141 nemini
2831 3089 3057 3144 dicerent
3101 3092 3237 3161 quod
3262 3092 3375 3160 ipse
3403 3104 3531 3148 esset
3561 3094 3815 3151 Christus

2208 3173 2397 3248 (Ibid.,
2428 3178 2547 3249 20).
2596 3179 2663 3234 Et
2689 3179 2856 3236 Jodas
2884 3181 3134 3251 proditor
3157 3182 3241 3238 his
3284 3184 3375 3256 qui
3405 3200 3525 3241 cum
3561 3187 3681 3258 ipso
3710 3205 3815 3243 vc-

2128 3252 2175 3317 C
2208 3280 2401 3325 nerant
2423 3272 2500 3326 ait
2532 3288 2545 3326 :
2580 3270 2700 3341 Ipse
2718 3282 2817 3337 est,
2852 3284 3014 3330 tenete
3039 3292 3155 3330 eum
3182 3252 3400 3347 (Matth.
3422 3252 3713 3351 “vn—48).
3744 3282 3813 3338 In

2204 3361 2428 3418 verbum
2460 3364 2848 3434 proltibitionis
2876 3365 3173 3422 declinatio
3199 3368 3686 3445 obsecundationis
3722 3374 3815 3427 ii:-

2202 3457 2396 3522 currit,
2441 3466 2497 3513 et
2522 3472 2589 3513 ne
2618 3459 2865 3515 obtentui
2895 3460 2962 3515 ad
3003 3463 3411 3520 excusationem
3444 3480 3565 3521 esse
3613 3478 3813 3534 posset

2202 3546 2447 3614 oblivio,
2509 3548 2696 3604 infelix
2745 3552 3007 3608 memoria
3055 3553 3107 3608 in
3159 3556 3502 3627 sacrilegium
3530 3559 3810 3615 volvenda

2202 3639 2497 3709 suggessit,
2527 3640 2657 3696 dum
2688 3643 2803 3712 ipse
2829 3645 3077 3713 proditor
3105 3644 3175 3701 de
3203 3663 3459 3704 sermone
3485 3665 3594 3718 quo
3618 3663 3805 3721 cavet,

2202 3731 2280 3785 sic
2310 3731 2525 3802 utrique
2551 3735 2688 3788 ratio
2716 3751 2821 3791 non
2852 3737 3115 3807 aequanda
3149 3738 3414 3796 subsistit.
3448 3741 3581 3797 Nam
3613 3755 3668 3798 et
3694 3745 3808 3800 Do-

2201 3822 2382 3877 minus
2417 3824 2657 3880 ostendit
2683 3826 2764 3881 sic
2794 3841 2854 3882 se
2902 3828 3240 3896 prodendum
3272 3846 3396 3887 esse
3434 3832 3561 3887 dum
3590 3836 3803 3903 prodit.

2274 3915 2338 3969 V.
2381 3915 2488 3972 Sed
2523 3917 2741 3987 ignosce
2766 3960 2781 3983 ,
2814 3921 2958 3991 quod
2992 3924 3043 3975 in
3076 3923 3241 3978 alium
3273 3924 3544 3981 tramitem
3573 3929 3767 3996 exposi
3790 3956 3804 3971 -

2200 4008 2364 4063 tionis
2390 4024 2584 4067 sensus
2616 4012 2706 4067 Dei
2740 4013 2911 4068 verbo
2938 4014 3218 4084 copiosior
3246 4020 3484 4072 excessit
3507 4060 3523 4084 ,
3567 4018 3694 4075 licet
3746 4030 3802 4076 te

2198 4102 2431 4171 amplius
2477 4104 2802 4159 contristent
2851 4119 3146 4175 suppressa
3192 4123 3354 4177 quam
3412 4109 3623 4179 prodita
3676 4128 3689 4164 :
3743 4122 3805 4167 et

2199 4195 2370 4266 magis
2399 4196 2468 4251 de
2500 4195 2583 4251 his
2613 4197 2778 4253 rebus
2820 4198 2987 4255 silere
3032 4200 3125 4255 tibi
3159 4215 3320 4269 quam
3364 4201 3471 4257 dici
3520 4202 3802 4273 copiosius

2199 4286 2477 4355 irascaris,
2504 4304 2624 4358 qua:
2661 4289 2874 4345 Domini
2915 4291 3118 4360 judicia
3150 4307 3252 4362 pro
3279 4307 3415 4349 auro
3450 4301 3507 4350 et
3537 4296 3802 4365 pretiosis

2200 4380 2472 4450 lapidibus
2515 4382 2857 4451 concupiscis
2877 4424 2892 4449 ,
2922 4384 2977 4439 in
3005 4385 3205 4454 quibus
3236 4387 3341 4440 mel
3379 4385 3472 4441 tibi
3503 4386 3805 4456 favumque

2197 4488 2552 4542 compensas,
2583 4483 2638 4530 et
2669 4475 3065 4531 desideriorum
3107 4492 3215 4533 non
3247 4493 3403 4534 cares
3432 4479 3595 4535 etiam
3626 4479 3805 4551 pleni-

2201 4565 2414 4632 tudine,
2461 4567 2565 4620 etsi
2623 4568 2910 4622 satnreris.
2958 4567 3038 4624 Ac
3084 4571 3313 4640 proinde
3365 4570 3569 4625 factum
3621 4573 3805 4629 adhuc

2200 4661 2506 4728 exemplum
2542 4662 2610 4715 ab
2639 4661 2756 4730 ipso
2800 4662 3030 4717 Domino
3060 4675 3368 4732 repetamus
3388 4706 3402 4728 ,
3437 4673 3498 4719 ut
3527 4664 3685 4736 juxta
3718 4665 3804 4722 ic-

2199 4774 2319 4828 gem
2353 4760 2403 4812 in
2432 4775 2529 4813 ore
2559 4759 2789 4814 duorum
2816 4759 2903 4814 vel
2937 4759 3097 4813 ttiom
3131 4761 3347 4815 testium
3378 4775 3545 4816 omne
3570 4762 3803 4817 verbum

2199 4854 2463 4910 consistat
2496 4854 2711 4925 (Matth.
2744 4870 2896 4920 xvm,
2934 4855 3021 4924 lli)
3054 4873 3068 4908 :
3101 4864 3157 4910 et
3184 4871 3344 4926 quem
3382 4856 3537 4925 prodi
3568 4871 3629 4911 se
3657 4856 3805 4911 dixi-

2200 4963 2321 5002 mus
2354 4946 2596 5002 uoluisse
2617 4992 2631 5016 ,
2679 4948 2843 5003 etiam
2876 4962 2934 5002 se
2962 4947 3138 5003 videri
3174 4948 3413 5003 voluisse
3454 4951 3752 5004 doceamus
3784 4966 3801 5003 :

2201 5049 2257 5094 ut
2286 5055 2393 5095 non
2424 5042 2493 5094 ab
2521 5042 2644 5096 aliis
2674 5056 2734 5097 se
2764 5042 2928 5097 modo
2957 5042 3219 5098 honorari
3252 5051 3527 5111 pateretur
3557 5059 3572 5098 :
3606 5058 3800 5098 verum

2203 5134 2275 5190 eti
2296 5152 2366 5190 tm
2399 5135 2514 5205 ipse
2538 5135 2638 5189 sibi
2670 5135 2723 5189 in
2752 5143 3014 5205 quantum
3043 5135 3156 5189 fieri
3192 5142 3407 5204 poterat
3432 5134 3673 5189 debitam
3704 5136 3801 5191 de-

2206 5229 2445 5284 traheret
2484 5227 2822 5297 dignitatem.
2873 5227 3065 5283 Lazari
3098 5226 3257 5282 amici
3286 5230 3367 5281 sui
3420 5236 3652 5283 mortem
3688 5243 3800 5283 non

2204 5322 2358 5375 audit
2400 5331 2454 5377 et
2504 5321 2713 5377 nuntiat
2759 5319 2945 5391 (Joan.
2997 5336 3068 5376 xu
3095 5362 3109 5387 ,
3139 5318 3267 5392 il):
3307 5319 3541 5375 faciebat
3584 5319 3690 5376 hoc
3731 5320 3805 5377 de

2206 5409 2438 5478 Dei'tate,
2471 5414 2596 5483 quid
2630 5413 2866 5467 mirum?
2895 5422 2953 5468 ut
2975 5428 3097 5468 cum
3129 5412 3375 5467 localiter
3399 5413 3804 5482 perspiceretur

2203 5507 2256 5561 in
2285 5506 2521 5570 hotninc,
2547 5523 2613 5561 ex
2637 5506 2917 5562 divinitate
2943 5521 3206 5577 nusquam
3236 5508 3431 5562 abesse
3454 5504 3800 5564 crederetur.

2202 5598 2445 5655 Festinat
2471 5599 2525 5651 in
2553 5599 2895 5665 Bethaniam,
2925 5599 3446 5655 submussitantibus
3467 5612 3609 5668 pene
3630 5598 3804 5655 disci-

2202 5689 2372 5761 pulis,
2407 5692 2584 5762 pictas
2625 5689 2833 5744 factura
2881 5690 3205 5746 miraculum
3237 5706 3251 5745 :
3284 5688 3526 5745 detoneti
3572 5704 3803 5747 sorores

2201 5791 2556 5840 occurrerunt
2585 5791 2728 5839 tetro
2756 5781 2966 5848 habito,
2999 5797 3097 5837 ore
3121 5783 3449 5854 lacrymoso,
3475 5781 3628 5836 crine
3661 5798 3807 5838 eou-

2199 5875 2393 5951 scisso,
2422 5893 2555 5949 quas
2589 5878 2730 5936 bono
2760 5878 2942 5936 animo
2961 5876 3121 5947 jubet
3148 5887 3293 5945 esse,
3331 5876 3377 5937 si
3407 5873 3654 5933 credant.
3690 5877 3809 5935 Las
