4012 6190
165 55 276 114 193

975 52 1315 112 EPISTOLA
1367 49 1518 110 XIX.
1561 49 1649 110 DE
1687 47 1880 111 VERA
1919 50 2474 112 ClRCUMClSlONE.

3386 56 3488 117 ιοι

178 178 372 218 zarum
400 162 587 219 vivere
609 203 624 230 ,
658 163 702 219 si
736 162 840 220 illcc
871 181 976 220 non
1016 175 1138 220 sunt
1169 166 1496 221 dubitatum:
1521 206 1534 232 ,
1572 166 1770 220 confir-
1801 169 1852 228 Α
1880 165 2142 222 Dominus
2175 167 2472 237 diceretur,
2504 177 2558 224 et
2585 166 2676 224 alii
2704 165 2947 226 dicerem
2975 165 3186 240 Eliam,
3215 168 3304 225 alii
3336 169 3487 228 Jcre-

175 268 285 311 mat
323 275 336 312 :
369 257 514 312 videt
543 258 704 314 etiam
738 259 1137 314 multitudinem
1185 259 1412 313 Marthze
1461 267 1517 312 et
1564 257 1766 323 ilarim,

175 367 294 421 qua:
323 351 392 406 ad
423 353 676 408 solatium
716 369 902 410 comes
941 363 1292 409 convenerat.
1330 349 1650 422 Infremuit,
1687 350 1772 405 in-

176 445 290 514 quit
323 443 694 515 Evangelista,
719 447 930 517 spiritu,
963 457 1010 501 et
1043 446 1274 500 turbatus
1301 454 1408 511 est,
1436 456 1490 498 et
1519 445 1594 498 ait
1625 461 1638 498 :
1678 441 1776 496 Ubi

173 538 310 590 enim
332 553 449 591 eum
475 539 717 608 posuistis
748 537 952 611 (Joan.
982 555 1063 606 si,
1090 539 1188 606 33,
1220 537 1346 608 ΜΗ
1369 537 1498 608 quid
1528 547 1611 593 est
1632 537 1777 591 hoc?

167 641 288 695 qua:
339 629 676 685 confusionis
719 634 917 686 causa?
965 647 1085 700 qua:
1127 627 1470 686 formidinis?
1509 628 1649 696 Quid
1687 635 1780 682 aut

166 721 445 777 erubescit
484 735 576 778 aut
623 725 848 793 metuit,
899 741 1023 779 cum
1071 735 1124 779 et
1154 726 1329 778 virtus
1377 724 1449 776 sit
1494 729 1778 792 peractura

164 814 495 870 miraculum
523 857 538 883 ,
570 825 627 871 et
655 816 838 871 deitas
867 832 976 871 non
1009 818 1082 870 sit
1110 816 1349 885 subiecta
1383 814 1621 869 terrori?
1649 814 1778 880 Quae

166 906 412 972 sepulcri
432 917 540 960 tam
568 908 886 963 inconsulta
908 909 1228 977 requisitio?
1253 907 1317 962 Ut
1341 907 1560 961 omnino
1587 905 1778 960 credas

162 996 239 1051 de
269 998 490 1053 turbato
519 1001 861 1070 confusoque
905 1001 1205 1072 profectam
1240 1019 1252 1052 :
1284 998 1377 1053 llle
1411 997 1555 1051 Deus
1586 1006 1775 1050 noster

159 1088 259 1154 qui
306 1090 593 1160 discipulis
642 1101 958 1146 constanter
1000 1093 1210 1146 dixerat
1254 1091 1322 1145 de
1360 1089 1633 1142 absente:
1670 1086 1774 1140 La-

158 1193 323 1233 zarus
368 1193 604 1237 mortuus
643 1195 750 1247 est;
798 1183 887 1252 qui
934 1183 1216 1237 sororibus
1269 1181 1388 1248 ejus
1435 1180 1772 1234 cantidcntcr

165 1272 499 1338 promiserat
527 1273 594 1327 de
627 1285 864 1338 mortuo,
897 1286 1310 1328 resurrecturus
1339 1281 1424 1326 est
1452 1289 1464 1325 :
1499 1274 1600 1326 sub
1630 1286 1766 1325 nova

159 1367 353 1418 nescio
379 1379 487 1434 qua
517 1364 841 1422 confusione
873 1367 1184 1436 sepulcrum
1215 1367 1442 1436 quierit,
1477 1366 1628 1436 quasi
1665 1368 1766 1420 hoc

159 1461 336 1512 solum
403 1460 498 1528 qui
555 1458 739 1513 omnia
797 1469 848 1515 et
877 1469 1064 1515 nosset
1115 1469 1170 1515 et
1216 1468 1474 1529 prmstare
1530 1468 1762 1528 poterat,

1879 260 2042 313 miam
2067 299 2082 324 ,
2121 260 2214 314 alii
2244 268 2424 316 autem
2474 279 2636 318 unum
2667 279 2734 319 ex
2779 263 3053 334 prophetis
3085 266 3483 335 responderent

1880 354 2102 427 (.llatth.
2133 371 2252 419 xvi,
2289 357 2398 429 tt).
2434 357 2584 414 Intus
2613 360 2890 424 scribitur,
2926 373 3044 414 cum
3079 359 3270 415 Petrus
3293 361 3477 416 excla-

1879 456 1991 500 mat
2027 464 2046 502 .'
2089 447 2169 502 Tu
2217 466 2268 502 es
2308 451 2548 506 Christus
2590 449 2763 506 Filius
2795 449 2895 505 0.5
2941 452 3038 505 viri
3089 450 3269 524 (Ibid.
3299 497 3312 516 ,
3363 455 3474 526 16).

1879 535 2034 593 Unde
2067 547 2124 594 et
2153 538 2268 608 ipse
2322 538 2586 597 Dominus
2619 560 2632 595 :
2669 541 2789 594 Non
2835 541 3075 597 revelarit
3123 544 3252 611 tibi,
3302 541 3476 610 Patre,

1877 628 2090 700 inquit,
2124 632 2264 684 istud
2311 649 2430 686 raro
2465 644 2553 687 aut
2592 636 2834 704 sanguis,
2867 635 2956 688 sed
3004 631 3168 689 Pater
3210 653 3353 691 meus
3384 640 3473 707 qui

1880 719 1933 773 in
1962 722 2103 775 (telis
2131 734 2202 777 est
2233 720 2425 794 (Ibid..
2457 726 2567 794 ΓΙ).
2593 725 2758 793 Cujus
2781 740 2908 780 caro
2939 737 2992 780 et
3023 727 3286 797 sanguis?
3315 727 3477 782 Nurn-

1877 812 2134 880 quidnam
2172 812 2317 869 Petri
2355 816 2525 884 ipsius
2553 832 2680 871 caro
2711 827 2764 872 et
2790 818 3008 887 sanguis
3035 819 3325 874 obstabant
3349 823 3476 890 quin

1879 903 2048 959 Filius
2080 906 2170 960 Dei
2199 907 2510 962 diceretur?
2534 907 2672 974 Non,
2699 908 3048 978 iuquam,scd
3076 908 3244 978 ipsius
3263 910 3472 966 Domini

1876 1009 2007 1049 caro
2035 1005 2088 1049 ct
2116 997 2336 1065 sanguis
2355 1039 2368 1063 ,
2413 999 2464 1051 in
2494 999 2688 1068 quibus
2717 1000 2844 1053 dum
2879 1001 3039 1054 homo
3065 1008 3305 1056 cernitur
3333 1004 3475 1072 quod

1874 1097 1993 1142 erat
2025 1089 2114 1143 Dei
2149 1089 2353 1155 Filius,
2389 1105 2497 1144 non
2528 1092 2855 1146 credebatur
2883 1108 3004 1148 esse
3029 1095 3171 1164 quod
3206 1106 3341 1150 erat.
3375 1097 3478 1151 lm-

1872 1181 2130 1250 possibile
2166 1183 2308 1236 enim
2355 1182 2668 1238 hominibus
2711 1185 2993 1240 videbatur
3043 1187 3208 1241 Deum
3250 1187 3474 1243 credere

1868 1286 1989 1326 cum
2039 1271 2312 1327 hominem
2356 1274 2646 1338 viderent,
2685 1283 2740 1328 et
2779 1284 2981 1328 tantam
3037 1276 3180 1329 illam
3215 1277 3470 1346 majesta-

1869 1372 1975 1417 tcrn
2003 1406 2017 1430 ,
2067 1363 2118 1417 in
2163 1381 2263 1432 qua
2295 1363 2564 1419 inhabitat
2609 1366 2786 1419 omnis
2837 1365 3120 1434 plenitudo
3149 1366 3470 1433 divinitatis,

1867 1470 2028 1524 quam
2079 1455 2193 1524 ipse
2239 1471 2344 1510 non
2387 1458 2534 1527 capit
2575 1455 2837 1520 mundus,
2889 1458 2944 1511 in
2998 1458 3322 1527 corpusculo
3374 1459 3471 1513 dc-

158 1549 374 1619 ignoret
408 1568 420 1604 :
455 1564 562 1605 non
605 1551 768 1620 plane
797 1552 899 1606 hoc
941 1559 1026 1606 est
1059 1567 1073 1607 :
1108 1567 1230 1606 nam
1273 1552 1409 1606 alius
1457 1551 1764 1606 intellecrus
1798 1554 1843 1614 Β
1868 1555 2068 1616 specta:
2097 1548 2259 1601 etiam
2297 1547 2544 1616 imaginis
2581 1547 2867 1603 inclusam.
2901 1547 2986 1602 Ait
3024 1563 3173 1618 ergo,
3204 1566 3310 1604 non
3350 1549 3466 1604 lucc

160 1645 428 1700 occulitur
459 1662 472 1697 :
507 1644 562 1699 in
603 1643 761 1699 dictis
798 1645 1194 1714 promissisque
1234 1644 1600 1713 superioribus
1631 1645 1765 1697 satis

157 1752 214 1791 se
265 1736 520 1791 divinitas
583 1737 903 1807 publiearet.
949 1736 1150 1792 Aderat
1199 1735 1353 1790 turba
1407 1736 1717 1791 ,ιυάωοῐ-ιιιιι
1749 1774 1763 1797 ,

162 1833 322 1885 tantis
354 1845 570 1900 semper
606 1845 712 1886 non
743 1830 913 1884 amica
947 1828 1244 1884 miraculis.
1270 1828 1324 1883 ln
1356 1830 1597 1898 planum,
1623 1827 1766 1881 Deus

156 1926 197 1977 si
223 1939 330 1977 non
358 1923 557 1992 aliquid
581 1923 877 1977 secundum
899 1923 1175 1976 hominem
1199 1921 1470 1975 videretur
1496 1920 1763 1988 ignorate,

158 2027 522 2088 proceSserat.
558 2016 812 2071 Turbatus
856 2026 961 2077 est.
1010 2017 1202 2086 inquit,
1233 2015 1284 2070 id
1331 2025 1451 2078 est,
1485 2015 1764 2068 fetulentia

157 2112 336 2164 carnis
366 2110 632 2164 divinitati
665 2123 773 2162 non
804 2108 1097 2178 prodenda:
1127 2108 1404 2172 miscetur,
1437 2115 1491 2160 et
1517 2110 1580 2158 ad
1611 2122 1762 2175 ιειιυο

161 2203 388 2256 rantiam
417 2201 709 2256 humanam
742 2203 914 2255 deitas
935 2199 1158 2254 velanda
1188 2210 1497 2254 revocatur.
1535 2200 1623 2254 Sic
1655 2211 1767 2252 tur-

161 2301 313 2350 batur
339 2305 396 2350 et
425 2295 570 2360 fons,
598 2310 718 2350 eum
746 2294 1008 2350 excitatus
1038 2308 1168 2348 casu
1197 2292 1376 2362 aliquo
1405 2293 1588 2356 limus,
1621 2293 1768 2362 puri-

159 2398 318 2442 tatem
351 2387 538 2457 liquidi
573 2389 765 2441 densat
791 2390 1079 2453 eletneuti,
1113 2397 1168 2440 et
1192 2387 1419 2439 duarunt
1450 2400 1629 2439 rerum
1659 2400 1763 2438 una

163 2481 408 2536 confusio
433 2480 747 2535 discrimine
777 2479 1169 2550 pr0prietatum
1199 2477 1324 2532 dum
1357 2489 1642 2547 separatur
1667 2492 1764 2531 ex-

164 2575 428 2629 cluditur.
458 2574 551 2627 Ait
577 2590 844 2644 namque,
878 2575 960 2626 ubi
998 2589 1112 2626 eum
1147 2571 1424 2642 posuistis?
1450 2573 1515 2624 Et
1542 2571 1625 2625 hic
1656 2582 1767 2624 tur-

169 2669 316 2723 batus
343 2667 555 2722 Judaiis
585 2669 841 2722 deitatem
874 2669 1013 2721 celat
1056 2666 1108 2720 iu
1143 2667 1380 2732 homine,
1406 2676 1458 2720 et
1487 2663 1766 2735 Splenduri

164 2764 454 2819 divinitatis
503 2764 557 2818 in
613 2774 776 2818 tanta:
822 2763 1153 2832 operationis
1195 2761 1575 2816 coruscatioue
1615 2762 1766 2830 igno-

167 2860 392 2912 rantiam
423 2855 770 2910 mortalitatis
801 2855 1046 2918 obducit,
1081 2863 1138 2907 ut
1166 2867 1286 2907 cum
1319 2854 1488 2922 possit
1516 2857 1568 2906 in
1599 2854 1769 2906 susci-

1871 1652 1996 1692 caro
2027 1655 2144 1694 mea
2193 1639 2283 1695 tibi
2331 1648 2386 1695 et
2423 1642 2671 1709 sanguis,
2719 1657 2805 1695 me
2835 1654 2954 1696 esse
2986 1641 3078 1696 Dei
3110 1641 3304 1696 Filium
3339 1657 3437 1712 pro

1869 1733 2138 1788 didcrunt.
2175 1733 2308 1788 Nam
2338 1735 2441 1788 ista
2473 1749 2579 1788 non
2614 1735 2891 1804 patiuntur
2919 1750 3002 1789 me
3032 1734 3135 1789 hoc
3160 1736 3331 1790 credi.
3359 1735 3464 1790 De-

1872 1827 2033 1896 nique
2080 1827 2344 1895 Propheta
2386 1826 2638 1881 dixerat:
2674 1825 2740 1880 Et
2784 1827 2934 1880 homo
2976 1837 3048 1881 est
3073 1869 3086 1891 ,
3129 1835 3176 1880 et
3217 1829 3332 1897 quis
3369 1846 3459 1882 co-

1869 1928 2076 1989 gnoscet
2105 1922 2254 1973 curn?
2285 1919 2576 1974 Evidenter
2602 1935 2730 1987 ergo
2757 1919 2834 1972 illi
2865 1919 3158 1973 secundum
3189 1921 3461 1975 hominem

1871 2011 1954 2066 vel
1987 2014 2199 2066 oculum
2242 2011 2585 2080 judicantes,
2623 2025 2708 2065 me
2748 2019 2839 2064 :utt
2881 2010 3054 2064 Etiam
3101 2011 3416 2079 pr0phetam
3445 2052 3461 2076 ,

1869 2113 1960 2155 aut
1989 2103 2222 2172 aliquem
2254 2119 2418 2157 unutn
2448 2119 2511 2156 cs
2547 2101 2826 2172 pmphctis
2854 2101 3166 2170 loquuntur,
3207 2103 3462 2169 quaniam

1870 2192 2143 2247 hominem
2176 2208 2260 2247 tne
2289 2208 2406 2247 csse
2441 2191 2624 2246 habitu
2650 2192 2830 2246 carnis
2860 2201 3182 2260 agnoscunt,
3214 2192 3308 2245 sed
3367 2191 3465 2245 tibi

1869 2287 2128 2342 revtlavit
2168 2286 2328 2340 Pater
2357 2301 2507 2340 meus
2529 2325 2545 2351 ,
2589 2286 2680 2355 qui
2714 2285 2764 2338 iu
2806 2285 2962 2338 ctelis
2988 2295 3091 2338 est.
3121 2285 3346 2350 Quando
3381 2300 3466 2338 rc-

1871 2379 2101 2432 vclavit’t
2129 2380 2246 2444 Quo
2294 2389 2534 2447 tempore
2577 2380 2718 2432 Deus
2747 2392 2870 2432 cum
2907 2377 3065 2432 Petro
3105 2377 3312 2432 locutus
3342 2376 3469 2431 est?

1871 2471 2135 2525 Ret-elarit
2157 2513 2170 2535 ,
2205 2472 2412 2540 inquit,
2456 2469 2615 2524 Pater
2641 2487 2786 2524 meus
2818 2473 2906 2538 qui
2947 2473 2998 2524 in
3031 2473 3170 2524 etrlis
3213 2483 3284 2525 est
3317 2487 3334 2524 :
3367 2475 3468 2526 hoc

1869 2573 1951 2617 est
1975 2564 2176 2628 dicere,
2204 2566 2462 2632 npcribus
2489 2562 2768 2617 credidisti
2797 2579 2915 2632 qua-
2941 2563 3236 2632 loquuntur
3265 2563 3461 2617 Filium

1870 2655 1986 2710 Dei.
2015 2656 2121 2710 Sed
2156 2666 2210 2710 ut
2230 2657 2602 2726 loquebamur,
2629 2655 2758 2710 foris
2785 2657 3015 2725 scriptus
3047 2669 3128 2710 est
3163 2655 3298 2710 liber
3324 2656 3452 2719 iste,

1871 2766 1991 2804 cum
2029 2749 2284 2802 Dominus
2315 2750 2482 2802 esurit
2517 2766 2530 2800 :
2585 2747 2731 2802 Intus
2758 2749 3036 2813 scribitur,
3071 2763 3190 2802 cmn
3223 2750 3460 2817 quinque

1875 2841 2098 2908 panibus
2124 2841 2288 2893 multa
2321 2839 2599 2893 hominum
2625 2840 2789 2893 tuillia
2820 2840 3075 2892 saturavit
3106 2838 3322 2908 (.llatth.
3353 2856 3462 2909 xiv,

170 2954 326 3004 tando
380 2949 583 3003 Lazaro
626 2949 766 3001 Deus
805 2948 1057 3011 adorari,
1091 2947 1254 3000 homo
1293 2945 1346 2999 in
1386 2945 1618 3015 sepulcri
1651 2946 1767 3013 ejus

1877 2933 1986 2999 ΞΟ).
2025 2932 2176 2987 Foris
2221 2934 2496 3000 scribitur,
2541 2948 2665 2987 cum
2709 2932 2866 2986 amici
2906 2945 3083 2988 morte
3130 2935 3462 3004 lacrymatur

170 3043 500 3113 ignoratione
527 3041 764 3096 vilescat.
811 3042 900 3096 Sie
945 3042 1069 3095 dtmt
1105 3057 1134 3094 a
1178 3039 1341 3094 czecis
1370 3041 1616 3105 videtur,
1658 3050 1767 3092 eta

171 3137 471 3190 videntibus
495 3151 602 3189 non
630 3135 840 3188 videtur
867 3152 880 3188 ;
911 3135 988 3187 sic
1012 3134 1137 3187 dum
1162 3134 1229 3187 de
1257 3133 1524 3201 lapidibus
1547 3132 1771 3186 suscitat

173 3227 305 3282 ﬁlios
335 3226 573 3281 Abraba:
603 3225 819 3294 (Matth.
848 3239 887 3286 I,
920 3225 1000 3294 9),
1037 3226 1180 3277 [ilius
1215 3224 1532 3293 perditiOnis
1557 3223 1607 3277 in
1636 3222 1767 3291 lapi-

171 3325 287 3376 dem
319 3320 640 3376 offensionis
670 3320 916 3390 impingit
959 3335 972 3372 :
1007 3329 1060 3374 ct
1089 3318 1218 3372 illud
1259 3321 1514 3389 mysterio
1541 3319 1770 3372 occulta:

171 3415 496 3486 operationis
525 3417 860 3485 exsequitur,
896 3421 953 3468 ut
983 3430 1105 3468 eum
1137 3414 1331 3467 intirtni
1377 3428 1440 3466 ac
1469 3412 1676 3466 debiles
1703 3411 1769 3466 ad

174 3507 494 3577 poscendam
527 3523 688 3577 opem
719 3507 942 3576 salutis,
979 3507 1130 3560 nullo
1171 3512 1534 3568 monstrante,
1562 3519 1768 3573 cogno-

178 3613 352 3670 scant,
399 3615 453 3658 et
489 3612 866 3672 persecutores
897 3601 982 3656 vel
1016 3601 1213 3655 inimici
1256 3615 1415 3670 quem
1445 3608 1631 3654 tenere
1676 3598 1772 3654 de-

178 3697 362 3760 beant,
399 3694 502 3748 nisi
537 3693 794 3762 prodatur
820 3691 1092 3762 ignorent.

243 3787 323 3842 Vl.
350 3787 452 3842 Hic
483 3794 567 3841 cst
589 3785 679 3840 ille
701 3784 837 3838 liber
867 3785 1015 3838 intus
1046 3792 1099 3837 et
1123 3781 1255 3836 foris
1285 3781 1544 3850 scriptus,
1567 3779 1656 3835 hic
1683 3795 1770 3835 se-

176 3893 343 3937 cretus
368 3893 428 3936 et
455 3880 727 3951 publicus,
743 3881 829 3933 hic
853 3886 1071 3948 apertus
1097 3886 1150 3932 et
1177 3887 1426 3946 opertus,
1451 3875 1538 3930 hic
1564 3875 1770 3944 paginis

179 3974 544 4043 superioribus
575 3972 875 4036 videndus,
909 3969 1258 4024 interioribus
1306 3985 1414 4022 non
1462 3967 1727 4021 videndus
1753 4008 1769 4031 ,

175 4073 286 4137 quia
315 4065 887 4136 incomprehensibilis
919 4063 1104 4134 (Apoc.
1130 4079 1182 4115 v.
1222 4062 1289 4130 l).
1325 4060 1471 4115 lutus
1503 4061 1768 4130 siquidem

176 4164 407 4230 scriptus
433 4170 536 4223 est,
562 4175 685 4212 cum
716 4157 983 4226 Propheta
1015 4155 1158 4209 dicat
1192 4173 1201 4206 :
1232 4154 1630 4208 Generationem
1658 4155 1770 4224 ejus

175 4257 277 4323 quis
315 4252 581 4307 euarrabit
615 4252 769 4322 (lsai.
804 4265 916 4313 LIII,
941 4247 1024 4318 8)?
1057 4246 1210 4300 Foris
1241 4245 1479 4314 scriptus
1509 4258 1613 4310 est,
1646 4260 1767 4299 cum

182 4347 516 4417 Evangelista
550 4347 622 4397 ait
655 4360 668 4396 :
697 4341 847 4396 Liber

183 4437 334 4492 David
357 4481 373 4506 ,
405 4439 505 4505 ﬁlii
536 4436 796 4490 Abraham
833 4432 1049 4505 (Matth.
1086 4447 1136 4497 t,
1182 4431 1259 4500 1).
1302 4430 1446 4484 Iulus
1489 4429 1765 4494 scribitur,

182 4545 285 4584 c:un
316 4531 468 4585 Deus
493 4529 622 4582 dicit.
652 4545 663 4578 :
701 4527 967 4579 Eructarit
1011 4543 1098 4578 cor
1133 4541 1296 4577 mcum
1337 4523 1542 4575 verbum
1585 4521 1768 4574 bonum

185 4621 400 4686 (halm.
457 4636 602 4685 thv,
637 4618 715 4689 ΕΞ).
741 4617 895 4672 Foris
923 4618 1192 4681 scribitur,
1235 4631 1354 4670 cum
1389 4616 1553 4669 ISaias
1581 4616 1766 4670 vatici-

190 4721 328 4766 natur
357 4732 367 4764 :
399 4711 538 4766 Ecce
568 4712 713 4781 virgo
743 4711 993 4780 concipiet
1022 4720 1068 4761 et
1097 4708 1258 4775 pariet
1281 4709 1468 4775 ﬁlium,
1494 4715 1540 4759 et
1572 4706 1771 4759 rocabis

189 4825 357 4860 nurnen
385 4809 505 4879 ejus
539 4805 841 4858 Emmanuel
873 4802 1008 4874 (Isti.
1036 4816 1138 4866 vtl,
1171 4798 1280 4869 14).
1317 4797 1464 4852 Intus
1495 4799 1770 4862 scribitur,

189 4915 292 4953 cun
318 4917 415 4970 per
438 4900 701 4953 Joannem
724 4898 919 4951 dicitur
946 4914 958 4947 :
985 4892 1047 4947 In
1072 4895 1327 4962 principio
1352 4903 1464 4946 erat
1499 4891 1714 4946 Verbum
1737 4898 1784 4943 et

199 4988 405 5046 l'crbum
430 5001 540 5046 erat
566 4990 710 5061 apud
730 4989 896 5043 Deum
917 5031 930 5052 ,
960 4997 1005 5041 et
1025 4987 1165 5039 Deus
1198 4985 1412 5038 Verbum
1439 4983 1618 5054 (Joan.
1644 5000 1683 5050 l,
1710 4985 1782 5053 l).

197 5083 226 5134 1⁵
263 5087 329 5139 ris
359 5085 625 5140 scribitur
656 5100 752 5153 per
787 5082 1095 5136 Manlia-um
1136 5100 1148 5134 :
1191 5078 1382 5134 Christi
1423 5091 1595 5132 autent
1627 5094 1781 5150 gene-

198 5182 311 5229 ratio
336 5181 408 5233 sic
438 5187 548 5230 erat
571 5195 588 5230 :
642 5192 758 5229 cum
789 5183 918 5228 esset
950 5175 1258 5242 desponsata
1284 5180 1446 5224 mater
1474 5172 1590 5240 ejus
1614 5169 1785 5222 Maria

199 5269 399 5337 Jomph.
439 5269 590 5322 Intus
614 5267 870 5321 scribitur
902 5282 920 5318 :
975 5263 1191 5317 Inrenta
1222 5273 1296 5316 est
1327 5263 1378 5314 in
1411 5272 1554 5313 utero
1594 5259 1786 5312 habens

203 5360 254 5408 de
279 5361 480 5429 Spiritu
502 5369 682 5414 sancto
720 5355 938 5428 (Matth.
966 5371 1003 5421 ι,
1036 5357 1142 5423 18).
1168 5355 1305 5423 Quid
1332 5356 1516 5423 utique
1546 5351 1790 5407 habens?

201 5450 427 5510 Verbum
462 5454 716 5520 Domini,
751 5451 992 5512 Verbum
1035 5463 1252 5510 carnem
1296 5448 1493 5505 factum
1524 5447 1622 5501 sub
1652 5446 1794 5514 lege.

201 5539 347 5630 foris
375 5546 660 5631 scribitur,
692 5559 818 5622 cuto
858 5541 1091 5622 apostoli
1145 5540 1457 5624 interrogati
1484 5581 1499 5620 η
1526 5538 1648 5619 quis
1677 5549 1801 5616 esse

1875 3027 2052 3093 (Joan.
2087 3041 2178 3092 si,
2231 3027 2351 3096 55).
2395 3025 2545 3080 Intus
2600 3026 2874 3091 scribitur,
2919 3041 3040 3079 cum
3086 3025 3255 3094 ipsum
3297 3041 3456 3096 quem

1875 3119 2032 3173 (lebat
2089 3119 2406 3174 exsuscitat.
2482 3119 2638 3174 Foris
2693 3119 2982 3182 scribitur,
3050 3133 3170 3172 cum
3230 3118 3468 3186 afligitur

1873 3211 2058 3273 cruci;
2101 3211 2244 3264 intus
2272 3209 2553 3278 scribitur,
2591 3224 2713 3263 cum
2766 3207 3077 3276 paradisum
3117 3207 3310 3259 latroni
3341 3221 3466 3276 pio-

1874 3303 2035 3358 mittit
2069 3305 2120 3358 in
2151 3319 2334 3358 cruce.
2364 3302 2523 3357 Foris
2569 3300 2850 3367 scribitur,
2893 3315 3013 3352 cum
3064 3299 3309 3367 spiritum
3355 3313 3469 3352 mo-

1875 3394 2019 3450 riens
2056 3393 2352 3449 secundum
2402 3393 2668 3447 rationem
2717 3393 2964 3444 humana:
2995 3391 3175 3444 carnis
3220 3389 3462 3454 emittit;

1875 3488 2023 3544 lntus
2057 3489 2332 3550 scribitur,
2369 3500 2490 3539 cum
2517 3485 2568 3538 in
2597 3486 2848 3554 passione
2879 3483 2956 3536 sol
3003 3480 3158 3551 fugit,
3189 3481 3306 3535 dies
3343 3482 3467 3535 abs-

1873 3583 2144 3645 conditur,
2173 3590 2315 3634 terra
2341 3577 2676 3649 concutitur.
2715 3576 2870 3632 Foris
2910 3577 3188 3641 scribitur,
3221 3591 3340 3630 cum
3375 3592 3462 3631 sc-

1874 3674 2102 3743 pelitur;
2137 3672 2281 3725 intus
2308 3669 2580 3735 scribitur,
2625 3684 2747 3723 cum
2779 3667 2934 3723 tertia
2964 3667 3051 3722 die
3073 3708 3087 3732 ,
3133 3666 3365 3735 sepulcri
3399 3669 3463 3720 li-

1875 3765 2113 3820 minibus
2135 3764 2380 3828 remotis,
2403 3761 2642 3832 erumpit
2665 3760 2717 3814 in
2740 3761 2911 3814 lucem
2933 3757 3150 3831 (Matth.
3179 3775 3362 3824 xxvttt,
3388 3761 3464 3830 ὅ).

1876 3856 2029 3911 Foris
2069 3855 2345 3920 scribitur,
2389 3869 2511 3908 curn
2555 3853 2831 3921 Apostolis
2860 3852 3133 3906 clavorum
3167 3862 3219 3905 et
3269 3853 3468 3906 lancea:

1877 3947 2188 4002 vulneribus
2212 3945 2463 4009 ostensis,
2488 3959 2667 3999 escam
2693 3945 2853 3999 etiam
2881 3947 3108 4012 postulat
3134 3943 3288 4012 (Luc.
3315 3959 3462 4012 xxiv,

1874 4040 1943 4095 40
1968 4040 2182 4108 seqq.);
2208 4039 2352 4092 intus
2376 4038 2650 4102 scribitur,
2675 4051 2796 4091 cum
2830 4036 2970 4090 inter
2996 4036 3214 4091 eosdem
3247 4045 3471 4104 aposto-

1876 4134 1976 4196 los,
2006 4133 2205 4187 clausis
2230 4132 2406 4197 osUis,
2430 4130 2521 4199 qui
2545 4133 2745 4184 intrare
2770 4131 2916 4183 visus
2948 4144 3053 4182 non
3082 4137 3188 4191 est,
3222 4135 3467 4194 apparet.

1875 4229 1979 4283 Sed
2023 4230 2160 4281 miro
2204 4225 2365 4280 modo
2395 4241 2518 4279 cum
2553 4224 2779 4278 intcriur
2821 4224 3100 4291 Scriptura
3141 4220 3258 4273 libri
3300 4221 3471 4289 magis

879 4342 1221 4412 generationis
1250 4337 1376 4392 Jcsu
1403 4337 1634 4406 Christi,
1669 4338 1769 4404 ﬁlii

1877 4322 2102 4374 obseura
2133 4319 2235 4381 sit,
2268 4317 2500 4387 amplius
2529 4317 2805 4370 hominum
2850 4327 3062 4370 mentes
3104 4313 3283 4368 turbat
3317 4322 3471 4366 exte-

1878 4415 1990 4468 rior
2018 4422 2072 4467 et
2099 4411 2346 4467 videntes
2395 4411 2484 4465 illa
2535 4427 2654 4481 qua:
2687 4425 2782 4480 per
2835 4408 3107 4462 hominem
3161 4406 3328 4460 videri
3360 4421 3466 4459 non

1880 4515 2122 4578 possunt,
2147 4507 2246 4561 ista
2269 4523 2387 4575 quze
2421 4516 2647 4576 possunt
2670 4520 2765 4574 per
2795 4503 3067 4556 hominem
3098 4501 3290 4563 videri,
3325 4513 3467 4552 nova

1878 4597 2087 4653 ratione
2111 4613 2216 4652 non
2239 4604 2485 4653 cernunt.
2513 4595 2644 4649 Nam
2675 4594 2952 4648 Minicbzci
2987 4590 3132 4659 quod
3166 4588 3332 4643 videri
3357 4603 3461 4643 non

1882 4704 2058 4762 potest
2081 4693 2387 4755 credentes,
2419 4691 2468 4743 id
2497 4689 2638 4757 quod
2664 4697 2839 4756 potest
2870 4686 3038 4738 videri
3065 4699 3168 4735 non
3195 4682 3421 4737 credunt
3457 4701 3468 4736 :

1879 4801 2002 4842 cum
2023 4791 2211 4842 beatus
2231 4787 2467 4840 Joannes
2496 4779 2816 4835 invisibiletn
2843 4789 2895 4832 ct
2922 4776 3194 4830 visibilem
3227 4775 3390 4830 Demn
3415 4787 3472 4831 et

1889 4880 2191 4941 hominem,
2221 4877 2366 4930 brcvi
2395 4872 2544 4942 quasi
2565 4873 2874 4926 charactere
2893 4867 3204 4937 signavcrit,
3231 4872 3311 4923 sic
3329 4872 3472 4926 enim

1888 4972 1965 5025 ait
1998 4987 2010 5021 :
2049 4968 2198 5034 Quod
2246 4970 2342 5036 {uit
2388 4965 2450 5018 ab
2491 4964 2658 5026 initio,
2693 4963 2897 5031 fratres,
2933 4960 3070 5029 quod
3099 4960 3390 5015 audivimus
3413 4961 3475 5033 (l

1889 5063 2050 5118 Joan.
2080 5075 2118 5125 ι,
2157 5058 2230 5127 l).
2258 5060 2394 5110 Ecce
2419 5057 2540 5108 libri
2567 5053 3036 5107 illiusitttcriorem
3070 5067 3299 5120 partem.
3323 5053 3479 5122 Quod

1891 5157 2136 5224 sequitur
2171 5167 2182 5201 :
2222 5148 2289 5203 Ει
2329 5148 2548 5200 vidimus
2577 5143 2740 5198 oculis
2779 5145 2990 5208 nostris,
3014 5154 3059 5196 et
3085 5159 3268 5196 manus
3295 5154 3483 5197 nostra:

1894 5251 2231 5320 patpurerunt
2263 5242 2326 5295 de
2361 5238 2528 5291 Verbo
2555 5241 2668 5290 vita:
2696 5255 2714 5292 :
2747 5237 2884 5292 Ecce
2917 5237 3038 5290 libri
3064 5250 3186 5302 pars
3215 5235 3482 5298 exterior,

1894 5355 2016 5411 qua:
2057 5338 2230 5394 oculis
2265 5350 2329 5389 ac
2375 5331 2622 5386 manibus
2652 5331 2896 5400 subjecta
2941 5324 3225 5382 hominum
3252 5364 3267 5390 ,
3308 5334 3362 5380 et
3406 5326 3486 5380 vi-

1898 5434 2013 5490 deri
2045 5442 2100 5490 et
2139 5427 2356 5486 tractari
2399 5431 2598 5496 potest.

1977 5525 2087 5598 illo
2141 5523 2291 5608 ῌθηο
2322 5526 2533 5594 partem
2582 5516 2712 5605 libri
2749 5511 3081 5598 Manichacus
3111 5507 3367 5606 ignorat,
3411 5506 3497 5572 vt.
