4030 6322
477 193 598 254 ’195

1536 185 1594 245 S.
1637 181 2024 245 HIERONYMI
2060 179 2349 241 OPERUM
2389 177 2759 239 MANTISSA.

3712 166 3832 227 {S6

489 311 627 368 dens
674 321 841 380 opera
884 321 1008 379 qua:
1042 306 1178 361 fiunt
1203 343 1218 370 ,
1277 310 1332 359 et
1378 316 1490 359 non
1537 302 1728 358 videns
1776 302 2089 357 facientem.
2119 301 2171 360 Α
2199 295 2426 366 singulis
2457 296 2668 368 paginis
2691 294 2967 366 sapientes
2994 275 3149 350 aeide
3176 287 3436 348 mundiali
3459 286 3827 361 philosophia

497 404 688 458 Potest
718 400 937 473 quidem
983 398 1170 453 dicere
1201 397 1353 452 iste:
1403 394 1489 450 Tu
1538 411 1589 449 es
1637 392 1877 449 Christus
1923 390 2099 446 Filius

495 495 593 550 Dei
615 495 712 549 vivi
740 511 758 548 :
789 493 880 549 sed
913 505 1019 544 non
1049 499 1230 560 potest
1262 488 1477 556 dicere,
1529 485 1782 541 Dominus
1804 497 1875 540 est
1900 483 2098 538 sabbati

495 589 638 658 ﬁlius
680 586 900 641 hominis
923 599 942 638 :
969 592 1025 638 et
1051 585 1187 638 mira
1219 583 1576 653 perversitate
1610 579 1758 651 quod
1792 579 1977 633 vident
2006 591 2102 632 ne-

499 693 712 752 gantes,
746 677 885 750 quod
915 692 1023 730 non
1050 676 1246 730 vident
1273 676 1604 730 confitentur
1635 689 1648 725 :
1685 671 2009 727 invisibilem
2042 671 2096 725 in

501 771 789 827 virtutibus
817 777 1247 838 rccognoseunt,
1277 765 1549 822 visibilem
1584 765 1637 818 in
1671 764 1918 829 homine,
1953 762 2096 831 qttod

490 863 811 918 facillimum
844 867 964 916 esse
1005 860 1216 924 debuit,
1254 874 1358 913 non
1395 863 1718 928 agnoscunt.
1764 855 1808 911 Ο
1840 855 2092 909 caecitas!

491 970 524 1010 ο
562 952 867 1024 ignorantia
914 952 1197 1007 veritatis!
1249 960 1303 1006 et
1344 951 1493 1005 omni
1538 949 1750 1004 ratione
1787 945 2093 1002 damnanda

489 1049 846 1121 prmsumptio
892 1063 906 1101 :
952 1047 1042 1101 isti
1081 1053 1210 1100 sunt
1239 1044 1333 1116 qui
1376 1044 1490 1100 Deo
1520 1043 1623 1114 ipsi
1653 1058 1713 1098 se
1752 1041 2093 1112 pra‘ferunt:

489 1143 569 1197 sic
613 1140 886 1196 credendo
932 1137 988 1193 in
1036 1152 1203 1194 carne
1251 1136 1578 1202 constituti,
1631 1132 1988 1206 spiritualiter
2035 1146 2096 1188 se

489 1235 672 1290 vivere
716 1233 1068 1306 profitentur,
1120 1229 1264 1302 quod
1319 1231 1488 1286 Deum
1548 1244 1655 1284 non
1709 1228 1942 1284 credunt
1994 1243 2094 1298 po-

485 1326 686 1384 tuisse.
727 1327 906 1382 Minor
931 1325 1076 1380 enim
1108 1327 1228 1380 sine
1255 1324 1422 1379 dubio
1452 1323 1520 1378 ab
1555 1323 1676 1378 istis
1719 1323 1858 1376 Deus
1890 1331 2009 1386 est,
2048 1321 2094 1376 si

491 1419 634 1491 quod
668 1420 756 1475 isti
789 1427 1054 1490 poswnt,
1097 1418 1189 1472 ille
1221 1433 1329 1472 non
1376 1417 1572 1487 potuit.
1617 1414 1751 1471 Nam
1784 1415 1828 1470 si
1857 1417 1940 1470 isti
1971 1430 2095 1485 pos-

492 1525 618 1570 sunt
666 1515 720 1569 in
750 1529 916 1569 carne
945 1512 1228 1568 constituti
1273 1512 1506 1566 alienam
1554 1525 1750 1579 capere
1784 1519 2034 1564 naturam
2079 1527 2090 1562 :

496 1621 594 1661 cur
623 1606 716 1661 ille
743 1606 796 1660 in
829 1620 996 1660 earne
1029 1608 1240 1675 positus
1289 1618 1446 1658 suam
1476 1617 1698 1657 servare
1742 1617 1847 1658 non
1884 1602 2050 1672 possit
2077 1617 2090 1659 :

2202 394 2503 459 venientes,
2521 402 2665 448 tanta
2686 392 2859 462 operti
2885 392 3164 461 apertique
3191 388 3313 443 libri
3337 384 3828 441 cuncatenationis

2201 485 2474 540 subtilitas
2503 483 2797 554 pra'tetivit
2830 501 2841 536 :
2876 499 3000 538 cum
3030 499 3152 538 eum
3190 496 3289 536 nec
3319 479 3490 534 ,ιιιὼνί
3518 479 3608 548 qui
3635 478 3824 546 ipsius

2202 588 2377 642 erant,
2402 593 2523 632 cum
2548 578 2598 631 in
2629 592 2725 631 sua
2749 575 3010 644 venisset,
3046 573 3421 643 agnoverunt?
3452 570 3551 638 Qui
3581 570 3712 624 dtttn
3745 569 3822 622 de

2200 671 2340 725 ctelo
2388 669 2598 737 signum
2635 668 2938 740 postulant,
2982 667 3139 736 quasi
3181 664 3422 720 coelestia
3468 678 3576 718 non
3618 670 3821 717 essent

2201 778 2323 832 qua:
2371 761 2421 815 in
2453 761 2630 815 salute
2657 760 2740 814 vel
2771 759 3068 826 debilium,
3098 758 3183 813 vel
3217 765 3557 810 mortuorum
3590 755 3816 810 cmlcsti

2202 853 2405 909 virtute
2439 852 2701 916 faciebat,
2737 852 2996 908 obcaecati
3049 849 3368 905 infidelitate
3397 865 3529 918 sua,
3564 847 3814 902 videndo

2199 946 2360 1002 etiam
2387 962 2492 1000 non
2518 946 2702 1000 videre
2724 953 3064 1000 meruerunt.
3093 944 3375 1012 lratusquc
3399 939 3511 1014 [ΑΙ.
3536 940 3660 994 add.
3694 937 3811 1008 est]

2201 1039 2489 1108 Dominus,
2523 1055 2620 1096 cur
2652 1041 2704 1095 in
2739 1039 2857 1110 ipso
2886 1038 3105 1094 deitatis
3133 1047 3585 1092 contemneretur
3607 1049 3812 1105 opera-

2201 1131 2296 1198 tio,
2329 1132 2463 1187 illud
2493 1133 2565 1189 de
2595 1131 2802 1188 divitiis
2831 1131 3116 1202 sapientia:
3147 1144 3258 1185 suae
3286 1129 3636 1201 procuravit,
3670 1135 3816 1183 utet

2197 1227 2368 1285 forma
2409 1229 2551 1284 servi
2598 1228 2950 1300 deSpicahilis
2984 1228 3302 1295 haberetur,
3346 1238 3402 1283 et
3452 1227 3650 1299 quibus
3696 1243 3810 1282 nun

2198 1339 2296 1394 per
2326 1323 2579 1378 virtutem
2630 1340 2782 1379 suam
2833 1323 3094 1378 divinitas
3147 1322 3447 1387 radiasset,
3487 1322 3573 1377 his
3624 1321 3815 1376 omni-

2198 1417 2374 1472 modis
2405 1418 2614 1486 positus
2643 1414 3004 1486 contemptui,
3035 1414 3380 1471 irreverentia
3413 1415 3465 1468 in
3498 1413 3617 1483 ipso
3641 1412 3812 1483 juxta

2197 1511 2456 1565 sa:culum
2492 1510 2770 1566 videretur
2817 1510 3126 1564 humanitas
3175 1527 3188 1562 :
3231 1518 3283 1562 et
3334 1523 3457 1562 cum
3507 1507 3808 1560 Dominum

2198 1620 2356 1659 suum
2385 1606 2436 1659 in
2459 1605 2650 1674 spiritu
2679 1604 2843 1659 lsrael
2871 1619 2976 1658 non
3008 1603 3274 1670 receperit
3302 1619 3313 1656 :
3340 1616 3437 1656 cur
3461 1600 3542 1654 vel
3575 1602 3807 1654 fratrem

491 1698 750 1753 videlicet
803 1706 862 1751 ut
910 1712 1124 1766 semper
1174 1696 1318 1750 Dens
1359 1695 1468 1758 sit,
1518 1710 1585 1750 ne
1624 1694 1954 1763 corruptela:
1996 1693 2092 1748 ad-
2123 1683 2172 1746 Β
2199 1713 2354 1754 suum
2387 1699 2438 1753 in
2461 1713 2623 1754 carne
2651 1697 2790 1753 Juda
2819 1699 3087 1768 reciperet
3109 1710 3159 1752 et
3185 1694 3577 1766 cognosceret?
3609 1694 3806 1764 Neque

491 1793 693 1845 mixtus
747 1789 972 1859 incipiat
1015 1805 1140 1845 esse
1185 1787 1520 1856 corruptus?
1574 1786 1707 1840 Mira
1755 1785 2088 1856 disputatio,

494 1885 663 1940 Deum
686 1878 945 1952 destruit,
973 1899 1094 1938 cum
1127 1882 1382 1937 honorat.
1412 1881 1639 1936 Minoris
1668 1889 1851 1934 autem
1882 1881 2096 1935 virtutis

490 1986 573 2032 est
605 1976 860 2032 obtinere
904 1977 956 2030 in
992 1987 1205 2031 terrena
1241 1973 1547 2030 substantia
1595 1971 1901 2039 deitatem,
1933 1987 2093 2043 quam

490 2069 660 2124 Deum
691 2067 1058 2138 spiritualiter
1084 2067 1136 2122 in
1170 2067 1375 2123 deitate
1409 2066 1634 2121 durare.
1663 2064 1801 2132 Quid
1839 2081 1968 2134 ergo
1997 2065 2098 2118 mi-

488 2161 652 2216 rabor
682 2161 732 2215 in
764 2159 897 2227 Deo,
931 2161 1033 2215 nisi
1061 2159 1203 2231 quod
1228 2175 1350 2215 cum
1383 2174 1506 2216 esse
1533 2157 1696 2212 homo
1723 2158 1978 2228 dignatus
2002 2157 2091 2222 sit,

491 2255 544 2309 in
577 2254 798 2309 homine
825 2253 970 2326 quod
1007 2255 1146 2310 Deus
1173 2264 1319 2310 esset
1350 2252 1603 2324 aperuit?
1650 2252 1765 2307 Non
1799 2253 1942 2321 quod
1979 2253 2094 2322 ipse

490 2348 702 2402 destitit
729 2362 854 2403 esse
881 2347 1024 2418 quod
1046 2345 1241 2411 fuerat,
1272 2345 1368 2401 sed
1393 2344 1536 2416 quod
1567 2360 1792 2406 carnem,
1819 2335 1950 2398 fecit
1973 2357 2095 2399 esse

487 2441 629 2509 quod
673 2441 816 2496 Deus
848 2450 976 2496 est:
1016 2440 1159 2511 quod
1195 2441 1245 2493 in
1280 2436 1693 2494 excusationem
1725 2438 1972 2492 materia:
2014 2437 2094 2490 vi-

495 2537 652 2589 tiosa:
683 2535 875 2589 mansit
923 2535 1038 2603 ipse
1076 2534 1194 2588 sine
1235 2533 1588 2586 excusatione
1619 2515 1809 2602 :iquod
1843 2531 1967 2586 dum
1996 2545 2094 2600 pro

491 2627 653 2682 nobis
689 2635 976 2696 peccatum
1011 2625 1182 2680 tactus
1210 2633 1355 2679 esset
1381 2667 1395 2690 ,
1427 2633 1682 2693 peccatur
1708 2637 1830 2678 esse
1861 2639 1966 2678 non
1999 2638 2094 2692 po-

487 2724 612 2773 tuit.
650 2719 758 2774 Sed
813 2719 899 2773 hic
932 2716 1291 2785 Manichzetts,
1337 2715 1573 2771 Arianus
1604 2717 1807 2770 iterum
1845 2716 2096 2784 snperio-

493 2825 611 2865 rem
654 2819 860 2876 partem
911 2808 1036 2862 libri
1080 2807 1304 2877 utraque
1347 2808 1670 2878 complexus
1712 2806 1828 2879 [ΑΙ.
1857 2809 2094 2861 circum-

493 2899 707 2972 plexus]
738 2917 920 2968 mantt,
948 2901 1094 2954 illam
1123 2900 1439 2954 interiorem
1465 2900 1716 2969 paginam
1739 2900 1819 2954 sic
1849 2914 2094 2955 reserare

491 2991 770 3057 formidat,
798 2996 954 3064 quasi
989 2993 1329 3062 sacrilegium
1362 2992 1605 3047 facturus
1633 2992 1728 3056 sit,
1778 2994 1822 3046 si
1858 2993 1998 3048 Deus
2030 2992 2083 3045 in

489 3104 657 3144 carne
708 3091 934 3143 veniens
985 3104 1090 3142 non
1139 3088 1387 3142 amiserit
1427 3087 1737 3142 deitatem:
1783 3085 2085 3154 vidensque

495 3182 781 3238 Dominum
813 3182 864 3235 in
898 3179 1145 3236 navicula
1169 3178 1551 3244 dormientem,
1592 3194 1698 3232 non
1731 3177 1880 3231 videt
1907 3178 2086 3232 ventis

489 3283 544 3329 et
579 3272 833 3328 fluctibus
863 3274 1262 3342 imperantem;
1296 3272 1382 3326 cui
1415 3271 1676 3325 deitatem
1723 3284 1785 3323 se
1840 3269 2086 3324 tribuere

488 3366 608 3420 sine
638 3363 996 3420 similitudine
1027 3373 1250 3434 paterna
1283 3361 1567 3418 mentitur.
1614 3361 1760 3417 Deus
1788 3362 1932 3417 enim
1964 3375 2086 3417 esse

491 3460 594 3514 ιιῑηὶ
639 3458 822 3523 Patri,
854 3458 904 3512 id
934 3465 1060 3523 est,
1092 3457 1210 3512 Deo
1247 3455 1444 3509 similis
1475 3455 1586 3520 sit,
1615 3469 1723 3509 non
1771 3462 1984 3524 potest:
2015 3454 2088 3508 si-

490 3552 671 3606 milent
723 3558 908 3604 autem
961 3564 1124 3614 esse,
1168 3562 1270 3602 nec
1319 3545 1466 3600 illum
1515 3547 1604 3617 qui
1655 3545 1790 3600 foris
1851 3547 2088 3615 scriptus

487 3653 574 3698 est
619 3645 686 3697 de
726 3641 1076 3698 interioribus
1115 3639 1321 3710 aliquid
1371 3641 1713 3710 perdidisse,
1749 3639 1872 3694 illos
1913 3642 2089 3710 quoti-

489 3739 683 3794 dianus
711 3753 892 3792 sermo
923 3741 1191 3792 instruere
1205 3735 1508 3803 debuisset,
1540 3749 1647 3804 quo
1676 3734 1816 3790 filios
1847 3735 2088 3804 patribus

491 3832 607 3884 suis
635 3830 845 3884 similes
874 3831 948 3882 ita
977 3829 1228 3897 cupimus
1258 3827 1584 3897 approbare,
1618 3836 1677 3880 ut
1707 3827 1947 3882 dicamus
1967 3869 1980 3890 ,
2011 3827 2088 3882 De

491 3939 592 3979 ore
622 3923 743 3992 ejus
773 3920 933 3976 exiit.
968 3921 1110 3991 Ergo
1147 3921 1327 3977 omnis
1361 3919 1542 3986 filius,
1575 3921 1870 3990 quamlibet
1897 3935 2088 3976 secun-

493 4019 619 4074 duut
655 4019 931 4074 carnalem
964 4015 1376 4088 generationem
1424 4016 1586 4070 aliter
1624 4027 1919 4085 generetur
1950 4031 1964 4070 :
2007 4024 2090 4069 ta-

491 4128 614 4170 men
639 4112 684 4167 si
719 4112 859 4167 fortc
890 4110 1035 4182 patri
1069 4126 1162 4180 per
1183 4111 1366 4166 omnia
1398 4110 1590 4164 similis
1620 4110 1693 4164 sit
1719 4151 1734 4175 ,
1775 4109 1990 4164 dicetur
2021 4109 2088 4164 ab

489 4219 585 4260 ore
607 4203 722 4274 ejus
751 4203 1045 4271 proiectus.
1075 4203 1206 4269 Quis
1237 4216 1342 4256 non
1372 4201 1520 4256 videt
1551 4203 1721 4257 [leum
1755 4201 1991 4256 Verbum
2022 4203 2090 4256 de

488 4299 652 4356 corde
683 4297 856 4352 Patris
883 4305 1186 4352 erttctatum
1205 4337 1219 4361 ,
1251 4311 1353 4350 nec
1376 4295 1594 4350 aliunde
1623 4296 1675 4349 in
1708 4294 1901 4364 spiritu
1927 4309 2087 4364 quam

489 4405 585 4446 ore
612 4391 904 4462 prolatum,
937 4391 1099 4444 etiam
1122 4388 1277 4458 juxta
1301 4403 1647 4442 communem
1677 4387 1916 4440 omnium
1958 4401 2087 4439 sen-

2113 3063 2164 3126 C
2193 3087 2423 3154 patiatttr
2469 3087 2696 3142 inclinat

2199 1793 2344 1847 enim
2372 1807 2584 1862 :rqunm
2617 1800 2755 1859 erat,
2787 1799 2844 1844 ttt
2885 1791 2973 1862 qui
3008 1791 3212 1859 majora
3244 1789 3594 1849 subruerent.
3629 1796 3682 1841 ct
3711 1787 3805 1856 qui

2199 1887 2542 1956 sacrilegium
2585 1897 2642 1939 ttt
2693 1886 2950 1940 volebant
2995 1886 3339 1951 existimari,
3394 1883 3808 1939 committerent

2198 1977 2538 2048 ignorantes,
2571 1991 2679 2032 non
2705 1977 3056 2033 homicidium
3082 1977 3325 2034 facerent
3352 1978 3608 2032 scientes.
3637 1977 3806 2030 Deni-

2197 2084 2301 2138 qtte
2332 2077 2387 2122 et
2413 2067 2562 2122 luna)
2589 2069 2804 2138 signum
2851 2067 3120 2139 promittit
3153 2068 3332 2122 infidis
3361 2087 3374 2122 :
3402 2076 3457 2122 et
3486 2068 3651 2120 miser
3682 2068 3806 2137 qui-

2196 2156 2318 2214 dem
2351 2160 2600 2228 populus,
2631 2159 2686 2212 in
2717 2175 2826 2213 uno
2855 2159 3158 2229 eodemque
3187 2159 3429 2226 homine,
3455 2173 3673 2213 servum
3705 2159 3801 2214 Dei

2196 2259 2541 2320 contemptor
2570 2251 2652 2304 sui
2682 2250 2920 2314 occidit,
2953 2261 3009 2304 ttt
3054 2266 3211 2320 quem
3247 2250 3400 2320 juxta
3435 2251 3610 2318 legem
3641 2267 3801 2305 suam

2197 2354 2304 2394 non
2349 2340 2658 2410 agnovisset
2707 2350 2763 2393 ut
2796 2341 2967 2395 Deum
2992 2380 3006 2404 ,
3043 2340 3187 2395 hunc
3229 2349 3384 2395 extra
3432 2340 3606 2410 legem
3640 2358 3801 2395 suam

2191 2434 2466 2504 gentiliter
2495 2433 2777 2490 damnaret
2826 2442 2884 2489 ut
2931 2450 3104 2490 reum.
3138 2434 3266 2490 Haec
3313 2435 3492 2504 itaque
3538 2435 3801 2504 ignobilia

2195 2529 2507 2599 passionis,
2556 2529 2708 2583 velut
2767 2529 2990 2597 velata,
3049 2529 3192 2584 sicut
3258 2529 3616 2596 loquebamur
3665 2545 3801 2600 ope-

2193 2621 2405 2676 ratione
2460 2622 2794 2691 promeruit,
2849 2638 2972 2678 cum
3032 2621 3248 2676 deitatis
3297 2634 3542 2677 naturam
3591 2634 3806 2678 morta-

2195 2713 2361 2767 litatis
2411 2721 2562 2769 veste
2613 2714 2915 2774 cireumdat
2967 2731 2980 2768 :
3031 2715 3160 2770 dum
3211 2715 3352 2786 apud
3407 2706 3806 2771 erubescentes

2193 2807 2520 2876 agnitionem
2545 2806 2662 2878 ejus
2694 2809 2811 2878 ipse
2849 2809 3210 2865 confunditur
3237 2829 3248 2863 :
3273 2811 3400 2864 dum
3442 2813 3583 2880 quod
3626 2810 3804 2865 homo

2191 2897 2261 2952 de
2309 2896 2420 2952 Deo
2464 2899 2534 2952 sit
2581 2915 2689 2954 non
2737 2901 2909 2956 credit
2957 2920 2971 2956 :
3039 2901 3163 2956 dttm
3207 2903 3380 2973 ipsum
3447 2903 3680 2974 denique
3743 2903 3817 2971 in

2193 3003 2251 3043 se
2299 2988 2574 3044 hominem
2625 2991 3066 3062 indespieabilem
3123 2997 3340 3050 etcteris
3403 2995 3676 3064 formam,
3735 3009 3803 3052 ut

2748 3107 2759 3143 :
2808 3089 2932 3144 dum
2981 3090 3121 3158 apud
3179 3091 3474 3162 discipulos
3515 3094 3605 3148 Dei
3634 3093 3781 3149 Ver-

2189 3177 2314 3232 bum
2343 3189 2446 3245 est,
2474 3187 2528 3234 et
2556 3180 2694 3248 apud
2721 3181 2986 3252 principes
3011 3182 3172 3237 homo
3195 3185 3421 3239 verbum
3449 3203 3553 3240 non
3586 3186 3804 3244 habens

2189 3273 2479 3330 invenitur.
2515 3273 2667 3330 Unde
2695 3276 2740 3329 si
2770 3275 3026 3352 Dominus
3057 3276 3178 3333 coeli
3202 3286 3258 3333 et
3290 3289 3483 3334 terrae:
3515 3280 3669 3349 cujus
3701 3297 3808 3335 no-

2190 3381 2310 3421 men
2342 3381 2504 3436 super
2524 3382 2684 3422 omne
2708 3385 2901 3423 nomen
2934 3381 3035 3439 est,
3081 3371 3304 3440 [orntum
3337 3373 3469 3426 servi
3507 3374 3802 3443 accipiens,

2190 3477 2290 3514 non
2310 3461 2549 3533 rapinam
2571 3460 2852 3515 arbitratus
2873 3471 3072 3518 estesse
3092 3481 3145 3518 se
3163 3466 3415 3536 (equalem
3437 3463 3540 3518 Deo
3565 3463 3798 3537 (Philip.

2189 3565 2246 3612 tt,
2273 3553 2348 3618 7),
2379 3553 2428 3605 in
2458 3552 2726 3607 hominem
2756 3568 2815 3606 se
2843 3553 3155 3620 despectum
3186 3558 3358 3611 velata
3387 3556 3625 3611 studiose
3652 3557 3794 3611 divi-

2191 3644 2357 3698 nitate
2400 3643 2664 3714 projceit:
2709 3659 2883 3716 neque
2923 3645 3094 3702 videri
3127 3648 3176 3700 in
3203 3661 3262 3703 se
3289 3649 3473 3714 voluit,
3507 3650 3646 3719 quod
3684 3665 3798 3706 non

2192 3744 2396 3804 poterat
2424 3752 2530 3790 non
2581 3738 2837 3804 agnosci:
2889 3739 3016 3808 quid
3068 3740 3314 3797 homines
3357 3742 3648 3799 observare
3695 3747 3800 3802 Sub

2159 3849 2164 3853 ·
2191 3831 2376 3901 specie
2405 3842 2626 3886 secreta»
2657 3833 3086 3888 eirettmcisionis
3119 3837 3386 3904 expediet,
3421 3852 3558 3905 quos
3595 3849 3801 3905 praeter

2194 3933 2438 3977 naturam
2467 3923 2718 3994 exemplo
2749 3924 3117 3980 Itumiliavitet
3142 3929 3449 3997 pra'cepto?
3479 3930 3799 3987 (Iuttsultius

2192 4013 2377 4082 utique
2409 4015 2625 4085 facient,
2657 4016 2701 4070 si
2734 4016 2895 4071 etiam
2921 4035 3040 4072 cum
3073 4019 3254 4074 omnia
3301 4021 3526 4078 fecerint
3567 4022 3797 4080 dicant:

2194 4107 2342 4162 Servi
2369 4107 2577 4163 inutiles
2601 4108 2725 4178 facti
2754 4127 2952 4179 smnus,
2980 4115 3119 4182 quod
3148 4115 3455 4183 imperatum
3476 4127 3547 4170 cst
3583 4119 3799 4187 fecimus

2195 4199 2357 4272 (Luc.
2386 4217 2516 4268 xvtt,
2550 4200 2638 4273 10)
2667 4220 2676 4255 :
2708 4219 2868 4275 quatit
2911 4205 3105 4260 fiducia
3156 4205 3591 4278 prtesumptinnis
3640 4211 3793 4278 elati,

2192 4301 2251 4345 ut
2280 4308 2418 4346 unus
2442 4307 2471 4347 a
2497 4292 2730 4358 dextris,
2761 4302 2815 4348 et
2842 4310 2871 4348 a
2905 4297 3139 4352 sinistris
3188 4298 3326 4354 alius
3373 4299 3424 4354 in
3466 4317 3633 4372 regno
3675 4302 3798 4370 ejus

2193 4382 2437 4449 sedeant,
2467 4383 2885 4450 pns=.ulaverint:
2916 4401 2984 4442 ne
3015 4387 3116 4442 illis
3143 4388 3259 4457 ipse
3285 4391 3543 4444 Dominus
3566 4408 3802 4462 respon-

489 4455 785 4537 sum-Patri
816 4480 1049 4536 similem
1078 4455 1350 4548 judicari?
1380 4478 1532 4544 Quod
1563 4477 1650 4531 ubi
1694 4475 1929 4531 fideliter
1961 4492 2082 4530 sen-
2117 4455 2166 4515 θ
2191 4477 2335 4541 deat,
2379 4477 2470 4545 qui
2510 4479 2634 4532 illos
2681 4494 2864 4536 amare
2910 4483 3140 4550 amplius
3167 4455 3533 4553 credebatur,
3585 4455 3801 4546 nescitis

489 4577 755 4638 serimus,
789 4582 870 4639 te,
901 4583 955 4628 et
980 4587 1042 4627 ea
1069 4588 1189 4642 qua:
1215 4570 1348 4625 foris
1377 4572 1580 4639 scripta
1609 4579 1766 4632 sunt,“
1791 4578 1844 4624 et
1871 4584 1932 4623 ea
1963 4584 2084 4638 qua:

489 4667 637 4722 intus
673 4666 931 4720 divinitus
971 4672 1323 4728 annotantur,
1366 4661 1588 4716 credere
1613 4700 1630 4726 ,
1680 4677 1844 4715 unum
1883 4661 2082 4714 librum

487 4761 670 4816 dicere
705 4760 1002 4830 poterimus
1034 4774 1048 4815 :
1080 4759 1132 4810 in
1174 4769 1281 4824 quo
1323 4755 1493 4823 legem
1527 4762 1693 4806 totam
1723 4753 1977 4822 scriptam
2006 4753 2085 4807 vi-

489 4855 700 4914 dentes.
741 4868 846 4908 non
878 4849 1324 4922 pltiloSOphorum
1355 4853 1673 4917 argumenta
1702 4853 1996 4912 sectemur,
2025 4854 2086 4902 ut

487 4947 774 5002 veritatem
819 4945 1137 5017 Opinatione
1167 4941 1524 5012 colligamus;
1567 4938 1661 4995 sed
1704 4939 1930 4995 formam
1962 4940 2086 4995 vitae

490 5047 620 5094 ante
674 5039 864 5093 oculos
917 5037 1360 5100 constituamus,
1408 5042 1463 5089 et
1509 5048 1631 5088 eam
1688 5033 1858 5101 ipsam
1891 5044 2088 5090 tracta-

490 5131 656 5188 bilem
706 5131 966 5186 miremur
995 5170 1012 5198 ,
1063 5130 1116 5184 in
1163 5143 1265 5199 qua
1316 5125 1578 5198 quidquid
1627 5125 1914 5182 obscurum
1964 5142 2088 5183 esse

489 5223 712 5296 poterit,
744 5221 1067 5276 ei'fundctur.
1099 5221 1272 5289 Quam
1301 5218 1581 5274 Manichaei
1619 5220 2007 5275 nonvidentes
2035 5220 2087 5274 in

487 5332 675 5385 carne,
707 5314 895 5371 Ariani
918 5329 1026 5368 non
1055 5313 1418 5382 intelligentes
1441 5312 1494 5365 in
1525 5312 1754 5382 spiritu,
1779 5311 1940 5366 unius
1968 5312 2089 5366 libri

488 5411 807 5483 paginarum
837 5407 1261 5465 conltederatam
1297 5406 1608 5462 dissecuere
1630 5405 1938 5475 juncturam
1968 5451 1984 5477 ,
2036 5412 2092 5462 et

491 5506 844 5562 mediatoretn
878 5503 1108 5560 duorum
1133 5502 1402 5557 consertis
1424 5501 1672 5558 manibus
1689 5542 1704 5568 ,
1731 5500 1985 5558 bteretico
2007 5501 2092 5558 fu-

493 5613 618 5660 rore
656 5605 941 5668 ruperunt.
1765 5591 1777 5647 '.

567 5685 704 5751 \lllt.
741 5689 852 5752 Sed
897 5688 1031 5768 quid
1083 5688 1314 5763 mirum,
1363 5687 1411 5749 si
1457 5687 1561 5751 hos
1609 5684 1834 5751 nimium
1881 5687 1986 5756 sibi
2035 5689 2092 5754 in

2189 4569 2315 4641 quid
2343 4572 2528 4641 petatis
2552 4571 2568 4638 (
2589 4570 2777 4626 Matth.
2807 4589 2898 4639 xx,
2920 4575 3036 4644 22).
3062 4577 3269 4642 Quibus
3287 4587 3341 4632 et
3362 4577 3540 4632 statim
3564 4578 3802 4636 formido

2192 4663 2458 4733 passionis
2485 4665 2552 4718 ab
2581 4680 2648 4720 eo
2678 4668 2992 4736 opponitur,
3025 4684 3146 4740 qum
3171 4669 3325 4739 juxta
3354 4687 3572 4728 carnem
3617 4675 3802 4729 humi-

2191 4756 2285 4811 liat
2313 4757 2517 4811 elatos:
2563 4774 2722 4827 quam
2755 4758 2842 4813 ubi
2888 4759 3157 4828 intrepide
3208 4772 3592 4834 poposcerunt,
3646 4777 3802 4823 recte

2190 4849 2406 4920 quidem
2430 4849 2561 4904 dicit
2583 4850 2706 4916 illis,
2724 4851 2900 4906 sedere
2920 4851 2989 4905 ad
3005 4853 3286 4922 dexteram,
3307 4867 3396 4910 aut
3417 4857 3487 4910 ad
3509 4858 3799 4928 sinistram,

2193 4961 2294 4999 non
2323 4955 2396 4998 est
2427 4960 2596 4998 meum
2627 4945 2752 4999 dare
2771 4944 2926 5000 vobis.
2961 4946 3232 5017 Numquid
3266 4964 3386 5003 nam
3415 4948 3502 5005 hic
3524 4966 3581 5005 se
3607 4961 3805 5020 poten-

2196 5036 2284 5091 tiae
2314 5035 2587 5108 indignum
2619 5051 2738 5094 esse
2772 5041 3046 5109 professus
3077 5049 3182 5107 est,
3212 5050 3305 5096 aut
3334 5058 3498 5099 omne
3542 5043 3646 5098 sibi
3687 5059 3800 5100 non

2195 5127 2358 5186 licere
2389 5140 2635 5200 testatur,
2663 5133 2754 5202 qui
2780 5134 2874 5199 ait,
2922 5133 3085 5188 Pater
3133 5135 3389 5190 neminem
3430 5136 3660 5206 judicat,
3707 5138 3802 5194 scd

2198 5240 2345 5278 omne
2362 5225 2627 5297 judicium
2657 5226 2799 5280 dedit
2837 5223 2978 5280 Filio
3023 5224 3215 5298 (Joun.
3260 5243 3314 5295 v,
3355 5227 3487 5298 9.2)?
3527 5227 3649 5282 Non
3694 5238 3797 5298 est,

2196 5318 2292 5382 ait,
2325 5333 2491 5370 meum
2527 5319 2649 5371 dare
2676 5319 2837 5387 vobis,
2865 5317 2916 5372 id
2948 5327 3054 5382 est,
3085 5320 3164 5374 sic
3192 5319 3501 5389 petentibus
3530 5322 3796 5392 superbe,

2199 5408 2518 5476 insolenter,
2546 5409 2709 5476 elate,
2737 5410 2804 5466 de
2833 5410 3010 5466 carnis
3043 5420 3277 5480 tumore,
3311 5429 3416 5467 non
3449 5413 3678 5484 spiritus
3720 5415 3803 5471 le-

2194 5501 2385 5556 nitate.
2409 5499 2540 5554 Nam
2569 5516 2669 5571 ego
2707 5502 2797 5572 qui
2848 5503 3043 5557 resisto
3086 5519 3229 5559 nunc
3271 5504 3445 5569 vobis,
3497 5505 3803 5564 humilibus

2195 5594 2324 5651 dare
2347 5594 2569 5666 gratiam
2595 5595 2874 5650 consuevi.
2902 5595 2976 5651 Ita
3003 5597 3257 5654 Dominus
3281 5597 3407 5654 dum
3432 5597 3803 5660 humilitatem

2196 5695 2255 5752 et
2274 5687 2442 5751 verbo
2463 5697 2516 5749 et
2540 5697 2665 5751 actu
2690 5704 2820 5752 vere
2842 5689 3125 5754 audientes
3151 5690 3312 5755 docet
3334 5709 3351 5756 :
3379 5707 3475 5758 cur
3502 5692 3558 5754 in
3581 5705 3810 5762 secreta
