4012 6190
193 123 290 186 {97
978 118 1313 180 EPISTOLA
1349 117 1494 177 XIX.
1545 117 1638 178 DE
1677 115 1870 178 \‘ERA
1917 115 2476 184 CIRCUMCISIONE.
3367 126 3485 188 ’198

191 251 338 314 parte
364 237 607 311 corporis
637 235 1120 312 prmﬁgurationem
1163 253 1304 294 verae
1343 235 2137 305 circumcisionisAquentes,
2192 238 2419 294 verbum
2475 236 2721 308 Domini,
2773 237 2899 296 dum
2947 252 3056 297 non
3110 239 3475 312 custodimus,

191 335 392 389 habere
424 334 677 396 voluerit,
710 332 967 409 ostendit.

257 427 350 481 1X.
401 427 518 480 Dixi
551 427 617 480 de
657 426 876 480 occulto
915 425 1344 481 circumcisionis
1369 469 1382 490 ,
1426 440 1549 494 qua:
1605 425 1783 490 putavi

192 535 305 574 (-Sse
357 519 584 573 dicenda
631 537 644 570 :
685 527 936 587 supetest
982 527 1040 573 ut
1086 519 1152 573 de
1199 520 1312 588 ipsa
1368 516 1785 573 circumcisione

193 622 500 678 tractemus,
533 627 652 682 quas
678 613 845 680 ﬁgura
868 613 958 674 sit,
984 627 1079 666 cur
1105 627 1212 665 non
1245 609 1404 664 oculo
1429 611 1786 664 circumcida-

190 722 305 760 mur
337 713 392 759 ct
424 721 610 771 manu,
652 704 866 758 dicente
911 704 1139 758 Domino
1172 722 1184 756 :
1220 703 1356 757 Nam
1384 704 1428 756 si
1459 701 1639 757 oculus
1669 713 1786 765 tuus

187 800 509 853 scandalizat
543 810 609 860 te,
641 815 761 852 erue
791 814 906 852 eum
941 806 1028 850 :ct
1057 799 1099 850 si
1125 815 1306 850 manus
1350 807 1436 849 tua
1468 796 1787 849 scandalizat

188 903 256 959 le,
289 891 535 945 abscinde
556 907 674 944 eam
707 889 928 962 (Matth.
952 905 1002 954 v,
1027 888 1303 960 ‘29),th
1333 897 1478 942 tanta
1513 889 1581 941 ibi
1616 887 1788 957 pmﬁ-

183 986 402 1055 gnratio
432 994 518 1040 est
544 1026 560 1051 ,
591 992 653 1039 ut
677 999 771 1051 per
794 998 955 1037 unam
988 995 1196 1052 partem
1221 983 1464 1051 corporis
1495 988 1636 1034 totus
1665 996 1784 1033 om-

185 1078 318 1131 nino
361 1077 534 1131 homo
563 1074 916 1130 circumcisus
943 1088 1068 1128 esse
1106 1073 1361 1127 credatur
1392 1089 1406 1123 :
1441 1082 1495 1125 et
1526 1085 1646 1124 cum
1680 1070 1782 1125 hoc

181 1183 283 1223 nos
312 1179 433 1238 post
475 1166 749 1223 Cbrismm
777 1207 792 1231 ,
835 1175 894 1220 ut
929 1165 1103 1220 Judaei
1133 1165 1352 1229 faciunt,
1388 1178 1492 1218 non
1523 1163 1781 1218 faciamus

182 1261 236 1316 in
285 1277 494 1325 carne,
543 1262 720 1313 lacere
762 1268 944 1311 tamen
981 1271 1078 1326 per
1112 1257 1359 1312 eumdem
1388 1255 1695 1325 judicemttr
1723 1255 1775 1310 in

179 1354 381 1408 corde?
427 1352 720 1407 Veniamus
758 1349 826 1403 ad
870 1349 1298 1418 regenerationis
1341 1357 1542 1402 nostrae
1591 1362 1776 1402 sacra-

181 1455 356 1500 menta
393 1444 669 1508 cmlestia,
720 1453 775 1495 ut
823 1440 1292 1496 circumcisionem
1335 1440 1671 1510 spiritualem
1722 1441 1774 1494 in

183 1541 445 1612 Spirituali
479 1540 760 1593 nativilate
785 1553 1092 1609 qumramus
1128 1554 1140 1590 :
1177 1545 1230 1591 et
1273 1536 1323 1589 in
1355 1536 1486 1606 ipsis
1520 1534 1640 1590 ﬁdei
1673 1549 1773 1589 no-

1885 329 2209 385 obtetintus.

1957 421 2025 476 Χ.
2063 423 2234 478 Porro
2267 424 2381 481 haec
2417 442 2482 480 an
2512 430 2580 482 ita
2611 443 2668 482 se
2699 428 2957 495 habeant,
2993 442 3047 487 et
3079 433 3204 488 ﬁdei
3239 445 3475 504 patrem,

1885 527 1935 570 et
1969 518 2403 574 cirCumt-isionis
2434 523 2832 594 it'iterrogemus
2862 537 3135 581 auctorem
3167 545 3180 580 :
3219 527 3474 598 quoniam

1887 611 1952 663 ab
1985 610 2105 681 ipso
2131 621 2357 679 utraque
2388 612 2527 682 iure,
2561 623 2614 669 et
2641 612 2758 684 qua:
2789 617 2852 670 ad
2888 628 3144 679 utentem.
3176 629 3232 674 et
3263 637 3380 691 qua:
3411 621 3475 676 ad

1889 716 2088 770 Corpus
2121 707 2418 772 pertinent,
2453 720 2832 775 processerunt
2866 729 2876 762 :
2912 712 3024 778 ipse.
3055 713 3210 766 nobis
3253 730 3480 782 reSpou—

1889 791 2046 846 debit
2073 810 2137 848 ex
2162 807 2352 864 gestis,
2386 807 2564 851 utrum
2598 816 2663 853 ne
2687 801 2830 854 ilium
2857 801 2966 854 Deo
2992 803 3216 856 .ludaica
3252 807 3478 860 circum-

1889 887 2060 954 cisio,
2090 905 2158 943 an
2201 905 2333 944 vero
2365 900 2550 946 nostra
2591 892 2706 946 hmc
2745 910 2900 963 quam
2935 894 3162 949 (“Ciuilis
3195 911 3478 952 (Otlllll('!l-

1887 981 2052 1037 darit.
2085 983 2163 1038 Ac
2191 986 2422 1052 primttm
2449 987 2597 1040 audit
2629 1003 2657 1041 a
2697 988 2920 1041 DOllliﬂO
2954 1008 2966 1043 :
3000 987 3100 1041 Exi
3135 990 3202 1043 de
3233 999 3367 1043 terra
3395 1002 3480 1045 tua

1885 1085 1933 1128 (ι
1959 1077 2023 1128 de
2046 1075 2356 1146 cognatione
2393 1087 2482 1131 tua
2530 1077 2684 1150 (Cea.
2732 1095 2807 1135 ιιι
2836 1121 2850 1147 ,
2892 1083 2966 1153 1).
3015 1081 3127 1137 Sub
3175 1083 3278 1137 hoc
3319 1085 3481 1140 verbo

1875 1167 2031 1238 juxta
2064 1183 2286 1222 carnem
2328 1169 2381 1223 in
2418 1172 2683 1241 prarputio
2709 1174 3071 1244 conStitutus,
3105 1191 3133 1230 a
3168 1179 3480 1244 parentibus

1879 1275 1938 1314 se
1960 1261 2340 1328 circumcidit,
2369 1272 2424 1317 et
2448 1263 2675 1332 patriam
2705 1275 3061 1339 naturamque
3095 1288 3340 1334 onmem,
3375 1288 3478 1343 qua

1879 1367 1975 1421 per
1999 1351 2251 1408 allectum
2279 1357 2588 1422 tenebatur,
2619 1359 2971 1430 abrttmpens,
3000 1364 3233 1418 verbum
3260 1365 3475 1423 Domini

1877 1449 2124 1518 sequitur
2152 1453 2489 1521 peregrinus.
2541 1455 2675 1510 llinc
2703 1457 2903 1512 deinde
2935 1475 2998 1512 ex
3029 1460 3266 1531 caiijuge
3297 1463 3474 1518 sterili

1875 1553 1930 1598 et
1957 1561 2187 1615 annosa,
2219 1547 2269 1602 id
2301 1558 2402 1612 est,
2428 1560 2481 1605 et
2503 1561 2690 1606 contra
2716 1552 2905 1607 vitium
2936 1564 3166 1620 natutm,
3197 1567 3248 1608 et
3276 1567 3466 1610 contra

182 1645 305 1689 stne
331 1631 641 1697 cunabulis,
673 1645 781 1700 quo
804 1639 1046 1698 tempore
1077 1628 1415 1683 circumcisio
1444 1628 1766 1692 celebratur,

1875 1640 2241 1696 conditionem
2294 1643 2592 1700 deﬁcientis
2634 1645 2807 1701 :etatis
2833 1687 2848 1713 ,
2878 1648 3210 1717 posteritatis
3247 1649 3474 1718 promit-

180 1726 378 1796 prirnos
412 1724 624 1793 vagitus
650 1733 873 1776 sacrata:
901 1729 1212 1791 repetamus
1235 1720 1474 1774 infantia:
1503 1737 1514 1772 :
1541 1731 1591 1773 et
1617 1719 1774 1774 abre-

178 1818 568 1872 nuntiationem
599 1817 744 1870 illaut
769 1857 782 1881 ,
808 1832 909 1886 qua
939 1815 1220 1885 praeputiis
1253 1814 1613 1876 denudatnur,
1645 1824 1772 1870 ante

179 1913 357 1966 oculos
388 1911 744 1976 collocemus,
781 1910 1038 1980 quoniam
1080 1909 1220 1964 sicut
1242 1909 1333 1980 qui
1361 1909 1656 1963 carnaliter
1679 1926 1774 1962 na-

178 2005 469 2059 scebantur
500 2004 551 2058 in
577 2001 800 2067 mundo,
833 2000 1128 2055 carnaliter
1157 2000 1687 2055 circumcidebantur
1718 2001 1770 2054 in

177 2095 285 2165 lege
317 2113 330 2147 :
361 2095 435 2148 ita
478 2095 566 2164 qui
601 2110 742 2148 nunc
770 2093 836 2147 ad
860 2094 1122 2148 cmlorum
1150 2107 1312 2163 regna
1342 2102 1676 2162 generantur
1703 2107 1771 2148 ex

177 2188 338 2242 verbo
367 2233 381 2256 ,
444 2203 541 2256 per
571 2187 796 2242 verbum
835 2185 1299 2241 circumciduntur
1346 2201 1374 2240 a
1405 2187 1626 2241 mundo.
1679 2185 1770 2242 Sic

179 2294 408 2349 namque
439 2279 672 2334 dicimus
696 2279 1080 2341 abrenuntiare
1119 2294 1219 2333 nos
1247 2279 1450 2333 mundo
1473 2290 1524 2334 et
1557 2281 1767 2350 pompis

174 2372 310 2438 ejus,
345 2372 602 2440 quoniam
623 2371 882 2440 quidquid
911 2381 993 2425 est
1021 2371 1074 2424 in
1100 2371 1325 2437 mundo,
1353 2373 1769 2440 concupiscentia

173 2465 335 2517 carnis
367 2457 464 2528 est,
498 2475 545 2517 et
576 2464 990 2532 concupiscentia
1023 2465 1291 2517 oculorum
1324 2471 1432 2530 e-t,
1472 2474 1516 2517 et
1556 2465 1768 2518 ambitio

171 2557 366 2627 sa'culi,
393 2574 509 2629 qmc
532 2575 634 2612 non
665 2567 736 2612 est
766 2575 797 2610 a
827 2557 983 2612 Patre
1016 2558 1065 2630 (l
1091 2556 1249 2611 Joan.
1273 2573 1330 2622 tt,
1358 2558 1467 2630 16).
1501 2559 1590 2612 illa
1636 2573 1765 2630 ergo

173 2654 465 2724 promissio
495 2661 550 2706 et
576 2650 921 2706 circumcisio
947 2659 1065 2717 est,
1103 2666 1262 2720 quam
1298 2665 1402 2704 non
1450 2650 1680 2719 patimur
1712 2659 1768 2705 ιιι

173 2745 348 2810 servi,
380 2744 475 2799 sed
517 2743 838 2798 exhibemus
868 2753 928 2796 ut
962 2743 1118 2796 liberi
1156 2761 1167 2794 :
1203 2758 1301 2796 nec
1337 2753 1620 2813 postquam
1652 2743 1764 2798 nati

175 2836 436 2892 fuerimus
467 2835 832 2900 celebramus,
867 2834 962 2889 sed
991 2843 1045 2888 ut
1074 2835 1412 2889 renascimur
1441 2835 1718 2890 offerimus
1749 2853 1762 2888 :

172 2931 426 3000 omnique
451 2931 503 2982 in
535 2928 814 2996 procinctu
842 2926 1178 2996 baptismatis
1207 2927 1527 2983 indumento
1552 2927 1761 2995 nudati,

166 3025 274 3079 sola
323 3031 650 3078 sanctorum
696 3023 868 3077 oculis
909 3021 1250 3077 confessione
1298 3025 1560 3077 vestiatur
1603 3041 1615 3076 :
1665 3038 1764 3081 nec

165 3116 226 3169 ad
267 3114 514 3184 speciem
561 3122 809 3168 naturam
853 3123 1096 3168 nostram
1137 3129 1326 3168 arsura
1366 3116 1579 3170 ﬁlorum
1611 3127 1764 3172 veste

163 3208 408 3262 velamus
429 3248 443 3271 ,
479 3206 605 3277 quia
636 3206 688 3260 in
724 3205 1024 3276 Evangelio
1055 3207 1220 3262 arbor
1264 3207 1403 3260 loliis
1429 3207 1760 3273 exuberans,

166 3317 285 3356 cum
315 3303 369 3358 in
416 3318 482 3357 ea
513 3301 722 3357 fructus
747 3317 851 3356 non
885 3313 1034 3358 esset
1057 3312 1341 3371 repertus,
1385 3302 1594 3356 exaruit
1625 3321 1636 3356 :
1667 3303 1762 3358 sed

163 3401 352 3447 cuncta
381 3393 575 3448 carnis
610 3391 888 3462 repudiata
932 3403 1151 3462 natura,
1196 3408 1361 3448 sexus
1391 3394 1760 3462 immemores,

161 3493 230 3547 nil
263 3507 527 3549 veremur
561 3509 575 3544 :
618 3507 720 3549 nec
752 3507 875 3548 cum
921 3492 1097 3561 primo
1131 3491 1224 3545 illo
1270 3501 1482 3546 terreno
1522 3491 1759 3558 homine,

160 3585 323 3639 Adam
355 3587 444 3640 ubi
476 3604 531 3642 es
561 3584 712 3658 (Gen.
739 3601 817 3649 ιιι,
843 3585 941 3655 9)?
965 3583 1135 3638 Deum
1168 3585 1432 3654 fugientes
1460 3584 1711 3639 audimus
1745 3601 1759 3638 :

160 3677 249 3731 sed
295 3692 422 3732 cum
474 3679 571 3732 illo
619 3676 861 3732 secundo
902 3677 1134 3732 etelesti.
1184 3675 1296 3747 Ego
1337 3675 1490 3730 hodie
1535 3677 1688 3745 genui
1717 3688 1764 3730 te

160 3773 291 3841 (Act.
341 3789 467 3843 χιιι,
507 3771 623 3844 55).
667 3773 830 3828 Deum
860 3781 1154 3840 sequentes
1182 3771 1450 3825 audimtts.
1494 3771 1763 3840 l’rarputia

158 3863 334 3934 itaque
363 3880 498 3936 qua:
528 3864 704 3919 Adam
739 3874 1107 3934 transgressor
1135 3862 1384 3932 acquirit,
1421 3877 1518 3931 per
1546 3861 1762 3932 subjec-

158 3957 355 4012 tionem
387 3957 641 4014 caelestis
671 3955 992 4010 obedientire
1018 3964 1357 4025 respuentcs,
1390 3963 1635 4007 naturam
1659 3953 1766 4006 cir-

157 4053 529 4106 cumcidimus
555 4051 838 4119 vitiorum,
867 4057 923 4104 et
952 4064 1048 4119 per
1076 4064 1235 4103 unam
1267 4046 1566 4117 corporalis
1595 4062 1763 4100 mento

153 4143 229 4199 bri
263 4147 532 4207 formam,
563 4157 755 4199 omnes
787 4151 1108 4199 exercentes
1137 4143 1188 4196 in
1219 4142 1538 4212 pricputium
1570 4155 1764 4196 sensus

151 4239 548 4310 persequimur
570 4253 635 4292 ac
663 4247 1008 4292 truncamus.
1037 4234 1153 4290 Non
1177 4233 1322 4290 enim
1350 4244 1595 4288 naturam
1624 4277 1638 4302 ,
1668 4233 1765 4289 sed

150 4340 356 4386 naturae
409 4328 698 4402 superﬂua
754 4345 1064 4386 resecamus
1117 4346 1130 4383 :
1183 4329 1463 4396 scientes,
1509 4330 1762 4397 quoniam

153 4423 412 4494 quidquid
449 4423 694 4494 amplius
725 4431 829 4487 est,
859 4440 888 4477 a
912 4421 1059 4477 malo
1085 4429 1190 4478 est.
1224 4422 1313 4476 Sic
1335 4421 1549 4476 Domini
1580 4421 1767 4490 digna-

154 4521 351 4573 tionem
398 4518 836 4587 consequimur,
867 4526 924 4570 ut
953 4531 1054 4571 nos
1084 4515 1174 4586 qui
1221 4515 1517 4570 secundum
1550 4531 1766 4570 carnem

154 4611 484 4680 prreputium
520 4607 778 4672 dicimur,
810 4607 861 4662 id
893 4612 996 4674 est,
1027 4608 1173 4662 velut
1203 4608 1505 4677 ignorantia
1534 4607 1765 4678 quadam

156 4702 484 4758 naturaliter
521 4702 752 4770 obtecti,
787 4711 962 4756 tamen
989 4700 1229 4756 revelata
1253 4701 1389 4754 facie
1416 4700 1641 4770 gloriam
1665 4701 1772 4754 Do-

155 4797 277 4851 mini
313 4797 688 4870 speculemur
733 4814 746 4852 :
788 4811 914 4852 cum
952 4794 1029 4850 illi
1073 4796 1162 4866 qui
1205 4794 1504 4851 secundum
1550 4810 1769 4850 carnem

153 4890 510 4946 circumcisio
554 4889 811 4945 dicuntur
836 4931 850 4956 ,
887 4897 1064 4943 tamen
1107 4904 1173 4942 ne
1204 4887 1257 4942 in
1298 4888 1470 4959 legem
1506 4886 1770 4958 intrOSpi-

152 4983 320 5052 c?.ant,
369 4983 634 5040 obtentis
681 4999 796 5055 pra:
829 4982 964 5038 facie
995 4981 1342 5038 obcaecenlttr
1382 4983 1588 5037 aulaeis.
1632 4981 1772 5036 Eva-

155 5088 298 5131 cuala
327 5087 423 5133 est
461 5079 660 5146 itaque
692 5075 1131 5132 circumcisionis
1162 5075 1334 5145 ﬁgura
1360 5088 1642 5144 corporeae
1669 5114 1684 5138 ,
1717 5082 1772 5129 et

155 5164 200 5220 in
229 5170 335 5225 vim
371 5169 639 5226 nominis
670 5169 787 5240 ejus
820 5177 934 5222 tota
970 5169 1329 5234 transcendit,
1360 5169 1581 5238 quando
1609 5168 1770 5222 etiam

155 5259 223 5316 sic
267 5265 625 5335 praeputium
684 5261 1031 5317 circumcisio
1084 5271 1386 5330 reputatur.
1439 5260 1593 5327 Quod
1645 5269 1771 5317 tunc

153 5357 364 5423 evenit,
409 5359 462 5412 si
494 5362 607 5410 aut
645 5362 765 5423 post
802 5353 1024 5408 verbum
1058 5353 1304 5416 Domini,
1358 5362 1563 5407 natura:
1614 5352 1771 5428 hujus

156 5458 427 5520 corrupta;
475 5444 893 5516 acquiescimus
923 5443 1341 5512 blandimentis,
1389 5455 1442 5500 et
1481 5445 1662 5499 denuo
1689 5445 1774 5498 in-

153 5542 351 5599 centiva
390 5542 706 5612 sequimur
735 5537 992 5596 vitiorum
1027 5557 1040 5594 :
1069 5550 1164 5595 aut
1201 5541 1367 5596 etiam
1397 5556 1504 5596 non
1537 5541 1774 5595 circum-

155 5633 240 5696 cisi
272 5637 328 5699 in
358 5651 549 5699 carne
578 5676 600 5714 ,
645 5645 766 5692 eam
804 5631 975 5707 ipsam
1015 5640 1264 5692 naturam
1290 5647 1414 5695 cum
1443 5634 1556 5695 suis
1585 5645 1773 5709 perse-

1877 1735 2006 1788 titur
2032 1735 2322 1793 multitudo
2356 1755 2372 1791 :
2401 1755 2507 1793 non
2541 1741 2854 1796 considerat
2882 1758 3080 1812 corpus
3101 1760 3258 1798 suum
3289 1759 3468 1798 emoro

1877 1835 2062 1892 tuum,
2118 1843 2238 1883 cum
2287 1829 2400 1898 jam
2444 1831 2556 1887 lere
2595 1843 2812 1888 centum
2863 1845 3006 1890 esset
3052 1851 3362 1903 annorum,
3415 1843 3470 1891 et

1876 1928 2186 1974 emortuam
2213 1921 2428 1976 vulvam
2459 1921 2608 1978 Same
2640 1925 2885 1996 conjugis
2914 1942 3048 1994 suae,
3077 1929 3162 1983 cui
3193 1930 3470 1984 desierant

1881 2010 2000 2067 ﬁeri
2041 2013 2361 2081 muliebria,
2392 2015 2557 2070 etiam
2593 2017 2637 2070 si
2675 2029 2800 2073 ante
2841 2019 3042 2074 sterilis
3087 2036 3193 2075 non
3226 2022 3416 2077 fuisset
3453 2039 3464 2075 :

1875 2106 1969 2160 scd
2002 2105 2056 2160 in
2092 2108 2512 2175 promissionem
2560 2123 2708 2178 spem
2756 2125 3103 2181 supponcns,
3130 2113 3471 2181 Ῑιιειίιὶοηιίο-

1874 2212 1998 2252 nem
2022 2197 2295 2252 credendo
2319 2210 2683 2268 promeretur.
2714 2201 2871 2255 Prius
2891 2217 3020 2272 ergo
3041 2218 3200 2272 quam
3228 2205 3282 2256 in
3308 2218 3470 2260 carne

1870 2288 2328 2352 circumcidatur,
2373 2291 2612 2360 eligitur.
2654 2292 2809 2346 Prius
2849 2294 2992 2347 enim
3033 2294 3292 2362 scriptum
3336 2303 3466 2350 est:

1871 2377 2101 2433 Credidit
2135 2379 2396 2433 Abraham
2434 2379 2574 2446 Deo,
2605 2390 2652 2436 ct
2686 2393 2980 2450 reputatum
3012 2395 3086 2438 est
3114 2385 3192 2438 illi
3222 2386 3469 2456 ωιληειί-

1871 2470 1995 2522 tiam
2029 2468 2206 2540 (Rom.
2233 2486 2305 2531 tv,
2331 2471 2409 2540 5).
2442 2471 2605 2526 Jubet
2637 2474 2800 2544 igitur
2832 2475 2973 2529 Deus
3009 2493 3022 2528 :
3057 2476 3470 2531 Circumcitlatur

1871 2577 2019 2616 omne
2049 2561 2396 2616 masculinum
2425 2576 2680 2634 vestrum,
2704 2576 2754 2621 et
2787 2567 3227 2623 circumcidemini
3265 2586 3469 2624 carnem

1871 2655 2112 2724 praeputii
2137 2656 2293 2709 vestri
2324 2655 2478 2728 (Cea.
2516 2672 2648 2722 xvtt,
2685 2659 2794 2729 10).
2828 2658 3048 2715 Addidit
3074 2672 3127 2716 et
3157 2661 3470 2732 signiﬁcan-

1873 2745 1998 2799 tiain
2034 2747 2194 2816 hujus
2225 2749 2322 2813 rei,
2354 2765 2420 2804 ne
2446 2758 2595 2805 esset
2625 2751 2878 2806 obscura.
2909 2752 2998 2807 Ait
3028 2754 3171 2808 enim
3211 2774 3222 2808 :
3255 2753 3324 2807 Et
3368 2756 3464 2809 erit

1870 2840 1924 2892 ia
1954 2840 2158 2911 signum
2190 2843 2482 2896 testamenti
2513 2844 2644 2897 inter
2667 2861 2749 2898 me
2776 2855 2824 2898 et
2855 2861 2962 2899 vos.
2989 2845 3211 2916 Signum
3245 2848 3310 2901 ad
3343 2862 3466 2902 ocu-

1871 2931 1953 2988 los
1979 2935 2245 3003 pertinet,
2275 2935 2555 3003 videlicet,
2601 2945 2661 2992 ιιι
2704 2953 2894 2994 eorum
2934 2949 3079 2995 esset
3107 2941 3339 3010 agnitio.
3372 2941 3463 3010 qtti

1869 3039 1975 3079 non
2020 3037 2270 3094 putarent
2298 3042 2420 3082 eum
2456 3029 2785 3084 mundialem
2827 3041 3077 3086 naturam
3113 3049 3207 3102 per
3237 3033 3462 3089 vet-bum

1869 3118 2083 3174 Domini
2116 3121 2386 3190 respuisse
2417 3139 2428 3174 :
2460 3137 2526 3177 ac
2553 3123 2597 3176 si
2633 3121 2723 3193 qui
2763 3134 2948 3178 essent
2988 3124 3066 3178 illi
3109 3124 3198 3194 qui
3230 3125 3464 3182 Abrahae

1868 3209 2025 3265 ﬁdem
2051 3219 2105 3265 et
2125 3213 2376 3266 virtutem
2401 3213 2734 3282 Operationis
2761 3216 3095 3285 ignorarent,
3131 3230 3226 3283 per
3248 3216 3460 3284 signum

1865 3305 2014 3358 velut
2045 3319 2140 3374 per
2180 3305 2468 3376 imaginem
2499 3306 2678 3374 aliqua
2712 3306 3122 3376 comparatione
3164 3305 3458 3373 depictam,

1865 3394 1993 3464 quid
2027 3410 2218 3450 verum
2248 3405 2396 3450 esset
2435 3405 2815 3464 agnoscerent.
2852 3397 3060 3452 Deinde
3100 3409 3154 3451 et
3194 3397 3464 3466 Propheta

1865 3484 2070 3541 inﬁdeli
2101 3489 2321 3557 pOpulo,
2355 3488 2448 3556 qui
2479 3489 2646 3543 Deum
2671 3504 2737 3542 ex
2768 3504 2833 3543 eo
2860 3489 3000 3558 quod
3027 3490 3201 3545 videri
3232 3507 3337 3544 non
3371 3507 3467 3560 po-

1869 3588 2004 3645 test,
2041 3579 2210 3634 nollet
2253 3579 2515 3646 credere,
2561 3579 2772 3650 signum
2820 3581 3036 3637 visibile
3083 3583 3346 3653 promittit
3379 3583 3462 3636 di-

1866 3672 2041 3728 cendo
2073 3689 2086 3726 :
2116 3670 2273 3724 Dabit
2310 3671 2448 3726 vobis
2492 3672 2631 3726 Deus
2669 3685 2827 3728 uester
2868 3675 2980 3744 ipse
3027 3677 3231 3747 signum
3275 3694 3291 3730 :
3332 3676 3464 3734 Ecce

1865 3767 2009 3838 virgo
2048 3766 2102 3820 in
2128 3776 2272 3820 utero
2296 3767 2551 3839 concipiet
2579 3811 2594 3835 ,
2626 3777 2672 3822 et
2698 3770 2860 3840 pariet
2891 3768 3090 3839 ﬁliam,
3121 3781 3169 3824 et
3194 3772 3460 3825 vocabitur

1867 3875 2052 3914 nomen
2079 3863 2194 3932 ejus
2229 3857 2544 3914 Emmanuel
2587 3859 2723 3931 (Isa.
2754 3876 2849 3924 \‘ll.
2894 3860 3009 3932 14).
3043 3863 3106 3917 Ει
3147 3863 3247 3933 ipsi
3277 3863 3453 3922 Iudici

1866 3968 1990 4008 cum
2041 3953 2328 4007 Dominum
2380 3962 2586 4008 tantum
2628 3954 2680 4009 in
2719 3969 2884 4011 carne
2930 3959 3310 4027 consmcerent
3338 3999 3354 4026 ,
3405 3968 3462 4015 et

1868 4045 2028 4102 ﬁdem
2060 4045 2177 4115 ejus
2211 4045 2505 4100 virtutibus
2537 4045 2908 4118 denegarem,
2941 4049 3151 4120 signum
3189 4053 3466 4119 postulant

1867 4138 1936 4194 de
1967 4137 2126 4204 casio,
2163 4153 2360 4210 nempe
2389 4147 2447 4193 ut
2473 4140 2757 4196 crederent
2778 4141 2823 4194 si
2856 4141 3123 4198 viderent.
3159 4143 3304 4197 Deus
3333 4158 3463 4213 ergo

1866 4246 1966 4304 pro
1994 4241 2244 4303 tempore
2284 4248 2406 4287 cum
2439 4231 2671 4287 Abrahae
2703 4234 2991 4304 posteritas
3018 4234 3239 4304 paribus
3271 4234 3317 4288 si
3340 4249 3468 4304 pos-

1869 4336 1950 4382 set
1976 4326 2221 4398 vestigiis
2273 4325 2477 4397 ingredi
2510 4328 2561 4380 in
2594 4327 2755 4383 ﬁdem
2787 4328 3070 4384 electionis
3100 4343 3246 4394 sum,
3279 4337 3462 4384 notam

1873 4419 1925 4474 in
1957 4419 2110 4490 signo
2143 4420 2246 4474 hoc
2273 4420 2445 4474 voluit
2470 4435 2593 4476 esse
2619 4421 2909 4490 justitiam,
2933 4432 2990 4475 ut
3013 4422 3101 4490 qui
3133 4420 3462 4475 mundialem

1874 4521 2125 4566 naturam
2157 4512 2354 4566 anima:
2386 4513 2688 4583 respuisset
2710 4554 2724 4579 ,
2770 4516 2820 4569 ei
2851 4514 3197 4569 circumcisio
3229 4513 3464 4568 carnalis

1872 4619 2158 4679 appareret
2182 4608 2233 4662 iu
2263 4623 2518 4679 corpore,
2549 4625 2613 4664 ac
2642 4611 2789 4664 velut
2818 4624 2914 4680 per
2946 4597 3054 4663 hoc.
3076 4609 3220 4678 quod
3252 4609 3465 4663 videtur

1873 4711 2058 4772 posset
2107 4700 2362 4772 intelligi.
2392 4703 2494 4773 _Sic
2540 4703 2709 4756 multa
2741 4717 2859 4771 quae
2889 4715 2919 4755 a
2956 4699 3238 4768 prophetis
3266 4701 3466 4769 populo

1873 4794 2367 4861 denuntiabantur,
2401 4797 2468 4849 ab
2501 4796 2634 4864 ipsis
2679 4793 2831 4864 prius
2872 4809 2901 4847 a
2944 4793 3139 4862 quibus
3183 4809 3466 4862 praecone-

1874 4887 2074 4943 bantur
2122 4888 2312 4944 eﬁecta
2363 4895 2509 4942 sunt.
2565 4887 2748 4940 Nudos
2801 4890 2857 4940 in
2907 4884 3273 4953 captivitatem
3327 4887 3467 4944 ﬁlios

1875 4979 2044 5035 Israel
2067 4994 2189 5034 esse
2207 4979 2514 5041 ducendos,
2543 4979 2647 5032 Per
2670 4977 2988 5048 prophetam
3015 4976 3187 5032 iratus
3211 4979 3468 5039 Dominus

1877 5069 2194 5127 minabatur
2234 5087 2246 5120 :
2279 5079 2426 5124 certe
2454 5069 2658 5124 dictum
2696 5069 2809 5136 jam
2848 5069 2914 5123 ad
2948 5070 3180 5140 partium
3225 5077 3466 5131 omnium

1878 5161 2294 5232 intelligentiam
2335 5170 2542 5228 poterat
2585 5160 2815 5218 intrare.
2848 5161 3014 5218 Vadit
3055 5172 3238 5220 tamen
3289 5169 3464 5223 nudus

1877 5257 1996 5328 ipse
2021 5254 2289 5323 Propheta
2321 5267 2415 5320 per
2448 5253 2710 5320 populos,
2747 5265 2802 5308 et
2831 5256 2885 5310 in
2917 5270 2978 5311 se
3001 5255 3145 5322 quod
3175 5257 3300 5310 aliis
3329 5259 3470 5311 vati-

1879 5347 2164 5404 cinabatur
2205 5343 2463 5398 ostendit.
2510 5343 2670 5398 Videt
2711 5347 2932 5416 vulgus,
2970 5359 3077 5400 non
3109 5345 3290 5410 audit,
3333 5356 3387 5400 et
3419 5349 3474 5404 in

1880 5439 2034 5496 Isaia:
2063 5451 2291 5506 eorpore
2323 5450 2443 5502 qua:
2471 5435 2572 5488 sibi
2606 5448 2761 5490 erant
2793 5450 3021 5490 ventura
3054 5438 3358 5501 cognoscit.
3394 5436 3479 5494 Fit

1881 5535 2093 5603 signum
2120 5530 2186 5585 de
2217 5539 2369 5590 vate,
2402 5534 2457 5580 et
2484 5525 2538 5579 in
2571 5525 2746 5581 libero
2771 5528 2956 5581 adhuc
2989 5522 3192 5594 populo
3221 5526 3480 5584 amaritu-

1880 5626 2063 5688 dinem
2102 5622 2267 5680 sentit
2308 5617 2581 5694 Propheta
2617 5620 2837 5693 captivi.
2888 5618 2984 5679 Sic
3010 5611 3294 5675 Abraham
3332 5617 3481 5684 dest.
