4012 6190
562 125 666 194 199

1596 126 1655 189 S.
1698 124 2079 189 mEROSUII
2117 124 2401 188 OPERUM
2441 121 2806 188 IIANTISSA.

3756 131 3856 194 200

557 264 686 323 gnat
711 253 761 307 in
787 266 950 307 carne
972 248 1114 321 quod
1139 249 1420 308 CXCfCi:iJ.\I
1451 252 1505 306 in
1531 260 1732 314 mente,
1759 261 1811 305 et
1836 266 1931 319 per
1953 264 2150 303 nomen
2180 247 2232 310 Α
2259 248 2438 303 exisse
2481 247 2548 304 de
2578 259 2731 305 utero
2777 246 2968 304 matris
3009 259 3154 318 sure,
3210 245 3414 308 nudum
3461 250 3624 310 etiam
3659 255 3856 312 itumm

559 347 793 400 membri
823 346 968 400 velut
997 347 1250 398 virtutem
1273 344 1712 400 circumcisionis
1740 341 2014 411 intelligit,
2041 356 2148 396 non

561 455 660 510 per
689 438 793 493 hoc
819 439 1026 506 signum
1054 437 1368 506 exprimens
1390 437 1571 493 carnis
1598 453 1611 490 :
1639 435 1734 491 sed
1761 436 1977 505 signum
2006 434 2149 490 ﬁdei.

561 530 809 598 Denique
840 537 958 596 post
993 526 1141 580 illam
1188 528 1370 582 carnis
1413 527 1890 584 circumcisionem
1932 543 2043 582 sure
2066 568 2080 590 ,
2108 525 2153 580 si

556 631 675 675 erat
707 617 985 683 plenitudo
1011 617 1257 686 iustitiae,
1287 636 1454 689 quare
1481 619 1685 688 majora
1716 617 1892 673 adhuc
1929 618 2076 673 Dens
2099 619 2151 673 in

559 710 832 766 Abraham
868 709 991 764 ﬁdei
1027 712 1399 780 experimenta
1423 709 1738 783 qumrebat?
1764 726 1862 766 cur
1894 712 1944 766 in
1978 712 2153 781 patrio

560 801 906 870 postmodum
936 810 1178 855 tentatur
1204 803 1424 870 affectu,
1451 804 1496 856 si
1519 803 1627 871 iam
1658 804 1711 857 in
1733 803 1839 857 alla
1870 803 2155 859 circumci-

549 893 704 947 sione
730 891 1126 947 benedictionis
1161 908 1378 948 summa
1406 893 1696 948 tenebatur
1727 893 1836 964 [ΑΙ.
1881 909 2149 949 summam

556 982 835 1051 tenebat]?
865 982 971 1037 Sed
1001 983 1259 1052 quoniam
1303 999 1410 1039 non
1445 985 1530 1038 illa
1573 986 1778 1050 virtus,
1813 984 1908 1040 sed
1941 985 2150 1055 signum

542 1075 839 1145 jubebatur
880 1089 1005 1130 esse
1036 1075 1290 1143 virtutis,
1336 1077 1598 1144 quarritur
1642 1093 1669 1130 a
1703 1077 1967 1147 singulari
2011 1079 2149 1145 viro,

551 1180 729 1223 utrum
766 1185 833 1224 ne
863 1169 955 1239 qui
978 1169 1092 1239 jam
1126 1179 1181 1224 et
1209 1170 1399 1240 patriae
1428 1179 1484 1225 et
1511 1171 1818 1240 cognationi
1852 1173 2155 1226 renuntias.

554 1274 635 1317 set
659 1303 673 1326 ,
711 1272 765 1317 et
792 1263 1113 1318 circumcidi
1157 1279 1217 1317 se
1247 1277 1440 1334 passus
1469 1275 1638 1330 esset,
1674 1279 1779 1318 non
1820 1275 2065 1333 parceret
2098 1274 2154 1320 et

550 1354 690 1408 ﬁlio?
729 1355 901 1422 Quem
931 1355 1018 1409 ubi
1052 1354 1116 1409 ad
1140 1356 1416 1410 victimam
1438 1372 1543 1409 non
1571 1356 1745 1410 tristis
1764 1355 2036 1419 exhibuit,
2055 1372 2152 1423 pro

558 1447 721 1518 digna
771 1448 1011 1516 pignoris
1051 1448 1364 1516 impietate,
1406 1449 1463 1500 ﬁt
1494 1449 1698 1503 carnali
1739 1449 1942 1517 pietate
1983 1449 2152 1503 subli-

556 1541 718 1595 mior.
753 1540 1018 1595 Lucratur
1040 1541 1351 1609 orbitatem,
1385 1541 1511 1595 dum
1547 1542 1896 1611 parricidium
1927 1543 2151 1596 medita-

2259 342 2363 396 sub
2394 352 2568 397 terras
2592 385 2608 410 ,
2646 343 2931 399 Dominum
2963 344 3180 401 dedisse
3203 389 3218 413 ,
3254 347 3539 404 Dominum
3567 351 3856 406 abstulisse

2260 431 2403 505 (Job.
2435 452 2474 503 t,
2515 434 2630 506 2|).
2661 437 2707 492 Ο
2737 439 2909 493 virum
2959 448 3206 496 naturam
3255 443 3438 498 smculi
3472 456 3846 515 respuentem,

2258 544 2366 583 non
2398 543 2458 583 se
2503 529 2756 602 Iacrymis
2782 571 2798 598 ,
2843 546 2950 587 non
2980 547 3040 588 se
3086 534 3410 604 gemitibus,
3448 551 3555 591 non
3596 551 3657 592 se
3693 539 3853 593 etiam

2259 620 2501 676 tenebris
2533 622 2843 688 tradidisse,
2871 624 2967 680 sed
2999 627 3176 696 potius
3195 625 3523 684 detrimenta
3547 628 3851 701 pignorum,

2256 713 2564 782 suscepisse
2608 715 2922 783 adjumcnta
2974 717 3294 773 meritorum
3343 719 3594 776 dolorum
3646 723 3851 788 victor,

2256 805 2420 861 etiam
2468 821 2630 863 sensu
2662 824 2867 878 egenus
2889 850 2905 874 ,
2934 809 3128 865 aﬂ‘ectu
3161 812 3220 866 ﬁt
3247 811 3440 869 fortior
3466 828 3588 868 eum
3618 814 3858 870 inﬁrma-

2257 906 2372 963 tur,
2417 909 2472 954 et
2503 901 2554 955 in
2587 901 2727 956 valle
2767 901 3129 973 lacrymarum
3163 906 3359 960 turrim
3394 918 3627 979 occupat
3651 909 3853 979 gloria-

2255 1005 2397 1045 rum.
2431 991 2530 1048 Ubi
2559 1009 2618 1049 es
2643 995 2696 1048 in
2728 996 2844 1048 sola
2873 1011 3038 1051 carne
3061 998 3384 1053 circumcisa
3409 999 3632 1056 ,Ιυάωεῖ
3659 1003 3854 1059 Confer

2255 1101 2378 1141 cum
2414 1086 2514 1141 hoc
2545 1088 2664 1142 viro
2695 1088 2912 1158 pedem,
2946 1098 3002 1144 et
3030 1092 3302 1148 contende
3325 1093 3501 1163 gloria
3537 1115 3552 1152 :
3585 1096 3775 1151 attolle
3805 1109 3854 1150 te

2256 1182 2524 1248 majorum
2557 1183 2789 1252 superba
2815 1184 3105 1240 virtutibus
3155 1204 3170 1243 :
3215 1187 3465 1257 latusque
3511 1196 3658 1243 tuum
3693 1189 3854 1245 bene-

2254 1270 2418 1326 dictis
2456 1273 2721 1328 nobilium
2757 1275 3192 1343 patriarcharum
3224 1278 3592 1350 circumeinge
3621 1283 3854 1336 nomini-

2255 1364 2400 1419 bus:
2432 1375 2492 1420 ttt
2538 1366 2588 1419 in
2637 1377 2688 1422 te
2728 1367 3177 1437 iustificationqu
3230 1382 3387 1428 vetus
3441 1373 3530 1427 illa
3575 1375 3752 1430 virtus
3801 1386 3854 1430 et

2253 1472 2481 1512 avorum
2513 1459 2773 1529 splendor
2798 1474 3081 1532 appareat.
3118 1463 3224 1518 Job
3251 1465 3541 1521 adversum
3574 1476 3626 1522 te
3657 1483 3855 1537 proce-

2255 1547 2335 1603 dit
2371 1550 2421 1603 in
2455 1551 2690 1606 medium
2711 1594 2726 1617 ,
2768 1555 3054 1624 sanguinis
3084 1567 3338 1613 auctores
3361 1572 3469 1614 non
3496 1559 3851 1625 erubescens,

550 1643 638 1687 tur
668 1648 682 1687 ζ
712 1643 765 1688 et
806 1649 928 1686 cum
965 1635 1126 1687 unico
1164 1648 1271 1687 non
1298 1632 1473 1703 parcit
1517 1633 1572 1686 in
1608 1635 1797 1696 terris,
1829 1633 2017 1687 stellas
2054 1648 2151 1701 pro
2182 1635 2231 1696 Β
2257 1657 2355 1695 nec
2411 1657 2506 1712 per
2565 1644 2708 1698 Esau
2772 1647 3148 1703 inconcessam
3203 1651 3603 1708 benedictionis
3659 1654 3851 1710 {ouem

545 1726 670 1782 ﬁliis
703 1742 1074 1782 annumerare
1099 1727 1326 1796 iubetur
1347 1731 1412 1796 ,in
1445 1728 1597 1782 caelis
1630 1744 1644 1780 :
1673 1727 2016 1797 carnalisque
2051 1728 2147 1782 de-

546 1827 766 1887 spector
807 1829 1016 1872 natura:
1044 1858 1059 1884 ,
1094 1818 1148 1872 in
1177 1827 1370 1872 natura
1416 1817 1657 1872 siderum
1693 1817 1989 1872 collocatur
2034 1835 2045 1870 :
2091 1827 2147 1872 et

547 1910 765 1965 humani
812 1920 1157 1980 contemptor
1195 1910 1420 1965 seminis
1447 1951 1464 1978 ,
1508 1919 1661 1980 pater
1700 1919 1929 1965 vocatur
1972 1921 2146 1964 astro-

543 2018 687 2058 rum.
735 2001 824 2058 Sic
853 2002 1029 2056 ﬁdelis
1061 2017 1168 2056 non
1204 2002 1314 2056 ﬁlio
1337 2046 1350 2069 ,
1384 2001 1480 2057 sed
1512 2013 1801 2072 prtecepto,
1834 2003 1958 2056 dum
1991 2019 2144 2056 man-

544 2095 730 2150 datum
765 2095 974 2150 Domini
1025 2094 1346 2165 religionem
1378 2094 1526 2148 ducit
1560 2109 1688 2150 esse
1712 2135 1728 2158 ,
1762 2109 1869 2149 non
1909 2096 2138 2162 crimen,

538 2187 666 2242 dum
698 2188 896 2242 offerre
922 2186 1090 2242 ﬁlium
1126 2191 1236 2243 Deo
1257 2187 1588 2243 sacriﬁcium
1617 2187 1827 2256 iudicat
1847 2203 1992 2254 esse,
2031 2205 2137 2243 non

536 2280 910 2348 parricidium,
947 2294 1085 2349 pene
1116 2279 1317 2333 meruit
1341 2279 1664 2348 prmviderc,
1692 2278 1837 2347 quod
1872 2278 2039 2333 Deum
2069 2279 2137 2332 ad

537 2372 897 2427 tentationem
958 2372 1252 2441 probanda:
1301 2373 1499 2425 mentis
1559 2370 1911 2441 parricidium
1971 2371 2136 2425 voluit

537 2464 749 2530 offerri,
779 2466 874 2519 sed
899 2464 1078 2518 noluit
1101 2463 1337 2532 impleri.

607 2555 700 2609 Xl.
734 2555 812 2610 Ab
843 2556 944 2609 hac
967 2555 1216 2616 veritate,
1245 2551 1419 2607 forma
1442 2551 1682 2606 Judaicaz
1703 2552 2134 2607 circumcisionis

535 2649 776 2702 admissa
809 2655 932 2702 est:
965 2648 1083 2701 lucc
1105 2646 1341 2701 nominis
1363 2656 1482 2700 erat
1514 2646 1709 2716 ﬁgura,
1742 2661 1848 2701 non
1881 2647 2130 2701 membri.

533 2739 626 2794 Sic
657 2747 902 2792 naturam
939 2748 1180 2792 nostram
1213 2739 1356 2792 Deus
1399 2738 1570 2793 voluit
1599 2739 1902 2804 denudari,
1939 2748 1997 2792 ttt
2027 2754 2131 2793 non

535 2832 590 2888 in
623 2831 779 2886 nobis
803 2841 896 2884 aut
927 2831 1196 2901 cupiditas
1228 2833 1486 2897 arderet,
1513 2842 1604 2886 aut
1635 2831 1859 2887 ambitio
1886 2833 2128 2896 sudaret,

538 2931 633 2978 aut
675 2921 904 2977 allectus
944 2937 1175 2977 carneus
1205 2925 1578 2993 praeeminerct
1603 2965 1617 2988 ,
1651 2925 1744 2979 sed
1778 2925 1847 2977 ab
1874 2924 2127 2978 omnibus

2255 1735 2621 1792 transfusione
2651 1739 2929 1794 mentitus.
2975 1740 3105 1796 Nam
3135 1743 3248 1810 illa,
3279 1759 3380 1800 nec
3409 1745 3671 1815 prodesse
3699 1751 3855 1804 novi-

2251 1842 2407 1892 mus,
2436 1843 2537 1883 nec
2569 1829 2790 1894 obesse,
2823 1830 3040 1887 dicente
3073 1833 3301 1890 Domino
3334 1853 3351 1890 :
3385 1836 3574 1890 Anima
3604 1842 3769 1907 patria
3800 1850 3848 1893 ct

2249 1920 2423 1974 anima
2451 1920 2550 1989 ﬁlii
2589 1939 2700 1976 mea
2737 1931 2832 1978 est.
2872 1926 3060 1978 Anima
3097 1943 3214 1996 qua:
3243 1931 3562 1999 peccaverit,
3592 1933 3706 2002 ipsa
3733 1951 3847 1987 mo-

2247 2015 2412 2068 rietur
2444 2013 2657 2085 (Ezech.
2687 2034 2838 2085 xvttt,
2869 2019 2948 2090 4).
2979 2023 3056 2076 Ac
3087 2023 3311 2092 proinde
3340 2025 3390 2080 ei
3412 2040 3539 2096 spes
3567 2037 3675 2092 est,
3701 2030 3848 2098 quod

2247 2105 2302 2160 in
2338 2106 2424 2162 his
2457 2113 2638 2164 vincat
2679 2122 2730 2166 te
2760 2114 3017 2167 omnibus
3043 2157 3058 2180 ,
3105 2124 3161 2170 et
3211 2117 3458 2185 procedit
3499 2119 3616 2188 plus
3648 2121 3751 2175 sibi
3780 2123 3850 2178 de

2247 2198 2448 2254 virtute
2480 2202 2777 2258 vendicana
2804 2207 3050 2273 propria,
3085 2221 3195 2276 quo
3221 2207 3400 2262 minus
3427 2223 3494 2264 ex
3522 2210 3692 2280 gloria
3719 2227 3852 2281 pro-

2243 2292 2408 2347 mittit
2447 2295 2642 2349 aliena.
2693 2296 2934 2367 Denique
2977 2299 3314 2368 exspoliatus
3341 2300 3445 2355 Job
3476 2301 3634 2357 bonis
3665 2306 3849 2358 omni-

2241 2383 2365 2450 bus,
2393 2388 2464 2442 nil
2498 2388 2748 2458 requirit.
2778 2388 2857 2443 Tn
2883 2387 3178 2462 Egyptum
3203 2393 3256 2446 in
3280 2407 3468 2448 eremo
3490 2404 3614 2464 post
3639 2410 3842 2451 manna

2239 2477 2499 2534 deliciosa
2533 2481 2798 2550 susiiiras.
2827 2482 2980 2536 Illum
3027 2485 3098 2538 ab
3143 2497 3241 2554 spe
3272 2485 3324 2539 in
3368 2484 3481 2541 Deo
3520 2488 3691 2555 posita
3717 2528 3734 2552 ,
3768 2498 3850 2542 tot

2240 2570 2510 2625 malorum
2542 2581 2872 2628 tentamenta
2907 2589 3014 2629 non
3049 2585 3321 2632 avocant:
3357 2585 3411 2633 te
3437 2577 3504 2632 ad
3535 2593 3656 2633 eam
3687 2594 3846 2649 spem

2239 2662 2511 2719 bonorum
2545 2667 2786 2721 omnium
2831 2667 3196 2724 blandimenta
3235 2685 3342 2726 non
3390 2682 3710 2741 provocant.
3745 2673 3847 2728 Ille

2236 2772 2455 2811 manum
2487 2758 2697 2814 Domini
2743 2764 2988 2816 sentiens
3019 2762 3297 2818 benedixit
3348 2764 3400 2819 in
3446 2766 3678 2821 vulnere
3720 2784 3734 2819 :
3788 2777 3844 2821 ιιι

2237 2852 2529 2908 virtutibus
2571 2855 2641 2908 de
2677 2854 2975 2912 Pharaonis
3023 2857 3154 2928 iugo
3200 2868 3360 2915 exuta
3408 2875 3514 2914 non
3559 2861 3841 2930 subiaces.

2243 2943 2378 3000 lli..c
2417 2947 2492 3000 illi
2518 2957 2574 3002 et
2604 2963 2700 3016 pro
2729 2949 3065 3005 circumcisis
3093 2952 3304 3007 veniam
3338 2952 3616 3022 postulare
3643 2967 3846 3009 conce-

537 3018 818 3087 pra'pmiis
849 3032 946 3071 nos
976 3017 1068 3072 Dei
1102 3033 1257 3072 amor
1296 3029 1348 3072 et
1391 3021 1739 3086 tumentium
1785 3028 2130 3087 contemptus
2161 3023 2206 3087 C
2237 3037 2422 3093 ditur:
2469 3041 2562 3093 tibi
2598 3043 2744 3095 velut
2775 3043 3169 3100 int-ircumeism
3212 3045 3564 3101 Amorrhmus
3597 3055 3750 3116 pater
3790 3059 3844 3103 et

532 3119 777 3166 exueret.
815 3110 957 3163 Dixit
979 3109 1195 3181 quidam
1219 3112 1488 3180 satyricus
1511 3113 1752 3182 gentium
1771 3120 1928 3181 poeta
1957 3133 1970 3168 :
1995 3112 2128 3165 Pro-

534 3204 663 3259 bitas
690 3205 936 3258 laudntnr
956 3215 1004 3258 et
1024 3206 1183 3274 alget.
1206 3204 1609 3260 Testimonium
1645 3203 1747 3260 hoc
1779 3222 1966 3261 verum
1998 3218 2080 3261 est
2113 3225 2124 3261 :

536 3297 716 3350 nullus
749 3313 867 3351 cam
895 3296 1063 3367 stipat
1112 3298 1346 3367 populus
1371 3343 1384 3366 ,
1430 3299 1576 3352 nulla
1619 3300 1908 3354 multitudo
1937 3303 2124 3368 ambit,

534 3389 697 3444 homo
728 3391 909 3446 nullus
939 3391 1284 3460 amplectitur
1318 3403 1408 3448 :et
1441 3394 1490 3447 in
1527 3393 1729 3447 mundo
1758 3393 1864 3447 isto
1895 3395 2036 3450 velut
2070 3397 2125 3449 itt

532 3483 815 3539 novercali
837 3485 998 3539 domo
1030 3487 1245 3552 horret,
1279 3484 1443 3541 etiam
1489 3485 1813 3542 necessariis
1841 3487 2122 3558 deopi-rta,

530 3576 790 3646 quamdiu
820 3593 932 3631 non
957 3587 1163 3633 vestem
1196 3594 1308 3633 sua:
1337 3579 1588 3634 habuerit
1611 3579 1912 3650 dignitatis.
1938 3582 2052 3650 Age
2079 3581 2123 3636 si

528 3668 766 3734 videtur,
796 3678 968 3722 totum
998 3673 1275 3725 tramitem
1297 3672 1546 3726 veritatis
1567 3688 1666 3740 per
1689 3673 2119 3743 patriarcharum

527 3771 682 3834 gesta
712 3763 860 3818 velut
897 3778 992 3832 per
1023 3765 1141 3818 viva
1177 3765 1400 3835 vestigia
1431 3765 1813 3834 decurramus,
1845 3779 1904 3824 ut
1928 3768 1979 3822 iu
2016 3768 2123 3823 cir—

527 3857 916 3913 cumcisioncm
940 3872 1062 3927 qua:
1083 3871 1137 3912 sa
1148 3859 1386 3914 netiﬁcat
1405 3859 1859 3917 demonstremus.
1879 3861 2122 3918 Transeo

532 3949 682 4006 Isaac
714 3953 1150 4022 peregrinantem
1179 3970 1192 4017 ;
1225 3953 1368 4023 quod
1403 3954 1574 4023 ipsunt
1608 3955 1659 4010 itt
1691 3957 2120 4013 circumcisionis

526 4045 703 4101 forma
736 4046 989 4100 consistit
1034 4063 1048 4100 :
1087 4044 1494 4118 Rebeccamqne
1530 4059 1751 4120 propter
1798 4049 2117 4104 Philistion-

524 4155 642 4195 rum
676 4140 898 4194 insidias
926 4155 1169 4194 sororem
1193 4139 1260 4195 de
1285 4157 1452 4196 uxore
1478 4143 1747 4196 dicentem
1779 4142 1936 4213 (Gen.
1965 4160 2057 4196 xxi
2076 4158 2113 4208 t,

524 4234 580 4303 7)
618 4254 632 4290 :
665 4234 808 4305 quod
855 4249 1008 4304 :rqne
1046 4250 1207 4304 quam
1254 4236 1430 4305 magni
1475 4235 1798 4290 Sacramenti
1853 4237 1962 4302 sit,
2020 4237 2116 4291 tibi

519 4325 941 4380 existimandum
969 4326 1238 4396 relinquo.
1274 4325 1452 4380 Taceo
1480 4325 1644 4380 Jacob
1671 4342 1766 4395 per
1797 4325 1928 4380 duas
1955 4343 2117 4380 anno-

2235 3145 2411 3189 mater
2442 3135 2712 3204 ingeritur
2742 3151 2864 3192 esse
2893 3135 3112 3193 Ci-thzea
3147 3157 3160 3194 :
3193 3149 3251 3194 ut
3280 3142 3566 3197 manifeste
3604 3143 3840 3212 liqueat,

2233 3235 2286 3280 et
2313 3226 2460 3280 iélnni
2496 3243 2591 3296 per
2622 3230 2851 3284 virtutes
2879 3245 3101 3301 operum
3132 3249 3238 3287 non
3269 3234 3684 3289 observantiam
3725 3237 3842 3288 cir-

2231 3319 2581 3374 cumcisionis
2634 3321 3071 3378 benedictionem
3123 3325 3226 3379 sibi
3281 3336 3620 3381 restaurasse
3664 3340 3838 3393 quam

2231 3423 2464 3478 proavus
2492 3411 2672 3465 amisit
2706 3430 2718 3466 :
2749 3423 2804 3468 et
2837 3423 2889 3467 te
2922 3419 3018 3484 per
3045 3415 3358 3485 iactantiam
3387 3417 3834 3473 circumcisionis

2232 3504 2457 3558 virtutes
2509 3505 2904 3576 negligentem,
2952 3525 3072 3563 eam
3132 3510 3608 3579 benedictionem,
3662 3527 3836 3582 quam

2229 3595 2401 3651 Jaciib
2431 3597 2544 3652 sola
2570 3600 2870 3655 subtilitate
2896 3602 3256 3671 acquisierat,
3291 3602 3617 3673 perdidisse.

2301 3687 2413 3742 Xll.
2460 3690 2600 3756 Quid
2652 3692 2796 3746 enim
2846 3692 2948 3746 sibi
3002 3692 3312 3749 Judzeorum
3368 3695 3673 3765 arrogantia
3721 3711 3834 3751 non

2226 3783 2492 3853 usurpet?
2539 3784 2642 3839 Job
2690 3786 2793 3842 iste
2839 3790 2930 3858 qui
2985 3788 3094 3844 Deo
3141 3790 3373 3860 placuit,
3424 3790 3835 3860 quodammodo

2223 3876 2403 3944 gentis
2429 3887 2513 3931 est
2544 3893 2701 3944 mete,
2733 3889 2788 3934 et
2817 3881 3171 3936 circumcisus
3221 3892 3306 3939 est
3357 3882 3519 3949 forte,
3567 3885 3833 3954 quoniam

2223 3969 2291 4024 de
2323 3967 2464 4024 Esau
2486 3971 2808 4027 circumciso
2841 3973 3121 4046 hucusque
3141 3978 3603 4047 generaturzlicet
3633 3980 3686 4033 in
3723 3982 3833 4034 hoc

2225 4079 2333 4117 non
2364 4067 2703 4120 circumcisio
2733 4068 2894 4123 fuerit
2926 4070 3239 4141 prmdicata,
3269 4073 3363 4127 sed
3403 4073 3728 4130 virtus:nec
3758 4091 3831 4130 an

2223 4155 2342 4210 sine
2401 4159 2666 4228 praeputio
2696 4161 2923 4228 vixerit,
2980 4166 3051 4217 sit
3103 4164 3474 4234 quaerendum,
3520 4168 3618 4222 sed
3675 4171 3830 4238 quod

2224 4245 2355 4298 nihil
2381 4247 2537 4302 labiis
2567 4249 2676 4302 suis
2707 4254 3033 4320 peccaverit,
3058 4256 3128 4308 sit
3160 4257 3476 4312 tenendum.
3518 4258 3600 4312 Ad
3628 4259 3832 4315 alieni-

2224 4352 2396 4406 genas
2419 4339 2483 4393 ad
2505 4357 2640 4410 quos
2673 4347 2984 4412 provocavit
3011 4347 3312 4416 veniamus,
3333 4351 3584 4421 quoniam
3614 4354 3828 4408 nullam

2225 4397 2254 4406 ν
2523 4397 2534 4410 ,
2675 4397 2689 4412 ,
2752 4397 2756 4398 ,
2948 4397 2982 4399 ,_
3022 4397 3312 4416 --νη---πη
3373 4397 3584 4406 .---.._...

521 4435 640 4474 rum
684 4417 1050 4472 hebdomadas
1076 4462 1088 4485 ,
1133 4428 1332 4472 matres
1361 4416 1645 4471 duodecim
1677 4417 1912 4474 tribuum
1948 4422 2107 4474 scrvi-
2148 4397 2195 4460 υ
2225 4431 2381 4486 nobis
2411 4434 2661 4488 arbore...
2712 4439 3090 4506 οχοιιηιιοινυηι
3147 4457 3275 4512 ager
3320 4397 3624 4498 divinorum
3667 4450 3827 4504 om";

519 4517 633 4565 tute
657 4521 1013 4565 tncrcantem.
1037 4511 1240 4564 Omitto
1265 4510 1382 4578 eius
1406 4511 1564 4578 ﬁlios,
1599 4525 1735 4580 quos
1766 4527 1861 4582 per
1888 4524 1992 4582 pali
2010 4514 2112 4568 iam

517 4603 954 4659 benedictionem
983 4614 1035 4658 et
1066 4606 1431 4668 sanctitatem,
1460 4605 1721 4658 naturalis
1743 4608 1988 4674 quaedam
2020 4625 2110 4661 nc-

515 4696 745 4753 cessitas
773 4696 1108 4751 continebat.
1145 4694 1228 4749 Ad
1255 4695 1358 4749 Job
1387 4696 1598 4749 veniam
1627 4741 1640 4762 ,
1674 4697 1724 4750 in
1755 4697 1915 4751 aliam
1949 4713 2108 4768 genea

517 4787 744 4842 rationis
791 4789 992 4844 lineam
1033 4789 1099 4842 de
1142 4787 1290 4841 Isaac
1336 4787 1581 4857 germine
1621 4788 1730 4858 iam
1776 4791 2106 4860 prolapsum,

518 4894 620 4932 nec
670 4882 806 4934 inter
849 4879 1138 4935 duodecim
1183 4878 1352 4934 Jacoh
1398 4879 1536 4933 ﬁlios
1570 4881 1980 4950 lia-reditatmn,
2017 4900 2110 4953 per

520 4969 663 5025 Esau
703 4973 985 5039 genitum,
1029 4971 1315 5043 primitivrc
1359 4973 1754 5030 benedictionis
1794 4989 2065 5032 extorrem
2090 5021 2104 5044 ,

519 5064 863 5134 primogeniti
915 5066 1269 5137 dignitatibus
1311 5069 1706 5138 exspoliatutn,
1752 5072 1891 5126 inter
1936 5072 2103 5128 Edoni

517 5154 790 5227 principes
820 5157 908 5224 qui
947 5158 1057 5211 lleo
1091 5160 1320 5224 placeret
1357 5162 1654 5216 inventum.
1689 5163 1785 5218 llic
1826 5173 2004 5218 tamen
2036 5181 2102 5219 an

512 5251 983 5308 circumcisionem
1014 5254 1309 5309 naturalem
1342 5260 1720 5325 aequanimiter
1748 5259 1918 5327 possit
1961 5261 2103 5312 ferre

518 5355 784 5402 tentatur.
815 5344 894 5398 Fit
920 5361 1123 5414 pauper
1154 5361 1218 5400 ex
1239 5345 1406 5402 divite
1437 5367 1448 5400 :
1481 5350 1575 5403 sed
1602 5349 1704 5404 hoc
1729 5352 1888 5404 etiam
1919 5352 2106 5408 sa-t-nli

522 5438 772 5492 homines
800 5446 1152 5494 contemnere
1183 5450 1469 5494 noverunt.
1503 5441 1604 5496 Tct
1632 5443 1959 5500 orl.itatibus
1987 5447 2103 5501 vul-

517 5547 772 5612 neratur,
803 5549 934 5614 quot
983 5541 1417 5598 successionibus
1449 5544 1800 5614 gloriabatur.
1832 5547 2108 5610 Exclamat

529 5626 658 5702 torti
686 5644 858 5708 voco.
891 5629 1067 5695 nudus
1095 5645 1263 5698 censu
1300 5633 1475 5697 nudus
1516 5646 1570 5700 et
1610 5637 1771 5720 filiis,
1813 5641 2014 5708 nudum
2044 5656 2105 5706 se

2222 4525 2365 4596 ligno
2397 4527 2652 4582 feracium
2689 4529 3096 4602 plantariorum,
3127 4549 3227 4590 nec
3277 4536 3329 4590 in
3356 4552 3423 4592 eo
3467 4539 3713 4608 germina
3745 4541 3822 4597 de

2220 4621 2461 4688 vimine,
2514 4623 2606 4677 sed
2662 4623 2730 4678 de
2786 4626 2936 4696 fruge
2980 4639 3292 4684 censentur.
3344 4630 3705 4688 Ostendamus
3768 4638 3826 4690 iu

2218 4711 2380 4769 Israel
2406 4715 2629 4785 gloriam
2662 4720 3043 4788 peregrinam:
3077 4734 3131 4778 et
3173 4725 3825 4799 benedictionisigcrmen

2217 4805 2271 4861 in
2300 4806 2448 4878 ligno
2477 4807 2697 4865 ﬁnxisse
2750 4828 2856 4866 non
2887 4828 3004 4883 suo,
3056 4816 3287 4872 dicimus
3329 4819 3511 4892 Rutili
3547 4821 3710 4877 Mart.
3765 4828 3825 4880 in

2214 4899 2362 4969 ligno
2411 4899 2633 4957 fluxisse
2673 4917 2772 4958 suo
2806 4921 2820 4960 :
2856 4921 2961 4960 non
3007 4907 3239 4963 dicimus
3273 4909 3412 4965 Ruth
3441 4911 3599 4982 J,quo
3639 4920 3828 4985 magis

2211 4993 2616 5050 confundantur
2667 4995 2718 5050 in
2749 4998 2988 5053 foemiua.
3021 4999 3360 5056 Promittitnr
3391 5019 3487 5073 per
3515 5005 3827 5074 prophetas

2211 5083 2278 5140 de
2305 5086 2485 5141 radice
2507 5089 2666 5145 Jesse
2706 5092 2852 5162 virga
2883 5108 2978 5162 pro
3010 5103 3190 5148 nostra
3215 5095 3389 5150 salute
3411 5097 3683 5166 proditura
3712 5116 3729 5154 ι
3763 5104 3824 5158 in

2209 5191 2374 5246 quam
2406 5179 2505 5232 ﬁos
2527 5183 2940 5248 conscenderet,
2982 5187 3074 5255 qui
3105 5188 3248 5240 solus
3281 5189 3463 5257 utique
3517 5191 3659 5260 pleni
3693 5197 3823 5263 agri

2211 5269 2384 5325 odore
2419 5273 2679 5341 fragraret
2715 5291 2810 5345 pro
2837 5280 3181 5334 consortibus
3213 5281 3360 5338 suis:
3394 5297 3555 5351 quem
3591 5285 3643 5338 in
3675 5289 3827 5342 odo-

2211 5377 2326 5417 rem
2361 5375 2759 5432 unguentorum
2802 5385 2964 5438 super
2985 5374 3166 5427 omnia
3189 5383 3433 5429 aromata
3463 5375 3666 5432 liclitia:
3683 5381 3824 5438 oleo

2211 5461 2365 5524 pater
2407 5455 2671 5511 uuxisset.
2715 5461 2810 5515 llic
2838 5471 3012 5518 tamen
3039 5463 3193 5520 Jesse
3223 5467 3397 5520 aviam
3427 5483 3536 5522 non
3585 5469 3824 5529 Israeli-

2209 5556 2372 5611 ticam
2405 5553 2614 5624 habuit,
2663 5563 2759 5618 sed
2787 5564 3098 5625 Moabitam.
3131 5568 3228 5626 Cui
3260 5578 3465 5626 tantum
3499 5578 3830 5646 peregrina:

2210 5647 2548 5720 conceditur.
2572 5665 2832 5728 quantum
2866 5660 3005 5718 nulla
3034 5661 3103 5723 de
3131 5661 3560 5740 patriarcharum
3604 5672 3832 5746 germi-
