  <div class='ocr_page' id='page_1' title='image "/cluster/home/n/w/nwhite01/storage/ocr_20150623/30/uva.x000826572/108.png"; bbox 0 0 4012 6190; ppageno 0'>
   <div class='ocr_carea' id='block_1_1' title="bbox 215 227 307 286">
    <p class='ocr_par' dir='ltr' id='par_1_1' title="bbox 215 227 307 286">
     <span class='ocr_line' id='line_1_1' title="bbox 215 227 307 286; baseline 0.011 -2"><span class='ocrx_word' id='word_1_1' title='bbox 215 227 307 286; x_wconf 73' lang='grc'><strong>201</strong></span> 
     </span>
    </p>
   </div>
   <div class='ocr_carea' id='block_1_2' title="bbox 1110 228 2577 297">
    <p class='ocr_par' dir='ltr' id='par_1_2' title="bbox 1110 228 2577 297">
     <span class='ocr_line' id='line_1_2' title="bbox 1110 228 2577 297; baseline 0.005 -10"><span class='ocrx_word' id='word_1_2' title='bbox 1110 228 1447 289; x_wconf 83' lang='lat' dir='ltr'><strong>EPISTOLA</strong></span> <span class='ocrx_word' id='word_1_3' title='bbox 1484 230 1629 288; x_wconf 84' lang='lat' dir='ltr'><strong>XIX.</strong></span> <span class='ocrx_word' id='word_1_4' title='bbox 1671 231 1757 288; x_wconf 84' lang='lat' dir='ltr'><strong>DE</strong></span> <span class='ocrx_word' id='word_1_5' title='bbox 1792 232 1980 290; x_wconf 80' lang='lat' dir='ltr'><strong>VERA</strong></span> <span class='ocrx_word' id='word_1_6' title='bbox 2025 233 2577 297; x_wconf 76' lang='lat' dir='ltr'><strong>CIRCUMCISIONE.</strong></span> 
     </span>
    </p>
   </div>
   <div class='ocr_carea' id='block_1_3' title="bbox 3392 249 3499 307">
    <p class='ocr_par' dir='ltr' id='par_1_3' title="bbox 3392 249 3499 307">
     <span class='ocr_line' id='line_1_3' title="bbox 3392 249 3499 307; baseline 0 -1"><span class='ocrx_word' id='word_1_7' title='bbox 3392 249 3499 307; x_wconf 72' lang='lat'><strong>202</strong></span> 
     </span>
    </p>
   </div>
   <div class='ocr_carea' id='block_1_4' title="bbox 210 347 3496 433">
    <p class='ocr_par' dir='ltr' id='par_1_4' title="bbox 210 347 3496 433">
     <span class='ocr_line' id='line_1_4' title="bbox 210 347 3496 433; baseline 0.005 -31"><span class='ocrx_word' id='word_1_8' title='bbox 210 362 274 402; x_wconf 90' lang='lat' dir='ltr'><strong>ne</strong></span> <span class='ocrx_word' id='word_1_9' title='bbox 310 355 675 415; x_wconf 74' lang='lat' dir='ltr'><strong>promeretur,</strong></span> <span class='ocrx_word' id='word_1_10' title='bbox 708 356 766 404; x_wconf 88' lang='lat' dir='ltr'><strong>ut</strong></span> <span class='ocrx_word' id='word_1_11' title='bbox 786 363 886 405; x_wconf 87' lang='lat' dir='ltr'><strong>suo</strong></span> <span class='ocrx_word' id='word_1_12' title='bbox 907 355 1059 407; x_wconf 97' lang='lat' dir='ltr'><strong>utero</strong></span> <span class='ocrx_word' id='word_1_13' title='bbox 1078 347 1361 404; x_wconf 80' lang='lat' dir='ltr'><strong>desunatae</strong></span> <span class='ocrx_word' id='word_1_14' title='bbox 1407 350 1797 406; x_wconf 78' lang='lat' dir='ltr'><strong>benedictionis</strong></span> <span class='ocrx_word' id='word_1_15' title='bbox 1826 352 1875 411; x_wconf 86' lang='grc' dir='ltr'><strong>Λ</strong></span> <span class='ocrx_word' id='word_1_16' title='bbox 1898 352 2010 420; x_wconf 89' lang='lat' dir='ltr'><strong>jam</strong></span> <span class='ocrx_word' id='word_1_17' title='bbox 2043 362 2337 425; x_wconf 78' lang='lat' dir='ltr'><strong>antequam</strong></span> <span class='ocrx_word' id='word_1_18' title='bbox 2369 364 2539 412; x_wconf 87' lang='lat' dir='ltr'><strong>terras</strong></span> <span class='ocrx_word' id='word_1_19' title='bbox 2564 356 2856 426; x_wconf 89' lang='lat' dir='ltr'><strong>promissas</strong></span> <span class='ocrx_word' id='word_1_20' title='bbox 2886 358 3007 423; x_wconf 90' lang='lat' dir='ltr'><strong>sibi,</strong></span> <span class='ocrx_word' id='word_1_21' title='bbox 3040 358 3171 415; x_wconf 78' lang='lat' dir='ltr'><strong>Iesu</strong></span> <span class='ocrx_word' id='word_1_22' title='bbox 3199 359 3325 417; x_wconf 88' lang='lat' dir='ltr'><strong>illas</strong></span> <span class='ocrx_word' id='word_1_23' title='bbox 3370 379 3496 433; x_wconf 91' lang='lat' dir='ltr'><strong>spe-</strong></span> 
     </span>
    </p>
   </div>
   <div class='ocr_carea' id='block_1_5' title="bbox 207 440 1797 513">
    <p class='ocr_par' dir='ltr' id='par_1_5' title="bbox 207 440 1797 513">
     <span class='ocr_line' id='line_1_5' title="bbox 207 440 1797 513; baseline 0.001 -18"><span class='ocrx_word' id='word_1_24' title='bbox 207 452 389 495; x_wconf 86' lang='lat' dir='ltr'><strong>semeu</strong></span> <span class='ocrx_word' id='word_1_25' title='bbox 421 441 667 510; x_wconf 90' lang='lat' dir='ltr'><strong>accipiat,</strong></span> <span class='ocrx_word' id='word_1_26' title='bbox 728 451 782 496; x_wconf 92' lang='lat' dir='ltr'><strong>et</strong></span> <span class='ocrx_word' id='word_1_27' title='bbox 831 441 1014 497; x_wconf 91' lang='lat' dir='ltr'><strong>Israeli</strong></span> <span class='ocrx_word' id='word_1_28' title='bbox 1076 457 1181 495; x_wconf 92' lang='lat' dir='ltr'><strong>non</strong></span> <span class='ocrx_word' id='word_1_29' title='bbox 1241 440 1481 497; x_wconf 87' lang='lat' dir='ltr'><strong>Israelita</strong></span> <span class='ocrx_word' id='word_1_30' title='bbox 1535 443 1797 513; x_wconf 82' lang='lat' dir='ltr'><strong>parturiat</strong></span> 
     </span>
    </p>
   </div>
   <div class='ocr_carea' id='block_1_6' title="bbox 206 533 1796 608">
    <p class='ocr_par' dir='ltr' id='par_1_6' title="bbox 206 533 1796 608">
     <span class='ocr_line' id='line_1_6' title="bbox 206 533 1796 608; baseline 0.003 -20"><span class='ocrx_word' id='word_1_31' title='bbox 206 533 519 604; x_wconf 86' lang='lat' dir='ltr'><strong>dignitatem</strong></span> <span class='ocrx_word' id='word_1_32' title='bbox 550 555 563 595; x_wconf 89' lang='lat'><strong>:</strong></span> <span class='ocrx_word' id='word_1_33' title='bbox 594 553 869 606; x_wconf 87' lang='lat' dir='ltr'><strong>cornuque</strong></span> <span class='ocrx_word' id='word_1_34' title='bbox 901 538 1081 607; x_wconf 84' lang='lat' dir='ltr'><strong>populi</strong></span> <span class='ocrx_word' id='word_1_35' title='bbox 1103 540 1208 605; x_wconf 91' lang='lat' dir='ltr'><strong>sui,</strong></span> <span class='ocrx_word' id='word_1_36' title='bbox 1266 541 1320 594; x_wconf 93' lang='lat' dir='ltr'><strong>in</strong></span> <span class='ocrx_word' id='word_1_37' title='bbox 1351 538 1576 593; x_wconf 89' lang='lat' dir='ltr'><strong>alterius</strong></span> <span class='ocrx_word' id='word_1_38' title='bbox 1612 538 1796 608; x_wconf 84' lang='lat' dir='ltr'><strong>populi</strong></span> 
     </span>
    </p>
   </div>
   <div class='ocr_carea' id='block_1_7' title="bbox 204 625 1796 696">
    <p class='ocr_par' dir='ltr' id='par_1_7' title="bbox 204 625 1796 696">
     <span class='ocr_line' id='line_1_7' title="bbox 204 625 1796 696; baseline 0.003 -17"><span class='ocrx_word' id='word_1_39' title='bbox 204 625 675 683; x_wconf 82' lang='lat' dir='ltr'><strong>benedictionibus</strong></span> <span class='ocrx_word' id='word_1_40' title='bbox 719 629 893 685; x_wconf 89' lang='lat' dir='ltr'><strong>aliena</strong></span> <span class='ocrx_word' id='word_1_41' title='bbox 938 630 1207 686; x_wconf 80' lang='lat' dir='ltr'><strong>sustollat.</strong></span> <span class='ocrx_word' id='word_1_42' title='bbox 1255 630 1412 687; x_wconf 86' lang='lat' dir='ltr'><strong>Unde</strong></span> <span class='ocrx_word' id='word_1_43' title='bbox 1467 630 1631 696; x_wconf 85' lang='lat' dir='ltr'><strong>istud,</strong></span> <span class='ocrx_word' id='word_1_44' title='bbox 1679 644 1796 696; x_wconf 92' lang='lat' dir='ltr'><strong>oro,</strong></span> 
     </span>
    </p>
   </div>
   <div class='ocr_carea' id='block_1_8' title="bbox 204 720 1799 795">
    <p class='ocr_par' dir='ltr' id='par_1_8' title="bbox 204 720 1799 795">
     <span class='ocr_line' id='line_1_8' title="bbox 204 720 1799 795; baseline 0.004 -23"><span class='ocrx_word' id='word_1_45' title='bbox 204 721 596 788; x_wconf 90' lang='lat' dir='ltr'><strong>promeruerit?</strong></span> <span class='ocrx_word' id='word_1_46' title='bbox 617 720 814 787; x_wconf 90' lang='lat' dir='ltr'><strong>Credo,</strong></span> <span class='ocrx_word' id='word_1_47' title='bbox 848 725 973 795; x_wconf 87' lang='lat' dir='ltr'><strong>quia</strong></span> <span class='ocrx_word' id='word_1_48' title='bbox 1002 725 1133 779; x_wconf 90' lang='lat' dir='ltr'><strong>dicit</strong></span> <span class='ocrx_word' id='word_1_49' title='bbox 1164 726 1345 781; x_wconf 89' lang='lat' dir='ltr'><strong>socrui</strong></span> <span class='ocrx_word' id='word_1_50' title='bbox 1376 740 1488 781; x_wconf 69' lang='lat' dir='ltr'><strong>sua:</strong></span> <span class='ocrx_word' id='word_1_51' title='bbox 1516 743 1531 781; x_wconf 90' lang='lat'><strong>:</strong></span> <span class='ocrx_word' id='word_1_52' title='bbox 1560 724 1799 795; x_wconf 82' lang='lat' dir='ltr'><strong>Populus</strong></span> 
     </span>
    </p>
   </div>
   <div class='ocr_carea' id='block_1_9' title="bbox 204 816 1799 885">
    <p class='ocr_par' dir='ltr' id='par_1_9' title="bbox 204 816 1799 885">
     <span class='ocr_line' id='line_1_9' title="bbox 204 816 1799 885; baseline 0.004 -21"><span class='ocrx_word' id='word_1_53' title='bbox 204 822 337 879; x_wconf 82' lang='lat' dir='ltr'><strong>tuus,</strong></span> <span class='ocrx_word' id='word_1_54' title='bbox 369 816 594 885; x_wconf 82' lang='lat' dir='ltr'><strong>populus</strong></span> <span class='ocrx_word' id='word_1_55' title='bbox 630 832 774 871; x_wconf 83' lang='lat' dir='ltr'><strong>meus</strong></span> <span class='ocrx_word' id='word_1_56' title='bbox 804 826 918 871; x_wconf 77' lang='lat' dir='ltr'><strong>est:</strong></span> <span class='ocrx_word' id='word_1_57' title='bbox 947 828 996 872; x_wconf 85' lang='lat' dir='ltr'><strong>et</strong></span> <span class='ocrx_word' id='word_1_58' title='bbox 1020 817 1159 872; x_wconf 80' lang='lat' dir='ltr'><strong>Deus</strong></span> <span class='ocrx_word' id='word_1_59' title='bbox 1201 830 1339 884; x_wconf 81' lang='lat' dir='ltr'><strong>tuus,</strong></span> <span class='ocrx_word' id='word_1_60' title='bbox 1374 817 1515 873; x_wconf 86' lang='lat' dir='ltr'><strong>Deus</strong></span> <span class='ocrx_word' id='word_1_61' title='bbox 1555 835 1696 873; x_wconf 80' lang='lat' dir='ltr'><strong>meus</strong></span> <span class='ocrx_word' id='word_1_62' title='bbox 1728 828 1799 873; x_wconf 79' lang='lat' dir='ltr'><strong>est</strong></span> 
     </span>
    </p>
   </div>
   <div class='ocr_carea' id='block_1_10' title="bbox 201 902 1793 979">
    <p class='ocr_par' dir='ltr' id='par_1_10' title="bbox 201 902 1793 979">
     <span class='ocr_line' id='line_1_10' title="bbox 201 902 1793 979; baseline 0.005 -24"><span class='ocrx_word' id='word_1_63' title='bbox 201 902 355 971; x_wconf 83' lang='lat' dir='ltr'><strong>(Rut.</strong></span> <span class='ocrx_word' id='word_1_64' title='bbox 386 920 425 970; x_wconf 84' lang='grc' dir='ltr'><strong>ι,</strong></span> <span class='ocrx_word' id='word_1_65' title='bbox 455 904 581 974; x_wconf 80' lang='grc'><strong>16).</strong></span> <span class='ocrx_word' id='word_1_66' title='bbox 612 904 657 959; x_wconf 92' lang='grc' dir='ltr'><strong>Ο</strong></span> <span class='ocrx_word' id='word_1_67' title='bbox 688 907 943 963; x_wconf 82' lang='lat' dir='ltr'><strong>virtutem</strong></span> <span class='ocrx_word' id='word_1_68' title='bbox 968 909 1097 963; x_wconf 90' lang='lat' dir='ltr'><strong>viris</strong></span> <span class='ocrx_word' id='word_1_69' title='bbox 1147 910 1311 964; x_wconf 91' lang='lat' dir='ltr'><strong>etiam</strong></span> <span class='ocrx_word' id='word_1_70' title='bbox 1362 909 1754 979; x_wconf 71' lang='lat' dir='ltr'><strong>praeferendam</strong></span> <span class='ocrx_word' id='word_1_71' title='bbox 1782 912 1793 963; x_wconf 89' lang='lat'><strong>!</strong></span> 
     </span>
    </p>
   </div>
   <div class='ocr_carea' id='block_1_11' title="bbox 197 994 1793 1071">
    <p class='ocr_par' dir='ltr' id='par_1_11' title="bbox 197 994 1793 1071">
     <span class='ocr_line' id='line_1_11' title="bbox 197 994 1793 1071; baseline 0.004 -23"><span class='ocrx_word' id='word_1_72' title='bbox 197 994 433 1051; x_wconf 68' lang='lat' dir='ltr'><strong>Abrahm</strong></span> <span class='ocrx_word' id='word_1_73' title='bbox 458 997 620 1052; x_wconf 80' lang='lat' dir='ltr'><strong>fidem</strong></span> <span class='ocrx_word' id='word_1_74' title='bbox 654 1000 1048 1057; x_wconf 66' lang='lat' dir='ltr'><strong>incircumcisae</strong></span> <span class='ocrx_word' id='word_1_75' title='bbox 1076 1002 1252 1071; x_wconf 92' lang='lat' dir='ltr'><strong>gentis</strong></span> <span class='ocrx_word' id='word_1_76' title='bbox 1298 1002 1492 1056; x_wconf 89' lang='lat' dir='ltr'><strong>mulier</strong></span> <span class='ocrx_word' id='word_1_77' title='bbox 1535 1002 1793 1068; x_wconf 87' lang='lat' dir='ltr'><strong>imitatur,</strong></span> 
     </span>
    </p>
   </div>
   <div class='ocr_carea' id='block_1_12' title="bbox 196 1090 1793 1165">
    <p class='ocr_par' dir='ltr' id='par_1_12' title="bbox 196 1090 1793 1165">
     <span class='ocr_line' id='line_1_12' title="bbox 196 1090 1793 1165; baseline 0.003 -22"><span class='ocrx_word' id='word_1_78' title='bbox 196 1103 360 1157; x_wconf 91' lang='lat' dir='ltr'><strong>quam</strong></span> <span class='ocrx_word' id='word_1_79' title='bbox 412 1090 586 1145; x_wconf 85' lang='lat' dir='ltr'><strong>virilis</strong></span> <span class='ocrx_word' id='word_1_80' title='bbox 633 1094 981 1150; x_wconf 88' lang='lat' dir='ltr'><strong>circumcisio</strong></span> <span class='ocrx_word' id='word_1_81' title='bbox 1009 1095 1320 1165; x_wconf 81' lang='lat' dir='ltr'><strong>dereliquit,</strong></span> <span class='ocrx_word' id='word_1_82' title='bbox 1366 1104 1419 1149; x_wconf 92' lang='lat' dir='ltr'><strong>et</strong></span> <span class='ocrx_word' id='word_1_83' title='bbox 1473 1109 1571 1164; x_wconf 89' lang='lat' dir='ltr'><strong>per</strong></span> <span class='ocrx_word' id='word_1_84' title='bbox 1614 1094 1793 1148; x_wconf 90' lang='lat' dir='ltr'><strong>aliena</strong></span> 
     </span>
    </p>
   </div>
   <div class='ocr_carea' id='block_1_13' title="bbox 194 1183 1863 1254">
    <p class='ocr_par' dir='ltr' id='par_1_13' title="bbox 194 1183 1863 1254">
     <span class='ocr_line' id='line_1_13' title="bbox 194 1183 1863 1254; baseline 0.004 -21"><span class='ocrx_word' id='word_1_85' title='bbox 194 1183 425 1254; x_wconf 86' lang='lat' dir='ltr'><strong>vestigia</strong></span> <span class='ocrx_word' id='word_1_86' title='bbox 454 1186 710 1240; x_wconf 91' lang='lat' dir='ltr'><strong>meritum</strong></span> <span class='ocrx_word' id='word_1_87' title='bbox 736 1186 1139 1254; x_wconf 84' lang='lat' dir='ltr'><strong>justiﬁcationis</strong></span> <span class='ocrx_word' id='word_1_88' title='bbox 1186 1185 1502 1254; x_wconf 79' lang='lat' dir='ltr'><strong>ingreditur,</strong></span> <span class='ocrx_word' id='word_1_89' title='bbox 1528 1200 1557 1237; x_wconf 91' lang='lat' dir='ltr'><strong>a</strong></span> <span class='ocrx_word' id='word_1_90' title='bbox 1599 1185 1793 1254; x_wconf 89' lang='lat' dir='ltr'><strong>quibus</strong></span> <span class='ocrx_word' id='word_1_91' title='bbox 1854 1244 1863 1248; x_wconf 89' lang='lat'>_</span> 
     </span>
    </p>
   </div>
   <div class='ocr_carea' id='block_1_14' title="bbox 192 1276 1791 1344">
    <p class='ocr_par' dir='ltr' id='par_1_14' title="bbox 192 1276 1791 1344">
     <span class='ocr_line' id='line_1_14' title="bbox 192 1276 1791 1344; baseline 0.001 -15"><span class='ocrx_word' id='word_1_92' title='bbox 192 1276 465 1344; x_wconf 81' lang='lat' dir='ltr'><strong>majorum</strong></span> <span class='ocrx_word' id='word_1_93' title='bbox 492 1292 633 1331; x_wconf 66' lang='lat' dir='ltr'><strong>caeca</strong></span> <span class='ocrx_word' id='word_1_94' title='bbox 660 1277 947 1332; x_wconf 66' lang='lat' dir='ltr'><strong>hmreditas</strong></span> <span class='ocrx_word' id='word_1_95' title='bbox 969 1278 1222 1333; x_wconf 79' lang='lat' dir='ltr'><strong>deviavit.</strong></span> <span class='ocrx_word' id='word_1_96' title='bbox 1247 1277 1388 1332; x_wconf 90' lang='lat' dir='ltr'><strong>Deos</strong></span> <span class='ocrx_word' id='word_1_97' title='bbox 1408 1291 1537 1331; x_wconf 92' lang='lat' dir='ltr'><strong>suos</strong></span> <span class='ocrx_word' id='word_1_98' title='bbox 1558 1277 1791 1333; x_wconf 79' lang='lat' dir='ltr'><strong>Moabita</strong></span> 
     </span>
    </p>
   </div>
   <div class='ocr_carea' id='block_1_15' title="bbox 190 1371 1787 1438">
    <p class='ocr_par' dir='ltr' id='par_1_15' title="bbox 190 1371 1787 1438">
     <span class='ocr_line' id='line_1_15' title="bbox 190 1371 1787 1438; baseline -0.001 -13"><span class='ocrx_word' id='word_1_99' title='bbox 190 1371 513 1437; x_wconf 86' lang='lat' dir='ltr'><strong>contemnit,</strong></span> <span class='ocrx_word' id='word_1_100' title='bbox 548 1386 673 1425; x_wconf 91' lang='lat' dir='ltr'><strong>cum</strong></span> <span class='ocrx_word' id='word_1_101' title='bbox 704 1380 781 1437; x_wconf 92' lang='lat' dir='ltr'><strong>tu,</strong></span> <span class='ocrx_word' id='word_1_102' title='bbox 812 1371 1002 1438; x_wconf 88' lang='lat' dir='ltr'><strong>Israel,</strong></span> <span class='ocrx_word' id='word_1_103' title='bbox 1036 1372 1315 1427; x_wconf 87' lang='lat' dir='ltr'><strong>desideres</strong></span> <span class='ocrx_word' id='word_1_104' title='bbox 1342 1372 1574 1426; x_wconf 90' lang='lat' dir='ltr'><strong>alienos.</strong></span> <span class='ocrx_word' id='word_1_105' title='bbox 1611 1371 1701 1425; x_wconf 91' lang='lat' dir='ltr'><strong>Illa</strong></span> <span class='ocrx_word' id='word_1_106' title='bbox 1729 1371 1787 1424; x_wconf 89' lang='lat' dir='ltr'><strong>in</strong></span> 
     </span>
    </p>
   </div>
   <div class='ocr_carea' id='block_1_16' title="bbox 190 1463 1787 1537">
    <p class='ocr_par' dir='ltr' id='par_1_16' title="bbox 190 1463 1787 1537">
     <span class='ocr_line' id='line_1_16' title="bbox 190 1463 1787 1537; baseline 0.003 -20"><span class='ocrx_word' id='word_1_107' title='bbox 190 1478 354 1518; x_wconf 89' lang='lat' dir='ltr'><strong>unum</strong></span> <span class='ocrx_word' id='word_1_108' title='bbox 384 1463 555 1518; x_wconf 88' lang='lat' dir='ltr'><strong>Deum</strong></span> <span class='ocrx_word' id='word_1_109' title='bbox 588 1479 809 1520; x_wconf 91' lang='lat' dir='ltr'><strong>suorum</strong></span> <span class='ocrx_word' id='word_1_110' title='bbox 834 1466 946 1536; x_wconf 88' lang='lat' dir='ltr'><strong>jam</strong></span> <span class='ocrx_word' id='word_1_111' title='bbox 979 1466 1146 1521; x_wconf 91' lang='lat' dir='ltr'><strong>oblita</strong></span> <span class='ocrx_word' id='word_1_112' title='bbox 1172 1467 1453 1537; x_wconf 89' lang='lat' dir='ltr'><strong>conjurat,</strong></span> <span class='ocrx_word' id='word_1_113' title='bbox 1487 1474 1542 1521; x_wconf 90' lang='lat' dir='ltr'><strong>et</strong></span> <span class='ocrx_word' id='word_1_114' title='bbox 1570 1475 1626 1520; x_wconf 88' lang='lat' dir='ltr'><strong>tu</strong></span> <span class='ocrx_word' id='word_1_115' title='bbox 1667 1474 1787 1534; x_wconf 91' lang='lat' dir='ltr'><strong>post</strong></span> 
     </span>
    </p>
   </div>
   <div class='ocr_carea' id='block_1_17' title="bbox 188 1554 1786 1627">
    <p class='ocr_par' dir='ltr' id='par_1_17' title="bbox 188 1554 1786 1627">
     <span class='ocr_line' id='line_1_17' title="bbox 188 1554 1786 1627; baseline 0.004 -20"><span class='ocrx_word' id='word_1_116' title='bbox 188 1554 589 1609; x_wconf 88' lang='lat' dir='ltr'><strong>multitudinem</strong></span> <span class='ocrx_word' id='word_1_117' title='bbox 639 1555 923 1611; x_wconf 88' lang='lat' dir='ltr'><strong>fornicaris</strong></span> <span class='ocrx_word' id='word_1_118' title='bbox 978 1556 1284 1612; x_wconf 85' lang='lat' dir='ltr'><strong>idolorum:</strong></span> <span class='ocrx_word' id='word_1_119' title='bbox 1315 1556 1440 1611; x_wconf 91' lang='lat' dir='ltr'><strong>hinc</strong></span> <span class='ocrx_word' id='word_1_120' title='bbox 1498 1557 1712 1627; x_wconf 90' lang='lat' dir='ltr'><strong>eligitur</strong></span> <span class='ocrx_word' id='word_1_121' title='bbox 1754 1573 1786 1613; x_wconf 87' lang='lat' dir='ltr'><strong>a</strong></span> 
     </span>
    </p>
   </div>
   <div class='ocr_carea' id='block_1_18' title="bbox 188 1646 1784 1722">
    <p class='ocr_par' dir='ltr' id='par_1_18' title="bbox 188 1646 1784 1722">
     <span class='ocr_line' id='line_1_18' title="bbox 188 1646 1784 1722; baseline 0.003 -21"><span class='ocrx_word' id='word_1_122' title='bbox 188 1646 437 1714; x_wconf 91' lang='lat' dir='ltr'><strong>Domino,</strong></span> <span class='ocrx_word' id='word_1_123' title='bbox 469 1648 597 1703; x_wconf 92' lang='lat' dir='ltr'><strong>hinc</strong></span> <span class='ocrx_word' id='word_1_124' title='bbox 643 1648 702 1702; x_wconf 84' lang='lat' dir='ltr'><strong>fit</strong></span> <span class='ocrx_word' id='word_1_125' title='bbox 751 1649 991 1705; x_wconf 89' lang='lat' dir='ltr'><strong>Israelita</strong></span> <span class='ocrx_word' id='word_1_126' title='bbox 1024 1660 1226 1718; x_wconf 89' lang='lat' dir='ltr'><strong>mente,</strong></span> <span class='ocrx_word' id='word_1_127' title='bbox 1261 1665 1367 1705; x_wconf 87' lang='lat' dir='ltr'><strong>non</strong></span> <span class='ocrx_word' id='word_1_128' title='bbox 1398 1665 1599 1722; x_wconf 83' lang='lat' dir='ltr'><strong>genere</strong></span> <span class='ocrx_word' id='word_1_129' title='bbox 1628 1668 1642 1714; x_wconf 90' lang='lat'><strong>;</strong></span> <span class='ocrx_word' id='word_1_130' title='bbox 1679 1651 1784 1705; x_wconf 75' lang='lat' dir='ltr'><strong>fide</strong></span> 
     </span>
    </p>
   </div>
   <div class='ocr_carea' id='block_1_19' title="bbox 1899 445 3485 519">
    <p class='ocr_par' dir='ltr' id='par_1_19' title="bbox 1899 445 3485 519">
     <span class='ocr_line' id='line_1_19' title="bbox 1899 445 3485 519; baseline 0.006 -20"><span class='ocrx_word' id='word_1_131' title='bbox 1899 445 2140 511; x_wconf 91' lang='lat' dir='ltr'><strong>culante,</strong></span> <span class='ocrx_word' id='word_1_132' title='bbox 2174 446 2455 513; x_wconf 87' lang='lat' dir='ltr'><strong>vidissent,</strong></span> <span class='ocrx_word' id='word_1_133' title='bbox 2480 448 2723 519; x_wconf 80' lang='lat' dir='ltr'><strong>gigantes</strong></span> <span class='ocrx_word' id='word_1_134' title='bbox 2746 448 2817 503; x_wconf 94' lang='lat' dir='ltr'><strong>ibi</strong></span> <span class='ocrx_word' id='word_1_135' title='bbox 2842 464 2959 505; x_wconf 91' lang='lat' dir='ltr'><strong>esse</strong></span> <span class='ocrx_word' id='word_1_136' title='bbox 2988 449 3321 508; x_wconf 90' lang='lat' dir='ltr'><strong>fortissimos</strong></span> <span class='ocrx_word' id='word_1_137' title='bbox 3349 469 3485 511; x_wconf 89' lang='lat' dir='ltr'><strong>con-</strong></span> 
     </span>
    </p>
   </div>
   <div class='ocr_carea' id='block_1_20' title="bbox 1899 536 3495 610">
    <p class='ocr_par' dir='ltr' id='par_1_20' title="bbox 1899 536 3495 610">
     <span class='ocr_line' id='line_1_20' title="bbox 1899 536 3495 610; baseline 0.008 -19"><span class='ocrx_word' id='word_1_138' title='bbox 1899 538 2293 607; x_wconf 87' lang='lat' dir='ltr'><strong>querebantur,</strong></span> <span class='ocrx_word' id='word_1_139' title='bbox 2315 536 2438 594; x_wconf 87' lang='lat' dir='ltr'><strong>cum</strong></span> <span class='ocrx_word' id='word_1_140' title='bbox 2485 541 2679 610; x_wconf 89' lang='lat' dir='ltr'><strong>quibus</strong></span> <span class='ocrx_word' id='word_1_141' title='bbox 2705 557 2895 597; x_wconf 90' lang='lat' dir='ltr'><strong>manus</strong></span> <span class='ocrx_word' id='word_1_142' title='bbox 2923 556 3208 600; x_wconf 90' lang='lat' dir='ltr'><strong>conserere</strong></span> <span class='ocrx_word' id='word_1_143' title='bbox 3239 547 3495 604; x_wconf 85' lang='lat' dir='ltr'><strong>formida-</strong></span> 
     </span>
    </p>
   </div>
   <div class='ocr_carea' id='block_1_21' title="bbox 1900 629 3492 714">
    <p class='ocr_par' dir='ltr' id='par_1_21' title="bbox 1900 629 3492 714">
     <span class='ocr_line' id='line_1_21' title="bbox 1900 629 3492 714; baseline 0.009 -31"><span class='ocrx_word' id='word_1_144' title='bbox 1900 641 2044 685; x_wconf 86' lang='lat' dir='ltr'><strong>rent.</strong></span> <span class='ocrx_word' id='word_1_145' title='bbox 2066 629 2703 702; x_wconf 88' lang='lat' dir='ltr'><strong>Circumciditetoculos,</strong></span> <span class='ocrx_word' id='word_1_146' title='bbox 2719 650 2787 691; x_wconf 90' lang='lat' dir='ltr'><strong>ne</strong></span> <span class='ocrx_word' id='word_1_147' title='bbox 2807 637 3227 706; x_wconf 82' lang='lat' dir='ltr'><strong>alienigenarum</strong></span> <span class='ocrx_word' id='word_1_148' title='bbox 3244 642 3492 714; x_wconf 88' lang='lat' dir='ltr'><strong>conjugia</strong></span> 
     </span>
    </p>
   </div>
   <div class='ocr_carea' id='block_1_22' title="bbox 1901 727 3494 805">
    <p class='ocr_par' dir='ltr' id='par_1_22' title="bbox 1901 727 3494 805">
     <span class='ocr_line' id='line_1_22' title="bbox 1901 727 3494 805; baseline 0.008 -26"><span class='ocrx_word' id='word_1_149' title='bbox 1901 734 2092 780; x_wconf 91' lang='lat' dir='ltr'><strong>contra</strong></span> <span class='ocrx_word' id='word_1_150' title='bbox 2123 727 2333 782; x_wconf 91' lang='lat' dir='ltr'><strong>licitum</strong></span> <span class='ocrx_word' id='word_1_151' title='bbox 2362 730 2745 799; x_wconf 89' lang='lat' dir='ltr'><strong>concupiscant</strong></span> <span class='ocrx_word' id='word_1_152' title='bbox 2775 750 2787 785; x_wconf 87' lang='lat'><strong>:</strong></span> <span class='ocrx_word' id='word_1_153' title='bbox 2817 732 3070 802; x_wconf 88' lang='lat' dir='ltr'><strong>aliudque</strong></span> <span class='ocrx_word' id='word_1_154' title='bbox 3101 734 3155 787; x_wconf 93' lang='lat' dir='ltr'><strong>in</strong></span> <span class='ocrx_word' id='word_1_155' title='bbox 3186 734 3298 788; x_wconf 88' lang='lat' dir='ltr'><strong>illis</strong></span> <span class='ocrx_word' id='word_1_156' title='bbox 3319 739 3494 805; x_wconf 84' lang='lat' dir='ltr'><strong>regio-</strong></span> 
     </span>
    </p>
   </div>
   <div class='ocr_carea' id='block_1_23' title="bbox 1903 819 3494 893">
    <p class='ocr_par' dir='ltr' id='par_1_23' title="bbox 1903 819 3494 893">
     <span class='ocr_line' id='line_1_23' title="bbox 1903 819 3494 893; baseline 0.007 -20"><span class='ocrx_word' id='word_1_157' title='bbox 1903 819 2063 874; x_wconf 87' lang='lat' dir='ltr'><strong>nibus</strong></span> <span class='ocrx_word' id='word_1_158' title='bbox 2086 821 2261 875; x_wconf 84' lang='lat' dir='ltr'><strong>velint</strong></span> <span class='ocrx_word' id='word_1_159' title='bbox 2292 822 2567 892; x_wconf 89' lang='lat' dir='ltr'><strong>possidere</strong></span> <span class='ocrx_word' id='word_1_160' title='bbox 2606 838 2763 893; x_wconf 89' lang='lat' dir='ltr'><strong>quam</strong></span> <span class='ocrx_word' id='word_1_161' title='bbox 2786 834 2975 881; x_wconf 89' lang='lat' dir='ltr'><strong>terras.</strong></span> <span class='ocrx_word' id='word_1_162' title='bbox 3001 825 3117 880; x_wconf 86' lang='lat' dir='ltr'><strong>Non</strong></span> <span class='ocrx_word' id='word_1_163' title='bbox 3139 826 3286 881; x_wconf 92' lang='lat' dir='ltr'><strong>enim</strong></span> <span class='ocrx_word' id='word_1_164' title='bbox 3314 828 3359 880; x_wconf 91' lang='lat' dir='ltr'><strong>si</strong></span> <span class='ocrx_word' id='word_1_165' title='bbox 3387 843 3494 884; x_wconf 90' lang='lat' dir='ltr'><strong>non</strong></span> 
     </span>
    </p>
   </div>
   <div class='ocr_carea' id='block_1_24' title="bbox 1901 910 3495 986">
    <p class='ocr_par' dir='ltr' id='par_1_24' title="bbox 1901 910 3495 986">
     <span class='ocr_line' id='line_1_24' title="bbox 1901 910 3495 986; baseline 0.006 -23"><span class='ocrx_word' id='word_1_166' title='bbox 1901 910 2385 978; x_wconf 90' lang='lat' dir='ltr'><strong>circumcidantur,</strong></span> <span class='ocrx_word' id='word_1_167' title='bbox 2419 914 2515 969; x_wconf 91' lang='lat' dir='ltr'><strong>sed</strong></span> <span class='ocrx_word' id='word_1_168' title='bbox 2542 915 2590 969; x_wconf 91' lang='lat' dir='ltr'><strong>si</strong></span> <span class='ocrx_word' id='word_1_169' title='bbox 2622 915 2739 969; x_wconf 66' lang='lat' dir='ltr'><strong>haec</strong></span> <span class='ocrx_word' id='word_1_170' title='bbox 2766 917 3063 986; x_wconf 77' lang='lat' dir='ltr'><strong>negligant,</strong></span> <span class='ocrx_word' id='word_1_171' title='bbox 3098 933 3196 986; x_wconf 90' lang='lat' dir='ltr'><strong>per</strong></span> <span class='ocrx_word' id='word_1_172' title='bbox 3225 918 3358 972; x_wconf 90' lang='lat' dir='ltr'><strong>iram</strong></span> <span class='ocrx_word' id='word_1_173' title='bbox 3389 920 3495 974; x_wconf 92' lang='lat' dir='ltr'><strong>Do-</strong></span> 
     </span>
    </p>
   </div>
   <div class='ocr_carea' id='block_1_25' title="bbox 1900 1003 3488 1078">
    <p class='ocr_par' dir='ltr' id='par_1_25' title="bbox 1900 1003 3488 1078">
     <span class='ocr_line' id='line_1_25' title="bbox 1900 1003 3488 1078; baseline 0.007 -23"><span class='ocrx_word' id='word_1_174' title='bbox 1900 1003 2029 1056; x_wconf 91' lang='lat' dir='ltr'><strong>mini</strong></span> <span class='ocrx_word' id='word_1_175' title='bbox 2057 1005 2365 1058; x_wconf 91' lang='lat' dir='ltr'><strong>moriuntur</strong></span> <span class='ocrx_word' id='word_1_176' title='bbox 2390 1022 2401 1055; x_wconf 88' lang='lat'><strong>:</strong></span> <span class='ocrx_word' id='word_1_177' title='bbox 2424 1007 2680 1074; x_wconf 88' lang='lat' dir='ltr'><strong>quoniam</strong></span> <span class='ocrx_word' id='word_1_178' title='bbox 2704 1006 2831 1062; x_wconf 91' lang='lat' dir='ltr'><strong>illud</strong></span> <span class='ocrx_word' id='word_1_179' title='bbox 2852 1006 3064 1078; x_wconf 91' lang='lat' dir='ltr'><strong>signum</strong></span> <span class='ocrx_word' id='word_1_180' title='bbox 3085 1018 3172 1064; x_wconf 89' lang='lat' dir='ltr'><strong>est</strong></span> <span class='ocrx_word' id='word_1_181' title='bbox 3200 1009 3488 1078; x_wconf 81' lang='lat' dir='ltr'><strong>benediCti,</strong></span> 
     </span>
    </p>
   </div>
   <div class='ocr_carea' id='block_1_26' title="bbox 1898 1096 2697 1153">
    <p class='ocr_par' dir='ltr' id='par_1_26' title="bbox 1898 1096 2697 1153">
     <span class='ocr_line' id='line_1_26' title="bbox 1898 1096 2697 1153; baseline 0.006 -6"><span class='ocrx_word' id='word_1_182' title='bbox 1898 1109 2006 1147; x_wconf 92' lang='lat' dir='ltr'><strong>non</strong></span> <span class='ocrx_word' id='word_1_183' title='bbox 2035 1096 2287 1150; x_wconf 91' lang='lat' dir='ltr'><strong>meritum</strong></span> <span class='ocrx_word' id='word_1_184' title='bbox 2320 1096 2697 1153; x_wconf 86' lang='lat' dir='ltr'><strong>benedicendi.</strong></span> 
     </span>
    </p>
   </div>
   <div class='ocr_carea' id='block_1_27' title="bbox 1965 1184 3492 1263">
    <p class='ocr_par' dir='ltr' id='par_1_27' title="bbox 1965 1184 3492 1263">
     <span class='ocr_line' id='line_1_27' title="bbox 1965 1184 3492 1263; baseline 0.007 -24"><span class='ocrx_word' id='word_1_185' title='bbox 1965 1184 2107 1239; x_wconf 84' lang='lat' dir='ltr'><strong>XIV.</strong></span> <span class='ocrx_word' id='word_1_186' title='bbox 2139 1185 2245 1241; x_wconf 87' lang='lat' dir='ltr'><strong>Sed</strong></span> <span class='ocrx_word' id='word_1_187' title='bbox 2278 1186 2419 1256; x_wconf 92' lang='lat' dir='ltr'><strong>pleni</strong></span> <span class='ocrx_word' id='word_1_188' title='bbox 2448 1197 2576 1242; x_wconf 92' lang='lat' dir='ltr'><strong>sunt</strong></span> <span class='ocrx_word' id='word_1_189' title='bbox 2604 1204 2800 1246; x_wconf 89' lang='lat' dir='ltr'><strong>omnes</strong></span> <span class='ocrx_word' id='word_1_190' title='bbox 2840 1192 2984 1258; x_wconf 92' lang='lat' dir='ltr'><strong>libri,</strong></span> <span class='ocrx_word' id='word_1_191' title='bbox 3021 1194 3178 1262; x_wconf 90' lang='lat' dir='ltr'><strong>plena</strong></span> <span class='ocrx_word' id='word_1_192' title='bbox 3208 1196 3492 1263; x_wconf 84' lang='lat' dir='ltr'><strong>exemplo-</strong></span> 
     </span>
    </p>
   </div>
   <div class='ocr_carea' id='block_1_28' title="bbox 1893 1281 3497 1358">
    <p class='ocr_par' dir='ltr' id='par_1_28' title="bbox 1893 1281 3497 1358">
     <span class='ocr_line' id='line_1_28' title="bbox 1893 1281 3497 1358; baseline 0.007 -27"><span class='ocrx_word' id='word_1_193' title='bbox 1893 1293 2011 1332; x_wconf 90' lang='lat' dir='ltr'><strong>rum</strong></span> <span class='ocrx_word' id='word_1_194' title='bbox 2062 1288 2336 1346; x_wconf 88' lang='lat' dir='ltr'><strong>vetustas,</strong></span> <span class='ocrx_word' id='word_1_195' title='bbox 2393 1281 2538 1349; x_wconf 91' lang='lat' dir='ltr'><strong>quod</strong></span> <span class='ocrx_word' id='word_1_196' title='bbox 2583 1298 2691 1337; x_wconf 92' lang='lat' dir='ltr'><strong>non</strong></span> <span class='ocrx_word' id='word_1_197' title='bbox 2742 1288 3098 1353; x_wconf 70' lang='lat' dir='ltr'><strong>prresectione</strong></span> <span class='ocrx_word' id='word_1_198' title='bbox 3130 1288 3319 1343; x_wconf 90' lang='lat' dir='ltr'><strong>nescio</strong></span> <span class='ocrx_word' id='word_1_199' title='bbox 3345 1289 3497 1358; x_wconf 88' lang='lat' dir='ltr'><strong>cujus</strong></span> 
     </span>
    </p>
   </div>
   <div class='ocr_carea' id='block_1_29' title="bbox 1890 1367 3498 1435">
    <p class='ocr_par' dir='ltr' id='par_1_29' title="bbox 1890 1367 3498 1435">
     <span class='ocr_line' id='line_1_29' title="bbox 1890 1367 3498 1435; baseline 0.007 -14"><span class='ocrx_word' id='word_1_200' title='bbox 1890 1367 2145 1435; x_wconf 90' lang='lat' dir='ltr'><strong>membri,</strong></span> <span class='ocrx_word' id='word_1_201' title='bbox 2192 1368 2287 1425; x_wconf 92' lang='lat' dir='ltr'><strong>sed</strong></span> <span class='ocrx_word' id='word_1_202' title='bbox 2318 1378 2526 1425; x_wconf 88' lang='lat' dir='ltr'><strong>naturae</strong></span> <span class='ocrx_word' id='word_1_203' title='bbox 2555 1382 2761 1429; x_wconf 73' lang='lat' dir='ltr'><strong>nostra:</strong></span> <span class='ocrx_word' id='word_1_204' title='bbox 2790 1375 3206 1432; x_wconf 89' lang='lat' dir='ltr'><strong>circumcisione</strong></span> <span class='ocrx_word' id='word_1_205' title='bbox 3237 1378 3498 1434; x_wconf 90' lang='lat' dir='ltr'><strong>Dominus</strong></span> 
     </span>
    </p>
   </div>
   <div class='ocr_carea' id='block_1_30' title="bbox 1890 1462 3495 1540">
    <p class='ocr_par' dir='ltr' id='par_1_30' title="bbox 1890 1462 3495 1540">
     <span class='ocr_line' id='line_1_30' title="bbox 1890 1462 3495 1540; baseline 0.007 -23"><span class='ocrx_word' id='word_1_206' title='bbox 1890 1462 2197 1518; x_wconf 88' lang='lat' dir='ltr'><strong>delectatur</strong></span> <span class='ocrx_word' id='word_1_207' title='bbox 2230 1482 2244 1517; x_wconf 90' lang='lat'><strong>:</strong></span> <span class='ocrx_word' id='word_1_208' title='bbox 2276 1465 2328 1519; x_wconf 93' lang='lat' dir='ltr'><strong>in</strong></span> <span class='ocrx_word' id='word_1_209' title='bbox 2361 1481 2467 1536; x_wconf 88' lang='lat' dir='ltr'><strong>qua</strong></span> <span class='ocrx_word' id='word_1_210' title='bbox 2489 1480 2547 1522; x_wconf 91' lang='lat' dir='ltr'><strong>se</strong></span> <span class='ocrx_word' id='word_1_211' title='bbox 2572 1482 2695 1522; x_wconf 93' lang='lat' dir='ltr'><strong>cum</strong></span> <span class='ocrx_word' id='word_1_212' title='bbox 2720 1469 2883 1524; x_wconf 92' lang='lat' dir='ltr'><strong>etiam</strong></span> <span class='ocrx_word' id='word_1_213' title='bbox 2910 1470 3000 1523; x_wconf 87' lang='lat' dir='ltr'><strong>ille</strong></span> <span class='ocrx_word' id='word_1_214' title='bbox 3023 1472 3202 1540; x_wconf 88' lang='lat' dir='ltr'><strong>major</strong></span> <span class='ocrx_word' id='word_1_215' title='bbox 3246 1474 3495 1529; x_wconf 89' lang='lat' dir='ltr'><strong>omnium</strong></span> 
     </span>
    </p>
   </div>
   <div class='ocr_carea' id='block_1_31' title="bbox 1890 1555 3494 1626">
    <p class='ocr_par' dir='ltr' id='par_1_31' title="bbox 1890 1555 3494 1626">
     <span class='ocr_line' id='line_1_31' title="bbox 1890 1555 3494 1626; baseline 0.006 -17"><span class='ocrx_word' id='word_1_216' title='bbox 1890 1555 2278 1626; x_wconf 85' lang='lat' dir='ltr'><strong>prophetarum</strong></span> <span class='ocrx_word' id='word_1_217' title='bbox 2300 1556 2539 1615; x_wconf 81' lang='lat' dir='ltr'><strong>Joannes</strong></span> <span class='ocrx_word' id='word_1_218' title='bbox 2568 1559 2930 1623; x_wconf 89' lang='lat' dir='ltr'><strong>circumcidit,</strong></span> <span class='ocrx_word' id='word_1_219' title='bbox 2960 1578 3069 1616; x_wconf 89' lang='lat' dir='ltr'><strong>non</strong></span> <span class='ocrx_word' id='word_1_220' title='bbox 3100 1564 3331 1618; x_wconf 87' lang='lat' dir='ltr'><strong>vestitur</strong></span> <span class='ocrx_word' id='word_1_221' title='bbox 3355 1566 3494 1619; x_wconf 87' lang='lat' dir='ltr'><strong>mol-</strong></span> 
     </span>
    </p>
   </div>
   <div class='ocr_carea' id='block_1_32' title="bbox 1890 1646 3487 1725">
    <p class='ocr_par' dir='ltr' id='par_1_32' title="bbox 1890 1646 3487 1725">
     <span class='ocr_line' id='line_1_32' title="bbox 1890 1646 3487 1725; baseline 0.006 -24"><span class='ocrx_word' id='word_1_222' title='bbox 1890 1646 2053 1715; x_wconf 86' lang='lat' dir='ltr'><strong>libus,</strong></span> <span class='ocrx_word' id='word_1_223' title='bbox 2114 1664 2222 1703; x_wconf 90' lang='lat' dir='ltr'><strong>non</strong></span> <span class='ocrx_word' id='word_1_224' title='bbox 2250 1650 2537 1720; x_wconf 82' lang='lat' dir='ltr'><strong>exquisitis</strong></span> <span class='ocrx_word' id='word_1_225' title='bbox 2589 1651 2656 1706; x_wconf 90' lang='lat' dir='ltr'><strong>ad</strong></span> <span class='ocrx_word' id='word_1_226' title='bbox 2686 1652 2862 1723; x_wconf 83' lang='lat' dir='ltr'><strong>gulam</strong></span> <span class='ocrx_word' id='word_1_227' title='bbox 2916 1653 3146 1723; x_wconf 87' lang='lat' dir='ltr'><strong>dapibus</strong></span> <span class='ocrx_word' id='word_1_228' title='bbox 3175 1656 3487 1725; x_wconf 86' lang='lat' dir='ltr'><strong>saginatur:</strong></span> 
     </span>
    </p>
   </div>
   <div class='ocr_carea' id='block_1_33' title="bbox 189 1739 3484 1813">
    <p class='ocr_par' dir='ltr' id='par_1_33' title="bbox 189 1739 3484 1813">
     <span class='ocr_line' id='line_1_33' title="bbox 189 1739 3484 1813; baseline 0.003 -20"><span class='ocrx_word' id='word_1_229' title='bbox 189 1754 292 1794; x_wconf 89' lang='lat' dir='ltr'><strong>non</strong></span> <span class='ocrx_word' id='word_1_230' title='bbox 324 1740 622 1811; x_wconf 85' lang='lat' dir='ltr'><strong>sanguine;</strong></span> <span class='ocrx_word' id='word_1_231' title='bbox 658 1742 885 1811; x_wconf 89' lang='lat' dir='ltr'><strong>virtute,</strong></span> <span class='ocrx_word' id='word_1_232' title='bbox 925 1756 1031 1797; x_wconf 90' lang='lat' dir='ltr'><strong>non</strong></span> <span class='ocrx_word' id='word_1_233' title='bbox 1063 1743 1237 1797; x_wconf 89' lang='lat' dir='ltr'><strong>tribu:</strong></span> <span class='ocrx_word' id='word_1_234' title='bbox 1272 1743 1399 1797; x_wconf 89' lang='lat' dir='ltr'><strong>hinc</strong></span> <span class='ocrx_word' id='word_1_235' title='bbox 1430 1758 1599 1813; x_wconf 91' lang='lat' dir='ltr'><strong>usque</strong></span> <span class='ocrx_word' id='word_1_236' title='bbox 1647 1742 1783 1798; x_wconf 90' lang='lat' dir='ltr'><strong>adeo</strong></span> <span class='ocrx_word' id='word_1_237' title='bbox 1814 1742 1863 1802; x_wconf 92' lang='lat' dir='ltr'><strong>B</strong></span> <span class='ocrx_word' id='word_1_238' title='bbox 1888 1739 1981 1794; x_wconf 87' lang='lat' dir='ltr'><strong>sed</strong></span> <span class='ocrx_word' id='word_1_239' title='bbox 2014 1741 2065 1794; x_wconf 92' lang='lat' dir='ltr'><strong>in</strong></span> <span class='ocrx_word' id='word_1_240' title='bbox 2096 1740 2198 1796; x_wconf 89' lang='lat' dir='ltr'><strong>hoc</strong></span> <span class='ocrx_word' id='word_1_241' title='bbox 2245 1743 2448 1799; x_wconf 91' lang='lat' dir='ltr'><strong>mundo</strong></span> <span class='ocrx_word' id='word_1_242' title='bbox 2483 1759 2622 1813; x_wconf 92' lang='lat' dir='ltr'><strong>pene</strong></span> <span class='ocrx_word' id='word_1_243' title='bbox 2671 1744 2793 1801; x_wconf 92' lang='lat' dir='ltr'><strong>sine</strong></span> <span class='ocrx_word' id='word_1_244' title='bbox 2821 1746 3022 1801; x_wconf 91' lang='lat' dir='ltr'><strong>mundo</strong></span> <span class='ocrx_word' id='word_1_245' title='bbox 3061 1756 3144 1803; x_wconf 87' lang='lat' dir='ltr'><strong>est</strong></span> <span class='ocrx_word' id='word_1_246' title='bbox 3166 1788 3180 1811; x_wconf 97' lang='lat'><strong>,</strong></span> <span class='ocrx_word' id='word_1_247' title='bbox 3233 1759 3484 1803; x_wconf 88' lang='lat' dir='ltr'><strong>cunctam</strong></span> 
     </span>
    </p>
   </div>
   <div class='ocr_carea' id='block_1_34' title="bbox 187 1833 1783 1906">
    <p class='ocr_par' dir='ltr' id='par_1_34' title="bbox 187 1833 1783 1906">
     <span class='ocr_line' id='line_1_34' title="bbox 187 1833 1783 1906; baseline 0 -15"><span class='ocrx_word' id='word_1_248' title='bbox 187 1833 558 1902; x_wconf 86' lang='lat' dir='ltr'><strong>benedicitur,</strong></span> <span class='ocrx_word' id='word_1_249' title='bbox 589 1846 645 1890; x_wconf 93' lang='lat' dir='ltr'><strong>ut</strong></span> <span class='ocrx_word' id='word_1_250' title='bbox 693 1835 1078 1906; x_wconf 88' lang='lat' dir='ltr'><strong>prophetarum</strong></span> <span class='ocrx_word' id='word_1_251' title='bbox 1112 1846 1325 1891; x_wconf 92' lang='lat' dir='ltr'><strong>tuorum</strong></span> <span class='ocrx_word' id='word_1_252' title='bbox 1357 1845 1530 1892; x_wconf 89' lang='lat' dir='ltr'><strong>mater</strong></span> <span class='ocrx_word' id='word_1_253' title='bbox 1557 1846 1783 1892; x_wconf 87' lang='lat' dir='ltr'><strong>vocetur</strong></span> 
     </span>
    </p>
   </div>
   <div class='ocr_carea' id='block_1_35' title="bbox 188 1926 1786 1999">
    <p class='ocr_par' dir='ltr' id='par_1_35' title="bbox 188 1926 1786 1999">
     <span class='ocr_line' id='line_1_35' title="bbox 188 1926 1786 1999; baseline 0.001 -18"><span class='ocrx_word' id='word_1_254' title='bbox 188 1934 240 1981; x_wconf 89' lang='lat' dir='ltr'><strong>et</strong></span> <span class='ocrx_word' id='word_1_255' title='bbox 265 1941 476 1996; x_wconf 88' lang='lat' dir='ltr'><strong>regum.</strong></span> <span class='ocrx_word' id='word_1_256' title='bbox 506 1926 679 1982; x_wconf 88' lang='lat' dir='ltr'><strong>Lucet</strong></span> <span class='ocrx_word' id='word_1_257' title='bbox 707 1941 933 1997; x_wconf 90' lang='lat' dir='ltr'><strong>prorsus</strong></span> <span class='ocrx_word' id='word_1_258' title='bbox 959 1928 1047 1983; x_wconf 91' lang='lat' dir='ltr'><strong>die</strong></span> <span class='ocrx_word' id='word_1_259' title='bbox 1077 1928 1296 1997; x_wconf 90' lang='lat' dir='ltr'><strong>clarius,</strong></span> <span class='ocrx_word' id='word_1_260' title='bbox 1346 1943 1573 1999; x_wconf 83' lang='lat' dir='ltr'><strong>regnum</strong></span> <span class='ocrx_word' id='word_1_261' title='bbox 1622 1929 1786 1983; x_wconf 65' lang='lat' dir='ltr'><strong>caelo—</strong></span> 
     </span>
    </p>
   </div>
   <div class='ocr_carea' id='block_1_36' title="bbox 187 2017 1781 2088">
    <p class='ocr_par' dir='ltr' id='par_1_36' title="bbox 187 2017 1781 2088">
     <span class='ocr_line' id='line_1_36' title="bbox 187 2017 1781 2088; baseline 0.001 -17"><span class='ocrx_word' id='word_1_262' title='bbox 187 2032 300 2071; x_wconf 90' lang='lat' dir='ltr'><strong>rum</strong></span> <span class='ocrx_word' id='word_1_263' title='bbox 320 2017 431 2071; x_wconf 89' lang='lat' dir='ltr'><strong>vim</strong></span> <span class='ocrx_word' id='word_1_264' title='bbox 481 2018 627 2087; x_wconf 91' lang='lat' dir='ltr'><strong>pati,</strong></span> <span class='ocrx_word' id='word_1_265' title='bbox 658 2028 712 2072; x_wconf 91' lang='lat' dir='ltr'><strong>et</strong></span> <span class='ocrx_word' id='word_1_266' title='bbox 757 2033 785 2070; x_wconf 92' lang='lat' dir='ltr'><strong>a</strong></span> <span class='ocrx_word' id='word_1_267' title='bbox 815 2017 924 2072; x_wconf 91' lang='lat' dir='ltr'><strong>vim</strong></span> <span class='ocrx_word' id='word_1_268' title='bbox 974 2018 1293 2073; x_wconf 78' lang='lat' dir='ltr'><strong>facientibus</strong></span> <span class='ocrx_word' id='word_1_269' title='bbox 1342 2019 1557 2085; x_wconf 87' lang='lat' dir='ltr'><strong>invadi,</strong></span> <span class='ocrx_word' id='word_1_270' title='bbox 1589 2019 1781 2088; x_wconf 89' lang='lat' dir='ltr'><strong>diripi,</strong></span> 
     </span>
    </p>
   </div>
   <div class='ocr_carea' id='block_1_37' title="bbox 186 2108 1782 2179">
    <p class='ocr_par' dir='ltr' id='par_1_37' title="bbox 186 2108 1782 2179">
     <span class='ocr_line' id='line_1_37' title="bbox 186 2108 1782 2179; baseline 0.003 -16"><span class='ocrx_word' id='word_1_271' title='bbox 186 2108 457 2178; x_wconf 87' lang='lat' dir='ltr'><strong>possideri</strong></span> <span class='ocrx_word' id='word_1_272' title='bbox 485 2124 622 2165; x_wconf 89' lang='lat' dir='ltr'><strong>:nec</strong></span> <span class='ocrx_word' id='word_1_273' title='bbox 644 2108 1093 2178; x_wconf 85' lang='lat' dir='ltr'><strong>justiticationem</strong></span> <span class='ocrx_word' id='word_1_274' title='bbox 1116 2110 1296 2179; x_wconf 85' lang='lat' dir='ltr'><strong>gentis</strong></span> <span class='ocrx_word' id='word_1_275' title='bbox 1323 2125 1464 2175; x_wconf 91' lang='lat' dir='ltr'><strong>esse,</strong></span> <span class='ocrx_word' id='word_1_276' title='bbox 1497 2110 1590 2165; x_wconf 91' lang='lat' dir='ltr'><strong>sed</strong></span> <span class='ocrx_word' id='word_1_277' title='bbox 1622 2110 1782 2167; x_wconf 79' lang='lat' dir='ltr'><strong>vitae:</strong></span> 
     </span>
    </p>
   </div>
   <div class='ocr_carea' id='block_1_38' title="bbox 186 2202 1782 2273">
    <p class='ocr_par' dir='ltr' id='par_1_38' title="bbox 186 2202 1782 2273">
     <span class='ocr_line' id='line_1_38' title="bbox 186 2202 1782 2273; baseline 0.001 -16"><span class='ocrx_word' id='word_1_278' title='bbox 186 2202 400 2272; x_wconf 89' lang='lat' dir='ltr'><strong>quando</strong></span> <span class='ocrx_word' id='word_1_279' title='bbox 432 2218 539 2258; x_wconf 90' lang='lat' dir='ltr'><strong>non</strong></span> <span class='ocrx_word' id='word_1_280' title='bbox 561 2204 869 2259; x_wconf 87' lang='lat' dir='ltr'><strong>circumcisi</strong></span> <span class='ocrx_word' id='word_1_281' title='bbox 900 2218 998 2273; x_wconf 91' lang='lat' dir='ltr'><strong>per</strong></span> <span class='ocrx_word' id='word_1_282' title='bbox 1022 2203 1233 2273; x_wconf 83' lang='lat' dir='ltr'><strong>frugem</strong></span> <span class='ocrx_word' id='word_1_283' title='bbox 1259 2204 1569 2273; x_wconf 87' lang='lat' dir='ltr'><strong>probitatis,</strong></span> <span class='ocrx_word' id='word_1_284' title='bbox 1604 2205 1782 2258; x_wconf 85' lang='lat' dir='ltr'><strong>aulam</strong></span> 
     </span>
    </p>
   </div>
   <div class='ocr_carea' id='block_1_39' title="bbox 189 2294 1782 2353">
    <p class='ocr_par' dir='ltr' id='par_1_39' title="bbox 189 2294 1782 2353">
     <span class='ocr_line' id='line_1_39' title="bbox 189 2294 1782 2353; baseline 0 -4"><span class='ocrx_word' id='word_1_285' title='bbox 189 2294 634 2351; x_wconf 75' lang='lat' dir='ltr'><strong>sanctificationis</strong></span> <span class='ocrx_word' id='word_1_286' title='bbox 684 2297 1076 2353; x_wconf 78' lang='lat' dir='ltr'><strong>introeuntzct</strong></span> <span class='ocrx_word' id='word_1_287' title='bbox 1128 2295 1433 2350; x_wconf 90' lang='lat' dir='ltr'><strong>circumcisi</strong></span> <span class='ocrx_word' id='word_1_288' title='bbox 1488 2296 1541 2349; x_wconf 91' lang='lat' dir='ltr'><strong>in</strong></span> <span class='ocrx_word' id='word_1_289' title='bbox 1594 2295 1782 2351; x_wconf 88' lang='lat' dir='ltr'><strong>eadem</strong></span> 
     </span>
    </p>
   </div>
   <div class='ocr_carea' id='block_1_40' title="bbox 188 2389 1785 2460">
    <p class='ocr_par' dir='ltr' id='par_1_40' title="bbox 188 2389 1785 2460">
     <span class='ocr_line' id='line_1_40' title="bbox 188 2389 1785 2460; baseline 0.001 -18"><span class='ocrx_word' id='word_1_290' title='bbox 188 2389 304 2444; x_wconf 91' lang='lat' dir='ltr'><strong>aula</strong></span> <span class='ocrx_word' id='word_1_291' title='bbox 330 2390 524 2460; x_wconf 91' lang='lat' dir='ltr'><strong>geniti,</strong></span> <span class='ocrx_word' id='word_1_292' title='bbox 558 2405 654 2459; x_wconf 93' lang='lat' dir='ltr'><strong>per</strong></span> <span class='ocrx_word' id='word_1_293' title='bbox 684 2389 939 2459; x_wconf 88' lang='lat' dir='ltr'><strong>pudenda</strong></span> <span class='ocrx_word' id='word_1_294' title='bbox 977 2397 1254 2459; x_wconf 86' lang='lat' dir='ltr'><strong>gestorum</strong></span> <span class='ocrx_word' id='word_1_295' title='bbox 1276 2397 1552 2459; x_wconf 88' lang='lat' dir='ltr'><strong>sceptrum</strong></span> <span class='ocrx_word' id='word_1_296' title='bbox 1581 2389 1785 2444; x_wconf 89' lang='lat' dir='ltr'><strong>sancti-</strong></span> 
     </span>
    </p>
   </div>
   <div class='ocr_carea' id='block_1_41' title="bbox 188 2481 760 2538">
    <p class='ocr_par' dir='ltr' id='par_1_41' title="bbox 188 2481 760 2538">
     <span class='ocr_line' id='line_1_41' title="bbox 188 2481 760 2538; baseline 0 -2"><span class='ocrx_word' id='word_1_297' title='bbox 188 2481 454 2538; x_wconf 82' lang='lat' dir='ltr'><strong>ﬁcationis</strong></span> <span class='ocrx_word' id='word_1_298' title='bbox 485 2483 760 2537; x_wconf 91' lang='lat' dir='ltr'><strong>amittunt.</strong></span> 
     </span>
    </p>
   </div>
   <div class='ocr_carea' id='block_1_42' title="bbox 258 2572 1784 2631">
    <p class='ocr_par' dir='ltr' id='par_1_42' title="bbox 258 2572 1784 2631">
     <span class='ocr_line' id='line_1_42' title="bbox 258 2572 1784 2631; baseline 0 -2"><span class='ocrx_word' id='word_1_299' title='bbox 258 2572 397 2629; x_wconf 86' lang='lat' dir='ltr'><strong>XIII.</strong></span> <span class='ocrx_word' id='word_1_300' title='bbox 423 2574 532 2631; x_wconf 88' lang='lat' dir='ltr'><strong>Sed</strong></span> <span class='ocrx_word' id='word_1_301' title='bbox 558 2589 774 2629; x_wconf 89' lang='lat' dir='ltr'><strong>rursum</strong></span> <span class='ocrx_word' id='word_1_302' title='bbox 817 2574 884 2629; x_wconf 91' lang='lat' dir='ltr'><strong>ad</strong></span> <span class='ocrx_word' id='word_1_303' title='bbox 926 2574 1269 2630; x_wconf 88' lang='lat' dir='ltr'><strong>benedictum</strong></span> <span class='ocrx_word' id='word_1_304' title='bbox 1304 2574 1452 2629; x_wconf 90' lang='lat' dir='ltr'><strong>velut</strong></span> <span class='ocrx_word' id='word_1_305' title='bbox 1497 2573 1784 2629; x_wconf 82' lang='lat' dir='ltr'><strong>duodecim</strong></span> 
     </span>
    </p>
   </div>
   <div class='ocr_carea' id='block_1_43' title="bbox 195 2665 1786 2736">
    <p class='ocr_par' dir='ltr' id='par_1_43' title="bbox 195 2665 1786 2736">
     <span class='ocr_line' id='line_1_43' title="bbox 195 2665 1786 2736; baseline 0.001 -18"><span class='ocrx_word' id='word_1_306' title='bbox 195 2665 427 2720; x_wconf 86' lang='lat' dir='ltr'><strong>tribuum</strong></span> <span class='ocrx_word' id='word_1_307' title='bbox 462 2665 778 2736; x_wconf 90' lang='lat' dir='ltr'><strong>sanguinem</strong></span> <span class='ocrx_word' id='word_1_308' title='bbox 830 2665 1145 2735; x_wconf 84' lang='lat' dir='ltr'><strong>redeamus,</strong></span> <span class='ocrx_word' id='word_1_309' title='bbox 1199 2675 1256 2721; x_wconf 93' lang='lat' dir='ltr'><strong>ut</strong></span> <span class='ocrx_word' id='word_1_310' title='bbox 1306 2666 1361 2720; x_wconf 93' lang='lat' dir='ltr'><strong>in</strong></span> <span class='ocrx_word' id='word_1_311' title='bbox 1408 2680 1473 2721; x_wconf 92' lang='lat' dir='ltr'><strong>eo</strong></span> <span class='ocrx_word' id='word_1_312' title='bbox 1513 2666 1625 2735; x_wconf 90' lang='lat' dir='ltr'><strong>jam</strong></span> <span class='ocrx_word' id='word_1_313' title='bbox 1659 2675 1786 2720; x_wconf 90' lang='lat' dir='ltr'><strong>tunc</strong></span> 
     </span>
    </p>
   </div>
   <div class='ocr_carea' id='block_1_44' title="bbox 193 2758 1786 2830">
    <p class='ocr_par' dir='ltr' id='par_1_44' title="bbox 193 2758 1786 2830">
     <span class='ocr_line' id='line_1_44' title="bbox 193 2758 1786 2830; baseline 0.003 -19"><span class='ocrx_word' id='word_1_314' title='bbox 193 2758 509 2827; x_wconf 80' lang='lat' dir='ltr'><strong>praecedens</strong></span> <span class='ocrx_word' id='word_1_315' title='bbox 536 2759 888 2815; x_wconf 89' lang='lat' dir='ltr'><strong>ecclesiastici</strong></span> <span class='ocrx_word' id='word_1_316' title='bbox 913 2760 1158 2830; x_wconf 83' lang='lat' dir='ltr'><strong>mysterii</strong></span> <span class='ocrx_word' id='word_1_317' title='bbox 1182 2760 1423 2815; x_wconf 82' lang='lat' dir='ltr'><strong>veritatis</strong></span> <span class='ocrx_word' id='word_1_318' title='bbox 1454 2761 1642 2815; x_wconf 90' lang='lat' dir='ltr'><strong>umbra</strong></span> <span class='ocrx_word' id='word_1_319' title='bbox 1662 2776 1786 2829; x_wconf 89' lang='lat' dir='ltr'><strong>pro—</strong></span> 
     </span>
    </p>
   </div>
   <div class='ocr_carea' id='block_1_45' title="bbox 192 2848 1787 2922">
    <p class='ocr_par' dir='ltr' id='par_1_45' title="bbox 192 2848 1787 2922">
     <span class='ocr_line' id='line_1_45' title="bbox 192 2848 1787 2922; baseline 0.002 -19"><span class='ocrx_word' id='word_1_320' title='bbox 192 2848 366 2905; x_wconf 85' lang='lat' dir='ltr'><strong>betur.</strong></span> <span class='ocrx_word' id='word_1_321' title='bbox 415 2851 663 2921; x_wconf 87' lang='lat' dir='ltr'><strong>Longum</strong></span> <span class='ocrx_word' id='word_1_322' title='bbox 718 2862 801 2906; x_wconf 90' lang='lat' dir='ltr'><strong>est</strong></span> <span class='ocrx_word' id='word_1_323' title='bbox 840 2852 1178 2922; x_wconf 88' lang='lat' dir='ltr'><strong>singulorum</strong></span> <span class='ocrx_word' id='word_1_324' title='bbox 1226 2852 1426 2906; x_wconf 79' lang='lat' dir='ltr'><strong>formas</strong></span> <span class='ocrx_word' id='word_1_325' title='bbox 1470 2867 1787 2907; x_wconf 84' lang='lat' dir='ltr'><strong>enumerare</strong></span> 
     </span>
    </p>
   </div>
   <div class='ocr_carea' id='block_1_46' title="bbox 190 2948 1784 3019">
    <p class='ocr_par' dir='ltr' id='par_1_46' title="bbox 190 2948 1784 3019">
     <span class='ocr_line' id='line_1_46' title="bbox 190 2948 1784 3019; baseline 0.003 -20"><span class='ocrx_word' id='word_1_326' title='bbox 190 2954 527 3014; x_wconf 87' lang='lat' dir='ltr'><strong>sanctorum,</strong></span> <span class='ocrx_word' id='word_1_327' title='bbox 559 2961 858 3018; x_wconf 85' lang='lat' dir='ltr'><strong>eorumque</strong></span> <span class='ocrx_word' id='word_1_328' title='bbox 899 2950 1199 3019; x_wconf 75' lang='lat' dir='ltr'><strong>gesmtuis,</strong></span> <span class='ocrx_word' id='word_1_329' title='bbox 1245 2949 1355 3002; x_wconf 86' lang='lat' dir='ltr'><strong>ﬁlia</strong></span> <span class='ocrx_word' id='word_1_330' title='bbox 1406 2948 1784 3015; x_wconf 71' lang='lat' dir='ltr'><strong>dilectissime,</strong></span> 
     </span>
    </p>
   </div>
   <div class='ocr_carea' id='block_1_47' title="bbox 190 3039 1787 3111">
    <p class='ocr_par' dir='ltr' id='par_1_47' title="bbox 190 3039 1787 3111">
     <span class='ocr_line' id='line_1_47' title="bbox 190 3039 1787 3111; baseline 0.003 -19"><span class='ocrx_word' id='word_1_331' title='bbox 190 3052 447 3093; x_wconf 87' lang='lat' dir='ltr'><strong>enarrare</strong></span> <span class='ocrx_word' id='word_1_332' title='bbox 476 3039 807 3094; x_wconf 89' lang='lat' dir='ltr'><strong>virtutibus:</strong></span> <span class='ocrx_word' id='word_1_333' title='bbox 838 3040 964 3109; x_wconf 91' lang='lat' dir='ltr'><strong>quid</strong></span> <span class='ocrx_word' id='word_1_334' title='bbox 992 3041 1061 3095; x_wconf 87' lang='lat' dir='ltr'><strong>sit</strong></span> <span class='ocrx_word' id='word_1_335' title='bbox 1092 3040 1236 3111; x_wconf 90' lang='lat' dir='ltr'><strong>quod</strong></span> <span class='ocrx_word' id='word_1_336' title='bbox 1288 3042 1490 3107; x_wconf 70' lang='lat' dir='ltr'><strong>Ioseph</strong></span> <span class='ocrx_word' id='word_1_337' title='bbox 1529 3041 1597 3096; x_wconf 92' lang='lat' dir='ltr'><strong>de</strong></span> <span class='ocrx_word' id='word_1_338' title='bbox 1625 3041 1787 3096; x_wconf 90' lang='lat' dir='ltr'><strong>domo</strong></span> 
     </span>
    </p>
   </div>
   <div class='ocr_carea' id='block_1_48' title="bbox 1890 1830 3491 1904">
    <p class='ocr_par' dir='ltr' id='par_1_48' title="bbox 1890 1830 3491 1904">
     <span class='ocr_line' id='line_1_48' title="bbox 1890 1830 3491 1904; baseline 0.007 -19"><span class='ocrx_word' id='word_1_339' title='bbox 1890 1830 2286 1887; x_wconf 87' lang='lat' dir='ltr'><strong>desideriorum</strong></span> <span class='ocrx_word' id='word_1_340' title='bbox 2310 1833 2572 1889; x_wconf 86' lang='lat' dir='ltr'><strong>deserens</strong></span> <span class='ocrx_word' id='word_1_341' title='bbox 2590 1850 2778 1890; x_wconf 89' lang='lat' dir='ltr'><strong>curam</strong></span> <span class='ocrx_word' id='word_1_342' title='bbox 2804 1837 3155 1904; x_wconf 89' lang='lat' dir='ltr'><strong>mundialem;</strong></span> <span class='ocrx_word' id='word_1_343' title='bbox 3181 1848 3359 1895; x_wconf 87' lang='lat' dir='ltr'><strong>setosa</strong></span> <span class='ocrx_word' id='word_1_344' title='bbox 3389 1842 3491 1895; x_wconf 88' lang='lat' dir='ltr'><strong>du-</strong></span> 
     </span>
    </p>
   </div>
   <div class='ocr_carea' id='block_1_49' title="bbox 1889 1922 3489 1996">
    <p class='ocr_par' dir='ltr' id='par_1_49' title="bbox 1889 1922 3489 1996">
     <span class='ocr_line' id='line_1_49' title="bbox 1889 1922 3489 1996; baseline 0.007 -20"><span class='ocrx_word' id='word_1_345' title='bbox 1889 1936 2009 1976; x_wconf 86' lang='lat' dir='ltr'><strong>rum</strong></span> <span class='ocrx_word' id='word_1_346' title='bbox 2036 1922 2213 1977; x_wconf 89' lang='lat' dir='ltr'><strong>virum</strong></span> <span class='ocrx_word' id='word_1_347' title='bbox 2243 1923 2525 1978; x_wconf 88' lang='lat' dir='ltr'><strong>horridant</strong></span> <span class='ocrx_word' id='word_1_348' title='bbox 2550 1927 2806 1993; x_wconf 87' lang='lat' dir='ltr'><strong>tegmina,</strong></span> <span class='ocrx_word' id='word_1_349' title='bbox 2842 1944 2949 1982; x_wconf 93' lang='lat' dir='ltr'><strong>non</strong></span> <span class='ocrx_word' id='word_1_350' title='bbox 2976 1930 3273 1996; x_wconf 89' lang='lat' dir='ltr'><strong>decorant;</strong></span> <span class='ocrx_word' id='word_1_351' title='bbox 3310 1932 3489 1987; x_wconf 86' lang='lat' dir='ltr'><strong>humi-</strong></span> 
     </span>
    </p>
   </div>
   <div class='ocr_carea' id='block_1_50' title="bbox 1890 2012 3494 2093">
    <p class='ocr_par' dir='ltr' id='par_1_50' title="bbox 1890 2012 3494 2093">
     <span class='ocr_line' id='line_1_50' title="bbox 1890 2012 3494 2093; baseline 0.008 -26"><span class='ocrx_word' id='word_1_352' title='bbox 1890 2012 2004 2068; x_wconf 91' lang='lat' dir='ltr'><strong>fero</strong></span> <span class='ocrx_word' id='word_1_353' title='bbox 2035 2028 2153 2079; x_wconf 90' lang='lat' dir='ltr'><strong>esu,</strong></span> <span class='ocrx_word' id='word_1_354' title='bbox 2184 2015 2379 2070; x_wconf 91' lang='lat' dir='ltr'><strong>melleo</strong></span> <span class='ocrx_word' id='word_1_355' title='bbox 2404 2016 2643 2071; x_wconf 89' lang='lat' dir='ltr'><strong>tenuiter</strong></span> <span class='ocrx_word' id='word_1_356' title='bbox 2664 2018 2862 2087; x_wconf 90' lang='lat' dir='ltr'><strong>sudore</strong></span> <span class='ocrx_word' id='word_1_357' title='bbox 2890 2029 3165 2075; x_wconf 88' lang='lat' dir='ltr'><strong>saturatur</strong></span> <span class='ocrx_word' id='word_1_358' title='bbox 3194 2041 3207 2077; x_wconf 89' lang='lat'><strong>:</strong></span> <span class='ocrx_word' id='word_1_359' title='bbox 3240 2039 3361 2093; x_wconf 58' lang='lat' dir='ltr'><strong>quae</strong></span> <span class='ocrx_word' id='word_1_360' title='bbox 3388 2027 3494 2080; x_wconf 92' lang='lat' dir='ltr'><strong>alia</strong></span> 
     </span>
    </p>
   </div>
   <div class='ocr_carea' id='block_1_51' title="bbox 1891 2104 3493 2183">
    <p class='ocr_par' dir='ltr' id='par_1_51' title="bbox 1891 2104 3493 2183">
     <span class='ocr_line' id='line_1_51' title="bbox 1891 2104 3493 2183; baseline 0.007 -24"><span class='ocrx_word' id='word_1_361' title='bbox 1891 2104 2239 2160; x_wconf 86' lang='lat' dir='ltr'><strong>circumcisio</strong></span> <span class='ocrx_word' id='word_1_362' title='bbox 2269 2108 2613 2175; x_wconf 70' lang='lat' dir='ltr'><strong>prmstantior</strong></span> <span class='ocrx_word' id='word_1_363' title='bbox 2638 2108 2859 2164; x_wconf 89' lang='lat' dir='ltr'><strong>debebit</strong></span> <span class='ocrx_word' id='word_1_364' title='bbox 2881 2112 3114 2181; x_wconf 89' lang='lat' dir='ltr'><strong>inquiri?</strong></span> <span class='ocrx_word' id='word_1_365' title='bbox 3138 2114 3378 2183; x_wconf 87' lang='lat' dir='ltr'><strong>Denique</strong></span> <span class='ocrx_word' id='word_1_366' title='bbox 3405 2118 3493 2171; x_wconf 90' lang='lat' dir='ltr'><strong>hic</strong></span> 
     </span>
    </p>
   </div>
   <div class='ocr_carea' id='block_1_52' title="bbox 1890 2198 3495 2269">
    <p class='ocr_par' dir='ltr' id='par_1_52' title="bbox 1890 2198 3495 2269">
     <span class='ocr_line' id='line_1_52' title="bbox 1890 2198 3495 2269; baseline 0.007 -19"><span class='ocrx_word' id='word_1_367' title='bbox 1890 2211 1996 2251; x_wconf 92' lang='lat' dir='ltr'><strong>non</strong></span> <span class='ocrx_word' id='word_1_368' title='bbox 2019 2212 2219 2267; x_wconf 88' lang='lat' dir='ltr'><strong>agnum</strong></span> <span class='ocrx_word' id='word_1_369' title='bbox 2249 2198 2398 2251; x_wconf 92' lang='lat' dir='ltr'><strong>illum</strong></span> <span class='ocrx_word' id='word_1_370' title='bbox 2427 2215 2586 2269; x_wconf 91' lang='lat' dir='ltr'><strong>quem</strong></span> <span class='ocrx_word' id='word_1_371' title='bbox 2611 2202 2663 2255; x_wconf 93' lang='lat' dir='ltr'><strong>in</strong></span> <span class='ocrx_word' id='word_1_372' title='bbox 2691 2202 2879 2257; x_wconf 86' lang='lat' dir='ltr'><strong>umbra</strong></span> <span class='ocrx_word' id='word_1_373' title='bbox 2901 2205 3149 2259; x_wconf 88' lang='lat' dir='ltr'><strong>veritatis</strong></span> <span class='ocrx_word' id='word_1_374' title='bbox 3176 2207 3319 2260; x_wconf 89' lang='lat' dir='ltr'><strong>soliti</strong></span> <span class='ocrx_word' id='word_1_375' title='bbox 3342 2218 3495 2262; x_wconf 91' lang='lat' dir='ltr'><strong>erant</strong></span> 
     </span>
    </p>
   </div>
   <div class='ocr_carea' id='block_1_53' title="bbox 1888 2287 3493 2368">
    <p class='ocr_par' dir='ltr' id='par_1_53' title="bbox 1888 2287 3493 2368">
     <span class='ocr_line' id='line_1_53' title="bbox 1888 2287 3493 2368; baseline 0.007 -24"><span class='ocrx_word' id='word_1_376' title='bbox 1888 2287 2061 2347; x_wconf 62' lang='lat' dir='ltr'><strong>Iudici</strong></span> <span class='ocrx_word' id='word_1_377' title='bbox 2094 2289 2291 2345; x_wconf 89' lang='lat' dir='ltr'><strong>habere</strong></span> <span class='ocrx_word' id='word_1_378' title='bbox 2316 2306 2412 2359; x_wconf 93' lang='lat' dir='ltr'><strong>pro</strong></span> <span class='ocrx_word' id='word_1_379' title='bbox 2438 2292 2659 2361; x_wconf 84' lang='lat' dir='ltr'><strong>pascha,</strong></span> <span class='ocrx_word' id='word_1_380' title='bbox 2714 2309 2809 2363; x_wconf 92' lang='lat' dir='ltr'><strong>per</strong></span> <span class='ocrx_word' id='word_1_381' title='bbox 2836 2311 2996 2365; x_wconf 89' lang='lat' dir='ltr'><strong>quem</strong></span> <span class='ocrx_word' id='word_1_382' title='bbox 3031 2298 3218 2352; x_wconf 91' lang='lat' dir='ltr'><strong>mundi</strong></span> <span class='ocrx_word' id='word_1_383' title='bbox 3272 2309 3493 2368; x_wconf 89' lang='lat' dir='ltr'><strong>peccata</strong></span> 
     </span>
    </p>
   </div>
   <div class='ocr_carea' id='block_1_54' title="bbox 1888 2383 3492 2463">
    <p class='ocr_par' dir='ltr' id='par_1_54' title="bbox 1888 2383 3492 2463">
     <span class='ocr_line' id='line_1_54' title="bbox 1888 2383 3492 2463; baseline 0.008 -28"><span class='ocrx_word' id='word_1_384' title='bbox 1888 2396 1998 2436; x_wconf 92' lang='lat' dir='ltr'><strong>non</strong></span> <span class='ocrx_word' id='word_1_385' title='bbox 2024 2390 2272 2449; x_wconf 86' lang='lat' dir='ltr'><strong>poterant</strong></span> <span class='ocrx_word' id='word_1_386' title='bbox 2298 2383 2507 2439; x_wconf 88' lang='lat' dir='ltr'><strong>aboleri</strong></span> <span class='ocrx_word' id='word_1_387' title='bbox 2534 2403 2546 2437; x_wconf 90' lang='lat'><strong>:</strong></span> <span class='ocrx_word' id='word_1_388' title='bbox 2572 2385 2666 2440; x_wconf 90' lang='lat' dir='ltr'><strong>sed</strong></span> <span class='ocrx_word' id='word_1_389' title='bbox 2694 2386 2847 2441; x_wconf 89' lang='lat' dir='ltr'><strong>illum</strong></span> <span class='ocrx_word' id='word_1_390' title='bbox 2873 2402 3061 2444; x_wconf 87' lang='lat' dir='ltr'><strong>verum</strong></span> <span class='ocrx_word' id='word_1_391' title='bbox 3083 2404 3307 2460; x_wconf 88' lang='lat' dir='ltr'><strong>agnum,</strong></span> <span class='ocrx_word' id='word_1_392' title='bbox 3333 2393 3492 2463; x_wconf 90' lang='lat' dir='ltr'><strong>cujus</strong></span> 
     </span>
    </p>
   </div>
   <div class='ocr_carea' id='block_1_55' title="bbox 1889 2473 3493 2547">
    <p class='ocr_par' dir='ltr' id='par_1_55' title="bbox 1889 2473 3493 2547">
     <span class='ocr_line' id='line_1_55' title="bbox 1889 2473 3493 2547; baseline 0.008 -19"><span class='ocrx_word' id='word_1_393' title='bbox 1889 2473 2069 2528; x_wconf 90' lang='lat' dir='ltr'><strong>omnis</strong></span> <span class='ocrx_word' id='word_1_394' title='bbox 2098 2482 2244 2529; x_wconf 89' lang='lat' dir='ltr'><strong>esset</strong></span> <span class='ocrx_word' id='word_1_395' title='bbox 2270 2476 2572 2531; x_wconf 88' lang='lat' dir='ltr'><strong>mortalitas</strong></span> <span class='ocrx_word' id='word_1_396' title='bbox 2602 2491 2796 2535; x_wconf 92' lang='lat' dir='ltr'><strong>cruore</strong></span> <span class='ocrx_word' id='word_1_397' title='bbox 2823 2480 3078 2537; x_wconf 85' lang='lat' dir='ltr'><strong>salvanda</strong></span> <span class='ocrx_word' id='word_1_398' title='bbox 3106 2500 3120 2547; x_wconf 93' lang='lat'><strong>;</strong></span> <span class='ocrx_word' id='word_1_399' title='bbox 3157 2484 3365 2541; x_wconf 91' lang='lat' dir='ltr'><strong>relictis</strong></span> <span class='ocrx_word' id='word_1_400' title='bbox 3395 2500 3493 2541; x_wconf 90' lang='lat' dir='ltr'><strong>no-</strong></span> 
     </span>
    </p>
   </div>
   <div class='ocr_carea' id='block_1_56' title="bbox 1888 2566 3493 2644">
    <p class='ocr_par' dir='ltr' id='par_1_56' title="bbox 1888 2566 3493 2644">
     <span class='ocr_line' id='line_1_56' title="bbox 1888 2566 3493 2644; baseline 0.006 -23"><span class='ocrx_word' id='word_1_401' title='bbox 1888 2566 2105 2635; x_wconf 90' lang='lat' dir='ltr'><strong>naginta</strong></span> <span class='ocrx_word' id='word_1_402' title='bbox 2127 2576 2181 2621; x_wconf 92' lang='lat' dir='ltr'><strong>et</strong></span> <span class='ocrx_word' id='word_1_403' title='bbox 2222 2581 2416 2622; x_wconf 90' lang='lat' dir='ltr'><strong>novem</strong></span> <span class='ocrx_word' id='word_1_404' title='bbox 2445 2568 2658 2634; x_wconf 89' lang='lat' dir='ltr'><strong>ovibus,</strong></span> <span class='ocrx_word' id='word_1_405' title='bbox 2692 2586 2851 2625; x_wconf 91' lang='lat' dir='ltr'><strong>unam</strong></span> <span class='ocrx_word' id='word_1_406' title='bbox 2884 2575 3086 2641; x_wconf 88' lang='lat' dir='ltr'><strong>gestari</strong></span> <span class='ocrx_word' id='word_1_407' title='bbox 3115 2576 3346 2644; x_wconf 85' lang='lat' dir='ltr'><strong>pastoris</strong></span> <span class='ocrx_word' id='word_1_408' title='bbox 3376 2577 3493 2633; x_wconf 88' lang='lat' dir='ltr'><strong>veri</strong></span> 
     </span>
    </p>
   </div>
   <div class='ocr_carea' id='block_1_57' title="bbox 1888 2657 3489 2739">
    <p class='ocr_par' dir='ltr' id='par_1_57' title="bbox 1888 2657 3489 2739">
     <span class='ocr_line' id='line_1_57' title="bbox 1888 2657 3489 2739; baseline 0.007 -28"><span class='ocrx_word' id='word_1_409' title='bbox 1888 2657 2130 2712; x_wconf 91' lang='lat' dir='ltr'><strong>humeris</strong></span> <span class='ocrx_word' id='word_1_410' title='bbox 2172 2658 2378 2727; x_wconf 90' lang='lat' dir='ltr'><strong>primus</strong></span> <span class='ocrx_word' id='word_1_411' title='bbox 2419 2661 2670 2729; x_wconf 90' lang='lat' dir='ltr'><strong>agnovit,</strong></span> <span class='ocrx_word' id='word_1_412' title='bbox 2700 2661 2934 2719; x_wconf 89' lang='lat' dir='ltr'><strong>dicendo</strong></span> <span class='ocrx_word' id='word_1_413' title='bbox 2964 2682 2975 2717; x_wconf 90' lang='lat'><strong>:</strong></span> <span class='ocrx_word' id='word_1_414' title='bbox 3010 2663 3145 2720; x_wconf 86' lang='lat' dir='ltr'><strong>Ecce</strong></span> <span class='ocrx_word' id='word_1_415' title='bbox 3173 2684 3337 2739; x_wconf 76' lang='lat' dir='ltr'><strong>agnus</strong></span> <span class='ocrx_word' id='word_1_416' title='bbox 3367 2668 3489 2735; x_wconf 86' lang='lat' dir='ltr'><strong>Dei,</strong></span> 
     </span>
    </p>
   </div>
   <div class='ocr_carea' id='block_1_58' title="bbox 1888 2751 3491 2828">
    <p class='ocr_par' dir='ltr' id='par_1_58' title="bbox 1888 2751 3491 2828">
     <span class='ocr_line' id='line_1_58' title="bbox 1888 2751 3491 2828; baseline 0.007 -24"><span class='ocrx_word' id='word_1_417' title='bbox 1888 2766 2005 2805; x_wconf 84' lang='lat' dir='ltr'><strong>ecce</strong></span> <span class='ocrx_word' id='word_1_418' title='bbox 2033 2752 2123 2821; x_wconf 87' lang='lat' dir='ltr'><strong>qui</strong></span> <span class='ocrx_word' id='word_1_419' title='bbox 2149 2751 2282 2804; x_wconf 78' lang='lat' dir='ltr'><strong>tollit</strong></span> <span class='ocrx_word' id='word_1_420' title='bbox 2302 2754 2700 2821; x_wconf 80' lang='lat' dir='ltr'><strong>peccatamundi</strong></span> <span class='ocrx_word' id='word_1_421' title='bbox 2728 2752 2907 2826; x_wconf 84' lang='lat' dir='ltr'><strong>(Joan.</strong></span> <span class='ocrx_word' id='word_1_422' title='bbox 2941 2771 2979 2822; x_wconf 85' lang='grc' dir='ltr'><strong>ι,</strong></span> <span class='ocrx_word' id='word_1_423' title='bbox 3012 2757 3128 2828; x_wconf 74' lang='grc'><strong>29).</strong></span> <span class='ocrx_word' id='word_1_424' title='bbox 3158 2759 3294 2813; x_wconf 90' lang='lat' dir='ltr'><strong>Illud</strong></span> <span class='ocrx_word' id='word_1_425' title='bbox 3325 2761 3491 2815; x_wconf 88' lang='lat' dir='ltr'><strong>etiam</strong></span> 
     </span>
    </p>
   </div>
   <div class='ocr_carea' id='block_1_59' title="bbox 1891 2841 3492 2919">
    <p class='ocr_par' dir='ltr' id='par_1_59' title="bbox 1891 2841 3492 2919">
     <span class='ocr_line' id='line_1_59' title="bbox 1891 2841 3492 2919; baseline 0.008 -25"><span class='ocrx_word' id='word_1_426' title='bbox 1891 2841 1947 2894; x_wconf 88' lang='lat' dir='ltr'><strong>in</strong></span> <span class='ocrx_word' id='word_1_427' title='bbox 1974 2856 2041 2897; x_wconf 90' lang='lat' dir='ltr'><strong>eo</strong></span> <span class='ocrx_word' id='word_1_428' title='bbox 2075 2841 2381 2895; x_wconf 90' lang='lat' dir='ltr'><strong>mirandum</strong></span> <span class='ocrx_word' id='word_1_429' title='bbox 2416 2851 2518 2909; x_wconf 91' lang='lat' dir='ltr'><strong>est,</strong></span> <span class='ocrx_word' id='word_1_430' title='bbox 2550 2845 2690 2913; x_wconf 90' lang='lat' dir='ltr'><strong>quod</strong></span> <span class='ocrx_word' id='word_1_431' title='bbox 2718 2862 2957 2902; x_wconf 88' lang='lat' dir='ltr'><strong>eremum</strong></span> <span class='ocrx_word' id='word_1_432' title='bbox 2982 2848 3226 2919; x_wconf 83' lang='lat' dir='ltr'><strong>elegerit,</strong></span> <span class='ocrx_word' id='word_1_433' title='bbox 3272 2850 3492 2907; x_wconf 86' lang='lat' dir='ltr'><strong>Domini</strong></span> 
     </span>
    </p>
   </div>
   <div class='ocr_carea' id='block_1_60' title="bbox 1891 2937 3493 3016">
    <p class='ocr_par' dir='ltr' id='par_1_60' title="bbox 1891 2937 3493 3016">
     <span class='ocr_line' id='line_1_60' title="bbox 1891 2937 3493 3016; baseline 0.006 -23"><span class='ocrx_word' id='word_1_434' title='bbox 1891 2937 2279 3007; x_wconf 61' lang='lat' dir='ltr'><strong>praedicaturus</strong></span> <span class='ocrx_word' id='word_1_435' title='bbox 2290 2938 2601 3007; x_wconf 86' lang='lat' dir='ltr'><strong>adventum;</strong></span> <span class='ocrx_word' id='word_1_436' title='bbox 2620 2957 2724 2996; x_wconf 93' lang='lat' dir='ltr'><strong>non</strong></span> <span class='ocrx_word' id='word_1_437' title='bbox 2743 2943 2797 2998; x_wconf 90' lang='lat' dir='ltr'><strong>in</strong></span> <span class='ocrx_word' id='word_1_438' title='bbox 2814 2944 3047 3014; x_wconf 86' lang='lat' dir='ltr'><strong>templis,</strong></span> <span class='ocrx_word' id='word_1_439' title='bbox 3066 2958 3170 2999; x_wconf 92' lang='lat' dir='ltr'><strong>non</strong></span> <span class='ocrx_word' id='word_1_440' title='bbox 3187 2946 3493 3016; x_wconf 87' lang='lat' dir='ltr'><strong>loquiturin</strong></span> 
     </span>
    </p>
   </div>
   <div class='ocr_carea' id='block_1_61' title="bbox 1892 3032 3491 3107">
    <p class='ocr_par' dir='ltr' id='par_1_61' title="bbox 1892 3032 3491 3107">
     <span class='ocr_line' id='line_1_61' title="bbox 1892 3032 3491 3107; baseline 0.007 -21"><span class='ocrx_word' id='word_1_441' title='bbox 1892 3032 2107 3102; x_wconf 89' lang='lat' dir='ltr'><strong>plateis,</strong></span> <span class='ocrx_word' id='word_1_442' title='bbox 2137 3032 2537 3089; x_wconf 89' lang='lat' dir='ltr'><strong>multitudinem</strong></span> <span class='ocrx_word' id='word_1_443' title='bbox 2558 3036 2897 3092; x_wconf 87' lang='lat' dir='ltr'><strong>multitudini</strong></span> <span class='ocrx_word' id='word_1_444' title='bbox 2921 3038 3243 3107; x_wconf 88' lang='lat' dir='ltr'><strong>profuturus</strong></span> <span class='ocrx_word' id='word_1_445' title='bbox 3268 3041 3491 3096; x_wconf 88' lang='lat' dir='ltr'><strong>horres-</strong></span> 
     </span>
    </p>
   </div>
   <div class='ocr_carea' id='block_1_62' title="bbox 188 3124 3488 3207">
    <p class='ocr_par' dir='ltr' id='par_1_62' title="bbox 188 3124 3488 3207">
     <span class='ocr_line' id='line_1_62' title="bbox 188 3124 3488 3207; baseline -0.005 -6"><span class='ocrx_word' id='word_1_446' title='bbox 188 3128 427 3201; x_wconf 65' lang='grc' dir='ltr'><strong>Ᾰῖὲῐβιῖί</strong></span> <span class='ocrx_word' id='word_1_447' title='bbox 462 3132 627 3202; x_wconf 67' lang='lat' dir='ltr'><strong>regis,</strong></span> <span class='ocrx_word' id='word_1_448' title='bbox 659 3142 809 3188; x_wconf 68' lang='lat' dir='ltr'><strong>V6518</strong></span> <span class='ocrx_word' id='word_1_449' title='bbox 831 3133 1095 3202; x_wconf 71' lang='lat' dir='ltr'><strong>pI‘OjCCIa,</strong></span> <span class='ocrx_word' id='word_1_450' title='bbox 1130 3132 1307 3188; x_wconf 85' lang='lat' dir='ltr'><strong>nudus</strong></span> <span class='ocrx_word' id='word_1_451' title='bbox 1338 3132 1787 3207; x_wconf 76' lang='lat' dir='ltr'><strong>aufugeritzquid</strong></span> <span class='ocrx_word' id='word_1_452' title='bbox 1816 3124 1861 3187; x_wconf 93' lang='lat' dir='ltr'>C</span> <span class='ocrx_word' id='word_1_453' title='bbox 1893 3125 1967 3179; x_wconf 91' lang='lat' dir='ltr'><strong>cit</strong></span> <span class='ocrx_word' id='word_1_454' title='bbox 1998 3142 2007 3177; x_wconf 92' lang='lat'><strong>:</strong></span> <span class='ocrx_word' id='word_1_455' title='bbox 2041 3133 2094 3179; x_wconf 92' lang='lat' dir='ltr'><strong>et</strong></span> <span class='ocrx_word' id='word_1_456' title='bbox 2121 3139 2217 3178; x_wconf 88' lang='lat' dir='ltr'><strong>cur</strong></span> <span class='ocrx_word' id='word_1_457' title='bbox 2245 3138 2349 3179; x_wconf 83' lang='lat' dir='ltr'><strong>vox</strong></span> <span class='ocrx_word' id='word_1_458' title='bbox 2375 3135 2458 3181; x_wconf 89' lang='lat' dir='ltr'><strong>est</strong></span> <span class='ocrx_word' id='word_1_459' title='bbox 2478 3126 2786 3194; x_wconf 91' lang='lat' dir='ltr'><strong>clamantis,</strong></span> <span class='ocrx_word' id='word_1_460' title='bbox 2816 3129 2861 3184; x_wconf 90' lang='lat' dir='ltr'><strong>si</strong></span> <span class='ocrx_word' id='word_1_461' title='bbox 2888 3128 3195 3185; x_wconf 87' lang='lat' dir='ltr'><strong>declinatur</strong></span> <span class='ocrx_word' id='word_1_462' title='bbox 3222 3130 3439 3185; x_wconf 87' lang='lat' dir='ltr'><strong>auditor</strong></span> <span class='ocrx_word' id='word_1_463' title='bbox 3465 3132 3488 3183; x_wconf 86' lang='lat'><strong>?</strong></span> 
     </span>
    </p>
   </div>
   <div class='ocr_carea' id='block_1_63' title="bbox 186 3225 1785 3296">
    <p class='ocr_par' dir='ltr' id='par_1_63' title="bbox 186 3225 1785 3296">
     <span class='ocr_line' id='line_1_63' title="bbox 186 3225 1785 3296; baseline 0.003 -19"><span class='ocrx_word' id='word_1_464' title='bbox 186 3225 255 3279; x_wconf 89' lang='lat' dir='ltr'><strong>sit</strong></span> <span class='ocrx_word' id='word_1_465' title='bbox 284 3226 429 3295; x_wconf 89' lang='lat' dir='ltr'><strong>quod</strong></span> <span class='ocrx_word' id='word_1_466' title='bbox 459 3225 548 3280; x_wconf 89' lang='lat' dir='ltr'><strong>hic</strong></span> <span class='ocrx_word' id='word_1_467' title='bbox 573 3226 801 3296; x_wconf 90' lang='lat' dir='ltr'><strong>populus</strong></span> <span class='ocrx_word' id='word_1_468' title='bbox 840 3242 989 3282; x_wconf 91' lang='lat' dir='ltr'><strong>mare</strong></span> <span class='ocrx_word' id='word_1_469' title='bbox 1040 3227 1343 3294; x_wconf 90' lang='lat' dir='ltr'><strong>transierit,</strong></span> <span class='ocrx_word' id='word_1_470' title='bbox 1387 3239 1443 3283; x_wconf 91' lang='lat' dir='ltr'><strong>et</strong></span> <span class='ocrx_word' id='word_1_471' title='bbox 1486 3226 1785 3282; x_wconf 88' lang='lat' dir='ltr'><strong>Pharaonis</strong></span> 
     </span>
    </p>
   </div>
   <div class='ocr_carea' id='block_1_64' title="bbox 186 3317 1787 3389">
    <p class='ocr_par' dir='ltr' id='par_1_64' title="bbox 186 3317 1787 3389">
     <span class='ocr_line' id='line_1_64' title="bbox 186 3317 1787 3389; baseline 0.002 -18"><span class='ocrx_word' id='word_1_472' title='bbox 186 3332 297 3371; x_wconf 89' lang='lat' dir='ltr'><strong>non</strong></span> <span class='ocrx_word' id='word_1_473' title='bbox 323 3317 537 3373; x_wconf 87' lang='lat' dir='ltr'><strong>transiit</strong></span> <span class='ocrx_word' id='word_1_474' title='bbox 557 3320 852 3385; x_wconf 85' lang='lat' dir='ltr'><strong>exercitus,</strong></span> <span class='ocrx_word' id='word_1_475' title='bbox 876 3328 932 3375; x_wconf 93' lang='lat' dir='ltr'><strong>et</strong></span> <span class='ocrx_word' id='word_1_476' title='bbox 952 3320 1167 3389; x_wconf 88' lang='lat' dir='ltr'><strong>species</strong></span> <span class='ocrx_word' id='word_1_477' title='bbox 1198 3321 1427 3376; x_wconf 89' lang='lat' dir='ltr'><strong>labentis</strong></span> <span class='ocrx_word' id='word_1_478' title='bbox 1457 3330 1662 3376; x_wconf 75' lang='lat' dir='ltr'><strong>natura:</strong></span> <span class='ocrx_word' id='word_1_479' title='bbox 1684 3320 1787 3375; x_wconf 92' lang='lat' dir='ltr'><strong>sub</strong></span> 
     </span>
    </p>
   </div>
   <div class='ocr_carea' id='block_1_65' title="bbox 182 3407 1787 3483">
    <p class='ocr_par' dir='ltr' id='par_1_65' title="bbox 182 3407 1787 3483">
     <span class='ocr_line' id='line_1_65' title="bbox 182 3407 1787 3483; baseline 0.003 -20"><span class='ocrx_word' id='word_1_480' title='bbox 182 3407 471 3465; x_wconf 82' lang='lat' dir='ltr'><strong>hominum</strong></span> <span class='ocrx_word' id='word_1_481' title='bbox 501 3412 638 3480; x_wconf 89' lang='lat' dir='ltr'><strong>pede</strong></span> <span class='ocrx_word' id='word_1_482' title='bbox 665 3420 927 3467; x_wconf 90' lang='lat' dir='ltr'><strong>mutatur.</strong></span> <span class='ocrx_word' id='word_1_483' title='bbox 961 3413 1099 3480; x_wconf 85' lang='lat' dir='ltr'><strong>Quid</strong></span> <span class='ocrx_word' id='word_1_484' title='bbox 1132 3422 1235 3478; x_wconf 91' lang='lat' dir='ltr'><strong>est,</strong></span> <span class='ocrx_word' id='word_1_485' title='bbox 1263 3412 1405 3483; x_wconf 90' lang='lat' dir='ltr'><strong>quod</strong></span> <span class='ocrx_word' id='word_1_486' title='bbox 1430 3413 1608 3482; x_wconf 90' lang='lat' dir='ltr'><strong>ipsum</strong></span> <span class='ocrx_word' id='word_1_487' title='bbox 1638 3418 1787 3468; x_wconf 86' lang='lat' dir='ltr'><strong>mare</strong></span> 
     </span>
    </p>
   </div>
   <div class='ocr_carea' id='block_1_66' title="bbox 184 3502 1787 3574">
    <p class='ocr_par' dir='ltr' id='par_1_66' title="bbox 184 3502 1787 3574">
     <span class='ocr_line' id='line_1_66' title="bbox 184 3502 1787 3574; baseline 0.002 -19"><span class='ocrx_word' id='word_1_488' title='bbox 184 3502 543 3558; x_wconf 89' lang='lat' dir='ltr'><strong>evadentibus</strong></span> <span class='ocrx_word' id='word_1_489' title='bbox 567 3502 860 3574; x_wconf 64' lang='lat' dir='ltr'><strong>Egyptum</strong></span> <span class='ocrx_word' id='word_1_490' title='bbox 886 3502 1053 3559; x_wconf 72' lang='lat' dir='ltr'><strong>Iacob</strong></span> <span class='ocrx_word' id='word_1_491' title='bbox 1072 3504 1196 3558; x_wconf 86' lang='lat' dir='ltr'><strong>filiis</strong></span> <span class='ocrx_word' id='word_1_492' title='bbox 1224 3505 1505 3559; x_wconf 88' lang='lat' dir='ltr'><strong>occurrat?</strong></span> <span class='ocrx_word' id='word_1_493' title='bbox 1534 3505 1648 3559; x_wconf 92' lang='lat' dir='ltr'><strong>Tibi</strong></span> <span class='ocrx_word' id='word_1_494' title='bbox 1671 3505 1787 3559; x_wconf 71' lang='lat' dir='ltr'><strong>lucc</strong></span> 
     </span>
    </p>
   </div>
   <div class='ocr_carea' id='block_1_67' title="bbox 184 3596 1786 3667">
    <p class='ocr_par' dir='ltr' id='par_1_67' title="bbox 184 3596 1786 3667">
     <span class='ocr_line' id='line_1_67' title="bbox 184 3596 1786 3667; baseline 0.002 -18"><span class='ocrx_word' id='word_1_495' title='bbox 184 3605 378 3651; x_wconf 86' lang='lat' dir='ltr'><strong>cuncta</strong></span> <span class='ocrx_word' id='word_1_496' title='bbox 428 3596 811 3663; x_wconf 76' lang='lat' dir='ltr'><strong>examinanda,</strong></span> <span class='ocrx_word' id='word_1_497' title='bbox 843 3608 896 3652; x_wconf 90' lang='lat' dir='ltr'><strong>et</strong></span> <span class='ocrx_word' id='word_1_498' title='bbox 944 3597 1097 3667; x_wconf 83' lang='lat' dir='ltr'><strong>juxta</strong></span> <span class='ocrx_word' id='word_1_499' title='bbox 1131 3607 1275 3655; x_wconf 85' lang='lat' dir='ltr'><strong>tuam</strong></span> <span class='ocrx_word' id='word_1_500' title='bbox 1308 3599 1494 3663; x_wconf 91' lang='lat' dir='ltr'><strong>vitam,</strong></span> <span class='ocrx_word' id='word_1_501' title='bbox 1527 3608 1581 3654; x_wconf 90' lang='lat' dir='ltr'><strong>et</strong></span> <span class='ocrx_word' id='word_1_502' title='bbox 1629 3600 1786 3667; x_wconf 81' lang='lat' dir='ltr'><strong>juxta</strong></span> 
     </span>
    </p>
   </div>
   <div class='ocr_carea' id='block_1_68' title="bbox 182 3684 1789 3762">
    <p class='ocr_par' dir='ltr' id='par_1_68' title="bbox 182 3684 1789 3762">
     <span class='ocr_line' id='line_1_68' title="bbox 182 3684 1789 3762; baseline 0.002 -20"><span class='ocrx_word' id='word_1_503' title='bbox 182 3684 451 3745; x_wconf 73' lang='lat' dir='ltr'><strong>Ecclesia:</strong></span> <span class='ocrx_word' id='word_1_504' title='bbox 473 3690 733 3759; x_wconf 90' lang='lat' dir='ltr'><strong>mysteria</strong></span> <span class='ocrx_word' id='word_1_505' title='bbox 762 3689 1084 3762; x_wconf 90' lang='lat' dir='ltr'><strong>derelinquo</strong></span> <span class='ocrx_word' id='word_1_506' title='bbox 1114 3708 1127 3745; x_wconf 88' lang='lat'><strong>:</strong></span> <span class='ocrx_word' id='word_1_507' title='bbox 1162 3700 1221 3745; x_wconf 93' lang='lat' dir='ltr'><strong>ut</strong></span> <span class='ocrx_word' id='word_1_508' title='bbox 1241 3692 1293 3745; x_wconf 92' lang='lat' dir='ltr'><strong>in</strong></span> <span class='ocrx_word' id='word_1_509' title='bbox 1317 3690 1401 3746; x_wconf 91' lang='lat' dir='ltr'><strong>his</strong></span> <span class='ocrx_word' id='word_1_510' title='bbox 1432 3690 1664 3746; x_wconf 85' lang='lat' dir='ltr'><strong>veritate</strong></span> <span class='ocrx_word' id='word_1_511' title='bbox 1684 3692 1789 3746; x_wconf 86' lang='lat' dir='ltr'><strong>cir—</strong></span> 
     </span>
    </p>
   </div>
   <div class='ocr_carea' id='block_1_69' title="bbox 178 3783 1783 3854">
    <p class='ocr_par' dir='ltr' id='par_1_69' title="bbox 178 3783 1783 3854">
     <span class='ocr_line' id='line_1_69' title="bbox 178 3783 1783 3854; baseline 0.002 -19"><span class='ocrx_word' id='word_1_512' title='bbox 178 3783 545 3839; x_wconf 86' lang='lat' dir='ltr'><strong>cumcisiouis</strong></span> <span class='ocrx_word' id='word_1_513' title='bbox 580 3798 809 3852; x_wconf 89' lang='lat' dir='ltr'><strong>arcana,</strong></span> <span class='ocrx_word' id='word_1_514' title='bbox 846 3799 1006 3854; x_wconf 90' lang='lat' dir='ltr'><strong>quam</strong></span> <span class='ocrx_word' id='word_1_515' title='bbox 1048 3784 1101 3839; x_wconf 90' lang='lat' dir='ltr'><strong>in</strong></span> <span class='ocrx_word' id='word_1_516' title='bbox 1129 3783 1402 3839; x_wconf 85' lang='lat' dir='ltr'><strong>Abraham</strong></span> <span class='ocrx_word' id='word_1_517' title='bbox 1440 3783 1659 3853; x_wconf 83' lang='lat' dir='ltr'><strong>a3picis,</strong></span> <span class='ocrx_word' id='word_1_518' title='bbox 1688 3798 1783 3838; x_wconf 91' lang='lat' dir='ltr'><strong>va-</strong></span> 
     </span>
    </p>
   </div>
   <div class='ocr_carea' id='block_1_70' title="bbox 178 3877 1787 3949">
    <p class='ocr_par' dir='ltr' id='par_1_70' title="bbox 178 3877 1787 3949">
     <span class='ocr_line' id='line_1_70' title="bbox 178 3877 1787 3949; baseline 0 -18"><span class='ocrx_word' id='word_1_519' title='bbox 178 3887 401 3933; x_wconf 90' lang='lat' dir='ltr'><strong>cuatam</strong></span> <span class='ocrx_word' id='word_1_520' title='bbox 437 3879 665 3933; x_wconf 88' lang='lat' dir='ltr'><strong>formam</strong></span> <span class='ocrx_word' id='word_1_521' title='bbox 692 3880 830 3949; x_wconf 88' lang='lat' dir='ltr'><strong>signi</strong></span> <span class='ocrx_word' id='word_1_522' title='bbox 853 3878 1060 3934; x_wconf 85' lang='lat' dir='ltr'><strong>Judaici</strong></span> <span class='ocrx_word' id='word_1_523' title='bbox 1084 3894 1191 3933; x_wconf 86' lang='lat' dir='ltr'><strong>non</strong></span> <span class='ocrx_word' id='word_1_524' title='bbox 1216 3878 1449 3933; x_wconf 90' lang='lat' dir='ltr'><strong>mireris.</strong></span> <span class='ocrx_word' id='word_1_525' title='bbox 1471 3877 1634 3947; x_wconf 89' lang='lat' dir='ltr'><strong>Igitur</strong></span> <span class='ocrx_word' id='word_1_526' title='bbox 1653 3892 1787 3947; x_wconf 87' lang='lat' dir='ltr'><strong>quo-</strong></span> 
     </span>
    </p>
   </div>
   <div class='ocr_carea' id='block_1_71' title="bbox 178 3972 1783 4041">
    <p class='ocr_par' dir='ltr' id='par_1_71' title="bbox 178 3972 1783 4041">
     <span class='ocr_line' id='line_1_71' title="bbox 178 3972 1783 4041; baseline 0.001 -16"><span class='ocrx_word' id='word_1_527' title='bbox 178 3972 323 4027; x_wconf 91' lang='lat' dir='ltr'><strong>niam</strong></span> <span class='ocrx_word' id='word_1_528' title='bbox 367 3975 610 4029; x_wconf 88' lang='lat' dir='ltr'><strong>strictim</strong></span> <span class='ocrx_word' id='word_1_529' title='bbox 640 3974 890 4030; x_wconf 84' lang='lat' dir='ltr'><strong>universa</strong></span> <span class='ocrx_word' id='word_1_530' title='bbox 919 3974 1147 4030; x_wconf 88' lang='lat' dir='ltr'><strong>dicenda</strong></span> <span class='ocrx_word' id='word_1_531' title='bbox 1176 3985 1323 4038; x_wconf 87' lang='lat' dir='ltr'><strong>sunt,</strong></span> <span class='ocrx_word' id='word_1_532' title='bbox 1359 3988 1426 4028; x_wconf 86' lang='lat' dir='ltr'><strong>ne</strong></span> <span class='ocrx_word' id='word_1_533' title='bbox 1479 3973 1530 4027; x_wconf 92' lang='lat' dir='ltr'><strong>in</strong></span> <span class='ocrx_word' id='word_1_534' title='bbox 1565 3974 1783 4041; x_wconf 87' lang='lat' dir='ltr'><strong>longum</strong></span> 
     </span>
    </p>
   </div>
   <div class='ocr_carea' id='block_1_72' title="bbox 173 4061 1788 4135">
    <p class='ocr_par' dir='ltr' id='par_1_72' title="bbox 173 4061 1788 4135">
     <span class='ocr_line' id='line_1_72' title="bbox 173 4061 1788 4135; baseline -0.001 -18"><span class='ocrx_word' id='word_1_535' title='bbox 173 4078 360 4120; x_wconf 86' lang='lat' dir='ltr'><strong>sermo</strong></span> <span class='ocrx_word' id='word_1_536' title='bbox 388 4069 673 4134; x_wconf 80' lang='lat' dir='ltr'><strong>procedat,</strong></span> <span class='ocrx_word' id='word_1_537' title='bbox 699 4080 855 4135; x_wconf 85' lang='lat' dir='ltr'><strong>seges</strong></span> <span class='ocrx_word' id='word_1_538' title='bbox 879 4064 1011 4120; x_wconf 92' lang='lat' dir='ltr'><strong>mihi</strong></span> <span class='ocrx_word' id='word_1_539' title='bbox 1033 4064 1209 4119; x_wconf 86' lang='lat' dir='ltr'><strong>omnis</strong></span> <span class='ocrx_word' id='word_1_540' title='bbox 1232 4062 1493 4117; x_wconf 79' lang='lat' dir='ltr'><strong>Israelita:</strong></span> <span class='ocrx_word' id='word_1_541' title='bbox 1512 4061 1685 4129; x_wconf 86' lang='lat' dir='ltr'><strong>gentis</strong></span> <span class='ocrx_word' id='word_1_542' title='bbox 1703 4070 1788 4116; x_wconf 88' lang='lat' dir='ltr'><strong>est</strong></span> 
     </span>
    </p>
   </div>
   <div class='ocr_carea' id='block_1_73' title="bbox 170 4154 1785 4229">
    <p class='ocr_par' dir='ltr' id='par_1_73' title="bbox 170 4154 1785 4229">
     <span class='ocr_line' id='line_1_73' title="bbox 170 4154 1785 4229; baseline 0 -19"><span class='ocrx_word' id='word_1_543' title='bbox 170 4158 514 4224; x_wconf 80' lang='lat' dir='ltr'><strong>invadenda,</strong></span> <span class='ocrx_word' id='word_1_544' title='bbox 542 4168 597 4214; x_wconf 91' lang='lat' dir='ltr'><strong>et</strong></span> <span class='ocrx_word' id='word_1_545' title='bbox 628 4159 681 4214; x_wconf 94' lang='lat' dir='ltr'><strong>in</strong></span> <span class='ocrx_word' id='word_1_546' title='bbox 695 4174 757 4215; x_wconf 87' lang='lat' dir='ltr'><strong>ea</strong></span> <span class='ocrx_word' id='word_1_547' title='bbox 786 4161 957 4229; x_wconf 89' lang='lat' dir='ltr'><strong>ipsius</strong></span> <span class='ocrx_word' id='word_1_548' title='bbox 979 4156 1411 4214; x_wconf 91' lang='lat' dir='ltr'><strong>circumcisionis</strong></span> <span class='ocrx_word' id='word_1_549' title='bbox 1438 4154 1785 4211; x_wconf 91' lang='lat' dir='ltr'><strong>ventilandus</strong></span> 
     </span>
    </p>
   </div>
   <div class='ocr_carea' id='block_1_74' title="bbox 166 4247 1781 4322">
    <p class='ocr_par' dir='ltr' id='par_1_74' title="bbox 166 4247 1781 4322">
     <span class='ocr_line' id='line_1_74' title="bbox 166 4247 1781 4322; baseline -0.001 -19"><span class='ocrx_word' id='word_1_550' title='bbox 166 4249 437 4307; x_wconf 86' lang='lat' dir='ltr'><strong>effectus.</strong></span> <span class='ocrx_word' id='word_1_551' title='bbox 465 4251 625 4307; x_wconf 85' lang='lat' dir='ltr'><strong>Jesus</strong></span> <span class='ocrx_word' id='word_1_552' title='bbox 645 4250 791 4307; x_wconf 89' lang='lat' dir='ltr'><strong>Nave</strong></span> <span class='ocrx_word' id='word_1_553' title='bbox 816 4251 1041 4322; x_wconf 90' lang='lat' dir='ltr'><strong>populos</strong></span> <span class='ocrx_word' id='word_1_554' title='bbox 1069 4248 1485 4305; x_wconf 81' lang='lat' dir='ltr'><strong>haereditaturus</strong></span> <span class='ocrx_word' id='word_1_555' title='bbox 1516 4247 1569 4301; x_wconf 91' lang='lat' dir='ltr'><strong>in</strong></span> <span class='ocrx_word' id='word_1_556' title='bbox 1602 4247 1781 4317; x_wconf 89' lang='lat' dir='ltr'><strong>terris,</strong></span> 
     </span>
    </p>
   </div>
   <div class='ocr_carea' id='block_1_75' title="bbox 164 4340 1783 4414">
    <p class='ocr_par' dir='ltr' id='par_1_75' title="bbox 164 4340 1783 4414">
     <span class='ocr_line' id='line_1_75' title="bbox 164 4340 1783 4414; baseline -0.003 -14"><span class='ocrx_word' id='word_1_557' title='bbox 164 4346 320 4414; x_wconf 87' lang='lat' dir='ltr'><strong>prius</strong></span> <span class='ocrx_word' id='word_1_558' title='bbox 356 4347 463 4401; x_wconf 88' lang='lat' dir='ltr'><strong>illa</strong></span> <span class='ocrx_word' id='word_1_559' title='bbox 495 4347 677 4401; x_wconf 89' lang='lat' dir='ltr'><strong>omnia</strong></span> <span class='ocrx_word' id='word_1_560' title='bbox 730 4346 876 4401; x_wconf 90' lang='lat' dir='ltr'><strong>velut</strong></span> <span class='ocrx_word' id='word_1_561' title='bbox 921 4345 1121 4400; x_wconf 76' lang='lat' dir='ltr'><strong>divinae</strong></span> <span class='ocrx_word' id='word_1_562' title='bbox 1172 4343 1349 4413; x_wconf 84' lang='lat' dir='ltr'><strong>plebis</strong></span> <span class='ocrx_word' id='word_1_563' title='bbox 1394 4340 1783 4397; x_wconf 88' lang='lat' dir='ltr'><strong>circumcidere</strong></span> 
     </span>
    </p>
   </div>
   <div class='ocr_carea' id='block_1_76' title="bbox 161 4437 1782 4509">
    <p class='ocr_par' dir='ltr' id='par_1_76' title="bbox 161 4437 1782 4509">
     <span class='ocr_line' id='line_1_76' title="bbox 161 4437 1782 4509; baseline -0.002 -17"><span class='ocrx_word' id='word_1_564' title='bbox 161 4437 389 4506; x_wconf 79' lang='lat' dir='ltr'><strong>iubetur</strong></span> <span class='ocrx_word' id='word_1_565' title='bbox 418 4440 682 4495; x_wconf 81' lang='lat' dir='ltr'><strong>examina</strong></span> <span class='ocrx_word' id='word_1_566' title='bbox 710 4456 721 4491; x_wconf 90' lang='lat'><strong>:</strong></span> <span class='ocrx_word' id='word_1_567' title='bbox 754 4439 906 4509; x_wconf 91' lang='lat' dir='ltr'><strong>quasi</strong></span> <span class='ocrx_word' id='word_1_568' title='bbox 950 4452 1079 4493; x_wconf 90' lang='lat' dir='ltr'><strong>vero</strong></span> <span class='ocrx_word' id='word_1_569' title='bbox 1111 4452 1215 4493; x_wconf 91' lang='lat' dir='ltr'><strong>non</strong></span> <span class='ocrx_word' id='word_1_570' title='bbox 1268 4444 1376 4491; x_wconf 86' lang='lat' dir='ltr'><strong>tota</strong></span> <span class='ocrx_word' id='word_1_571' title='bbox 1436 4449 1654 4490; x_wconf 90' lang='lat' dir='ltr'><strong>eremus</strong></span> <span class='ocrx_word' id='word_1_572' title='bbox 1684 4448 1782 4503; x_wconf 89' lang='lat' dir='ltr'><strong>per</strong></span> 
     </span>
    </p>
   </div>
   <div class='ocr_carea' id='block_1_77' title="bbox 1891 3218 3489 3292">
    <p class='ocr_par' dir='ltr' id='par_1_77' title="bbox 1891 3218 3489 3292">
     <span class='ocr_line' id='line_1_77' title="bbox 1891 3218 3489 3292; baseline 0 -16"><span class='ocrx_word' id='word_1_573' title='bbox 1891 3219 2037 3290; x_wconf 89' lang='lat' dir='ltr'><strong>Opus</strong></span> <span class='ocrx_word' id='word_1_574' title='bbox 2059 3228 2144 3275; x_wconf 93' lang='lat' dir='ltr'><strong>est</strong></span> <span class='ocrx_word' id='word_1_575' title='bbox 2165 3218 2347 3289; x_wconf 91' lang='lat' dir='ltr'><strong>utique</strong></span> <span class='ocrx_word' id='word_1_576' title='bbox 2374 3222 2661 3277; x_wconf 87' lang='lat' dir='ltr'><strong>multitudo</strong></span> <span class='ocrx_word' id='word_1_577' title='bbox 2690 3222 2918 3277; x_wconf 92' lang='lat' dir='ltr'><strong>doctori.</strong></span> <span class='ocrx_word' id='word_1_578' title='bbox 2954 3221 3023 3276; x_wconf 83' lang='lat' dir='ltr'><strong>Et</strong></span> <span class='ocrx_word' id='word_1_579' title='bbox 3066 3237 3186 3292; x_wconf 83' lang='lat' dir='ltr'><strong>quae</strong></span> <span class='ocrx_word' id='word_1_580' title='bbox 3216 3221 3271 3275; x_wconf 91' lang='lat' dir='ltr'><strong>in</strong></span> <span class='ocrx_word' id='word_1_581' title='bbox 3302 3236 3489 3276; x_wconf 89' lang='lat' dir='ltr'><strong>eremo</strong></span> 
     </span>
    </p>
   </div>
   <div class='ocr_carea' id='block_1_78' title="bbox 1894 3308 3491 3382">
    <p class='ocr_par' dir='ltr' id='par_1_78' title="bbox 1894 3308 3491 3382">
     <span class='ocr_line' id='line_1_78' title="bbox 1894 3308 3491 3382; baseline 0 -17"><span class='ocrx_word' id='word_1_582' title='bbox 1894 3310 2215 3366; x_wconf 89' lang='lat' dir='ltr'><strong>multitudo?</strong></span> <span class='ocrx_word' id='word_1_583' title='bbox 2236 3308 2365 3365; x_wconf 87' lang='lat' dir='ltr'><strong>Sine</strong></span> <span class='ocrx_word' id='word_1_584' title='bbox 2387 3310 2551 3367; x_wconf 93' lang='lat' dir='ltr'><strong>dubio</strong></span> <span class='ocrx_word' id='word_1_585' title='bbox 2577 3312 2746 3368; x_wconf 89' lang='lat' dir='ltr'><strong>nulla.</strong></span> <span class='ocrx_word' id='word_1_586' title='bbox 2771 3312 2839 3366; x_wconf 89' lang='lat' dir='ltr'><strong>Et</strong></span> <span class='ocrx_word' id='word_1_587' title='bbox 2866 3312 2995 3381; x_wconf 90' lang='lat' dir='ltr'><strong>quid</strong></span> <span class='ocrx_word' id='word_1_588' title='bbox 3019 3311 3178 3367; x_wconf 79' lang='lat' dir='ltr'><strong>faciet</strong></span> <span class='ocrx_word' id='word_1_589' title='bbox 3197 3311 3491 3382; x_wconf 91' lang='lat' dir='ltr'><strong>propheta,</strong></span> 
     </span>
    </p>
   </div>
   <div class='ocr_carea' id='block_1_79' title="bbox 1891 3403 3487 3475">
    <p class='ocr_par' dir='ltr' id='par_1_79' title="bbox 1891 3403 3487 3475">
     <span class='ocr_line' id='line_1_79' title="bbox 1891 3403 3487 3475; baseline 0 -16"><span class='ocrx_word' id='word_1_590' title='bbox 1891 3404 1983 3475; x_wconf 90' lang='lat' dir='ltr'><strong>qui</strong></span> <span class='ocrx_word' id='word_1_591' title='bbox 2008 3419 2110 3458; x_wconf 88' lang='lat' dir='ltr'><strong>vox</strong></span> <span class='ocrx_word' id='word_1_592' title='bbox 2128 3412 2232 3466; x_wconf 88' lang='lat' dir='ltr'><strong>est,</strong></span> <span class='ocrx_word' id='word_1_593' title='bbox 2253 3415 2307 3461; x_wconf 94' lang='lat' dir='ltr'><strong>et</strong></span> <span class='ocrx_word' id='word_1_594' title='bbox 2327 3420 2433 3460; x_wconf 89' lang='lat' dir='ltr'><strong>vox</strong></span> <span class='ocrx_word' id='word_1_595' title='bbox 2454 3403 2775 3458; x_wconf 84' lang='lat' dir='ltr'><strong>clamantis?</strong></span> <span class='ocrx_word' id='word_1_596' title='bbox 2796 3403 2988 3471; x_wconf 86' lang='lat' dir='ltr'><strong>Elegit,</strong></span> <span class='ocrx_word' id='word_1_597' title='bbox 3006 3404 3061 3456; x_wconf 92' lang='lat' dir='ltr'><strong>ni</strong></span> <span class='ocrx_word' id='word_1_598' title='bbox 3085 3404 3268 3468; x_wconf 90' lang='lat' dir='ltr'><strong>fallor,</strong></span> <span class='ocrx_word' id='word_1_599' title='bbox 3283 3405 3487 3470; x_wconf 90' lang='lat' dir='ltr'><strong>locum,</strong></span> 
     </span>
    </p>
   </div>
   <div class='ocr_carea' id='block_1_80' title="bbox 1891 3493 3489 3566">
    <p class='ocr_par' dir='ltr' id='par_1_80' title="bbox 1891 3493 3489 3566">
     <span class='ocr_line' id='line_1_80' title="bbox 1891 3493 3489 3566; baseline 0.001 -16"><span class='ocrx_word' id='word_1_600' title='bbox 1891 3512 2000 3551; x_wconf 89' lang='lat' dir='ltr'><strong>nou</strong></span> <span class='ocrx_word' id='word_1_601' title='bbox 2028 3497 2119 3552; x_wconf 91' lang='lat' dir='ltr'><strong>ubi</strong></span> <span class='ocrx_word' id='word_1_602' title='bbox 2148 3512 2273 3552; x_wconf 90' lang='lat' dir='ltr'><strong>eum</strong></span> <span class='ocrx_word' id='word_1_603' title='bbox 2304 3498 2483 3552; x_wconf 91' lang='lat' dir='ltr'><strong>nullus</strong></span> <span class='ocrx_word' id='word_1_604' title='bbox 2512 3494 2715 3560; x_wconf 90' lang='lat' dir='ltr'><strong>audiat,</strong></span> <span class='ocrx_word' id='word_1_605' title='bbox 2747 3495 2841 3550; x_wconf 91' lang='lat' dir='ltr'><strong>sed</strong></span> <span class='ocrx_word' id='word_1_606' title='bbox 2873 3493 2940 3548; x_wconf 90' lang='lat' dir='ltr'><strong>ad</strong></span> <span class='ocrx_word' id='word_1_607' title='bbox 2964 3510 3122 3565; x_wconf 90' lang='lat' dir='ltr'><strong>quem</strong></span> <span class='ocrx_word' id='word_1_608' title='bbox 3157 3496 3390 3566; x_wconf 91' lang='lat' dir='ltr'><strong>populos</strong></span> <span class='ocrx_word' id='word_1_609' title='bbox 3420 3496 3489 3551; x_wconf 91' lang='lat' dir='ltr'><strong>de</strong></span> 
     </span>
    </p>
   </div>
   <div class='ocr_carea' id='block_1_81' title="bbox 1892 3588 3489 3660">
    <p class='ocr_par' dir='ltr' id='par_1_81' title="bbox 1892 3588 3489 3660">
     <span class='ocr_line' id='line_1_81' title="bbox 1892 3588 3489 3660; baseline 0.002 -16"><span class='ocrx_word' id='word_1_610' title='bbox 1892 3599 2100 3645; x_wconf 75' lang='lat' dir='ltr'><strong>natura:</strong></span> <span class='ocrx_word' id='word_1_611' title='bbox 2122 3601 2391 3660; x_wconf 78' lang='lat' dir='ltr'><strong>corrupta:</strong></span> <span class='ocrx_word' id='word_1_612' title='bbox 2417 3588 2833 3645; x_wconf 81' lang='lat' dir='ltr'><strong>conversatione</strong></span> <span class='ocrx_word' id='word_1_613' title='bbox 2879 3589 3124 3657; x_wconf 88' lang='lat' dir='ltr'><strong>reducat,</strong></span> <span class='ocrx_word' id='word_1_614' title='bbox 3159 3600 3219 3645; x_wconf 91' lang='lat' dir='ltr'><strong>ut</strong></span> <span class='ocrx_word' id='word_1_615' title='bbox 3266 3593 3320 3645; x_wconf 92' lang='lat' dir='ltr'><strong>in</strong></span> <span class='ocrx_word' id='word_1_616' title='bbox 3353 3591 3489 3647; x_wconf 92' lang='lat' dir='ltr'><strong>Pro-</strong></span> 
     </span>
    </p>
   </div>
   <div class='ocr_carea' id='block_1_82' title="bbox 1893 3682 3483 3753">
    <p class='ocr_par' dir='ltr' id='par_1_82' title="bbox 1893 3682 3483 3753">
     <span class='ocr_line' id='line_1_82' title="bbox 1893 3682 3483 3753; baseline 0.003 -17"><span class='ocrx_word' id='word_1_617' title='bbox 1893 3682 2053 3749; x_wconf 92' lang='lat' dir='ltr'><strong>pheta</strong></span> <span class='ocrx_word' id='word_1_618' title='bbox 2080 3698 2272 3739; x_wconf 91' lang='lat' dir='ltr'><strong>novam</strong></span> <span class='ocrx_word' id='word_1_619' title='bbox 2297 3684 2461 3738; x_wconf 89' lang='lat' dir='ltr'><strong>vitam</strong></span> <span class='ocrx_word' id='word_1_620' title='bbox 2485 3683 2758 3749; x_wconf 88' lang='lat' dir='ltr'><strong>videntes,</strong></span> <span class='ocrx_word' id='word_1_621' title='bbox 2777 3682 3012 3738; x_wconf 88' lang='lat' dir='ltr'><strong>divinam</strong></span> <span class='ocrx_word' id='word_1_622' title='bbox 3036 3684 3222 3739; x_wconf 90' lang='lat' dir='ltr'><strong>mirari</strong></span> <span class='ocrx_word' id='word_1_623' title='bbox 3247 3684 3483 3753; x_wconf 89' lang='lat' dir='ltr'><strong>discant,</strong></span> 
     </span>
    </p>
   </div>
   <div class='ocr_carea' id='block_1_83' title="bbox 1890 3774 3489 3848">
    <p class='ocr_par' dir='ltr' id='par_1_83' title="bbox 1890 3774 3489 3848">
     <span class='ocr_line' id='line_1_83' title="bbox 1890 3774 3489 3848; baseline 0.003 -18"><span class='ocrx_word' id='word_1_624' title='bbox 1890 3790 2057 3845; x_wconf 84' lang='lat' dir='ltr'><strong>seque</strong></span> <span class='ocrx_word' id='word_1_625' title='bbox 2087 3776 2339 3831; x_wconf 89' lang='lat' dir='ltr'><strong>omnibus</strong></span> <span class='ocrx_word' id='word_1_626' title='bbox 2368 3775 2513 3830; x_wconf 89' lang='lat' dir='ltr'><strong>vitiis</strong></span> <span class='ocrx_word' id='word_1_627' title='bbox 2558 3775 2912 3830; x_wconf 84' lang='lat' dir='ltr'><strong>circumcisos</strong></span> <span class='ocrx_word' id='word_1_628' title='bbox 2938 3774 2991 3829; x_wconf 91' lang='lat' dir='ltr'><strong>in</strong></span> <span class='ocrx_word' id='word_1_629' title='bbox 3021 3790 3208 3832; x_wconf 91' lang='lat' dir='ltr'><strong>eremo</strong></span> <span class='ocrx_word' id='word_1_630' title='bbox 3236 3792 3359 3834; x_wconf 89' lang='lat' dir='ltr'><strong>esse</strong></span> <span class='ocrx_word' id='word_1_631' title='bbox 3393 3793 3489 3848; x_wconf 90' lang='lat' dir='ltr'><strong>pa-</strong></span> 
     </span>
    </p>
   </div>
   <div class='ocr_carea' id='block_1_84' title="bbox 1893 3866 3486 3940">
    <p class='ocr_par' dir='ltr' id='par_1_84' title="bbox 1893 3866 3486 3940">
     <span class='ocr_line' id='line_1_84' title="bbox 1893 3866 3486 3940; baseline 0.005 -19"><span class='ocrx_word' id='word_1_632' title='bbox 1893 3866 2115 3923; x_wconf 87' lang='lat' dir='ltr'><strong>tiantur.</strong></span> <span class='ocrx_word' id='word_1_633' title='bbox 2153 3867 2330 3923; x_wconf 88' lang='lat' dir='ltr'><strong>Locus</strong></span> <span class='ocrx_word' id='word_1_634' title='bbox 2354 3882 2484 3939; x_wconf 87' lang='lat' dir='ltr'><strong>ergo</strong></span> <span class='ocrx_word' id='word_1_635' title='bbox 2510 3868 2627 3937; x_wconf 89' lang='lat' dir='ltr'><strong>ipse</strong></span> <span class='ocrx_word' id='word_1_636' title='bbox 2656 3867 2829 3923; x_wconf 88' lang='lat' dir='ltr'><strong>forma</strong></span> <span class='ocrx_word' id='word_1_637' title='bbox 2860 3868 3121 3925; x_wconf 75' lang='lat' dir='ltr'><strong>doctrina:</strong></span> <span class='ocrx_word' id='word_1_638' title='bbox 3147 3882 3252 3939; x_wconf 87' lang='lat' dir='ltr'><strong>est,</strong></span> <span class='ocrx_word' id='word_1_639' title='bbox 3286 3882 3341 3929; x_wconf 90' lang='lat' dir='ltr'><strong>et</strong></span> <span class='ocrx_word' id='word_1_640' title='bbox 3371 3873 3486 3940; x_wconf 90' lang='lat' dir='ltr'><strong>ipsa</strong></span> 
     </span>
    </p>
   </div>
   <div class='ocr_carea' id='block_1_85' title="bbox 1893 3961 3485 4035">
    <p class='ocr_par' dir='ltr' id='par_1_85' title="bbox 1893 3961 3485 4035">
     <span class='ocr_line' id='line_1_85' title="bbox 1893 3961 3485 4035; baseline 0.005 -20"><span class='ocrx_word' id='word_1_641' title='bbox 1893 3961 2209 4031; x_wconf 61' lang='lat' dir='ltr'><strong>praedicatio</strong></span> <span class='ocrx_word' id='word_1_642' title='bbox 2230 3962 2465 4017; x_wconf 89' lang='lat' dir='ltr'><strong>solitudo</strong></span> <span class='ocrx_word' id='word_1_643' title='bbox 2484 3971 2570 4017; x_wconf 89' lang='lat' dir='ltr'><strong>est</strong></span> <span class='ocrx_word' id='word_1_644' title='bbox 2594 3962 2876 4017; x_wconf 88' lang='lat' dir='ltr'><strong>virtutttm.</strong></span> <span class='ocrx_word' id='word_1_645' title='bbox 2903 3962 3169 4032; x_wconf 88' lang='lat' dir='ltr'><strong>Operatur</strong></span> <span class='ocrx_word' id='word_1_646' title='bbox 3197 3967 3485 4035; x_wconf 87' lang='lat' dir='ltr'><strong>habitatio,</strong></span> 
     </span>
    </p>
   </div>
   <div class='ocr_carea' id='block_1_86' title="bbox 1891 4055 3489 4129">
    <p class='ocr_par' dir='ltr' id='par_1_86' title="bbox 1891 4055 3489 4129">
     <span class='ocr_line' id='line_1_86' title="bbox 1891 4055 3489 4129; baseline 0.003 -19"><span class='ocrx_word' id='word_1_647' title='bbox 1891 4055 2021 4110; x_wconf 92' lang='lat' dir='ltr'><strong>dum</strong></span> <span class='ocrx_word' id='word_1_648' title='bbox 2051 4055 2268 4110; x_wconf 90' lang='lat' dir='ltr'><strong>urbium</strong></span> <span class='ocrx_word' id='word_1_649' title='bbox 2320 4055 2683 4126; x_wconf 81' lang='lat' dir='ltr'><strong>frequentiam</strong></span> <span class='ocrx_word' id='word_1_650' title='bbox 2722 4056 2987 4113; x_wconf 90' lang='lat' dir='ltr'><strong>sollicitus</strong></span> <span class='ocrx_word' id='word_1_651' title='bbox 3030 4059 3288 4129; x_wconf 90' lang='lat' dir='ltr'><strong>relinquit</strong></span> <span class='ocrx_word' id='word_1_652' title='bbox 3335 4062 3489 4115; x_wconf 89' lang='lat' dir='ltr'><strong>audi-</strong></span> 
     </span>
    </p>
   </div>
   <div class='ocr_carea' id='block_1_87' title="bbox 1890 4150 3487 4219">
    <p class='ocr_par' dir='ltr' id='par_1_87' title="bbox 1890 4150 3487 4219">
     <span class='ocr_line' id='line_1_87' title="bbox 1890 4150 3487 4219; baseline 0.004 -18"><span class='ocrx_word' id='word_1_653' title='bbox 1890 4155 1999 4213; x_wconf 89' lang='lat' dir='ltr'><strong>tor,</strong></span> <span class='ocrx_word' id='word_1_654' title='bbox 2030 4156 2084 4203; x_wconf 92' lang='lat' dir='ltr'><strong>et</strong></span> <span class='ocrx_word' id='word_1_655' title='bbox 2113 4163 2357 4204; x_wconf 92' lang='lat' dir='ltr'><strong>eremum</strong></span> <span class='ocrx_word' id='word_1_656' title='bbox 2391 4164 2421 4203; x_wconf 92' lang='lat' dir='ltr'><strong>a</strong></span> <span class='ocrx_word' id='word_1_657' title='bbox 2451 4150 2770 4219; x_wconf 89' lang='lat' dir='ltr'><strong>contagione</strong></span> <span class='ocrx_word' id='word_1_658' title='bbox 2818 4151 3004 4206; x_wconf 90' lang='lat' dir='ltr'><strong>mundi</strong></span> <span class='ocrx_word' id='word_1_659' title='bbox 3033 4152 3182 4207; x_wconf 85' lang='lat' dir='ltr'><strong>velut</strong></span> <span class='ocrx_word' id='word_1_660' title='bbox 3215 4166 3244 4204; x_wconf 91' lang='lat' dir='ltr'><strong>a</strong></span> <span class='ocrx_word' id='word_1_661' title='bbox 3274 4152 3487 4207; x_wconf 88' lang='lat' dir='ltr'><strong>theatro</strong></span> 
     </span>
    </p>
   </div>
   <div class='ocr_carea' id='block_1_88' title="bbox 1891 4239 3486 4315">
    <p class='ocr_par' dir='ltr' id='par_1_88' title="bbox 1891 4239 3486 4315">
     <span class='ocr_line' id='line_1_88' title="bbox 1891 4239 3486 4315; baseline 0.004 -21"><span class='ocrx_word' id='word_1_662' title='bbox 1891 4239 1995 4295; x_wconf 87' lang='lat' dir='ltr'><strong>hoc</strong></span> <span class='ocrx_word' id='word_1_663' title='bbox 2018 4241 2352 4311; x_wconf 87' lang='lat' dir='ltr'><strong>voluptatum</strong></span> <span class='ocrx_word' id='word_1_664' title='bbox 2383 4242 2603 4297; x_wconf 60' lang='lat' dir='ltr'><strong>aVulsus</strong></span> <span class='ocrx_word' id='word_1_665' title='bbox 2624 4243 2942 4313; x_wconf 88' lang='lat' dir='ltr'><strong>ingreditur.</strong></span> <span class='ocrx_word' id='word_1_666' title='bbox 2972 4244 3232 4300; x_wconf 90' lang='lat' dir='ltr'><strong>Prohibet</strong></span> <span class='ocrx_word' id='word_1_667' title='bbox 3252 4245 3486 4315; x_wconf 88' lang='lat' dir='ltr'><strong>denique</strong></span> 
     </span>
    </p>
   </div>
   <div class='ocr_carea' id='block_1_89' title="bbox 1890 4334 3485 4410">
    <p class='ocr_par' dir='ltr' id='par_1_89' title="bbox 1890 4334 3485 4410">
     <span class='ocr_line' id='line_1_89' title="bbox 1890 4334 3485 4410; baseline 0.004 -22"><span class='ocrx_word' id='word_1_668' title='bbox 1890 4349 1959 4389; x_wconf 90' lang='lat' dir='ltr'><strong>ne</strong></span> <span class='ocrx_word' id='word_1_669' title='bbox 2004 4334 2278 4390; x_wconf 88' lang='lat' dir='ltr'><strong>Abraham</strong></span> <span class='ocrx_word' id='word_1_670' title='bbox 2318 4348 2472 4406; x_wconf 92' lang='lat' dir='ltr'><strong>patre</strong></span> <span class='ocrx_word' id='word_1_671' title='bbox 2516 4337 2817 4407; x_wconf 89' lang='lat' dir='ltr'><strong>glorientur</strong></span> <span class='ocrx_word' id='word_1_672' title='bbox 2847 4357 2861 4394; x_wconf 94' lang='lat'><strong>:</strong></span> <span class='ocrx_word' id='word_1_673' title='bbox 2888 4338 3146 4396; x_wconf 86' lang='lat' dir='ltr'><strong>videlicet</strong></span> <span class='ocrx_word' id='word_1_674' title='bbox 3191 4339 3336 4410; x_wconf 89' lang='lat' dir='ltr'><strong>quod</strong></span> <span class='ocrx_word' id='word_1_675' title='bbox 3367 4339 3485 4408; x_wconf 90' lang='lat' dir='ltr'><strong>ejus</strong></span> 
     </span>
    </p>
   </div>
   <div class='ocr_carea' id='block_1_90' title="bbox 1890 4426 3483 4499">
    <p class='ocr_par' dir='ltr' id='par_1_90' title="bbox 1890 4426 3483 4499">
     <span class='ocr_line' id='line_1_90' title="bbox 1890 4426 3483 4499; baseline 0.003 -18"><span class='ocrx_word' id='word_1_676' title='bbox 1890 4426 2119 4497; x_wconf 89' lang='lat' dir='ltr'><strong>vestigia</strong></span> <span class='ocrx_word' id='word_1_677' title='bbox 2152 4442 2259 4482; x_wconf 90' lang='lat' dir='ltr'><strong>non</strong></span> <span class='ocrx_word' id='word_1_678' title='bbox 2295 4438 2611 4499; x_wconf 89' lang='lat' dir='ltr'><strong>sequantur.</strong></span> <span class='ocrx_word' id='word_1_679' title='bbox 2644 4429 2801 4486; x_wconf 90' lang='lat' dir='ltr'><strong>Certe</strong></span> <span class='ocrx_word' id='word_1_680' title='bbox 2829 4432 2874 4486; x_wconf 90' lang='lat' dir='ltr'><strong>si</strong></span> <span class='ocrx_word' id='word_1_681' title='bbox 2919 4432 2984 4485; x_wconf 90' lang='lat' dir='ltr'><strong>ad</strong></span> <span class='ocrx_word' id='word_1_682' title='bbox 3012 4430 3483 4486; x_wconf 90' lang='lat' dir='ltr'><strong>circumcisionem</strong></span> 
     </span>
    </p>
   </div>
   <div class='ocr_carea' id='block_1_91' title="bbox 161 4512 3486 4606">
    <p class='ocr_par' dir='ltr' id='par_1_91' title="bbox 161 4512 3486 4606">
     <span class='ocr_line' id='line_1_91' title="bbox 161 4512 3486 4606; baseline -0.004 -17"><span class='ocrx_word' id='word_1_683' title='bbox 161 4536 338 4589; x_wconf 80' lang='lat' dir='ltr'><strong>varias</strong></span> <span class='ocrx_word' id='word_1_684' title='bbox 372 4533 768 4606; x_wconf 85' lang='lat' dir='ltr'><strong>peccaminum</strong></span> <span class='ocrx_word' id='word_1_685' title='bbox 792 4533 976 4602; x_wconf 83' lang='lat' dir='ltr'><strong>plagas</strong></span> <span class='ocrx_word' id='word_1_686' title='bbox 1006 4529 1341 4587; x_wconf 81' lang='lat' dir='ltr'><strong>circumcisae</strong></span> <span class='ocrx_word' id='word_1_687' title='bbox 1365 4528 1541 4599; x_wconf 88' lang='lat' dir='ltr'><strong>gentis</strong></span> <span class='ocrx_word' id='word_1_688' title='bbox 1568 4527 1783 4583; x_wconf 90' lang='lat' dir='ltr'><strong>ossibus</strong></span> <span class='ocrx_word' id='word_1_689' title='bbox 1814 4512 1867 4573; x_wconf 85' lang='lat' dir='ltr'><strong>D</strong></span> <span class='ocrx_word' id='word_1_690' title='bbox 1892 4518 2039 4575; x_wconf 88' lang='lat' dir='ltr'><strong>illam</strong></span> <span class='ocrx_word' id='word_1_691' title='bbox 2064 4520 2341 4576; x_wconf 73' lang='lat' dir='ltr'><strong>Iudaicam</strong></span> <span class='ocrx_word' id='word_1_692' title='bbox 2371 4524 2675 4589; x_wconf 89' lang='lat' dir='ltr'><strong>veniamus,</strong></span> <span class='ocrx_word' id='word_1_693' title='bbox 2737 4523 3189 4579; x_wconf 90' lang='lat' dir='ltr'><strong>circumcidamnr</strong></span> <span class='ocrx_word' id='word_1_694' title='bbox 3218 4530 3275 4577; x_wconf 93' lang='lat' dir='ltr'><strong>ut</strong></span> <span class='ocrx_word' id='word_1_695' title='bbox 3312 4524 3486 4577; x_wconf 79' lang='lat' dir='ltr'><strong>Abra-</strong></span> 
     </span>
    </p>
   </div>
   <div class='ocr_carea' id='block_1_92' title="bbox 160 4621 1779 4699">
    <p class='ocr_par' dir='ltr' id='par_1_92' title="bbox 160 4621 1779 4699">
     <span class='ocr_line' id='line_1_92' title="bbox 160 4621 1779 4699; baseline -0.005 -18"><span class='ocrx_word' id='word_1_696' title='bbox 160 4627 432 4685; x_wconf 82' lang='lat' dir='ltr'><strong>albicaret</strong></span> <span class='ocrx_word' id='word_1_697' title='bbox 459 4666 472 4680; x_wconf 93' lang='lat'><strong>.</strong></span> <span class='ocrx_word' id='word_1_698' title='bbox 503 4626 642 4694; x_wconf 87' lang='lat' dir='ltr'><strong>Quid</strong></span> <span class='ocrx_word' id='word_1_699' title='bbox 670 4640 800 4695; x_wconf 92' lang='lat' dir='ltr'><strong>ergo</strong></span> <span class='ocrx_word' id='word_1_700' title='bbox 824 4625 1051 4695; x_wconf 89' lang='lat' dir='ltr'><strong>jubebat</strong></span> <span class='ocrx_word' id='word_1_701' title='bbox 1095 4624 1198 4679; x_wconf 88' lang='lat' dir='ltr'><strong>hoc</strong></span> <span class='ocrx_word' id='word_1_702' title='bbox 1230 4622 1531 4699; x_wconf 32' lang='lat' dir='ltr'><strong>fieri,.quod</strong></span> <span class='ocrx_word' id='word_1_703' title='bbox 1574 4621 1779 4691; x_wconf 89' lang='lat' dir='ltr'><strong>peccati</strong></span> 
     </span>
    </p>
   </div>
   <div class='ocr_carea' id='block_1_93' title="bbox 161 4712 1785 4783">
    <p class='ocr_par' dir='ltr' id='par_1_93' title="bbox 161 4712 1785 4783">
     <span class='ocr_line' id='line_1_93' title="bbox 161 4712 1785 4783; baseline -0.004 -9"><span class='ocrx_word' id='word_1_704' title='bbox 161 4722 428 4778; x_wconf 87' lang='lat' dir='ltr'><strong>meritum</strong></span> <span class='ocrx_word' id='word_1_705' title='bbox 492 4734 606 4775; x_wconf 92' lang='lat' dir='ltr'><strong>non</strong></span> <span class='ocrx_word' id='word_1_706' title='bbox 637 4718 895 4773; x_wconf 88' lang='lat' dir='ltr'><strong>sanabat?</strong></span> <span class='ocrx_word' id='word_1_707' title='bbox 926 4718 1065 4771; x_wconf 90' lang='lat' dir='ltr'><strong>Dicit</strong></span> <span class='ocrx_word' id='word_1_708' title='bbox 1095 4716 1376 4783; x_wconf 91' lang='lat' dir='ltr'><strong>Dominus,</strong></span> <span class='ocrx_word' id='word_1_709' title='bbox 1410 4712 1520 4767; x_wconf 85' lang='lat' dir='ltr'><strong>Fac</strong></span> <span class='ocrx_word' id='word_1_710' title='bbox 1551 4713 1641 4767; x_wconf 83' lang='lat' dir='ltr'><strong>tibi</strong></span> <span class='ocrx_word' id='word_1_711' title='bbox 1671 4713 1785 4767; x_wconf 81' lang='lat' dir='ltr'><strong>cul-</strong></span> 
     </span>
    </p>
   </div>
   <div class='ocr_carea' id='block_1_94' title="bbox 167 4807 1777 4887">
    <p class='ocr_par' dir='ltr' id='par_1_94' title="bbox 167 4807 1777 4887">
     <span class='ocr_line' id='line_1_94' title="bbox 167 4807 1777 4887; baseline -0.004 -21"><span class='ocrx_word' id='word_1_712' title='bbox 167 4814 307 4868; x_wconf 76' lang='lat' dir='ltr'><strong>tellos</strong></span> <span class='ocrx_word' id='word_1_713' title='bbox 349 4814 609 4887; x_wconf 80' lang='lat' dir='ltr'><strong>petrinos</strong></span> <span class='ocrx_word' id='word_1_714' title='bbox 656 4811 807 4865; x_wconf 77' lang='lat' dir='ltr'><strong>nimis</strong></span> <span class='ocrx_word' id='word_1_715' title='bbox 858 4809 1071 4878; x_wconf 77' lang='lat' dir='ltr'><strong>acutos(</strong></span> <span class='ocrx_word' id='word_1_716' title='bbox 1101 4808 1217 4862; x_wconf 83' lang='lat' dir='ltr'><strong>Jos.</strong></span> <span class='ocrx_word' id='word_1_717' title='bbox 1249 4824 1313 4873; x_wconf 76' lang='grc' dir='ltr'><strong>ν,</strong></span> <span class='ocrx_word' id='word_1_718' title='bbox 1344 4809 1379 4861; x_wconf 73' lang='lat'><strong>9.</strong></span> <span class='ocrx_word' id='word_1_719' title='bbox 1404 4807 1443 4878; x_wconf 91' lang='lat'><strong>).</strong></span> <span class='ocrx_word' id='word_1_720' title='bbox 1479 4807 1615 4875; x_wconf 86' lang='lat' dir='ltr'><strong>Quid</strong></span> <span class='ocrx_word' id='word_1_721' title='bbox 1674 4816 1777 4873; x_wconf 89' lang='lat' dir='ltr'><strong>est,</strong></span> 
     </span>
    </p>
   </div>
   <div class='ocr_carea' id='block_1_95' title="bbox 165 4895 1775 4974">
    <p class='ocr_par' dir='ltr' id='par_1_95' title="bbox 165 4895 1775 4974">
     <span class='ocr_line' id='line_1_95' title="bbox 165 4895 1775 4974; baseline -0.006 -15"><span class='ocrx_word' id='word_1_722' title='bbox 165 4905 303 4974; x_wconf 84' lang='lat' dir='ltr'><strong>quod</strong></span> <span class='ocrx_word' id='word_1_723' title='bbox 335 4914 644 4974; x_wconf 84' lang='lat' dir='ltr'><strong>tantopere</strong></span> <span class='ocrx_word' id='word_1_724' title='bbox 674 4908 850 4968; x_wconf 89' lang='lat' dir='ltr'><strong>cavet,</strong></span> <span class='ocrx_word' id='word_1_725' title='bbox 883 4916 951 4957; x_wconf 87' lang='lat' dir='ltr'><strong>ne</strong></span> <span class='ocrx_word' id='word_1_726' title='bbox 982 4900 1280 4955; x_wconf 87' lang='lat' dir='ltr'><strong>habeantur</strong></span> <span class='ocrx_word' id='word_1_727' title='bbox 1309 4898 1524 4952; x_wconf 90' lang='lat' dir='ltr'><strong>obtusi?</strong></span> <span class='ocrx_word' id='word_1_728' title='bbox 1564 4895 1740 4950; x_wconf 85' lang='lat' dir='ltr'><strong>Nimis</strong></span> <span class='ocrx_word' id='word_1_729' title='bbox 1762 4941 1775 4965; x_wconf 92' lang='lat'><strong>,</strong></span> 
     </span>
    </p>
   </div>
   <div class='ocr_carea' id='block_1_96' title="bbox 166 4989 1776 5066">
    <p class='ocr_par' dir='ltr' id='par_1_96' title="bbox 166 4989 1776 5066">
     <span class='ocr_line' id='line_1_96' title="bbox 166 4989 1776 5066; baseline -0.004 -18"><span class='ocrx_word' id='word_1_730' title='bbox 166 4998 252 5066; x_wconf 88' lang='lat' dir='ltr'><strong>ait,</strong></span> <span class='ocrx_word' id='word_1_731' title='bbox 282 5008 509 5065; x_wconf 77' lang='lat' dir='ltr'><strong>acutos,</strong></span> <span class='ocrx_word' id='word_1_732' title='bbox 546 5005 607 5050; x_wconf 87' lang='lat' dir='ltr'><strong>ut</strong></span> <span class='ocrx_word' id='word_1_733' title='bbox 638 4993 891 5049; x_wconf 86' lang='lat' dir='ltr'><strong>videlicet</strong></span> <span class='ocrx_word' id='word_1_734' title='bbox 916 5008 1021 5048; x_wconf 90' lang='lat' dir='ltr'><strong>non</strong></span> <span class='ocrx_word' id='word_1_735' title='bbox 1072 4992 1162 5061; x_wconf 89' lang='lat' dir='ltr'><strong>qui</strong></span> <span class='ocrx_word' id='word_1_736' title='bbox 1194 4990 1512 5060; x_wconf 90' lang='lat' dir='ltr'><strong>particulam</strong></span> <span class='ocrx_word' id='word_1_737' title='bbox 1542 4989 1776 5059; x_wconf 90' lang='lat' dir='ltr'><strong>aliquam</strong></span> 
     </span>
    </p>
   </div>
   <div class='ocr_carea' id='block_1_97' title="bbox 166 5080 1781 5163">
    <p class='ocr_par' dir='ltr' id='par_1_97' title="bbox 166 5080 1781 5163">
     <span class='ocr_line' id='line_1_97' title="bbox 166 5080 1781 5163; baseline -0.006 -20"><span class='ocrx_word' id='word_1_738' title='bbox 166 5090 487 5163; x_wconf 84' lang='lat' dir='ltr'><strong>corpusculi</strong></span> <span class='ocrx_word' id='word_1_739' title='bbox 514 5087 601 5143; x_wconf 87' lang='lat' dir='ltr'><strong>sui</strong></span> <span class='ocrx_word' id='word_1_740' title='bbox 653 5100 817 5141; x_wconf 89' lang='lat' dir='ltr'><strong>sensu</strong></span> <span class='ocrx_word' id='word_1_741' title='bbox 848 5084 1058 5140; x_wconf 89' lang='lat' dir='ltr'><strong>doloris</strong></span> <span class='ocrx_word' id='word_1_742' title='bbox 1083 5081 1425 5147; x_wconf 88' lang='lat' dir='ltr'><strong>abscindant,</strong></span> <span class='ocrx_word' id='word_1_743' title='bbox 1471 5081 1565 5135; x_wconf 89' lang='lat' dir='ltr'><strong>sed</strong></span> <span class='ocrx_word' id='word_1_744' title='bbox 1614 5080 1781 5134; x_wconf 90' lang='lat' dir='ltr'><strong>multa</strong></span> 
     </span>
    </p>
   </div>
   <div class='ocr_carea' id='block_1_98' title="bbox 166 5171 1782 5255">
    <p class='ocr_par' dir='ltr' id='par_1_98' title="bbox 166 5171 1782 5255">
     <span class='ocr_line' id='line_1_98' title="bbox 166 5171 1782 5255; baseline -0.006 -21"><span class='ocrx_word' id='word_1_745' title='bbox 166 5181 282 5238; x_wconf 87' lang='lat' dir='ltr'><strong>lima</strong></span> <span class='ocrx_word' id='word_1_746' title='bbox 308 5193 495 5255; x_wconf 86' lang='lat' dir='ltr'><strong>atque</strong></span> <span class='ocrx_word' id='word_1_747' title='bbox 529 5194 636 5235; x_wconf 87' lang='lat' dir='ltr'><strong>usu</strong></span> <span class='ocrx_word' id='word_1_748' title='bbox 666 5178 805 5233; x_wconf 87' lang='lat' dir='ltr'><strong>cotis</strong></span> <span class='ocrx_word' id='word_1_749' title='bbox 848 5178 1069 5233; x_wconf 90' lang='lat' dir='ltr'><strong>assiduo</strong></span> <span class='ocrx_word' id='word_1_750' title='bbox 1115 5175 1260 5231; x_wconf 89' lang='lat' dir='ltr'><strong>tenui</strong></span> <span class='ocrx_word' id='word_1_751' title='bbox 1306 5173 1444 5239; x_wconf 90' lang='lat' dir='ltr'><strong>acie,</strong></span> <span class='ocrx_word' id='word_1_752' title='bbox 1475 5171 1782 5226; x_wconf 78' lang='lat' dir='ltr'><strong>mortiferus</strong></span> 
     </span>
    </p>
   </div>
   <div class='ocr_carea' id='block_1_99' title="bbox 166 5260 1787 5331">
    <p class='ocr_par' dir='ltr' id='par_1_99' title="bbox 166 5260 1787 5331">
     <span class='ocr_line' id='line_1_99' title="bbox 166 5260 1787 5331; baseline -0.008 -2"><span class='ocrx_word' id='word_1_753' title='bbox 166 5287 349 5331; x_wconf 82' lang='lat' dir='ltr'><strong>sensus</strong></span> <span class='ocrx_word' id='word_1_754' title='bbox 376 5270 603 5331; x_wconf 89' lang='lat' dir='ltr'><strong>mentis</strong></span> <span class='ocrx_word' id='word_1_755' title='bbox 650 5268 923 5324; x_wconf 89' lang='lat' dir='ltr'><strong>subtiliter</strong></span> <span class='ocrx_word' id='word_1_756' title='bbox 981 5266 1377 5323; x_wconf 90' lang='lat' dir='ltr'><strong>discriminent.</strong></span> <span class='ocrx_word' id='word_1_757' title='bbox 1434 5260 1787 5319; x_wconf 89' lang='lat' dir='ltr'><strong>Circumcidit</strong></span> 
     </span>
    </p>
   </div>
   <div class='ocr_carea' id='block_1_100' title="bbox 164 5355 1785 5437">
    <p class='ocr_par' dir='ltr' id='par_1_100' title="bbox 164 5355 1785 5437">
     <span class='ocr_line' id='line_1_100' title="bbox 164 5355 1785 5437; baseline -0.009 -18"><span class='ocrx_word' id='word_1_758' title='bbox 164 5379 309 5437; x_wconf 90' lang='lat' dir='ltr'><strong>ergo,</strong></span> <span class='ocrx_word' id='word_1_759' title='bbox 335 5368 393 5422; x_wconf 90' lang='lat' dir='ltr'><strong>ni</strong></span> <span class='ocrx_word' id='word_1_760' title='bbox 421 5364 626 5432; x_wconf 88' lang='lat' dir='ltr'><strong>fallor,</strong></span> <span class='ocrx_word' id='word_1_761' title='bbox 660 5362 714 5416; x_wconf 93' lang='lat' dir='ltr'><strong>in</strong></span> <span class='ocrx_word' id='word_1_762' title='bbox 733 5361 837 5416; x_wconf 90' lang='lat' dir='ltr'><strong>illis</strong></span> <span class='ocrx_word' id='word_1_763' title='bbox 866 5358 1084 5430; x_wconf 68' lang='lat' dir='ltr'><strong>Egypti</strong></span> <span class='ocrx_word' id='word_1_764' title='bbox 1103 5355 1454 5422; x_wconf 88' lang='lat' dir='ltr'><strong>desiderium,</strong></span> <span class='ocrx_word' id='word_1_765' title='bbox 1481 5367 1785 5409; x_wconf 90' lang='lat' dir='ltr'><strong>murmura-</strong></span> 
     </span>
    </p>
   </div>
   <div class='ocr_carea' id='block_1_101' title="bbox 166 5448 1781 5530">
    <p class='ocr_par' dir='ltr' id='par_1_101' title="bbox 166 5448 1781 5530">
     <span class='ocr_line' id='line_1_101' title="bbox 166 5448 1781 5530; baseline -0.008 -18"><span class='ocrx_word' id='word_1_766' title='bbox 166 5459 386 5530; x_wconf 87' lang='lat' dir='ltr'><strong>tionem,</strong></span> <span class='ocrx_word' id='word_1_767' title='bbox 426 5454 868 5517; x_wconf 87' lang='lat' dir='ltr'><strong>contumaciam,</strong></span> <span class='ocrx_word' id='word_1_768' title='bbox 895 5452 1161 5507; x_wconf 90' lang='lat' dir='ltr'><strong>idolorum</strong></span> <span class='ocrx_word' id='word_1_769' title='bbox 1188 5448 1621 5514; x_wconf 86' lang='lat' dir='ltr'><strong>fornicationem,</strong></span> <span class='ocrx_word' id='word_1_770' title='bbox 1651 5459 1781 5500; x_wconf 92' lang='lat' dir='ltr'><strong>con-</strong></span> 
     </span>
    </p>
   </div>
   <div class='ocr_carea' id='block_1_102' title="bbox 164 5540 1781 5621">
    <p class='ocr_par' dir='ltr' id='par_1_102' title="bbox 164 5540 1781 5621">
     <span class='ocr_line' id='line_1_102' title="bbox 164 5540 1781 5621; baseline -0.01 -14"><span class='ocrx_word' id='word_1_771' title='bbox 164 5554 522 5611; x_wconf 81' lang='lat' dir='ltr'><strong>suetudinem</strong></span> <span class='ocrx_word' id='word_1_772' title='bbox 558 5548 840 5621; x_wconf 90' lang='lat' dir='ltr'><strong>peccandi,</strong></span> <span class='ocrx_word' id='word_1_773' title='bbox 865 5563 962 5618; x_wconf 88' lang='lat' dir='ltr'><strong>pro</strong></span> <span class='ocrx_word' id='word_1_774' title='bbox 984 5546 1177 5617; x_wconf 86' lang='lat' dir='ltr'><strong>quibus</strong></span> <span class='ocrx_word' id='word_1_775' title='bbox 1194 5545 1325 5599; x_wconf 92' lang='lat' dir='ltr'><strong>iram</strong></span> <span class='ocrx_word' id='word_1_776' title='bbox 1352 5540 1567 5598; x_wconf 90' lang='lat' dir='ltr'><strong>Domini</strong></span> <span class='ocrx_word' id='word_1_777' title='bbox 1590 5552 1781 5594; x_wconf 91' lang='lat' dir='ltr'><strong>eorum</strong></span> 
     </span>
    </p>
   </div>
   <div class='ocr_carea' id='block_1_103' title="bbox 166 5634 1784 5716">
    <p class='ocr_par' dir='ltr' id='par_1_103' title="bbox 166 5634 1784 5716">
     <span class='ocr_line' id='line_1_103' title="bbox 166 5634 1784 5716; baseline -0.011 -11"><span class='ocrx_word' id='word_1_778' title='bbox 166 5662 383 5707; x_wconf 82' lang='lat' dir='ltr'><strong>sensere</strong></span> <span class='ocrx_word' id='word_1_779' title='bbox 418 5645 696 5716; x_wconf 86' lang='lat' dir='ltr'><strong>majores.</strong></span> <span class='ocrx_word' id='word_1_780' title='bbox 727 5642 796 5698; x_wconf 89' lang='lat' dir='ltr'><strong>Et</strong></span> <span class='ocrx_word' id='word_1_781' title='bbox 823 5642 930 5697; x_wconf 91' lang='lat' dir='ltr'><strong>illis</strong></span> <span class='ocrx_word' id='word_1_782' title='bbox 961 5642 1125 5696; x_wconf 91' lang='lat' dir='ltr'><strong>etiam</strong></span> <span class='ocrx_word' id='word_1_783' title='bbox 1158 5640 1274 5695; x_wconf 90' lang='lat' dir='ltr'><strong>sine</strong></span> <span class='ocrx_word' id='word_1_784' title='bbox 1297 5638 1459 5694; x_wconf 91' lang='lat' dir='ltr'><strong>dubio</strong></span> <span class='ocrx_word' id='word_1_785' title='bbox 1488 5634 1784 5692; x_wconf 84' lang='lat' dir='ltr'><strong>circumci-</strong></span> 
     </span>
    </p>
   </div>
   <div class='ocr_carea' id='block_1_104' title="bbox 166 5722 1785 5809">
    <p class='ocr_par' dir='ltr' id='par_1_104' title="bbox 166 5722 1785 5809">
     <span class='ocr_line' id='line_1_104' title="bbox 166 5722 1785 5809; baseline -0.011 -11"><span class='ocrx_word' id='word_1_786' title='bbox 166 5740 235 5798; x_wconf 90' lang='lat' dir='ltr'><strong>dit</strong></span> <span class='ocrx_word' id='word_1_787' title='bbox 259 5751 479 5802; x_wconf 86' lang='lat' dir='ltr'><strong>metum</strong></span> <span class='ocrx_word' id='word_1_788' title='bbox 518 5737 827 5809; x_wconf 88' lang='lat' dir='ltr'><strong>positorum</strong></span> <span class='ocrx_word' id='word_1_789' title='bbox 878 5742 1001 5788; x_wconf 86' lang='lat' dir='ltr'><strong>ante</strong></span> <span class='ocrx_word' id='word_1_790' title='bbox 1048 5732 1237 5788; x_wconf 83' lang='lat' dir='ltr'><strong>faciem</strong></span> <span class='ocrx_word' id='word_1_791' title='bbox 1295 5730 1624 5803; x_wconf 81' lang='lat' dir='ltr'><strong>praeliorum.</strong></span> <span class='ocrx_word' id='word_1_792' title='bbox 1651 5722 1785 5780; x_wconf 85' lang='lat' dir='ltr'><strong>Nam</strong></span> 
     </span>
    </p>
   </div>
   <div class='ocr_carea' id='block_1_105' title="bbox 550 5826 1088 5894">
    <p class='ocr_par' dir='ltr' id='par_1_105' title="bbox 550 5826 1088 5894">
     <span class='ocr_line' id='line_1_105' title="bbox 550 5826 1088 5894; baseline -0.013 0"><span class='ocrx_word' id='word_1_793' title='bbox 550 5831 829 5894; x_wconf 74' lang='grc' dir='ltr'><strong>ΡΔτειοι..</strong></span> <span class='ocrx_word' id='word_1_794' title='bbox 876 5826 1088 5893; x_wconf 88' lang='lat' dir='ltr'><strong>XXX.</strong></span> 
     </span>
    </p>
   </div>
   <div class='ocr_carea' id='block_1_106' title="bbox 1892 4613 3485 4683">
    <p class='ocr_par' dir='ltr' id='par_1_106' title="bbox 1892 4613 3485 4683">
     <span class='ocr_line' id='line_1_106' title="bbox 1892 4613 3485 4683; baseline 0.001 -15"><span class='ocrx_word' id='word_1_795' title='bbox 1892 4613 2016 4668; x_wconf 89' lang='lat' dir='ltr'><strong>bam</strong></span> <span class='ocrx_word' id='word_1_796' title='bbox 2070 4613 2171 4669; x_wconf 82' lang='lat' dir='ltr'><strong>fuit</strong></span> <span class='ocrx_word' id='word_1_797' title='bbox 2223 4615 2601 4670; x_wconf 88' lang='lat' dir='ltr'><strong>circumcisus.</strong></span> <span class='ocrx_word' id='word_1_798' title='bbox 2653 4614 2712 4670; x_wconf 88' lang='lat' dir='ltr'><strong>Si</strong></span> <span class='ocrx_word' id='word_1_799' title='bbox 2760 4617 2823 4668; x_wconf 88' lang='lat' dir='ltr'><strong>ad</strong></span> <span class='ocrx_word' id='word_1_800' title='bbox 2872 4614 3212 4683; x_wconf 90' lang='lat' dir='ltr'><strong>sanguinem,</strong></span> <span class='ocrx_word' id='word_1_801' title='bbox 3264 4628 3361 4669; x_wconf 92' lang='lat' dir='ltr'><strong>cur</strong></span> <span class='ocrx_word' id='word_1_802' title='bbox 3388 4613 3485 4669; x_wconf 83' lang='lat' dir='ltr'><strong>ﬁlii</strong></span> 
     </span>
    </p>
   </div>
   <div class='ocr_carea' id='block_1_107' title="bbox 1889 4704 3485 4774">
    <p class='ocr_par' dir='ltr' id='par_1_107' title="bbox 1889 4704 3485 4774">
     <span class='ocr_line' id='line_1_107' title="bbox 1889 4704 3485 4774; baseline 0 -13"><span class='ocrx_word' id='word_1_803' title='bbox 1889 4704 2121 4761; x_wconf 77' lang='lat' dir='ltr'><strong>Abrahze</strong></span> <span class='ocrx_word' id='word_1_804' title='bbox 2152 4720 2260 4762; x_wconf 90' lang='lat' dir='ltr'><strong>non</strong></span> <span class='ocrx_word' id='word_1_805' title='bbox 2291 4706 2540 4761; x_wconf 90' lang='lat' dir='ltr'><strong>dicantur</strong></span> <span class='ocrx_word' id='word_1_806' title='bbox 2562 4720 2683 4760; x_wconf 91' lang='lat' dir='ltr'><strong>esse</strong></span> <span class='ocrx_word' id='word_1_807' title='bbox 2704 4706 2794 4774; x_wconf 89' lang='lat' dir='ltr'><strong>qui</strong></span> <span class='ocrx_word' id='word_1_808' title='bbox 2822 4705 2919 4759; x_wconf 78' lang='lat' dir='ltr'><strong>filii</strong></span> <span class='ocrx_word' id='word_1_809' title='bbox 2964 4704 3126 4757; x_wconf 82' lang='lat' dir='ltr'><strong>sunt?</strong></span> <span class='ocrx_word' id='word_1_810' title='bbox 3146 4704 3251 4758; x_wconf 90' lang='lat' dir='ltr'><strong>Sed</strong></span> <span class='ocrx_word' id='word_1_811' title='bbox 3274 4713 3329 4759; x_wconf 92' lang='lat' dir='ltr'><strong>et</strong></span> <span class='ocrx_word' id='word_1_812' title='bbox 3356 4704 3485 4761; x_wconf 80' lang='lat' dir='ltr'><strong>fidei</strong></span> 
     </span>
    </p>
   </div>
   <div class='ocr_carea' id='block_1_108' title="bbox 1890 4796 3482 4870">
    <p class='ocr_par' dir='ltr' id='par_1_108' title="bbox 1890 4796 3482 4870">
     <span class='ocr_line' id='line_1_108' title="bbox 1890 4796 3482 4870; baseline 0 -17"><span class='ocrx_word' id='word_1_813' title='bbox 1890 4808 2043 4870; x_wconf 91' lang='lat' dir='ltr'><strong>pater</strong></span> <span class='ocrx_word' id='word_1_814' title='bbox 2069 4814 2177 4855; x_wconf 91' lang='lat' dir='ltr'><strong>non</strong></span> <span class='ocrx_word' id='word_1_815' title='bbox 2209 4807 2388 4868; x_wconf 89' lang='lat' dir='ltr'><strong>potest</strong></span> <span class='ocrx_word' id='word_1_816' title='bbox 2415 4813 2537 4853; x_wconf 91' lang='lat' dir='ltr'><strong>esse</strong></span> <span class='ocrx_word' id='word_1_817' title='bbox 2586 4798 2689 4852; x_wconf 89' lang='lat' dir='ltr'><strong>nisi</strong></span> <span class='ocrx_word' id='word_1_818' title='bbox 2742 4797 3078 4852; x_wconf 87' lang='lat' dir='ltr'><strong>credentium</strong></span> <span class='ocrx_word' id='word_1_819' title='bbox 3114 4811 3127 4848; x_wconf 93' lang='lat'><strong>:</strong></span> <span class='ocrx_word' id='word_1_820' title='bbox 3157 4807 3209 4851; x_wconf 92' lang='lat' dir='ltr'><strong>et</strong></span> <span class='ocrx_word' id='word_1_821' title='bbox 3240 4796 3334 4851; x_wconf 82' lang='lat' dir='ltr'><strong>Iilii</strong></span> <span class='ocrx_word' id='word_1_822' title='bbox 3373 4813 3482 4853; x_wconf 91' lang='lat' dir='ltr'><strong>non</strong></span> 
     </span>
    </p>
   </div>
   <div class='ocr_carea' id='block_1_109' title="bbox 1889 4886 3484 4960">
    <p class='ocr_par' dir='ltr' id='par_1_109' title="bbox 1889 4886 3484 4960">
     <span class='ocr_line' id='line_1_109' title="bbox 1889 4886 3484 4960; baseline 0.001 -14"><span class='ocrx_word' id='word_1_823' title='bbox 1889 4891 1959 4947; x_wconf 91' lang='lat' dir='ltr'><strong>de</strong></span> <span class='ocrx_word' id='word_1_824' title='bbox 1986 4892 2139 4960; x_wconf 90' lang='lat' dir='ltr'><strong>signo</strong></span> <span class='ocrx_word' id='word_1_825' title='bbox 2188 4888 2618 4944; x_wconf 86' lang='lat' dir='ltr'><strong>circumcisionis</strong></span> <span class='ocrx_word' id='word_1_826' title='bbox 2643 4927 2659 4953; x_wconf 92' lang='lat'><strong>,</strong></span> <span class='ocrx_word' id='word_1_827' title='bbox 2692 4886 2790 4941; x_wconf 89' lang='lat' dir='ltr'><strong>sed</strong></span> <span class='ocrx_word' id='word_1_828' title='bbox 2820 4887 2887 4941; x_wconf 91' lang='lat' dir='ltr'><strong>de</strong></span> <span class='ocrx_word' id='word_1_829' title='bbox 2917 4889 3097 4954; x_wconf 92' lang='lat' dir='ltr'><strong>operis</strong></span> <span class='ocrx_word' id='word_1_830' title='bbox 3127 4886 3484 4948; x_wconf 88' lang='lat' dir='ltr'><strong>similitudine</strong></span> 
     </span>
    </p>
   </div>
   <div class='ocr_carea' id='block_1_110' title="bbox 1890 4975 3482 5049">
    <p class='ocr_par' dir='ltr' id='par_1_110' title="bbox 1890 4975 3482 5049">
     <span class='ocr_line' id='line_1_110' title="bbox 1890 4975 3482 5049; baseline -0.001 -13"><span class='ocrx_word' id='word_1_831' title='bbox 1890 4988 2372 5049; x_wconf 88' lang='lat' dir='ltr'><strong>recognoscuntur.</strong></span> <span class='ocrx_word' id='word_1_832' title='bbox 2421 4977 2516 5031; x_wconf 83' lang='lat' dir='ltr'><strong>His</strong></span> <span class='ocrx_word' id='word_1_833' title='bbox 2554 4990 2682 5045; x_wconf 89' lang='lat' dir='ltr'><strong>ergo</strong></span> <span class='ocrx_word' id='word_1_834' title='bbox 2728 4990 2850 5029; x_wconf 91' lang='lat' dir='ltr'><strong>cum</strong></span> <span class='ocrx_word' id='word_1_835' title='bbox 2884 4975 3254 5044; x_wconf 89' lang='lat' dir='ltr'><strong>inhibebatur,</strong></span> <span class='ocrx_word' id='word_1_836' title='bbox 3300 4996 3369 5036; x_wconf 89' lang='lat' dir='ltr'><strong>ne</strong></span> <span class='ocrx_word' id='word_1_837' title='bbox 3420 4998 3482 5039; x_wconf 85' lang='lat' dir='ltr'><strong>se</strong></span> 
     </span>
    </p>
   </div>
   <div class='ocr_carea' id='block_1_111' title="bbox 1888 5066 3483 5141">
    <p class='ocr_par' dir='ltr' id='par_1_111' title="bbox 1888 5066 3483 5141">
     <span class='ocr_line' id='line_1_111' title="bbox 1888 5066 3483 5141; baseline 0.003 -15"><span class='ocrx_word' id='word_1_838' title='bbox 1888 5069 2158 5126; x_wconf 83' lang='lat' dir='ltr'><strong>Abraham</strong></span> <span class='ocrx_word' id='word_1_839' title='bbox 2179 5077 2404 5137; x_wconf 91' lang='lat' dir='ltr'><strong>parente</strong></span> <span class='ocrx_word' id='word_1_840' title='bbox 2415 5067 2753 5133; x_wconf 89' lang='lat' dir='ltr'><strong>jactitarent,</strong></span> <span class='ocrx_word' id='word_1_841' title='bbox 2776 5066 2906 5122; x_wconf 91' lang='lat' dir='ltr'><strong>illud</strong></span> <span class='ocrx_word' id='word_1_842' title='bbox 2938 5069 3347 5141; x_wconf 90' lang='lat' dir='ltr'><strong>ostendebatur,</strong></span> <span class='ocrx_word' id='word_1_843' title='bbox 3370 5090 3483 5130; x_wconf 86' lang='lat' dir='ltr'><strong>non</strong></span> 
     </span>
    </p>
   </div>
   <div class='ocr_carea' id='block_1_112' title="bbox 1888 5158 3481 5237">
    <p class='ocr_par' dir='ltr' id='par_1_112' title="bbox 1888 5158 3481 5237">
     <span class='ocr_line' id='line_1_112' title="bbox 1888 5158 3481 5237; baseline 0 -17"><span class='ocrx_word' id='word_1_844' title='bbox 1888 5164 2014 5237; x_wconf 90' lang='lat' dir='ltr'><strong>quia</strong></span> <span class='ocrx_word' id='word_1_845' title='bbox 2036 5163 2247 5231; x_wconf 86' lang='lat' dir='ltr'><strong>signum</strong></span> <span class='ocrx_word' id='word_1_846' title='bbox 2274 5159 2398 5214; x_wconf 83' lang='lat' dir='ltr'><strong>ﬁdei</strong></span> <span class='ocrx_word' id='word_1_847' title='bbox 2420 5158 2590 5225; x_wconf 91' lang='lat' dir='ltr'><strong>illius,</strong></span> <span class='ocrx_word' id='word_1_848' title='bbox 2611 5158 2708 5213; x_wconf 90' lang='lat' dir='ltr'><strong>sed</strong></span> <span class='ocrx_word' id='word_1_849' title='bbox 2733 5160 2857 5228; x_wconf 90' lang='lat' dir='ltr'><strong>quia</strong></span> <span class='ocrx_word' id='word_1_850' title='bbox 2888 5162 3096 5233; x_wconf 88' lang='lat' dir='ltr'><strong>signum</strong></span> <span class='ocrx_word' id='word_1_851' title='bbox 3122 5165 3354 5232; x_wconf 88' lang='lat' dir='ltr'><strong>patrium</strong></span> <span class='ocrx_word' id='word_1_852' title='bbox 3370 5181 3481 5220; x_wconf 91' lang='lat' dir='ltr'><strong>non</strong></span> 
     </span>
    </p>
   </div>
   <div class='ocr_carea' id='block_1_113' title="bbox 1892 5250 3479 5322">
    <p class='ocr_par' dir='ltr' id='par_1_113' title="bbox 1892 5250 3479 5322">
     <span class='ocr_line' id='line_1_113' title="bbox 1892 5250 3479 5322; baseline -0.002 -8"><span class='ocrx_word' id='word_1_853' title='bbox 1892 5259 2173 5313; x_wconf 90' lang='lat' dir='ltr'><strong>haberent.</strong></span> <span class='ocrx_word' id='word_1_854' title='bbox 2205 5253 2357 5307; x_wconf 92' lang='lat' dir='ltr'><strong>Tunc</strong></span> <span class='ocrx_word' id='word_1_855' title='bbox 2383 5259 2562 5306; x_wconf 89' lang='lat' dir='ltr'><strong>autem</strong></span> <span class='ocrx_word' id='word_1_856' title='bbox 2586 5250 2691 5306; x_wconf 91' lang='lat' dir='ltr'><strong>rite</strong></span> <span class='ocrx_word' id='word_1_857' title='bbox 2713 5251 2808 5307; x_wconf 85' lang='lat' dir='ltr'><strong>filii</strong></span> <span class='ocrx_word' id='word_1_858' title='bbox 2832 5254 3065 5313; x_wconf 82' lang='lat' dir='ltr'><strong>Abrahae</strong></span> <span class='ocrx_word' id='word_1_859' title='bbox 3094 5264 3221 5310; x_wconf 91' lang='lat' dir='ltr'><strong>sunt</strong></span> <span class='ocrx_word' id='word_1_860' title='bbox 3241 5257 3479 5322; x_wconf 90' lang='lat' dir='ltr'><strong>dicendi,</strong></span> 
     </span>
    </p>
   </div>
   <div class='ocr_carea' id='block_1_114' title="bbox 1892 5342 3483 5415">
    <p class='ocr_par' dir='ltr' id='par_1_114' title="bbox 1892 5342 3483 5415">
     <span class='ocr_line' id='line_1_114' title="bbox 1892 5342 3483 5415; baseline -0.003 -8"><span class='ocrx_word' id='word_1_861' title='bbox 1892 5352 1939 5408; x_wconf 91' lang='lat' dir='ltr'><strong>si</strong></span> <span class='ocrx_word' id='word_1_862' title='bbox 1966 5350 2032 5405; x_wconf 92' lang='lat' dir='ltr'><strong>ad</strong></span> <span class='ocrx_word' id='word_1_863' title='bbox 2046 5348 2273 5403; x_wconf 86' lang='lat' dir='ltr'><strong>formam</strong></span> <span class='ocrx_word' id='word_1_864' title='bbox 2295 5345 2531 5415; x_wconf 88' lang='lat' dir='ltr'><strong>parentis</strong></span> <span class='ocrx_word' id='word_1_865' title='bbox 2548 5358 2656 5398; x_wconf 91' lang='lat' dir='ltr'><strong>non</strong></span> <span class='ocrx_word' id='word_1_866' title='bbox 2674 5342 2829 5412; x_wconf 88' lang='lat' dir='ltr'><strong>facie,</strong></span> <span class='ocrx_word' id='word_1_867' title='bbox 2851 5349 2945 5403; x_wconf 90' lang='lat' dir='ltr'><strong>sed</strong></span> <span class='ocrx_word' id='word_1_868' title='bbox 2962 5352 3070 5404; x_wconf 88' lang='lat' dir='ltr'><strong>vita</strong></span> <span class='ocrx_word' id='word_1_869' title='bbox 3093 5348 3483 5413; x_wconf 89' lang='lat' dir='ltr'><strong>respondeant.</strong></span> 
     </span>
    </p>
   </div>
   <div class='ocr_carea' id='block_1_115' title="bbox 1890 5434 3487 5507">
    <p class='ocr_par' dir='ltr' id='par_1_115' title="bbox 1890 5434 3487 5507">
     <span class='ocr_line' id='line_1_115' title="bbox 1890 5434 3487 5507; baseline -0.006 -7"><span class='ocrx_word' id='word_1_870' title='bbox 1890 5443 1948 5501; x_wconf 92' lang='lat' dir='ltr'><strong>Si</strong></span> <span class='ocrx_word' id='word_1_871' title='bbox 1972 5441 2039 5497; x_wconf 86' lang='lat' dir='ltr'><strong>ad</strong></span> <span class='ocrx_word' id='word_1_872' title='bbox 2069 5439 2294 5496; x_wconf 88' lang='lat' dir='ltr'><strong>verbum</strong></span> <span class='ocrx_word' id='word_1_873' title='bbox 2323 5434 2560 5502; x_wconf 91' lang='lat' dir='ltr'><strong>Domini,</strong></span> <span class='ocrx_word' id='word_1_874' title='bbox 2594 5448 2696 5489; x_wconf 89' lang='lat' dir='ltr'><strong>nec</strong></span> <span class='ocrx_word' id='word_1_875' title='bbox 2724 5436 2896 5504; x_wconf 89' lang='lat' dir='ltr'><strong>patria</strong></span> <span class='ocrx_word' id='word_1_876' title='bbox 2924 5438 3204 5507; x_wconf 86' lang='lat' dir='ltr'><strong>diligatur,</strong></span> <span class='ocrx_word' id='word_1_877' title='bbox 3234 5442 3290 5487; x_wconf 90' lang='lat' dir='ltr'><strong>et</strong></span> <span class='ocrx_word' id='word_1_878' title='bbox 3342 5436 3487 5491; x_wconf 78' lang='lat' dir='ltr'><strong>illius</strong></span> 
     </span>
    </p>
   </div>
   <div class='ocr_carea' id='block_1_116' title="bbox 1892 5526 3493 5608">
    <p class='ocr_par' dir='ltr' id='par_1_116' title="bbox 1892 5526 3493 5608">
     <span class='ocr_line' id='line_1_116' title="bbox 1892 5526 3493 5608; baseline -0.007 -16"><span class='ocrx_word' id='word_1_879' title='bbox 1892 5538 2063 5608; x_wconf 87' lang='lat' dir='ltr'><strong>possit</strong></span> <span class='ocrx_word' id='word_1_880' title='bbox 2105 5532 2313 5588; x_wconf 89' lang='lat' dir='ltr'><strong>occidi:</strong></span> <span class='ocrx_word' id='word_1_881' title='bbox 2343 5545 2465 5585; x_wconf 90' lang='lat' dir='ltr'><strong>cum</strong></span> <span class='ocrx_word' id='word_1_882' title='bbox 2497 5530 2613 5599; x_wconf 89' lang='lat' dir='ltr'><strong>ipse</strong></span> <span class='ocrx_word' id='word_1_883' title='bbox 2659 5529 2822 5583; x_wconf 90' lang='lat' dir='ltr'><strong>etiam</strong></span> <span class='ocrx_word' id='word_1_884' title='bbox 2868 5538 3015 5592; x_wconf 88' lang='lat' dir='ltr'><strong>totus</strong></span> <span class='ocrx_word' id='word_1_885' title='bbox 3056 5532 3227 5583; x_wconf 89' lang='lat' dir='ltr'><strong>homo</strong></span> <span class='ocrx_word' id='word_1_886' title='bbox 3254 5526 3361 5594; x_wconf 93' lang='lat' dir='ltr'><strong>illi,</strong></span> <span class='ocrx_word' id='word_1_887' title='bbox 3400 5531 3493 5598; x_wconf 84' lang='lat' dir='ltr'><strong>qui</strong></span> 
     </span>
    </p>
   </div>
   <div class='ocr_carea' id='block_1_117' title="bbox 1892 5616 3497 5700">
    <p class='ocr_par' dir='ltr' id='par_1_117' title="bbox 1892 5616 3497 5700">
     <span class='ocr_line' id='line_1_117' title="bbox 1892 5616 3497 5700; baseline -0.004 -17"><span class='ocrx_word' id='word_1_888' title='bbox 1892 5644 1989 5700; x_wconf 91' lang='lat' dir='ltr'><strong>pro</strong></span> <span class='ocrx_word' id='word_1_889' title='bbox 2011 5625 2166 5682; x_wconf 90' lang='lat' dir='ltr'><strong>nobis</strong></span> <span class='ocrx_word' id='word_1_890' title='bbox 2196 5632 2440 5681; x_wconf 88' lang='lat' dir='ltr'><strong>mortuus</strong></span> <span class='ocrx_word' id='word_1_891' title='bbox 2468 5630 2571 5694; x_wconf 90' lang='lat' dir='ltr'><strong>est,</strong></span> <span class='ocrx_word' id='word_1_892' title='bbox 2605 5622 2720 5694; x_wconf 89' lang='lat' dir='ltr'><strong>pari</strong></span> <span class='ocrx_word' id='word_1_893' title='bbox 2748 5616 3298 5697; x_wconf 38' lang='lat' dir='ltr'><strong>_dcbeat‘;charitate</strong></span> <span class='ocrx_word' id='word_1_894' title='bbox 3327 5621 3497 5693; x_wconf 61' lang='lat' dir='ltr'><strong>:com-</strong></span> 
     </span>
    </p>
   </div>
   <div class='ocr_carea' id='block_1_118' title="bbox 1893 5719 2051 5779">
    <p class='ocr_par' dir='ltr' id='par_1_118' title="bbox 1893 5719 2051 5779">
     <span class='ocr_line' id='line_1_118' title="bbox 1893 5719 2051 5779; baseline -0.038 0"><span class='ocrx_word' id='word_1_895' title='bbox 1893 5719 2051 5779; x_wconf 86' lang='lat' dir='ltr'><strong>mori.</strong></span> 
     </span>
    </p>
   </div>
   <div class='ocr_carea' id='block_1_119' title="bbox 2970 5810 3009 5874">
    <p class='ocr_par' dir='ltr' id='par_1_119' title="bbox 2970 5810 3009 5874">
     <span class='ocr_line' id='line_1_119' title="bbox 2970 5810 3009 5874; baseline 0 0"><span class='ocrx_word' id='word_1_896' title='bbox 2970 5810 3009 5874; x_wconf 85' lang='lat'><strong>7</strong></span> 
     </span>
    </p>
   </div>
  </div>
