4012 6190
519 198 627 256 203

1555 196 1614 254 S.
1657 195 2039 254 HIERONYMI
2078 195 2362 253 OPERUM
2401 194 2764 254 MANTISSA.

3705 197 3807 266 205

595 322 714 379 XV.
741 322 801 380 Si
829 323 1044 382 Simeon
1066 333 1232 377 senex
1258 335 1272 374 :
1295 318 1450 374 Nunc
1476 319 1714 385 dimittis,
1741 321 1837 384 ait,
1869 320 2112 386 Domine,
2148 315 2190 372 Α
2290 308 2429 363 Χνιο
2452 308 2642 365 «iamne
2670 309 2841 377 Vides:
2881 309 2988 366 “"3
3010 349 3026 377 ο
3047 308 3232 381 iamne
3275 315 3593 374 οοηείδοηδ
3643 293 3808 376 “nam

525 433 725 471 servum
757 427 898 470 tuum
925 416 977 468 in
999 428 1158 484 pace:
1183 412 1316 478 Quia
1344 412 1578 466 viderunt
1598 411 1735 464 oeuli
1763 412 1863 464 mei
1891 410 2117 465 salutare

527 521 674 563 tuam
707 509 728 579 (
758 508 885 562 Luc.
934 520 992 571 tt,
1047 503 1118 558 29
1151 505 1190 574 ).
1224 503 1421 559 Forma
1477 511 1561 558 est
1610 502 1794 571 utique
1838 500 1981 569 quod
2023 501 2116 570 qui

529 601 798 656 Christum
826 599 991 660 videt,
1017 597 1128 666 jam
1151 598 1220 652 sit
1243 596 1444 652 saeculo
1466 594 1782 650 moriturus.
1807 593 1873 648 Et
1891 593 2008 649 haec
2031 603 2117 650 est

530 693 890 756 circumcisio,
919 705 1024 744 non
1049 689 1226 743 adhuc
1253 689 1354 744 sub
1380 688 1730 743 tabernaculo
1770 686 2119 755 significatio-

530 787 611 842 nis
627 784 1076 849 adumbrata,sed
1098 783 1536 854 praefiguratione
1558 780 1804 835 veritatis
1826 781 2116 846 occultata,

525 884 688 935 etiam
719 881 770 934 in
804 881 976 934 lucem
1023 879 1155 933 lacis
1199 876 1432 948 imagine
1476 875 1746 946 expoliata
1778 874 2119 942 procedens:

530 991 689 1046 quam
721 975 995 1030 Abraham
1025 974 1268 1043 priorum
1291 971 1682 1044 mysteriorum
1713 985 1854 1040 pene
1879 969 2118 1024 omnium

529 1069 767 1124 initiator
797 1066 1132 1132 ostenderat,
1162 1080 1284 1120 cum
1306 1076 1428 1135 post
1452 1064 1677 1118 verbum
1710 1062 1921 1117 Domini
1945 1063 2119 1117 locum

528 1161 629 1216 sibi
653 1175 684 1215 a
708 1159 836 1214 liliis
859 1159 1021 1224 Heth,
1054 1167 1158 1212 non
1188 1158 1278 1213 ubi
1306 1157 1536 1218 viveret,
1563 1155 1661 1211 sed
1685 1154 1773 1209 ubi
1796 1163 2119 1217 moreretur,

526 1255 779 1326 acquirit.
804 1255 941 1324 Magi
971 1268 1208 1324 quoque,
1226 1253 1449 1306 adorato
1476 1250 1728 1312 Domino,
1751 1263 1818 1303 ne
1838 1249 1923 1305 cui
1951 1247 2122 1317 genti,

530 1363 588 1406 ut
618 1351 926 1415 docuimus,
971 1347 1293 1418 praeputium
1334 1345 1622 1414 corporale
1662 1341 1839 1397 fraudi
1877 1348 2026 1395 essm
2054 1339 2122 1392 ad

527 1445 776 1514 gloriam,
796 1440 909 1495 suis
940 1455 998 1495 se
1015 1439 1298 1494 affectibus
1321 1433 1737 1499 circumcidere,
1761 1448 1882 1487 cum
1909 1431 2124 1485 thesau-

533 1535 609 1588 ris
637 1533 772 1600 suis,
805 1532 860 1586 id
889 1541 994 1599 est,
1028 1530 1256 1585 secretis
1287 1529 1549 1584 mentium
1583 1524 1886 1595 patefactis,
1918 1526 2126 1578 animo-

534 1640 652 1680 rum
681 1634 861 1678 motus
892 1634 1199 1677 mactavere
1225 1633 1325 1691 pro
1360 1633 1587 1674 munere
1617 1635 1632 1683 ;
1673 1631 1877 1685 eosque
1906 1614 2125 1670 morbos

2217 403 2684 459 oircumcisionem
2715 417 2810 474 per
2831 419 3057 474 operum
3081 405 3336 478 formam,
3361 409 3507 467 velut
3535 425 3634 484 per
3667 430 3812 487 quaa-

2218 494 2342 550 dam
2371 495 2742 552 membrorum
2773 497 3096 554 lineamenta
3125 499 3416 558 deductam
3440 548 3456 576 ,
3504 516 3558 562 et
3600 523 3700 578 per
3722 524 3810 564 ae-

2218 597 2367 643 tuum
2397 588 2761 646 diversitatem
2785 593 2936 661 quasi
2965 593 3207 648 colorum
3229 597 3771 670 varietatcdepictam
3796 621 3809 657 '.

2221 688 2245 715 ο
2272 695 2436 734 unum
2465 691 2642 736 tamen
2663 681 3068 751 justiticationis
3091 688 3297 756 apicem
3331 691 3589 748 virtutum
3634 697 3814 764 gradi-

2219 771 2317 827 but
2345 771 2656 840 impletam?
2687 775 2877 829 Cernis
2904 776 3069 832 alium
3115 780 3342 849 patriam
3373 783 3768 856 relinquentem
3797 831 3811 857 ,

2222 877 2323 920 nec
2345 864 2414 918 de
2441 865 2733 935 parricidio
2765 867 3099 924 dubitantem
3158 890 3170 924 :
3219 874 3384 928 alium
3434 879 3571 933 tanti
3619 888 3815 938 'ceusus

2223 956 2566 1026 naufragium
2595 973 2699 1011 non
2723 971 3028 1030 curantem,
3059 979 3162 1019 nec
3193 965 3245 1020 in
3279 968 3599 1024 orbitatibus
3630 973 3816 1044 laety-

2223 1065 2453 1114 marum,
2487 1051 2650 1105 immo
2680 1055 2808 1107 etin
2835 1056 3118 1123 putredine
3147 1062 3393 1128 corporis
3431 1065 3514 1118 sui
3568 1064 3637 1120 de
3688 1082 3814 1137 pec-

2224 1150 2346 1196 eato
2379 1145 2558 1212 potius
2580 1147 2826 1215 conjugis
2848 1163 3008 1216 quam
3041 1165 3139 1204 suo
3164 1153 3388 1208 Vulnere
3427 1159 3812 1227 suspirantem.

2225 1232 2376 1288 Illam
2409 1236 2634 1304 ponnlos
2662 1251 2790 1292 suos
2821 1238 3062 1307 deosque
3089 1243 3453 1315 deserentem,
3480 1263 3582 1304 nec
3604 1251 3658 1305 in
3680 1251 3816 1306 alie-

2228 1344 2350 1382 nam
2373 1339 2588 1399 gentem
2615 1334 2828 1400 inopem
2862 1333 3034 1388 virilis
3056 1339 3237 1392 auxilii
3265 1343 3815 1401 veniremetuentem.

2229 1417 2379 1474 lluuc
2404 1424 2836 1490 repromissionis
2871 1427 3235 1496 ingressurum
3257 1443 3446 1500 terras,
3461 1435 3820 1509 cultellosque

2227 1513 2531 1568 animorum
2560 1531 2665 1570 non
2701 1518 2752 1570 in
2778 1532 2911 1573 ense
2936 1529 3222 1588 ponentem
3259 1561 3273 1590 ,
3322 1526 3416 1581 sed
3455 1526 3524 1582 de
3554 1537 3715 1585 caute
3746 1531 3820 1585 fa-

2228 1606 2497 1673 cientem,
2527 1618 2584 1662 ut
2608 1625 2674 1664 ex
2706 1626 2766 1666 se
2795 1610 2993 1668 habeat
3025 1618 3290 1688 petrinus,
3324 1621 3468 1690 quod
3500 1622 3711 1678 ferreus
3733 1641 3822 1679 ac-

536 1733 631 1786 per
654 1733 789 1786 quos
814 1715 1014 1786 aliquid
1037 1726 1128 1770 aut
1153 1714 1424 1784 cupimus,
1453 1721 1545 1766 am
1569 1708 1879 1773 metuimus,
1908 1719 2000 1762 θυι
2029 1707 2124 1760 (ιο-
2153 1703 2202 1763 Β
2228 1697 2390 1766 quirit
2436 1699 2676 1756 aliunde.
2727 1702 2906 1758 Alium
2957 1707 3010 1760 in
3063 1707 3358 1765 solitudine
3413 1711 3555 1766 viam
3609 1715 3820 1772 Domini

534 1811 728 1873 lemus,
752 1807 898 1862 velut
920 1817 1044 1862 ante
1067 1807 1282 1875 pietatis
1302 1820 1453 1859 aram
1474 1815 1529 1859 et
1545 1801 1931 1857 misericordia!
1953 1799 2123 1854 altare

531 1902 809 1967 foderunt,
843 1909 900 1954 ut
930 1900 1013 1952 vel
1044 1900 1094 1952 in
1126 1913 1258 1961 auro
1276 1898 1524 1960 avaritia,
1560 1895 1642 1949 vel
1677 1895 1729 1947 in
1764 1892 1924 1946 thure
1954 1891 2124 1944 idolo-

531 1996 711 2056 latria,
747 1994 829 2047 vel
866 1993 918 2047 in
950 1993 1164 2062 myrrha
1201 1992 1353 2045 lieret
1383 1988 1613 2043 Domino
1639 1986 1882 2056 subjecta
1914 1994 2120 2038 morta-

527 2088 681 2138 litas:
708 2100 736 2138 a
767 2101 872 2152 quo
902 2084 1019 2150 ejus
1050 2080 1233 2150 utique
1264 2090 1380 2134 erat
1411 2078 1626 2144 captiva
1671 2076 1920 2131 ducenda
1948 2075 2122 2142 capti-

526 2177 662 2230 vitas
690 2195 701 2227 :
733 2187 786 2228 et
820 2175 870 2226 iu
901 2175 1040 2227 hanc
1063 2183 1272 2243 petram
1302 2182 1358 2225 et
1379 2188 1530 2225 sacra
1562 2170 1805 2240 pecunia:
1829 2169 2116 2238 cupiditas,

525 2288 578 2330 et
603 2277 824 2345 profana
850 2288 1100 2328 errorum
1130 2273 1467 2342 superstitio,
1493 2282 1548 2325 et
1570 2281 1744 2325 amata
1778 2270 2119 2322 ιιιοτιιιιίιιιιὶς

524 2370 785 2431 conditio,
819 2367 966 2422 vclttt
998 2366 1156 2420 illis-te
1186 2363 1916 2432 morerenturzjampridcm
1948 2363 2120 2433 Baby-

524 2465 628 2516 loni
657 2461 942 2515 Psalmista
977 2459 1308 2528 prmciaente
1334 2475 1346 2510 :
1382 2456 1575 2510 Beatus
1603 2458 1690 2528 qui
1720 2456 1902 2510 tenebit
1932 2465 1980 2509 et
2006 2454 2123 2508 alti-

520 2556 602 2608 det
631 2552 871 2625 parvulos
904 2565 1020 2604 suos
1053 2549 1170 2621 [AL
1197 2547 1346 2619 tuos]
1378 2549 1446 2601 ad
1471 2559 1673 2619 petram
1703 2546 1878 2618 (Psal.
1901 2561 2115 2612 cxxxvt,

523 2646 614 2715 9).
641 2646 754 2700 Sub
777 2645 861 2697 his
890 2658 1020 2711 ergo
1052 2641 1327 2709 Magorum
1371 2649 1424 2694 et
1456 2640 1764 2694 nominibus
1808 2651 1862 2693 et
1891 2639 2120 2693 oblatio-

525 2738 704 2801 nibus,
734 2733 1045 2788 omnimode
1071 2732 1168 2787 ille
1197 2732 1504 2787 divinorum
1547 2745 1772 2801 opermn
1803 2731 2116 2798 interpella-

522 2839 608 2884 tor
633 2828 846 2882 exuitur
872 2843 886 2878 :
917 2825 1185 2892 Quoniam
1218 2823 1356 2877 Deus
1386 2834 1492 2878 erat
1521 2826 1574 2878 in
1621 2822 1826 2879 Christo
1870 2822 2118 2876 mundum

524 2916 862 2972 reconcilians
893 2917 1010 2970 sibi.
1041 2917 1176 2983 Quis
1199 2917 1343 2970 enim
1367 2917 1478 2986 jam
1528 2925 1624 2970 aut
1649 2931 1838 2970 aurum
1887 2917 1990 2969 sibi
2022 2930 2119 2969 au-

523 3010 644 3065 deat
677 3009 974 3077 possidere,
1011 3009 1054 3062 si
1081 3008 1295 3063 Domini
1333 3008 1450 3064 est?
1475 3018 1569 3062 aut
1596 3007 1754 3062 idolis
1796 3007 1952 3062 thura
1981 3021 2111 3062 con~

2226 1803 2643 1860 prteparautem,
2677 1803 2732 1848 et
2763 1806 2939 1851 rectas
2967 1799 3189 1854 semitas
3218 1802 3270 1855 in
3287 1817 3476 1859 eremo
3505 1806 3816 1864 facientem.

2224 1882 2401 1935 Alium
2436 1900 2601 1952 porro
2632 1885 2830 1941 dimitti
2863 1889 2930 1943 de
2958 1893 3157 1946 saeculo
3185 1893 3601 1963 deprecantem,
3639 1909 3697 1955 et
3727 1915 3823 1971 pa-

2223 1989 2338 2029 cem
2367 1978 2577 2032 Domini
2611 1980 2772 2034 malle
2797 1997 2956 2050 quam
2987 1985 3196 2039 mundi.
3229 1986 3340 2042 Hos
3363 2003 3494 2044 vero
3514 1992 3630 2045 suis
3657 1993 3823 2048 ειπερ-

2224 2069 2364 2122 tibus
2394 2073 2670 2138 spoliatos.
2696 2075 2747 2128 in
2775 2089 2930 2141 auro,
2961 2079 3184 2134 thttreet
3209 2084 3424 2152 myrrha
3447 2088 3821 2144 conversatio-

2223 2176 2349 2214 num
2381 2162 2574 2219 itinere
2600 2175 2826 2234 mutato,
2853 2170 2940 2238 qtti
2965 2184 3059 2239 per
3090 2171 3355 2229 Herodem
3389 2187 3650 2234 venerant
3673 2222 3688 2245 ,
3724 2195 3820 2251 per

2223 2255 2470 2322 angelum
2499 2256 2808 2313 redeuntes.
2835 2260 2999 2316 istum
3037 2265 3198 2318 etiam
3240 2281 3383 2323 nunc
3410 2282 3635 2326 acervos
3669 2273 3818 2328 frau-

2221 2345 2368 2400 dium
2401 2363 2522 2403 Cum
2546 2349 2734 2406 fenore
2765 2365 3238 2426 removentem,ct
3260 2363 3490 2419 Abrahae
3516 2365 3687 2420 lilium
3709 2383 3815 2423 non

2221 2449 2430 2494 natura:
2457 2443 2750 2512 henclicio,
2781 2448 2874 2502 sed
2909 2463 3185 2520 gestorum
3229 2453 3482 2527 suﬁragio
3538 2473 3818 2532 nuncupa—

2223 2547 2332 2592 tum
2367 2555 2378 2590 :
2406 2548 2464 2592 ut
2485 2541 2769 2596 evidenter
2793 2557 3083 2614 appareret
3104 2553 3317 2605 omnem
3347 2554 3532 2609 mundi
3563 2565 3814 2613 nat-uram

2222 2647 2318 2700 per
2337 2633 2670 2703 singulorqu
2694 2639 3040 2706 operationes
3079 2641 3249 2698 fuisse
3275 2645 3585 2707 demissam.

2296 2723 2453 2778 XVII.
2478 2726 2584 2781 Sed
2617 2732 2873 2797 quoniam
2905 2743 3176 2804 tamquam
3207 2741 3349 2794 eirea
3391 2742 3648 2809 ttuptiali's
3685 2757 3817 2800 con-

2220 2817 2348 2870 vivii
2374 2818 2559 2879 linem.
2592 2837 2728 2889 pene
2759 2824 2940 2878 vinum
2965 2829 3107 2896 quod
3148 2843 3246 2898 per
3267 2833 3605 2900 patriarchas
3653 2835 3818 2892 mini-

2219 2910 2493 2964 strabatur
2518 2915 2900 2981 expendimus,
2929 2928 2980 2971 et
3013 2933 3212 2974 uorum
3237 2925 3501 2991 enauimus
3542 2933 3812 2997 aquarum

2220 3007 2577 3061 Cuttversione
2598 3010 2802 3075 libare,
2835 3011 2902 3065 de
2934 3015 3094 3066 novis
3123 3031 3338 3085 quoque
3375 3019 3581 3073 utribus
3631 3022 3813 3093 aliqua

521 3116 790 3164 cremare,
824 3101 868 3154 si
900 3098 1101 3156 Christi
1131 3102 1237 3154 sit?
1268 3110 1362 3153 aut
1388 3110 1660 3152 mortuum
1712 3098 1814 3152 nisi
1866 3109 2114 3153 mortuus
2139 3087 2184 3149 C
2218 3097 2591 3166 proferamus:
2627 3115 2684 3155 ut
2712 3105 2873 3172 quale
2901 3110 2969 3158 sit
3009 3108 3152 3175 quod
3204 3117 3566 3180 receperunt,
3627 3113 3695 3167 de
3745 3129 3815 3170 eo

519 3195 774 3264 sepelire,
801 3193 848 3247 si
873 3192 1091 3264 myrrha
1110 3193 1220 3260 jam
1247 3193 1349 3245 vivi
1375 3192 1491 3246 est?
1510 3191 1754 3261 Denique
1771 3202 1822 3245 et
1843 3205 1873 3245 a
1895 3191 2113 3246 diabolo

521 3288 666 3342 velut
691 3302 787 3354 per
813 3287 951 3339 hanc
978 3285 1137 3338 triutu
1163 3284 1336 3336 aleam
1369 3294 1692 3337 tesserarum
1716 3283 1974 3338 Dominus
1998 3284 2113 3352 ipse

521 3387 778 3434 tentatur.
808 3376 942 3431 Nam
991 3390 1046 3430 et
1076 3375 1407 3429 continentia
1453 3374 1508 3428 in
1542 3374 1703 3440 fame,
1758 3385 1812 3430 et
1839 3376 2028 3446 religio
2059 3378 2110 3430 in

521 3470 818 3532 adorando,
851 3480 907 3524 ct
937 3468 1044 3522 vita
1079 3468 1132 3521 in
1161 3467 1469 3537 prmeipitio
1500 3468 1854 3537 periclitatur.
1885 3469 1990 3526 Sed
2035 3469 2112 3523 fa-

519 3562 622 3614 cile
671 3571 866 3614 cuncta
925 3560 1226 3628 superavit,
1275 3558 1399 3629 quia
1435 3571 1584 3628 pater
1609 3569 1663 3614 et
1705 3576 1799 3617 rex
1846 3563 2109 3618 bonorum

520 3653 762 3707 cautium
796 3652 1200 3715 thesaurorum,
1235 3660 1291 3706 et
1317 3652 1576 3708 sacerdos
1602 3656 1962 3724 repositorum
1987 3667 2111 3714 ante

520 3745 716 3799 saecula
747 3745 1155 3814 mysteriorum,
1185 3755 1239 3799 et
1274 3747 1608 3800 resurrectio
1657 3747 1960 3804 destinatus
2016 3753 2114 3805 luit

520 3843 878 3890 mortuorum.
905 3833 1042 3904 Magi
1066 3845 1241 3888 tamen
1271 3851 1337 3888 ex
1360 3835 1455 3890 illo
1482 3839 1678 3892 veteris
1690 3839 1813 3894 vitae.
1841 3841 2111 3910 reliquere

519 3929 787 3998 vestigia:
835 3942 1141 3996 novumque
1189 3927 1290 3981 iter
1333 3929 1600 3998 ingrcssi,
1645 3932 1798 3986 vacui
1854 3935 2106 4002 sarcinis,

515 4037 619 4077 non
643 4021 796 4076 vacui
824 4019 1224 4082 benedictione,
1257 4031 1643 4077 cantaverunt:
1669 4022 1963 4093 Revertere,
1989 4029 2099 4079 ani-

513 4132 598 4169 ma
625 4130 760 4181 mea,
787 4117 841 4167 in
871 4115 1274 4186 reqttiemtuant,
1301 4117 1426 4185 quia
1456 4113 1712 4172 Dominus
1733 4119 1979 4190 benefacit
2017 4122 2108 4174 tibi

515 4207 535 4278 (
568 4205 771 4262 Psatm.
796 4221 942 4269 extr,
977 4205 1061 4275 7).
1094 4205 1203 4261 Nec
1234 4222 1341 4261 non
1401 4208 1492 4263 ille
1522 4210 1587 4262 ad
1637 4225 1796 4280 quem
1846 4212 2109 4269 Dominus

515 4299 794 4369 ingressus
824 4306 929 4365 est,
957 4298 1103 4352 omni
1132 4299 1333 4354 dicitur
1359 4302 1624 4371 prteputio
1649 4303 2008 4360 circumcisus
2037 4307 2110 4362 vi-

515 4396 883 4448 tiorumznam
909 4402 964 4445 et
992 4391 1274 4448 dimidium
1297 4407 1367 4449 ex
1395 4395 1696 4450 substantia
1727 4411 1823 4452 sua
1861 4397 1953 4453 dat
1982 4415 2106 4471 cge-

2217 3191 2357 3260 quod
2382 3193 2482 3262 ipsi
2512 3195 2760 3250 redolent
2783 3200 3134 3254 a-stiutentus.
3155 3201 3346 3258 Fervet
3369 3204 3587 3274 quidem
3606 3210 3815 3263 unifor-

2216 3285 2377 3338 ntiter
2409 3301 2501 3354 per
2525 3292 2765 3343 omnium
2794 3294 3164 3357 apostolorum
3194 3305 3398 3351 mentes
3428 3299 3603 3367 plenis
3633 3313 3818 3358 musto

2218 3377 2547 3444 pectoribus,
2575 3390 2629 3433 et
2657 3396 2965 3437 mensuram
2992 3400 3308 3454 corpoream
3342 3390 3623 3446 inundatio
3649 3393 3816 3462 spiri-

2216 3466 2377 3521 tualis
2400 3468 2693 3537 excedens,
2718 3472 3044 3530 ebrietatem
3076 3485 3182 3531 neu
3204 3480 3342 3533 celat
3361 3480 3676 3550 gloriosam.
3703 3481 3814 3539 Νο-

2215 3558 2299 3614 bis
2320 3570 2497 3617 tamen
2529 3565 2595 3618 ab
2625 3565 2720 3620 illo
2741 3576 2821 3621 est
2841 3568 3202 3639 incipiendum
3232 3586 3261 3626 a
3289 3583 3397 3642 quo
3429 3574 3714 3632 hauriendi
3737 3580 3815 3632 si-

2216 3654 2282 3707 tis
2310 3665 2392 3710 est
2424 3657 2674 3711 inchoata
2703 3677 2715 3710 :
2749 3672 2807 3712 ut
2839 3675 2904 3714 ex
2933 3661 3184 3717 desiderii
3214 3669 3605 3736 magnitudine,
3635 3683 3810 3726 sacrm

2213 3747 2500 3805 infusionis
2525 3752 2915 3821 plenitudinem
2947 3754 3238 3811 doceamus
3263 3772 3328 3814 ex
3368 3771 3478 3815 tino
3517 3764 3664 3818 sitim
3708 3780 3808 3835 pas

2215 3842 2370 3898 rilem
2402 3847 2709 3912 sociorum,
2743 3863 2850 3924 non
2883 3851 3048 3905 avara
3086 3853 3286 3907 divintc
3325 3857 3642 3913 sobrietatis
3675 3875 3806 3930 pro-

2213 3935 2472 4004 pinatam.
2508 3940 2648 3994 Ecce
2689 3941 2942 4013 inclytam
2973 3944 3340 4003 sodalitatem.
3382 3953 3682 4022 Augustum
3715 3968 3809 4009 ea-

2212 4039 2306 4098 put
2342 4031 2532 4087 Petrus
2564 4035 2790 4102 extulit,
2841 4039 2962 4091 novi
3005 4039 3230 4106 signifer
3274 4049 3586 4100 tcsutmeati
3645 4059 3701 4103 et
3753 4051 3805 4104 in

2213 4124 2485 4180 creatione
2513 4128 2631 4196 ejus
2663 4130 2964 4196 primitivus
2996 4151 3006 4183 :
3041 4135 3177 4187 alius
3226 4136 3367 4204 quod
3423 4137 3542 4192 sine
3588 4140 3810 4197 dubita-

2213 4221 2360 4272 tione
2391 4219 2588 4289 loquor
2618 4222 2909 4288 Abraham,
2943 4225 3132 4279 nescio
3160 4241 3228 4282 an
3257 4228 3429 4297 major
3451 4243 3466 4283 :
3490 4244 3643 4291 certe
3660 4233 3804 4301 quod

2211 4311 2387 4365 sentio
2416 4327 2521 4365 non
2555 4314 2848 4370 secundus.
2880 4316 2958 4370 llli
3004 4323 3288 4388 generatio
3331 4324 3475 4393 larga
3527 4327 3803 4396 promitti-

2212 4409 2322 4468 tur,
2355 4401 2480 4457 huic
2502 4407 2782 4470 generatio
2825 4411 3092 4477 pasccnda
3146 4414 3521 4470 committitur.
3578 4418 3665 4473 Ab
3710 4421 3808 4477 illo

512 4486 618 4551 “is,
650 4494 707 4540 α
747 4485 790 4538 si
817 4483 903 4538 cui
924 4484 1050 4554 quid
1083 4484 1372 4556 fraudavit,
1409 4487 1588 4542 reddi;
1620 4489 1672 4544 in
1719 4491 2100 4563 quadrupmm,
2130 4477 2181 4537 D
2203 4491 2554 4561 justiticanda
2583 4496 2882 4564 procedunt
2907 4521 2919 4553 ;
2943 4501 2994 4554 in
3031 4503 3442 4573 hoejustiticata
3466 4508 3803 4567 fundantur:

512 4576 603 4631 llte
633 4576 819 4645 utique
843 4577 930 4644 qui
963 4576 1252 4632 Dominum
1284 4591 1388 4630 non
1417 4588 1626 4646 poterat
1653 4580 1838 4638 videre
1863 4584 1990 4639 dum
2022 4585 2105 4639 di-

507 4685 597 4722 ves
623 4679 788 4734 esset,
817 4670 917 4724 nisi
949 4681 1239 4739 postquam
1270 4669 1338 4723 de
1368 4678 1544 4736 terra,
1577 4672 1631 4726 in
1659 4687 1760 4742 qua
1790 4689 1887 4729 cur
1934 4677 2104 4745 ipsius

507 4760 790 4815 videbatur
815 4776 937 4816 esse
964 4779 1085 4816 cum
1121 4762 1396 4828 thesauro,
1421 4777 1768 4832 sycomorum
1786 4783 1891 4837 qua
1911 4770 2100 4828 Domi-

512 4869 610 4907 nus
631 4865 775 4908 esset
803 4855 1132 4910 transiturus
1160 4855 1426 4910 ascendit.
1456 4855 1606 4911 Tunc
1629 4859 1774 4914 velut
1799 4861 1867 4916 de
1897 4880 2099 4938 cogna-

509 4951 562 4996 ta
593 4944 969 5001 necessitatea
1025 4947 1395 5017 cruciﬁgrndo
1449 4957 1852 5019 conspectusin
1901 4961 2097 5018 arbore

507 5036 874 5105 cognoscitur,
903 5047 961 5093 et
992 5039 1132 5097 [ilius
1159 5040 1360 5096 dicitur
1386 5042 1640 5098 Abrahaa.
1697 5044 1806 5102 Cur
1853 5050 2047 5114 dicitur
2073 5058 2096 5110 ?

507 5128 564 5184 Si
587 5136 738 5190 erat,
773 5131 1076 5186 testimonio
1127 5149 1235 5190 non
1291 5137 1505 5206 egebat.
1539 5135 1644 5193 Sed
1689 5143 1941 5210 quoniam
1987 5164 2093 5204 non

502 5237 697 5277 omnes
725 5231 884 5276 erant
911 5223 1004 5278 ﬁlii
1031 5225 1284 5294 Abrahae,
1316 5229 1408 5298 qui
1435 5243 1560 5286 esse
1580 5232 1976 5295 credebantur:
2006 5241 2093 5298 hic

501 5315 567 5368 de
594 5328 764 5384 opere
793 5317 1106 5383 aguoscitur
1130 5317 1292 5385 filius,
1324 5335 1430 5375 non
1459 5321 1530 5377 de
1555 5333 1713 5392 gente
1742 5344 1754 5381 :
1785 5337 1838 5382 et
1867 5331 2089 5400 virtute,

499 5419 604 5460 non
646 5407 715 5459 de
742 5407 1024 5476 sanguine.
1061 5408 1155 5463 lia:
1200 5411 1649 5470 circumcisiones
1671 5425 1802 5473 sunt
1851 5432 1991 5480 nota:
2029 5428 2097 5485 de

495 5497 922 5553 circumcisionis
949 5498 1165 5556 eﬂ'ectu.

2207 4587 2278 4640 ita
2307 4589 2446 4657 quod
2485 4589 2571 4643 ille
2595 4601 2796 4658 Sperat,
2831 4593 2919 4648 hic
2941 4595 3156 4664 aet-ipit.
3189 4596 3268 4652 [lli
3298 4598 3499 4654 dicitur
3527 4619 3541 4655 :
3583 4601 3806 4659 Faciant

2207 4687 2254 4732 te
2281 4680 2337 4732 in
2364 4689 2563 4752 gentem
2592 4699 2831 4755 magnam
2861 4683 3015 4754 (Gen.
3051 4699 3145 4755 xtt,
3171 4694 3229 4757 τε)
3255 4708 3269 4757 ;
3297 4691 3420 4747 huic
3443 4695 3673 4751 dicitur:
3695 4695 3808 4753 Fa-

2202 4771 2335 4824 ciam
2354 4780 2400 4824 te
2424 4773 2478 4825 in
2505 4774 2806 4842 piscatorem
2833 4775 3100 4832 hominum
3127 4780 3342 4854 (Matth.
3376 4800 3448 4850 tv,
3477 4786 3588 4858 19).
3617 4787 3700 4843 Illi
3722 4792 3809 4845 di-

2205 4861 2346 4916 citur
2379 4881 2389 4914 :
2419 4861 2486 4916 In
2509 4867 2702 4918 semine
2725 4875 2815 4920 tuo
2846 4868 3220 4943 benedicentur;
3232 4889 3408 4932 omnes
3440 4892 3616 4948 genre:
3639 4879 3804 4950 (Gen.

2210 4969 2304 5023 xtt,
2340 4954 2420 5021 5);
2455 4955 2579 5012 huic
2597 4958 2796 5014 dicitur
2819 4977 2835 5016 :
2865 4961 3132 5020 Judicabis
3151 4969 3422 5022 duodecim
3447 4972 3807 5030 nibus-Israel

2210 5051 2428 5121 (Matth.
2457 5054 2703 5126 xrx,28).
2741 5057 2822 5110 llli
2846 5058 3044 5114 dicitur
3085 5076 3099 5112 :
3155 5060 3222 5116 Ut
3268 5065 3437 5118 stellte
3485 5067 3580 5118 erit
3623 5078 3805 5123 semen

2209 5155 2356 5199 tamn
2385 5147 2540 5218 (Gen.
2575 5163 2708 5211 xxn,
2739 5151 2853 5220 i7);
2885 5153 3012 5209 huic
3041 5156 3240 5211 dicitur
3266 5172 3282 5213 :
3315 5159 3433 5214 Tibi
3463 5161 3596 5215 dabo
3628 5164 3805 5220 duties

2204 5243 2352 5312 regni
2371 5244 2612 5297 aratorum
2643 5245 2860 5316 (Matth.
2897 5264 3006 5314 xvt,
3040 5251 3153 5322 59).
3189 5258 3264 5306 Ac
3293 5269 3391 5322 per
3421 5255 3542 5321 hoc,
3576 5257 3671 5314 ille
3698 5257 3806 5316 fa:-

2205 5336 2480 5390 cunditate
2509 5338 2734 5392 seminis
2760 5341 3030 5397 benedicti
3061 5345 3317 5415 impletur
3357 5363 3373 5402 :
3405 5348 3491 5403 hic
3531 5360 3660 5408 ante
3713 5357 3808 5409 se-

2204 5442 2326 5482 men
2354 5429 2524 5496 ipsum
2559 5433 3023 5500 evangelizaturus
3069 5437 3371 5494 asciscitur.
3421 5439 3660 5500 Ahralm
3701 5457 3806 5517 pro

2204 5522 2330 5577 miis
2369 5521 2590 5576 claritas
2638 5533 2978 5585 monstratur
3008 5540 3310 5602 astrorum,
3343 5534 3440 5589 sed
3486 5535 3653 5596 Petro
3692 5547 3807 5598 ιη-

565 5661 591 5689 κ
621 5652 701 5708 Ab
730 5651 834 5710 hoc
854 5664 1058 5727 septem
1090 5671 1296 5733 versus
1320 5660 1711 5737 subsequentes
1755 5672 1810 5730 in
1857 5689 2058 5746 nupera
2094 5678 2226 5738 edit.
2270 5677 2668 5740 desiderantur.
