4012 6190
196 241 296 302 Ξοὸ

1103 244 1437 305 EPISTOLA
1474 245 1621 304 XIX.
1657 245 1751 305 DE
1779 244 1963 306 ΜΛ
1993 247 2549 311 CIRCUMCISIONE.

3380 256 3492 312 306

195 357 388 412 duntur
408 371 574 430 regna
605 357 865 416 caelorum
899 371 915 415 :
944 359 1196 416 videlicet
1228 369 1285 415 ut
1315 362 1368 415 in
1397 376 1459 416 ea
1488 404 1503 426 ,
1537 361 1656 415 sine
1682 360 1785 415 Pe-
1810 363 1862 422 A
1888 362 2195 431 hominum,
2229 384 2337 423 uno
2365 377 2544 425 tamen
2574 377 2885 442 contemptu
2913 386 3101 428 rerum
3150 374 3299 429 velut
3342 374 3489 427 falce

197 462 290 515 tre,
320 466 419 506 nec
449 452 541 506 lilii
577 455 807 509 Abrahm
836 456 1046 524 possint
1074 455 1300 510 intrare.
1354 456 1450 509 llie
1497 471 1629 524 ergo
1680 469 1787 509 non

193 559 288 614 quo
307 546 662 601 circumcisus
692 548 758 601 sit
782 548 937 617 juxta
966 559 1179 618 gentem
1218 562 1374 602 suam
1422 547 1567 616 apud
1604 546 1790 601 Domi-

194 635 618 707 numgloriatur,
646 639 740 693 sed
772 639 906 693 dicit
938 655 952 692 :
984 637 1118 693 Ecce
1149 655 1240 693 nos
1266 639 1567 710 reliquimus
1589 639 1785 704 omnia,

191 738 234 783 et
254 714 414 784 θρῖπαιὶ
443 747 622 785 sumus
666 740 745 796 te,
778 733 900 803 quid
931 733 1029 787 erit
1061 733 1207 785 nobis
1229 734 1248 803 (
1270 730 1456 785 Matth.
1499 746 1586 785 xtx
1606 773 1621 796 ,
1650 730 1791 800 φηγ

191 823 315 890 Quae
339 834 471 880 sunt
497 825 599 879 ista
624 827 808 880 omnia
834 826 974 896 apud
1003 839 1128 880 cum
1152 865 1166 887 ,
1207 825 1297 894 qui
1342 834 1537 894 praeter
1590 823 1793 878 instru-

189 924 427 970 mentum
458 914 593 970 artis
624 915 940 985 piscaloria‘.
974 916 1107 971 nihil
1142 916 1411 972 habebat?
1461 915 1670 983 omnia,
1712 916 1792 969 in-

183 1006 316 1076 quit,
347 1008 544 1078 utique
568 1023 693 1078 quae
715 1008 782 1063 ad
814 1008 1285 1079 eoneupisceutias
1308 1008 1539 1062 mundus
1570 1007 1787 1076 ingerit,

180 1114 303 1168 qua:
326 1102 592 1171 praeputia
621 1112 849 1170 possunt
871 1103 974 1155 diei
993 1142 1008 1166 ,
1032 1102 1077 1154 si
1108 1109 1504 1169 congregantur
1537 1100 1604 1152 ad
1638 1099 1790 1152 leno-

182 1192 322 1245 cinia
358 1192 568 1261 peccati
594 1209 606 1245 :
638 1208 757 1262 quae
783 1191 1153 1245 vehementius
1179 1190 1518 1260 praecidenda
1566 1202 1787 1243 succre.

181 1294 364 1348 scunt,
396 1286 442 1338 si
470 1299 596 1339 eum
629 1295 896 1353 proventu
932 1285 1175 1338 mentita:
1233 1284 1507 1337 fclicitatis
1556 1281 1783 1336 adulan-

184 1386 313 1430 tur:
355 1377 787 1446 interioremque
843 1377 983 1430 illam
1027 1377 1229 1431 mentis
1276 1385 1481 1431 nostra:
1530 1385 1782 1430 naturam

180 1470 587 1524 circumvestire
610 1471 890 1525 nituntur:
924 1479 980 1523 ut
1006 1469 1311 1538 majoribus
1333 1468 1576 1524 tenebris
1608 1468 1781 1537 ipsum

181 1565 337 1617 etiam
368 1562 512 1632 quod
541 1562 701 1618 nobis
718 1577 815 1630 pro
846 1562 1050 1616 lumine
1071 1563 1255 1616 datum
1279 1572 1384 1627 est,
1419 1563 1778 1617 tenebrescat.

186 1654 388 1718 Omnia,
418 1654 589 1724 inquit
616 1654 931 1724 Apostolus,
962 1655 1266 1724 reliquimus
1286 1696 1302 1719 ,
1336 1663 1384 1709 et
1415 1655 1577 1710 secuti
1605 1671 1783 1709 sumus

1891 458 2228 513 succideret.

1969 546 2158 603 XVIII.
2197 551 2262 604 Et
2298 552 2551 622 quoniam
2593 554 2730 610 satis
2761 554 3084 625 abundeque
3136 559 3379 629 exempla
3430 568 3488 617 et

1889 650 2138 697 veterum
2162 645 2491 713 protulimus
2514 658 2571 702 et
2609 662 2897 713 novorum,
2931 649 3239 718 mentisque
3268 665 3485 706 cursum

1894 748 1963 788 ne
1990 735 2139 789 velut
2169 752 2313 790 emca
2342 747 2504 792 nocte
2529 739 2599 793 ad
2634 740 2950 809 ignorantia
2977 742 3236 810 scopulos
3269 742 3491 798 deveni-

1896 832 2004 889 ret,
2034 837 2349 882 sanctorum
2380 828 2710 901 imaginibus
2733 831 2883 901 quasi
2912 846 3010 901 per
3035 846 3344 891 sermonem
3370 837 3492 890 coeli

1893 916 2153 973 notandis
2172 919 2450 973 sideribus
2480 920 2837 976 instruximus
2891 937 2907 975 :
2952 938 3099 977 nunc
3145 939 3210 979 ex
3258 925 3492 981 obscuro

1893 1009 2074 1062 noctis
2106 1011 2337 1078 egressi,
2366 1026 2475 1064 non
2502 1012 2680 1066 solum
2711 1012 2854 1069 diem
2887 1022 2943 1069 et
2968 1015 3163 1081 solem,
3196 1015 3294 1071 sed
3324 1017 3493 1085 ipsius

1890 1099 2022 1152 solis
2049 1108 2106 1153 et
2134 1100 2362 1153 luminis
2392 1102 2598 1166 lumen,
2633 1104 2736 1158 sub
2764 1120 2869 1173 quo
2916 1108 3089 1162 errari
3132 1122 3237 1161 non
3288 1116 3486 1177 potest,

1888 1189 2343 1257 contemplemur.
2372 1189 2598 1246 Illorum
2626 1194 2776 1247 enim
2800 1196 2999 1265 quaerit
3032 1199 3147 1266 ipsa
3199 1199 3491 1255 multitudo

1884 1279 2173 1348 judicium,
2204 1291 2259 1335 et
2288 1285 2337 1336 in
2362 1284 2521 1352 copia
2556 1284 2875 1352 formarum,
2911 1304 3142 1346 necesse
3171 1300 3255 1346 est
3280 1300 3341 1347 ut
3360 1308 3493 1348 evo-

1886 1373 1998 1426 niat
2020 1372 2255 1428 subinde
2283 1375 2583 1430 similitudo
2615 1379 2955 1434 flammarum
2983 1399 2997 1445 ;
3046 1392 3106 1435 ut
3133 1396 3280 1452 saepe
3312 1385 3492 1440 nautis

1885 1464 2114 1520 confuse
2140 1468 2391 1520 allOIIillS
2419 1482 2518 1537 per
2550 1484 2829 1537 pavorem,
2856 1479 2914 1524 ut
2940 1471 3131 1527 lucifer
3156 1489 3441 1543 vesperum
3469 1520 3486 1544 ,

1885 1564 1942 1611 et
1969 1573 2164 1628 vesper
2196 1558 2481 1614 luciferum
2513 1562 2806 1616 mentiatur
2838 1578 2853 1616 :
2901 1563 3035 1617 solis
3067 1565 3189 1618 sine
3223 1566 3487 1621 societate

1888 1651 2042 1720 parili
2076 1652 2189 1705 sola
2214 1662 2298 1706 est
2326 1652 2593 1707 claritudo
2622 1654 2866 1708 miranda
2890 1694 2906 1718 ,
2937 1669 3058 1710 cum
3103 1655 3266 1711 dubia
3319 1658 3481 1713 etiam

185 1758 244 1800 te.
277 1746 335 1801 In
366 1745 531 1800 ﬁdem
561 1747 765 1801 veteris
794 1747 1027 1815 exempli
1052 1758 1313 1814 nepotum
1340 1748 1513 1801 virtus
1536 1757 1640 1800 tam
1660 1761 1781 1801 sera
1812 1746 1859 1805 Β
1887 1744 1986 1798 sub
2010 1744 2201 1798 nubilo
2231 1760 2258 1797 a
2289 1746 2649 1801 similitudine
2670 1747 2740 1801 sit
2764 1747 3037 1801 vindicata
3066 1749 3112 1803 si
3154 1751 3353 1818 paruit.
3405 1755 3484 1807 Ac

183 1854 334 1909 quam
370 1839 529 1907 mira,
562 1854 659 1906 per
681 1838 1005 1908 discipulum
1023 1839 1784 1909 primogenitumnovzejnsti-

185 1931 445 1986 licationis
474 1931 682 1999 aspirat
708 1948 723 1982 :
756 1939 812 1986 et
828 1930 1308 1986 obsolesccutibus
1332 1930 1442 2000 jam
1468 1944 1609 2000 pene
1649 1930 1789 1985 ima-

185 2023 395 2093 ginibus
455 2022 746 2090 veritatis,
795 2022 1071 2077 Abraham
1126 2024 1459 2078 reformatur
1486 2024 1542 2077 in
1571 2023 1736 2077 Petro
1768 2040 1780 2074 :

185 2117 353 2171 omnia
383 2132 446 2173 se
475 2116 763 2186 reliquisse
792 2125 1025 2172 testatur
1054 2135 1068 2172 :
1101 2132 1210 2172 non
1254 2117 1307 2171 in
1357 2117 1470 2171 alto
1510 2117 1738 2172 ﬂuctuat
1766 2157 1782 2184 ,

185 2214 307 2266 artis
335 2227 468 2267 cura
490 2228 599 2267 non
631 2213 857 2283 geritur,
892 2227 990 2268 nec
1013 2226 1205 2268 socrus
1235 2202 1528 2283 a'gra‘sine
1552 2213 1787 2268 Domino

186 2305 451 2359 visitatur.
485 2304 677 2359 Omnis
706 2306 1001 2374 singularis
1051 2306 1150 2359 viri
1198 2304 1418 2360 t-ffectus
1468 2306 1522 2360 in
1567 2305 1786 2359 Christo

185 2405 283 2459 est,
315 2397 459 2451 hunc
482 2398 735 2466 sequitur
762 2397 1081 2452 substantim
1107 2405 1475 2467 contemptor,
1492 2397 1653 2451 studii
1685 2412 1784 2453 ne-

186 2492 409 2562 gligens,
433 2490 717 2546 afﬁnitatis
739 2491 945 2547 oblitus
977 2508 991 2543 :
1021 2498 1077 2546 et
1106 2491 1161 2545 id
1188 2491 1336 2560 quod
1369 2491 1602 2545 Abrahae
1625 2500 1688 2546 ut
1711 2491 1786 2546 fa-

185 2595 324 2640 ceret
354 2585 682 2655 imperatum
713 2593 817 2650 est,
847 2584 934 2640 hic
956 2585 1066 2653 jam
1098 2584 1291 2639 fecisse
1329 2598 1437 2639 non
1483 2584 1626 2639 celat
1655 2602 1669 2638 :
1696 2585 1784 2639 vi-

187 2678 376 2734 delicet
406 2689 466 2732 ut
492 2678 658 2733 simili
694 2679 1107 2733 circumcisione
1164 2678 1301 2732 sicut
1342 2678 1559 2731 virtutis
1608 2678 1784 2732 haeres

184 2782 280 2836 est,
305 2770 402 2826 ﬁat
434 2772 610 2827 hreres
639 2780 694 2827 et
724 2771 934 2842 glorim.
966 2772 1154 2825 Omnia
1180 2814 1195 2838 ,
1229 2771 1435 2841 inquit,
1480 2772 1785 2841 reliquimus

185 2874 229 2917 et
254 2866 416 2919 “cui
444 2881 626 2919 mutus
648 2875 717 2927 te,
751 2865 872 2929 quid
894 2866 989 2917 erit
1016 2864 1207 2919 nobis?
1235 2865 1353 2920 Hoc
1374 2874 1457 2920 est
1485 2865 1786 2931 dicere,to-

187 2958 247 3012 tis
277 2957 409 3011 vitae
440 2957 636 3025 prioris
669 2956 817 3010 vitiis
855 2956 1125 3012 desecatis
1161 2996 1178 3021 ,
1230 2958 1281 3011 in
1330 2957 1500 3011 forma
1546 2957 1684 3011 utris
1731 2958 1783 3012 in

185 3052 371 3118 pruina
396 3050 654 3118 jacentis,
688 3049 817 3103 dum
842 3059 896 3104 te
925 3065 1145 3120 sequor,
1168 3051 1360 3105 exarui
1399 3068 1413 3104 :
1448 3050 1691 3119 nihilque
1731 3050 1784 3105 in

1890 1852 1990 1906 per
2009 1839 2112 1892 hoc
2138 1840 2433 1893 etiamnum
2460 1840 2744 1907 Dominus,
2766 1844 3020 1911 quoniam
3039 1856 3259 1899 carnem
3292 1860 3480 1915 sump—

1889 1931 1982 1997 sit,
2012 1940 2066 1984 et
2097 1931 2259 1985 homo
2284 1946 2405 1986 esse
2434 1932 2687 2002 dignatus
2731 1942 2816 1987 est
2840 1976 2854 1999 ,
2897 1936 3103 2005 aliquid
3150 1938 3254 1994 tale
3292 1938 3484 1994 fecerit

1890 2024 2231 2093 requiramus
2261 2042 2274 2077 :
2305 2033 2361 2078 ut
2381 2026 2528 2079 velut
2549 2027 2723 2080 solem
2756 2026 2857 2081 sub
2888 2027 3100 2095 nubilo,
3137 2031 3208 2083 ita
3236 2030 3338 2084 sub
3357 2046 3481 2098 spe-

1890 2116 1974 2171 cie
2001 2116 2274 2185 corporali
2307 2115 2546 2171 etiamid
2587 2116 2728 2187 quod
2781 2119 3068 2172 radiaverit
3104 2120 3433 2176 admiremur
3464 2141 3478 2176 :

1888 2208 2165 2277 aliumque
2211 2210 2388 2278 potius
2432 2224 2772 2278 Opponamus
2822 2225 2981 2279 quam
3035 2212 3212 2281 ipsum
3267 2214 3487 2271 aliunde

1888 2301 2189 2371 sumpsisse
2212 2302 2519 2357 credamus.
2538 2302 2713 2369 Quem
2740 2314 2919 2357 autem
2947 2302 3133 2371 alium,
3156 2320 3254 2375 pro
3287 2306 3388 2359 fide
3405 2306 3487 2361 di-

1888 2394 2013 2449 vina
2037 2396 2377 2464 humanaque
2400 2395 2452 2450 in
2486 2396 2590 2451 hoc
2615 2398 2799 2452 saeculi
2835 2397 3023 2466 pelago
3046 2414 3337 2469 numquam
3367 2403 3485 2457 sine

1888 2495 2035 2540 metu
2068 2486 2333 2555 naufragii
2367 2487 2700 2557 navigantes,
2735 2488 2799 2541 ad
2844 2488 3185 2558 dirigendum
3239 2491 3483 2549 veritatis

1888 2594 2103 2635 cursum
2134 2595 2453 2652 sequemur,
2479 2596 2639 2650 quam
2665 2582 2815 2636 illum
2841 2583 2955 2651 qui,
3002 2583 3237 2640 disclusa
3273 2589 3485 2655 penitus

1889 2672 2159 2741 parilitate
2178 2674 2284 2737 sui,
2310 2673 2463 2728 solus
2491 2673 2654 2727 etiam
2682 2688 2804 2729 cum
2848 2688 2949 2744 pro
2989 2676 3145 2731 nobis
3194 2677 3249 2731 in
3301 2689 3485 2733 nostra

1887 2781 2051 2821 carne
2076 2767 2418 2836 obscuratur,
2450 2767 2748 2824 immensus
2768 2770 2892 2824 est?
2919 2769 3021 2835 Qui
3054 2785 3154 2825 nec
3183 2771 3237 2825 in
3270 2774 3489 2829 nomine

1888 2872 2064 2933 potest
2109 2864 2307 2927 celari,
2339 2862 2465 2917 dum
2500 2863 2841 2918 mortalitatis
2894 2873 3139 2919 naturam
3181 2866 3482 2921 substantia

1888 2954 2188 3009 divinitatis
2215 2964 2508 3025 exsuperat
2534 2973 2548 3011 :
2580 2955 2675 3024 qui
2704 2970 2809 3010 non
2841 2956 3199 3021 elementum,
3230 2959 3325 3012 sed
3373 2959 3484 3013 vir-

1892 3058 1979 3103 tus
2006 3048 2392 3103 elementorum
2416 3056 2529 3104 est:
2563 3050 2612 3103 in
2640 3065 2750 3120 quo
2775 3060 3020 3105 tenemus
3046 3050 3256 3105 initium
3280 3059 3336 3105 et
3357 3066 3485 3105 con-

183 3140 280 3197 hoc
309 3142 522 3196 mundo
552 3152 747 3210 praeter
775 3151 829 3197 te
859 3184 873 3207 ,
916 3157 1027 3211 quo
1058 3142 1271 3211 impleri
1320 3157 1577 3212 cuperem
1608 3143 1745 3213 elegi
1770 3162 1782 3196 :
1815 3137 1862 3199 C
1892 3142 2302 3196 summationem
2320 3150 2374 3196 et
2401 3141 2746 3197 medietatem
2770 3142 3011 3196 omnium
3038 3156 3053 3194 :
3086 3156 3180 3211 per
3202 3158 3360 3211 quem
3391 3158 3483 3197 so-

181 3234 337 3302 cujus
361 3250 469 3288 non
501 3235 706 3289 frustra
735 3235 1050 3304 hnjusmodi
1070 3235 1287 3291 siccitas
1328 3236 1504 3292 sancti
1549 3236 1786 3307 Spiritus

182 3325 440 3382 ubertate
472 3334 736 3397 pensatur
765 3344 779 3385 :
814 3343 910 3398 per
939 3344 1099 3398 quam
1133 3329 1453 3385 ebrietatem
1483 3344 1636 3384 novae
1664 3345 1787 3401 gra-

181 3420 269 3474 tia:
298 3420 355 3474 in
385 3435 447 3475 se
464 3420 766 3491 Apostolus
796 3423 938 3490 ipse,
989 3421 1115 3476 dum
1156 3421 1354 3492 linguis
1383 3421 1683 3477 infidelium
1708 3424 1789 3476 in-

178 3508 440 3579 famatur,
473 3515 717 3583 agnovit.
760 3514 870 3569 Sed
925 3522 982 3569 et
1026 3516 1209 3569 emteri
1259 3514 1492 3584 apostoli
1541 3514 1785 3584 ejusdem

181 3610 340 3661 musti
364 3622 702 3678 spumavere
730 3606 974 3676 fervore,
1006 3616 1062 3663 et
1085 3610 1246 3663 unius
1274 3608 1557 3679 botryonis
1596 3623 1789 3680 super-

180 3698 364 3753 ﬂuenti
396 3698 671 3755 maduere
696 3700 991 3766 vindemia,
1014 3701 1105 3771 qni
1130 3709 1309 3756 tamen
1343 3702 1394 3756 in
1417 3703 1640 3758 odorem
1670 3703 1790 3771 ejus

179 3795 417 3848 nectaris
457 3794 531 3848 ad
566 3794 711 3848 beati
742 3793 887 3849 Petri
946 3794 1359 3852 similitudinem
1402 3803 1784 3852 cucurrerunt.

176 3884 373 3955 Aspice
408 3888 547 3942 illos
570 3887 851 3957 geminum
883 3888 1037 3943 sidus
1066 3890 1120 3943 in
1151 3889 1315 3945 terris
1340 3932 1354 3953 ,
1388 3905 1492 3946 nec
1518 3891 1789 3945 incassum

175 3979 394 4032 tonitrui
439 3978 596 4032 ﬁlios
627 3986 993 4048 nuncupatos,
1026 3983 1298 4052 cymbam,
1330 3981 1526 4050 linum,
1556 3993 1794 4053 patrem-

173 4083 272 4138 que
295 4072 664 4135 deserentes,
700 4086 801 4127 nec
824 4073 1001 4128 victus
1051 4075 1417 4132 sollicitudine
1445 4076 1790 4147 dubitantes,

170 4166 463 4220 neeoflieii
498 4166 697 4221 usibus
728 4165 1090 4235 inhaerentes,
1125 4183 1227 4224 nec
1259 4178 1585 4237 potestatem
1614 4178 1796 4239 pater-

170 4270 290 4311 nam
320 4268 691 4323 revereutes,
721 4268 963 4329 sumptu,
988 4260 1678 4330 negotiatione,aﬂ‘ectione
1704 4277 1795 4316 ca-

168 4359 393 4407 stratos.
427 4352 585 4419 Quid
617 4352 766 4407 aliud
793 4356 980 4423 utique
1007 4370 1167 4424 quam
1218 4364 1410 4410 natura
1456 4356 1643 4411 saeculi
1690 4357 1795 4412 cir-

168 4444 447 4501 cumcisos
480 4454 675 4511 veste,
698 4446 867 4499 fluctu
895 4446 1065 4512 arida,
1099 4463 1261 4502 manu
1297 4448 1438 4503 sicca
1473 4463 1584 4505 aere
1615 4490 1628 4515 ,
1673 4464 1794 4503 cor-

1892 3232 2001 3287 lum
2024 3234 2152 3287 solis
2175 3244 2227 3289 et
2256 3236 2381 3288 anni
2406 3248 2593 3289 cursus
2618 3243 2765 3303 sunt,
2795 3243 2851 3289 et
2874 3235 3151 3289 stellarum
3177 3234 3488 3305 dispesitio-

1893 3338 2010 3386 nes,
2044 3325 2310 3379 mensium
2339 3338 2554 3394 quoque
2585 3327 2918 3379 mutationes
2945 3342 2957 3375 :
2981 3326 3235 3395 quoniam
3280 3327 3333 3381 in
3370 3329 3487 3397 ipso

1891 3428 2063 3474 uetera
2092 3425 2428 3483 transierunt,
2460 3428 2507 3473 et
2532 3420 2670 3486 facta
2693 3426 2817 3472 sunt
2844 3419 3017 3472 omnia
3039 3434 3171 3472 nova
3226 3421 3245 3489 (
3268 3420 3313 3474 11
3363 3420 3483 3473 Cor.

1892 3527 1949 3579 v,
1981 3512 2095 3585 17).
2130 3512 2200 3567 Et
2230 3526 2355 3567 cum
2385 3524 2663 3580 magorum
2709 3512 2816 3565 iter
2855 3510 2972 3578 ejus
3016 3510 3173 3564 stella
3224 3511 3441 3565 duxerit
3472 3554 3488 3577 ,

1897 3606 2027 3677 quid
2060 3606 2259 3660 mirum
2282 3606 2408 3671 erit,
2440 3605 2483 3658 si
2514 3620 2615 3661 nos
2642 3619 2856 3675 quoque
2879 3613 3151 3675 gestorum
3184 3606 3300 3676 ejus
3329 3606 3489 3660 clari-

1894 3697 2151 3765 tas,velut
2186 3695 2305 3767 ipso
2333 3696 2587 3753 thesauro
2615 3697 2861 3753 immensi
2892 3698 3117 3768 fulgoris
3135 3698 3487 3753 instruxerit?

1896 3790 2078 3861 Atque
2107 3790 2309 3844 utinam
2342 3788 2408 3844 ad
2442 3799 2644 3845 certam
2681 3789 2954 3845 dationem
2991 3792 3127 3846 tanti
3178 3792 3486 3861 splendoris

1895 3891 1951 3939 et
1976 3882 2214 3949 luminis,
2239 3891 2550 3938 nostrorum
2577 3884 2856 3939 oculorum
2875 3893 3149 3941 avertatur
3168 3886 3486 3945 infirmitas:

1894 3987 1957 4033 ut
1987 3977 2082 4033 ille
2107 3991 2167 4032 se
2199 3977 2545 4033 subtraheret
2575 3986 2628 4033 et
2656 3988 2880 4049 negaret
2906 4022 2921 4046 ,
2965 3979 3183 4052 inquis?
3212 3997 3350 4048 non,
3387 3984 3485 4037 sed

1894 4071 2075 4144 palam
2103 4070 2357 4125 omnibus
2398 4071 2637 4126 etelestis
2665 4072 2923 4142 splendor
2964 4082 3253 4145 appareret
3285 4093 3295 4127 :
3325 4075 3493 4130 modo

1896 4166 1963 4221 ad
1982 4182 2103 4220 cum
2118 4180 2321 4236 sequax
2353 4180 2507 4221 mens
2535 4165 2706 4221 amica
2733 4167 3010 4223 voluntate
3040 4179 3406 4233 convertatur,
3434 4170 3488 4225 in

1896 4259 2017 4314 solo
2046 4258 2279 4313 inveniet
2308 4258 2697 4328 plenitudinem
2735 4274 2895 4331 quam
2940 4261 3186 4332 guttatim
3225 4276 3320 4330 per
3371 4262 3486 4315 sin-

1896 4350 2052 4421 gulos
2077 4350 2388 4420 colligebat.
2412 4350 2621 4406 Octavo
2652 4351 2739 4407 die
2762 4351 3191 4414 circumciditur.
3244 4366 3272 4406 a
3316 4361 3489 4407 matre

1897 4442 2083 4513 utique
2109 4444 2259 4511 quasi
2290 4443 2447 4497 homo
2468 4443 2556 4512 qui
2583 4442 2881 4510 promissus
2907 4441 3081 4498 fuerat
3106 4442 3206 4513 ipsi
3233 4441 3486 4509 Abrahae,

170 4537 248 4601 de,
281 4543 505 4609 pietate
536 4555 653 4594 non
690 4540 877 4594 molli:
912 4542 1056 4596 nudo
1094 4542 1258 4596 etiam
1286 4543 1352 4597 de
1392 4542 1571 4597 navali
1604 4552 1789 4611 parata
1820 4518 1869 4579 θ
1897 4551 2017 4592 cum
2049 4536 2117 4591 de
2140 4536 2554 4593 circumcisione
2578 4536 2865 4591 doceretur
2889 4578 2903 4603 ,
2957 4536 3170 4591 dicente
3210 4536 3441 4589 Domino
3474 4553 3486 4588 :

174 4632 400 4704 vestigio
424 4635 453 4686 τ
478 4630 680 4687 Credo
702 4631 768 4686 ad
791 4648 911 4687 eam
945 4633 1195 4699 formam,
1220 4634 1332 4705 jam
1361 4643 1488 4690 tunc
1514 4646 1569 4691 ct
1593 4636 1788 4707 Moysi,

173 4737 223 4781 ut
247 4730 462 4799 pedum
500 4728 757 4784 solveret
790 4728 1385 4801 vincula,‘pr;eceptum
1432 4741 1515 4787 cst
1556 4750 1569 4786 :
1622 4733 1794 4799 Quam

171 4824 383 4890 speciosi
406 4824 586 4895 pedes
610 4823 1075 4893 euangelizandum
1090 4841 1267 4896 pacem
1293 4826 1471 4893 (Rom.
1493 4842 1547 4895 x,
1578 4827 1691 4899 15)!
1729 4829 1796 4884 Et

172 4915 282 4970 ideo
311 4933 426 4972 non
462 4923 615 4971 sunt
647 4914 872 4969 velanda
894 4931 1010 4984 quzc
1037 4916 1258 4985 pulchra
1279 4928 1402 4973 sunt
1426 4919 1478 4973 in
1499 4927 1794 4989 conspectu

174 5004 425 5073 Domini,
480 5020 602 5063 nec
651 5006 883 5061 mortuis
935 5008 1215 5062 vestienda
1268 5025 1389 5079 quas
1440 5010 1551 5065 vita
1594 5009 1794 5080 diligit.

176 5099 312 5159 Hunc
342 5119 561 5160 rursus
594 5101 833 5171 respicit
869 5100 937 5155 de
962 5101 1178 5159 teloneo
1216 5103 1561 5172 publicanum
1594 5145 1609 5170 ,
1654 5120 1799 5173 quae-

176 5202 298 5249 stum
322 5197 744 5256 damnantem,
770 5192 1223 5248 consuetudinem
1247 5202 1614 5264 respuentem,
1636 5204 1690 5250 ct
1707 5209 1800 5250 no-

181 5299 285 5343 tncn
310 5299 477 5345 actus
511 5285 661 5342 fidei
698 5284 917 5339 nomine
945 5293 1403 5352 commutantem,
1440 5294 1502 5340 ut
1531 5285 1600 5341 ab
1628 5286 1804 5340 omni-

180 5380 266 5437 bus
290 5384 531 5439 omnino
560 5394 691 5437 non
723 5392 848 5445 pars
870 5381 1117 5449 corporis
1140 5423 1155 5447 ,
1206 5380 1301 5436 sed
1347 5390 1539 5435 natura
1581 5392 1803 5451 prorsus

185 5472 362 5545 iniquzn
391 5469 852 5533 consuetudinis
877 5471 1188 5527 circumcisa
1214 5480 1569 5527 monstretur.
1602 5471 1803 5527 Totum

181 5568 406 5627 dicerem
435 5585 615 5627 novae
645 5565 956 5621 vocationis
984 5582 1213 5622 examen
1238 5609 1251 5631 ,
1307 5566 1409 5621 nisi
1453 5567 1505 5622 in
1537 5565 1808 5621 similibus

188 5667 569 5731 convenirent,
599 5670 663 5716 et
699 5657 946 5712 eamdem
977 5658 1235 5713 virtutem
1269 5656 1496 5713 haberet
1518 5656 1809 5712 diversitas

187 5762 570 5823 Personarum,
605 5758 979 5817 naturamque
1004 5749 1335 5805 mundialem
1359 5747 1653 5805 multitudo
1683 5746 1812 5802 licet

1901 4628 1969 4682 Et
1990 4628 2464 4683 eritlestameutum
2486 4645 2652 4681 meum
2680 4630 2733 4681 in
2767 4641 2921 4681 carne
2946 4636 3113 4679 vestra
3132 4627 3186 4678 in
3214 4634 3485 4680 testamen-

1901 4729 1954 4775 to
1979 4730 2167 4775 mlerno
2194 4719 2347 4789 (Gen.
2379 4735 2509 4783 xvn,
2544 4720 2657 4788 11).
2688 4718 2779 4773 Dei
2812 4725 3193 4773 testamentum
3214 4718 3267 4773 in
3301 4730 3491 4775 nostra

1900 4826 2067 4869 carne
2095 4828 2236 4879 esse,
2262 4813 2492 4865 Domino
2516 4809 2568 4863 in
2602 4817 2784 4862 nostra
2835 4822 2997 4862 carne
3029 4807 3285 4877 dignautc
3313 4853 3326 4877 ,
3371 4811 3493 4880 quis

1900 4903 2151 4962 dubitat?
2178 4903 2422 4972 lIludque
2449 4908 2831 4954 testamentum
2856 4907 3119 4953 :eternum
3146 4899 3493 4973 videri,quod

1902 4996 2132 5054 citharis
2156 5005 2210 5049 et
2238 4994 2509 5066 psalteriis
2543 4991 2886 5061 psalleretur.
2917 4991 3082 5061 Cujus
3126 4994 3205 5049 rei
3238 4998 3495 5064 quoniam

1904 5088 2121 5160 prolixa
2152 5094 2238 5140 est
2268 5085 2606 5154 disputatio,
2657 5088 2714 5133 et
2759 5085 3065 5139 necessaria
3116 5086 3335 5144 videtur
3378 5103 3500 5147 esse

1906 5179 2263 5242 transcursio,
2291 5192 2362 5231 ne
2392 5190 2489 5244 per
2524 5187 2797 5229 ramorum
2842 5176 3052 5245 copiam
3106 5180 3276 5235 robur
3323 5182 3501 5250 ipsum

1910 5274 2204 5349 propositas
2234 5266 2477 5323 materiae
2502 5262 2888 5332 derelinquens
2919 5307 2935 5333 ,
2981 5268 3300 5340 incastigata
3353 5276 3503 5322 erret

1910 5367 2105 5425 effusio
2132 5383 2146 5419 :
2203 5358 2504 5431 prmsertim
2531 5371 2657 5411 eum
2688 5356 2819 5409 mihi
2848 5357 3125 5415 difficilius
3151 5362 3223 5413 sit
3253 5368 3502 5412 naturam

1913 5461 2031 5529 ejus
2072 5455 2300 5524 implere
2357 5462 2515 5518 quam
2546 5459 2832 5517 qnzerere,
2882 5456 2937 5500 et
2986 5448 3120 5502 satis
3175 5446 3505 5516 superfluum

1915 5547 2272 5609 mmrentibns
2331 5537 2572 5596 brachiis
2631 5537 2901 5602 laborare,
2952 5552 3280 5607 quamquam
3318 5538 3507 5610 ipsam

1916 5641 2197 5700 materiam
2230 5634 2429 5707 gracile
2448 5646 2556 5686 non
2580 5638 2849 5685 sustentet
2873 5631 3148 5697 ingenium
3184 5649 3197 5683 :
3232 5640 3287 5687 et
3312 5647 3506 5689 neCes-

1917 5735 2119 5799 sarium
2148 5744 2285 5802 pene
2314 5727 2405 5796 sit,
2436 5735 2495 5781 ut
2525 5732 2580 5781 et
2621 5721 3076 5794 disputationibus
3106 5724 3376 5794 aliquibus
3400 5728 3504 5782 sir-
