  <div class='ocr_page' id='page_1' title='image "/cluster/home/n/w/nwhite01/storage/ocr_20150623/30/uva.x000826572/111.png"; bbox 0 0 4012 6190; ppageno 0'>
   <div class='ocr_carea' id='block_1_1' title="bbox 515 226 625 284">
    <p class='ocr_par' dir='ltr' id='par_1_1' title="bbox 515 226 625 284">
     <span class='ocr_line' id='line_1_1' title="bbox 515 226 625 284; baseline -0.009 0"><span class='ocrx_word' id='word_1_1' title='bbox 515 226 625 284; x_wconf 76' lang='grc'><strong>207</strong></span> 
     </span>
    </p>
   </div>
   <div class='ocr_carea' id='block_1_2' title="bbox 1540 187 3134 267">
    <p class='ocr_par' dir='ltr' id='par_1_2' title="bbox 1540 187 3134 267">
     <span class='ocr_line' id='line_1_2' title="bbox 1540 187 3134 267; baseline -0.013 -1"><span class='ocrx_word' id='word_1_2' title='bbox 1540 211 1600 267; x_wconf 90' lang='lat' dir='ltr'><strong>S.</strong></span> <span class='ocrx_word' id='word_1_3' title='bbox 1644 205 2026 265; x_wconf 77' lang='lat' dir='ltr'><strong>lllERONYMl</strong></span> <span class='ocrx_word' id='word_1_4' title='bbox 2065 200 2349 262; x_wconf 81' lang='lat' dir='ltr'><strong>OPERUM</strong></span> <span class='ocrx_word' id='word_1_5' title='bbox 2391 197 2761 258; x_wconf 75' lang='lat' dir='ltr'><strong>MANTISSA.</strong></span> <span class='ocrx_word' id='word_1_6' title='bbox 3112 187 3134 230; x_wconf 77' lang='grc'><em>³</em></span> 
     </span>
    </p>
   </div>
   <div class='ocr_carea' id='block_1_3' title="bbox 3713 184 3819 268">
    <p class='ocr_par' dir='ltr' id='par_1_3' title="bbox 3713 184 3819 268">
     <span class='ocr_line' id='line_1_3' title="bbox 3713 184 3819 268; baseline -0.009 -23"><span class='ocrx_word' id='word_1_7' title='bbox 3713 184 3819 268; x_wconf 64' lang='lat' dir='ltr'><strong>gos</strong></span> 
     </span>
    </p>
   </div>
   <div class='ocr_carea' id='block_1_4' title="bbox 523 303 3818 404">
    <p class='ocr_par' dir='ltr' id='par_1_4' title="bbox 523 303 3818 404">
     <span class='ocr_line' id='line_1_4' title="bbox 523 303 3818 404; baseline -0.012 -8"><span class='ocrx_word' id='word_1_8' title='bbox 523 339 927 404; x_wconf 87' lang='lat' dir='ltr'><strong>cumcidamur,</strong></span> <span class='ocrx_word' id='word_1_9' title='bbox 951 333 1076 388; x_wconf 94' lang='lat' dir='ltr'><strong>dum</strong></span> <span class='ocrx_word' id='word_1_10' title='bbox 1097 329 1166 385; x_wconf 93' lang='lat' dir='ltr'><strong>de</strong></span> <span class='ocrx_word' id='word_1_11' title='bbox 1187 325 1600 383; x_wconf 68' lang='lat' dir='ltr'><strong>Cil‘CUﬂlf&#39;ilellC</strong></span> <span class='ocrx_word' id='word_1_12' title='bbox 1627 331 1938 386; x_wconf 75' lang='lat' dir='ltr'><strong>tractamus,</strong></span> <span class='ocrx_word' id='word_1_13' title='bbox 1959 335 2127 390; x_wconf 84' lang='lat' dir='ltr'><strong>quan-</strong></span> <span class='ocrx_word' id='word_1_14' title='bbox 2153 321 2207 382; x_wconf 82' lang='grc' dir='ltr'><strong>Α</strong></span> <span class='ocrx_word' id='word_1_15' title='bbox 2231 321 2390 374; x_wconf 90' lang='lat' dir='ltr'><strong>etiam</strong></span> <span class='ocrx_word' id='word_1_16' title='bbox 2424 317 2613 372; x_wconf 90' lang='lat' dir='ltr'><strong>beatus</strong></span> <span class='ocrx_word' id='word_1_17' title='bbox 2641 313 2836 369; x_wconf 88' lang='lat' dir='ltr'><strong>Paulus</strong></span> <span class='ocrx_word' id='word_1_18' title='bbox 2862 308 3161 366; x_wconf 87' lang='lat' dir='ltr'><strong>Ecclesiam</strong></span> <span class='ocrx_word' id='word_1_19' title='bbox 3195 304 3557 370; x_wconf 87' lang='lat' dir='ltr'><strong>circumcidit,</strong></span> <span class='ocrx_word' id='word_1_20' title='bbox 3588 303 3775 404; x_wconf 71' lang='lat' dir='ltr'><strong>dicens</strong></span> <span class='ocrx_word' id='word_1_21' title='bbox 3804 319 3818 356; x_wconf 91' lang='lat'><strong>:</strong></span> 
     </span>
    </p>
   </div>
   <div class='ocr_carea' id='block_1_5' title="bbox 525 418 2123 490">
    <p class='ocr_par' dir='ltr' id='par_1_5' title="bbox 525 418 2123 490">
     <span class='ocr_line' id='line_1_5' title="bbox 525 418 2123 490; baseline -0.014 -1"><span class='ocrx_word' id='word_1_22' title='bbox 525 434 598 489; x_wconf 95' lang='lat' dir='ltr'><strong>do</strong></span> <span class='ocrx_word' id='word_1_23' title='bbox 628 435 788 490; x_wconf 91' lang='lat' dir='ltr'><strong>nobis</strong></span> <span class='ocrx_word' id='word_1_24' title='bbox 809 431 873 486; x_wconf 89' lang='lat' dir='ltr'><strong>ad</strong></span> <span class='ocrx_word' id='word_1_25' title='bbox 895 423 1257 484; x_wconf 78' lang='lat' dir='ltr'><strong>excusandam</strong></span> <span class='ocrx_word' id='word_1_26' title='bbox 1286 423 1446 477; x_wconf 87' lang='lat' dir='ltr'><strong>etiam</strong></span> <span class='ocrx_word' id='word_1_27' title='bbox 1474 418 1801 488; x_wconf 83' lang='lat' dir='ltr'><strong>imperitiam</strong></span> <span class='ocrx_word' id='word_1_28' title='bbox 1842 425 2084 469; x_wconf 87' lang='lat' dir='ltr'><strong>nostram</strong></span> <span class='ocrx_word' id='word_1_29' title='bbox 2108 455 2123 478; x_wconf 88' lang='lat'><strong>,</strong></span> 
     </span>
    </p>
   </div>
   <div class='ocr_carea' id='block_1_6' title="bbox 532 509 2054 599">
    <p class='ocr_par' dir='ltr' id='par_1_6' title="bbox 532 509 2054 599">
     <span class='ocr_line' id='line_1_6' title="bbox 532 509 2054 599; baseline -0.014 -17"><span class='ocrx_word' id='word_1_30' title='bbox 532 525 998 599; x_wconf 82' lang='lat' dir='ltr'><strong>opportunitatem</strong></span> <span class='ocrx_word' id='word_1_31' title='bbox 1031 517 1275 572; x_wconf 74' lang='lat' dir='ltr'><strong>materim</strong></span> <span class='ocrx_word' id='word_1_32' title='bbox 1299 516 1467 585; x_wconf 90' lang='lat' dir='ltr'><strong>ipsius</strong></span> <span class='ocrx_word' id='word_1_33' title='bbox 1494 520 1714 582; x_wconf 83' lang='lat' dir='ltr'><strong>praestet</strong></span> <span class='ocrx_word' id='word_1_34' title='bbox 1740 509 2054 564; x_wconf 84' lang='lat' dir='ltr'><strong>auctoritas.</strong></span> 
     </span>
    </p>
   </div>
   <div class='ocr_carea' id='block_1_7' title="bbox 599 603 2130 684">
    <p class='ocr_par' dir='ltr' id='par_1_7' title="bbox 599 603 2130 684">
     <span class='ocr_line' id='line_1_7' title="bbox 599 603 2130 684; baseline -0.014 -11"><span class='ocrx_word' id='word_1_35' title='bbox 599 618 743 673; x_wconf 77' lang='lat' dir='ltr'><strong>XIX.</strong></span> <span class='ocrx_word' id='word_1_36' title='bbox 762 616 923 684; x_wconf 81' lang='lat' dir='ltr'><strong>Igitur</strong></span> <span class='ocrx_word' id='word_1_37' title='bbox 947 611 1012 666; x_wconf 91' lang='lat' dir='ltr'><strong>ad</strong></span> <span class='ocrx_word' id='word_1_38' title='bbox 1043 610 1376 680; x_wconf 89' lang='lat' dir='ltr'><strong>propositum</strong></span> <span class='ocrx_word' id='word_1_39' title='bbox 1399 606 1710 667; x_wconf 85' lang='lat' dir='ltr'><strong>redeuntes,</strong></span> <span class='ocrx_word' id='word_1_40' title='bbox 1732 603 2130 669; x_wconf 83' lang='lat' dir='ltr'><strong>interrogemus</strong></span> 
     </span>
    </p>
   </div>
   <div class='ocr_carea' id='block_1_8' title="bbox 527 693 2127 780">
    <p class='ocr_par' dir='ltr' id='par_1_8' title="bbox 527 693 2127 780">
     <span class='ocr_line' id='line_1_8' title="bbox 527 693 2127 780; baseline -0.013 -15"><span class='ocrx_word' id='word_1_41' title='bbox 527 712 703 780; x_wconf 86' lang='lat' dir='ltr'><strong>ipsum</strong></span> <span class='ocrx_word' id='word_1_42' title='bbox 723 704 993 760; x_wconf 82' lang='lat' dir='ltr'><strong>hominem</strong></span> <span class='ocrx_word' id='word_1_43' title='bbox 1025 716 1183 756; x_wconf 89' lang='lat' dir='ltr'><strong>suum</strong></span> <span class='ocrx_word' id='word_1_44' title='bbox 1210 718 1222 752; x_wconf 90' lang='lat'>:</span> <span class='ocrx_word' id='word_1_45' title='bbox 1251 714 1374 754; x_wconf 91' lang='lat' dir='ltr'><strong>nam</strong></span> <span class='ocrx_word' id='word_1_46' title='bbox 1401 697 1467 751; x_wconf 92' lang='lat' dir='ltr'><strong>de</strong></span> <span class='ocrx_word' id='word_1_47' title='bbox 1495 695 1724 749; x_wconf 92' lang='lat' dir='ltr'><strong>Domino</strong></span> <span class='ocrx_word' id='word_1_48' title='bbox 1753 693 2127 763; x_wconf 86' lang='lat' dir='ltr'><strong>loquebamur,</strong></span> 
     </span>
    </p>
   </div>
   <div class='ocr_carea' id='block_1_9' title="bbox 526 786 2132 873">
    <p class='ocr_par' dir='ltr' id='par_1_9' title="bbox 526 786 2132 873">
     <span class='ocr_line' id='line_1_9' title="bbox 526 786 2132 873; baseline -0.013 -15"><span class='ocrx_word' id='word_1_49' title='bbox 526 804 646 873; x_wconf 89' lang='lat' dir='ltr'><strong>ipso</strong></span> <span class='ocrx_word' id='word_1_50' title='bbox 676 800 766 870; x_wconf 89' lang='lat' dir='ltr'><strong>qui</strong></span> <span class='ocrx_word' id='word_1_51' title='bbox 807 805 924 852; x_wconf 92' lang='lat' dir='ltr'><strong>erat</strong></span> <span class='ocrx_word' id='word_1_52' title='bbox 967 796 1020 850; x_wconf 91' lang='lat' dir='ltr'><strong>in</strong></span> <span class='ocrx_word' id='word_1_53' title='bbox 1067 793 1287 848; x_wconf 89' lang='lat' dir='ltr'><strong>homine</strong></span> <span class='ocrx_word' id='word_1_54' title='bbox 1325 790 1649 866; x_wconf 86' lang='lat' dir='ltr'><strong>circumciso</strong></span> <span class='ocrx_word' id='word_1_55' title='bbox 1674 829 1688 852; x_wconf 94' lang='lat'><strong>,</strong></span> <span class='ocrx_word' id='word_1_56' title='bbox 1741 803 1860 842; x_wconf 91' lang='lat' dir='ltr'><strong>cum</strong></span> <span class='ocrx_word' id='word_1_57' title='bbox 1901 786 2011 853; x_wconf 89' lang='lat' dir='ltr'><strong>jam</strong></span> <span class='ocrx_word' id='word_1_58' title='bbox 2045 798 2132 838; x_wconf 85' lang='lat' dir='ltr'><strong>se-</strong></span> 
     </span>
    </p>
   </div>
   <div class='ocr_carea' id='block_1_10' title="bbox 528 877 2134 959">
    <p class='ocr_par' dir='ltr' id='par_1_10' title="bbox 528 877 2134 959">
     <span class='ocr_line' id='line_1_10' title="bbox 528 877 2134 959; baseline -0.011 -12"><span class='ocrx_word' id='word_1_59' title='bbox 528 893 766 949; x_wconf 87' lang='lat' dir='ltr'><strong>cundum</strong></span> <span class='ocrx_word' id='word_1_60' title='bbox 809 890 983 959; x_wconf 83' lang='lat' dir='ltr'><strong>legem</strong></span> <span class='ocrx_word' id='word_1_61' title='bbox 1026 885 1384 941; x_wconf 87' lang='lat' dir='ltr'><strong>circumcisus</strong></span> <span class='ocrx_word' id='word_1_62' title='bbox 1439 881 1769 945; x_wconf 88' lang='lat' dir='ltr'><strong>haberetur,</strong></span> <span class='ocrx_word' id='word_1_63' title='bbox 1833 877 2029 933; x_wconf 89' lang='lat' dir='ltr'><strong>clamat</strong></span> <span class='ocrx_word' id='word_1_64' title='bbox 2073 885 2134 931; x_wconf 95' lang='lat' dir='ltr'><strong>ut</strong></span> 
     </span>
    </p>
   </div>
   <div class='ocr_carea' id='block_1_11' title="bbox 524 970 2133 1053">
    <p class='ocr_par' dir='ltr' id='par_1_11' title="bbox 524 970 2133 1053">
     <span class='ocr_line' id='line_1_11' title="bbox 524 970 2133 1053; baseline -0.013 -12"><span class='ocrx_word' id='word_1_65' title='bbox 524 983 855 1053; x_wconf 75' lang='lat' dir='ltr'><strong>evangelista</strong></span> <span class='ocrx_word' id='word_1_66' title='bbox 885 987 1113 1034; x_wconf 77' lang='lat' dir='ltr'><strong>testatur</strong></span> <span class='ocrx_word' id='word_1_67' title='bbox 1145 995 1158 1031; x_wconf 92' lang='lat'>:</span> <span class='ocrx_word' id='word_1_68' title='bbox 1198 974 1393 1046; x_wconf 82' lang='lat' dir='ltr'><strong>Vulpes</strong></span> <span class='ocrx_word' id='word_1_69' title='bbox 1416 978 1586 1044; x_wconf 75' lang='lat' dir='ltr'><strong>foveas</strong></span> <span class='ocrx_word' id='word_1_70' title='bbox 1615 972 1804 1025; x_wconf 82' lang='lat' dir='ltr'><strong>habent</strong></span> <span class='ocrx_word' id='word_1_71' title='bbox 1829 979 1879 1023; x_wconf 90' lang='lat' dir='ltr'><strong>et</strong></span> <span class='ocrx_word' id='word_1_72' title='bbox 1903 970 2133 1022; x_wconf 72' lang='lat' dir='ltr'><strong>volucres</strong></span> 
     </span>
    </p>
   </div>
   <div class='ocr_carea' id='block_1_12' title="bbox 525 1065 2134 1142">
    <p class='ocr_par' dir='ltr' id='par_1_12' title="bbox 525 1065 2134 1142">
     <span class='ocr_line' id='line_1_12' title="bbox 525 1065 2134 1142; baseline -0.01 -8"><span class='ocrx_word' id='word_1_73' title='bbox 525 1080 637 1134; x_wconf 70' lang='lat' dir='ltr'><strong>caeli</strong></span> <span class='ocrx_word' id='word_1_74' title='bbox 659 1079 809 1132; x_wconf 82' lang='lat' dir='ltr'><strong>nidos</strong></span> <span class='ocrx_word' id='word_1_75' title='bbox 833 1092 978 1140; x_wconf 90' lang='lat' dir='ltr'><strong>suos,</strong></span> <span class='ocrx_word' id='word_1_76' title='bbox 1007 1074 1094 1127; x_wconf 87' lang='lat' dir='ltr'><strong>ubi</strong></span> <span class='ocrx_word' id='word_1_77' title='bbox 1120 1073 1437 1142; x_wconf 81' lang='lat' dir='ltr'><strong>requiescant</strong></span> <span class='ocrx_word' id='word_1_78' title='bbox 1472 1086 1488 1122; x_wconf 92' lang='lat'><strong><em>:</em></strong></span> <span class='ocrx_word' id='word_1_79' title='bbox 1522 1067 1692 1122; x_wconf 84' lang='lat' dir='ltr'><strong>Filius</strong></span> <span class='ocrx_word' id='word_1_80' title='bbox 1712 1076 1883 1120; x_wconf 87' lang='lat' dir='ltr'><strong>autem</strong></span> <span class='ocrx_word' id='word_1_81' title='bbox 1911 1065 2134 1118; x_wconf 78' lang='lat' dir='ltr'><strong>hominis</strong></span> 
     </span>
    </p>
   </div>
   <div class='ocr_carea' id='block_1_13' title="bbox 523 1157 2132 1240">
    <p class='ocr_par' dir='ltr' id='par_1_13' title="bbox 523 1157 2132 1240">
     <span class='ocr_line' id='line_1_13' title="bbox 523 1157 2132 1240; baseline -0.011 -12"><span class='ocrx_word' id='word_1_82' title='bbox 523 1189 627 1228; x_wconf 87' lang='lat' dir='ltr'><strong>non</strong></span> <span class='ocrx_word' id='word_1_83' title='bbox 653 1171 800 1226; x_wconf 82' lang='lat' dir='ltr'><strong>habet</strong></span> <span class='ocrx_word' id='word_1_84' title='bbox 825 1169 908 1224; x_wconf 88' lang='lat' dir='ltr'><strong>ubi</strong></span> <span class='ocrx_word' id='word_1_85' title='bbox 931 1177 1085 1240; x_wconf 87' lang='lat' dir='ltr'><strong>caput</strong></span> <span class='ocrx_word' id='word_1_86' title='bbox 1108 1182 1260 1220; x_wconf 83' lang='lat' dir='ltr'><strong>suum</strong></span> <span class='ocrx_word' id='word_1_87' title='bbox 1281 1164 1492 1218; x_wconf 76' lang='lat' dir='ltr'><strong>reclinet</strong></span> <span class='ocrx_word' id='word_1_88' title='bbox 1514 1161 1731 1233; x_wconf 79' lang='lat' dir='ltr'><strong>(Matth.</strong></span> <span class='ocrx_word' id='word_1_89' title='bbox 1750 1157 1994 1227; x_wconf 74' lang='lat' dir='ltr'><strong>vnt,20).</strong></span> <span class='ocrx_word' id='word_1_90' title='bbox 2023 1158 2132 1212; x_wconf 79' lang='lat' dir='ltr'><strong>Ro-</strong></span> 
     </span>
    </p>
   </div>
   <div class='ocr_carea' id='block_1_14' title="bbox 523 1248 2136 1336">
    <p class='ocr_par' dir='ltr' id='par_1_14' title="bbox 523 1248 2136 1336">
     <span class='ocr_line' id='line_1_14' title="bbox 523 1248 2136 1336; baseline -0.012 -15"><span class='ocrx_word' id='word_1_91' title='bbox 523 1281 593 1336; x_wconf 84' lang='lat' dir='ltr'><strong>go</strong></span> <span class='ocrx_word' id='word_1_92' title='bbox 618 1265 706 1320; x_wconf 91' lang='lat' dir='ltr'><strong>hic</strong></span> <span class='ocrx_word' id='word_1_93' title='bbox 739 1262 829 1318; x_wconf 90' lang='lat' dir='ltr'><strong>ubi</strong></span> <span class='ocrx_word' id='word_1_94' title='bbox 860 1262 961 1316; x_wconf 90' lang='lat' dir='ltr'><strong>sub</strong></span> <span class='ocrx_word' id='word_1_95' title='bbox 983 1259 1188 1330; x_wconf 80' lang='lat' dir='ltr'><strong>Cyrino</strong></span> <span class='ocrx_word' id='word_1_96' title='bbox 1217 1271 1416 1311; x_wconf 90' lang='lat' dir='ltr'><strong>census</strong></span> <span class='ocrx_word' id='word_1_97' title='bbox 1446 1253 1792 1321; x_wconf 77' lang='lat' dir='ltr'><strong>investigatio</strong></span> <span class='ocrx_word' id='word_1_98' title='bbox 1823 1251 1845 1303; x_wconf 92' lang='lat'><strong>?</strong></span> <span class='ocrx_word' id='word_1_99' title='bbox 1889 1249 1979 1303; x_wconf 91' lang='lat' dir='ltr'><strong>ubi</strong></span> <span class='ocrx_word' id='word_1_100' title='bbox 2021 1248 2136 1303; x_wconf 91' lang='lat' dir='ltr'><strong>edi-</strong></span> 
     </span>
    </p>
   </div>
   <div class='ocr_carea' id='block_1_15' title="bbox 524 1343 2134 1417">
    <p class='ocr_par' dir='ltr' id='par_1_15' title="bbox 524 1343 2134 1417">
     <span class='ocr_line' id='line_1_15' title="bbox 524 1343 2134 1417; baseline -0.011 -3"><span class='ocrx_word' id='word_1_101' title='bbox 524 1368 678 1415; x_wconf 90' lang='lat' dir='ltr'><strong>ctum</strong></span> <span class='ocrx_word' id='word_1_102' title='bbox 709 1353 982 1412; x_wconf 70' lang='lat' dir='ltr'><strong>Ctesaris?</strong></span> <span class='ocrx_word' id='word_1_103' title='bbox 1012 1352 1101 1406; x_wconf 90' lang='lat' dir='ltr'><strong>ubi</strong></span> <span class='ocrx_word' id='word_1_104' title='bbox 1133 1350 1432 1407; x_wconf 88' lang='lat' dir='ltr'><strong>necessitas</strong></span> <span class='ocrx_word' id='word_1_105' title='bbox 1463 1347 1787 1417; x_wconf 89' lang='lat' dir='ltr'><strong>profitendi?</strong></span> <span class='ocrx_word' id='word_1_106' title='bbox 1816 1345 1904 1398; x_wconf 92' lang='lat' dir='ltr'><strong>ubi</strong></span> <span class='ocrx_word' id='word_1_107' title='bbox 1929 1343 2134 1413; x_wconf 87' lang='lat' dir='ltr'><strong>Joseph</strong></span> 
     </span>
    </p>
   </div>
   <div class='ocr_carea' id='block_1_16' title="bbox 525 1434 2137 1521">
    <p class='ocr_par' dir='ltr' id='par_1_16' title="bbox 525 1434 2137 1521">
     <span class='ocr_line' id='line_1_16' title="bbox 525 1434 2137 1521; baseline -0.011 -14"><span class='ocrx_word' id='word_1_108' title='bbox 525 1452 646 1521; x_wconf 88' lang='lat' dir='ltr'><strong>ipsa</strong></span> <span class='ocrx_word' id='word_1_109' title='bbox 671 1445 990 1520; x_wconf 86' lang='lat' dir='ltr'><strong>professio?</strong></span> <span class='ocrx_word' id='word_1_110' title='bbox 1021 1445 1168 1499; x_wconf 82' lang='lat' dir='ltr'><strong>Nova</strong></span> <span class='ocrx_word' id='word_1_111' title='bbox 1214 1441 1351 1496; x_wconf 88' lang='lat' dir='ltr'><strong>ratio</strong></span> <span class='ocrx_word' id='word_1_112' title='bbox 1382 1440 1492 1494; x_wconf 93' lang='lat' dir='ltr'><strong>illic</strong></span> <span class='ocrx_word' id='word_1_113' title='bbox 1524 1440 1685 1492; x_wconf 90' lang='lat' dir='ltr'><strong>habet</strong></span> <span class='ocrx_word' id='word_1_114' title='bbox 1716 1437 1846 1492; x_wconf 87' lang='lat' dir='ltr'><strong>nihil</strong></span> <span class='ocrx_word' id='word_1_115' title='bbox 1871 1434 2014 1506; x_wconf 92' lang='lat' dir='ltr'><strong>quod</strong></span> <span class='ocrx_word' id='word_1_116' title='bbox 2043 1434 2137 1490; x_wconf 87' lang='lat' dir='ltr'><strong>de-</strong></span> 
     </span>
    </p>
   </div>
   <div class='ocr_carea' id='block_1_17' title="bbox 527 1525 2137 1609">
    <p class='ocr_par' dir='ltr' id='par_1_17' title="bbox 527 1525 2137 1609">
     <span class='ocr_line' id='line_1_17' title="bbox 527 1525 2137 1609; baseline -0.009 -15"><span class='ocrx_word' id='word_1_117' title='bbox 527 1539 764 1609; x_wconf 89' lang='lat' dir='ltr'><strong>scriptor</strong></span> <span class='ocrx_word' id='word_1_118' title='bbox 787 1534 1050 1596; x_wconf 78' lang='lat' dir='ltr'><strong>inveniat,</strong></span> <span class='ocrx_word' id='word_1_119' title='bbox 1075 1541 1129 1587; x_wconf 91' lang='lat' dir='ltr'><strong>et</strong></span> <span class='ocrx_word' id='word_1_120' title='bbox 1158 1545 1309 1585; x_wconf 87' lang='lat' dir='ltr'><strong>vere.</strong></span> <span class='ocrx_word' id='word_1_121' title='bbox 1350 1529 1504 1582; x_wconf 76' lang='lat' dir='ltr'><strong>Nulla</strong></span> <span class='ocrx_word' id='word_1_122' title='bbox 1533 1529 1677 1583; x_wconf 92' lang='lat' dir='ltr'><strong>enim</strong></span> <span class='ocrx_word' id='word_1_123' title='bbox 1718 1525 2007 1580; x_wconf 91' lang='lat' dir='ltr'><strong>Dominum</strong></span> <span class='ocrx_word' id='word_1_124' title='bbox 2035 1539 2137 1580; x_wconf 70' lang='lat' dir='ltr'><strong>saa-</strong></span> 
     </span>
    </p>
   </div>
   <div class='ocr_carea' id='block_1_18' title="bbox 525 1619 2133 1698">
    <p class='ocr_par' dir='ltr' id='par_1_18' title="bbox 525 1619 2133 1698">
     <span class='ocr_line' id='line_1_18' title="bbox 525 1619 2133 1698; baseline -0.007 -13"><span class='ocrx_word' id='word_1_125' title='bbox 525 1630 650 1685; x_wconf 92' lang='lat' dir='ltr'><strong>culo</strong></span> <span class='ocrx_word' id='word_1_126' title='bbox 671 1627 974 1698; x_wconf 87' lang='lat' dir='ltr'><strong>mancipata</strong></span> <span class='ocrx_word' id='word_1_127' title='bbox 1000 1625 1293 1689; x_wconf 88' lang='lat' dir='ltr'><strong>delectant,</strong></span> <span class='ocrx_word' id='word_1_128' title='bbox 1322 1636 1422 1676; x_wconf 90' lang='lat' dir='ltr'><strong>nec</strong></span> <span class='ocrx_word' id='word_1_129' title='bbox 1451 1621 1553 1675; x_wconf 86' lang='lat' dir='ltr'><strong>sibi</strong></span> <span class='ocrx_word' id='word_1_130' title='bbox 1595 1628 1818 1689; x_wconf 82' lang='lat' dir='ltr'><strong>usurpat</strong></span> <span class='ocrx_word' id='word_1_131' title='bbox 1839 1619 2133 1690; x_wconf 90' lang='lat' dir='ltr'><strong>quidquam</strong></span> 
     </span>
    </p>
   </div>
   <div class='ocr_carea' id='block_1_19' title="bbox 2234 398 3823 483">
    <p class='ocr_par' dir='ltr' id='par_1_19' title="bbox 2234 398 3823 483">
     <span class='ocr_line' id='line_1_19' title="bbox 2234 398 3823 483; baseline -0.013 -13"><span class='ocrx_word' id='word_1_132' title='bbox 2234 414 2503 483; x_wconf 82' lang='lat' dir='ltr'><strong>Reliquum</strong></span> <span class='ocrx_word' id='word_1_133' title='bbox 2525 421 2621 479; x_wconf 80' lang='lat' dir='ltr'><strong>est,</strong></span> <span class='ocrx_word' id='word_1_134' title='bbox 2648 408 2813 480; x_wconf 88' lang='lat' dir='ltr'><strong>utqui</strong></span> <span class='ocrx_word' id='word_1_135' title='bbox 2840 406 3028 460; x_wconf 79' lang='lat' dir='ltr'><strong>habent</strong></span> <span class='ocrx_word' id='word_1_136' title='bbox 3065 420 3272 469; x_wconf 74' lang='lat' dir='ltr'><strong>uxores,</strong></span> <span class='ocrx_word' id='word_1_137' title='bbox 3307 411 3568 471; x_wconf 87' lang='lat' dir='ltr'><strong>tamquam</strong></span> <span class='ocrx_word' id='word_1_138' title='bbox 3596 415 3701 452; x_wconf 88' lang='lat' dir='ltr'><strong>non</strong></span> <span class='ocrx_word' id='word_1_139' title='bbox 3733 398 3823 451; x_wconf 88' lang='lat' dir='ltr'><strong>ha-</strong></span> 
     </span>
    </p>
   </div>
   <div class='ocr_carea' id='block_1_20' title="bbox 2230 490 3822 570">
    <p class='ocr_par' dir='ltr' id='par_1_20' title="bbox 2230 490 3822 570">
     <span class='ocr_line' id='line_1_20' title="bbox 2230 490 3822 570; baseline -0.008 -13"><span class='ocrx_word' id='word_1_140' title='bbox 2230 505 2400 559; x_wconf 87' lang='lat' dir='ltr'><strong>bentes</strong></span> <span class='ocrx_word' id='word_1_141' title='bbox 2435 504 2538 556; x_wconf 87' lang='lat' dir='ltr'><strong>sint</strong></span> <span class='ocrx_word' id='word_1_142' title='bbox 2580 519 2597 556; x_wconf 91' lang='lat'><strong><em>:</em></strong></span> <span class='ocrx_word' id='word_1_143' title='bbox 2630 512 2677 554; x_wconf 87' lang='lat' dir='ltr'><strong>et</strong></span> <span class='ocrx_word' id='word_1_144' title='bbox 2719 501 2804 570; x_wconf 88' lang='lat' dir='ltr'><strong>qui</strong></span> <span class='ocrx_word' id='word_1_145' title='bbox 2843 508 3039 564; x_wconf 89' lang='lat' dir='ltr'><strong>emunt,</strong></span> <span class='ocrx_word' id='word_1_146' title='bbox 3071 507 3328 566; x_wconf 88' lang='lat' dir='ltr'><strong>tamquam</strong></span> <span class='ocrx_word' id='word_1_147' title='bbox 3369 510 3471 546; x_wconf 90' lang='lat' dir='ltr'><strong>non</strong></span> <span class='ocrx_word' id='word_1_148' title='bbox 3504 490 3822 563; x_wconf 86' lang='lat' dir='ltr'><strong>possidentes</strong></span> 
     </span>
    </p>
   </div>
   <div class='ocr_carea' id='block_1_21' title="bbox 2230 588 3822 665">
    <p class='ocr_par' dir='ltr' id='par_1_21' title="bbox 2230 588 3822 665">
     <span class='ocr_line' id='line_1_21' title="bbox 2230 588 3822 665; baseline -0.011 -13"><span class='ocrx_word' id='word_1_149' title='bbox 2230 600 2331 652; x_wconf 83' lang='lat' dir='ltr'><strong>sint</strong></span> <span class='ocrx_word' id='word_1_150' title='bbox 2356 613 2372 648; x_wconf 89' lang='lat'><strong><em>:</em></strong></span> <span class='ocrx_word' id='word_1_151' title='bbox 2399 606 2444 650; x_wconf 86' lang='lat' dir='ltr'><strong>et</strong></span> <span class='ocrx_word' id='word_1_152' title='bbox 2470 595 2559 665; x_wconf 87' lang='lat' dir='ltr'><strong>qui</strong></span> <span class='ocrx_word' id='word_1_153' title='bbox 2585 602 2801 647; x_wconf 90' lang='lat' dir='ltr'><strong>utuntur</strong></span> <span class='ocrx_word' id='word_1_154' title='bbox 2824 592 2920 644; x_wconf 83' lang='lat' dir='ltr'><strong>hoc</strong></span> <span class='ocrx_word' id='word_1_155' title='bbox 2942 588 3160 654; x_wconf 87' lang='lat' dir='ltr'><strong>mundo,</strong></span> <span class='ocrx_word' id='word_1_156' title='bbox 3194 597 3455 657; x_wconf 87' lang='lat' dir='ltr'><strong>tamquam</strong></span> <span class='ocrx_word' id='word_1_157' title='bbox 3479 601 3580 638; x_wconf 91' lang='lat' dir='ltr'><strong>non</strong></span> <span class='ocrx_word' id='word_1_158' title='bbox 3611 591 3822 636; x_wconf 84' lang='lat' dir='ltr'><strong>utantur</strong></span> 
     </span>
    </p>
   </div>
   <div class='ocr_carea' id='block_1_22' title="bbox 2232 674 3824 760">
    <p class='ocr_par' dir='ltr' id='par_1_22' title="bbox 2232 674 3824 760">
     <span class='ocr_line' id='line_1_22' title="bbox 2232 674 3824 760; baseline -0.01 -16"><span class='ocrx_word' id='word_1_159' title='bbox 2232 689 2410 760; x_wconf 82' lang='lat' dir='ltr'><strong>(lCor.</strong></span> <span class='ocrx_word' id='word_1_160' title='bbox 2429 703 2520 754; x_wconf 89' lang='lat' dir='ltr'><strong>vn,</strong></span> <span class='ocrx_word' id='word_1_161' title='bbox 2545 687 2635 752; x_wconf 80' lang='grc'><strong>50,</strong></span> <span class='ocrx_word' id='word_1_162' title='bbox 2663 685 2774 756; x_wconf 78' lang='grc'>51).</span> <span class='ocrx_word' id='word_1_163' title='bbox 2805 685 2901 740; x_wconf 89' lang='lat' dir='ltr'><strong>Hic</strong></span> <span class='ocrx_word' id='word_1_164' title='bbox 2931 681 3337 751; x_wconf 75' lang='lat' dir='ltr'><strong>totiusjustitice</strong></span> <span class='ocrx_word' id='word_1_165' title='bbox 3361 679 3555 745; x_wconf 90' lang='lat' dir='ltr'><strong>virtus,</strong></span> <span class='ocrx_word' id='word_1_166' title='bbox 3585 677 3673 731; x_wconf 92' lang='lat' dir='ltr'><strong>hic</strong></span> <span class='ocrx_word' id='word_1_167' title='bbox 3692 674 3824 730; x_wconf 88' lang='lat' dir='ltr'><strong>ratio</strong></span> 
     </span>
    </p>
   </div>
   <div class='ocr_carea' id='block_1_23' title="bbox 2232 766 3826 840">
    <p class='ocr_par' dir='ltr' id='par_1_23' title="bbox 2232 766 3826 840">
     <span class='ocr_line' id='line_1_23' title="bbox 2232 766 3826 840; baseline -0.011 -5"><span class='ocrx_word' id='word_1_168' title='bbox 2232 791 2314 834; x_wconf 90' lang='lat' dir='ltr'><strong>est</strong></span> <span class='ocrx_word' id='word_1_169' title='bbox 2349 777 2669 834; x_wconf 89' lang='lat' dir='ltr'><strong>circumcisa</strong></span> <span class='ocrx_word' id='word_1_170' title='bbox 2707 775 2852 831; x_wconf 91' lang='lat' dir='ltr'><strong>omni</strong></span> <span class='ocrx_word' id='word_1_171' title='bbox 2881 788 3082 836; x_wconf 89' lang='lat' dir='ltr'><strong>carne,</strong></span> <span class='ocrx_word' id='word_1_172' title='bbox 3131 771 3185 826; x_wconf 91' lang='lat' dir='ltr'><strong>id</strong></span> <span class='ocrx_word' id='word_1_173' title='bbox 3215 780 3320 840; x_wconf 91' lang='lat' dir='ltr'><strong>est,</strong></span> <span class='ocrx_word' id='word_1_174' title='bbox 3365 776 3671 840; x_wconf 87' lang='lat' dir='ltr'><strong>parentum,</strong></span> <span class='ocrx_word' id='word_1_175' title='bbox 3722 766 3826 820; x_wconf 93' lang='lat' dir='ltr'><strong>fra-</strong></span> 
     </span>
    </p>
   </div>
   <div class='ocr_carea' id='block_1_24' title="bbox 2234 859 3826 940">
    <p class='ocr_par' dir='ltr' id='par_1_24' title="bbox 2234 859 3826 940">
     <span class='ocr_line' id='line_1_24' title="bbox 2234 859 3826 940; baseline -0.008 -15"><span class='ocrx_word' id='word_1_176' title='bbox 2234 879 2416 937; x_wconf 90' lang='lat' dir='ltr'><strong>trum,</strong></span> <span class='ocrx_word' id='word_1_177' title='bbox 2469 870 2885 940; x_wconf 80' lang='lat' dir='ltr'><strong>cognationum,</strong></span> <span class='ocrx_word' id='word_1_178' title='bbox 2935 864 3291 925; x_wconf 88' lang='lat' dir='ltr'><strong>aftinitatum,</strong></span> <span class='ocrx_word' id='word_1_179' title='bbox 3344 861 3549 917; x_wconf 93' lang='lat' dir='ltr'><strong>nullum</strong></span> <span class='ocrx_word' id='word_1_180' title='bbox 3597 859 3826 930; x_wconf 86' lang='lat' dir='ltr'><strong>amplius</strong></span> 
     </span>
    </p>
   </div>
   <div class='ocr_carea' id='block_1_25' title="bbox 2233 954 3826 1034">
    <p class='ocr_par' dir='ltr' id='par_1_25' title="bbox 2233 954 3826 1034">
     <span class='ocr_line' id='line_1_25' title="bbox 2233 954 3826 1034; baseline -0.005 -16"><span class='ocrx_word' id='word_1_181' title='bbox 2233 978 2416 1018; x_wconf 89' lang='lat' dir='ltr'><strong>amare</strong></span> <span class='ocrx_word' id='word_1_182' title='bbox 2445 978 2606 1034; x_wconf 91' lang='lat' dir='ltr'><strong>quam</strong></span> <span class='ocrx_word' id='word_1_183' title='bbox 2643 961 2929 1016; x_wconf 92' lang='lat' dir='ltr'><strong>Dominum</strong></span> <span class='ocrx_word' id='word_1_184' title='bbox 2963 975 2983 1014; x_wconf 90' lang='lat'><strong><em>:</em></strong></span> <span class='ocrx_word' id='word_1_185' title='bbox 3025 967 3082 1013; x_wconf 89' lang='lat' dir='ltr'><strong>ut</strong></span> <span class='ocrx_word' id='word_1_186' title='bbox 3106 957 3172 1012; x_wconf 90' lang='lat' dir='ltr'><strong>ad</strong></span> <span class='ocrx_word' id='word_1_187' title='bbox 3205 957 3383 1012; x_wconf 90' lang='lat' dir='ltr'><strong>crucis</strong></span> <span class='ocrx_word' id='word_1_188' title='bbox 3413 956 3699 1028; x_wconf 75' lang='lat' dir='ltr'><strong>imaginem</strong></span> <span class='ocrx_word' id='word_1_189' title='bbox 3734 954 3826 1010; x_wconf 88' lang='lat' dir='ltr'><strong>Dei</strong></span> 
     </span>
    </p>
   </div>
   <div class='ocr_carea' id='block_1_26' title="bbox 2235 1047 3826 1123">
    <p class='ocr_par' dir='ltr' id='par_1_26' title="bbox 2235 1047 3826 1123">
     <span class='ocr_line' id='line_1_26' title="bbox 2235 1047 3826 1123; baseline -0.003 -15"><span class='ocrx_word' id='word_1_190' title='bbox 2235 1054 2427 1120; x_wconf 85' lang='lat' dir='ltr'><strong>verba,</strong></span> <span class='ocrx_word' id='word_1_191' title='bbox 2458 1070 2565 1110; x_wconf 92' lang='lat' dir='ltr'><strong>non</strong></span> <span class='ocrx_word' id='word_1_192' title='bbox 2595 1054 2659 1108; x_wconf 91' lang='lat' dir='ltr'><strong>ad</strong></span> <span class='ocrx_word' id='word_1_193' title='bbox 2683 1053 2892 1123; x_wconf 89' lang='lat' dir='ltr'><strong>aliquos</strong></span> <span class='ocrx_word' id='word_1_194' title='bbox 2923 1050 3106 1106; x_wconf 92' lang='lat' dir='ltr'><strong>mundi</strong></span> <span class='ocrx_word' id='word_1_195' title='bbox 3131 1060 3307 1120; x_wconf 89' lang='lat' dir='ltr'><strong>actus,</strong></span> <span class='ocrx_word' id='word_1_196' title='bbox 3335 1064 3652 1106; x_wconf 90' lang='lat' dir='ltr'><strong>moneamur</strong></span> <span class='ocrx_word' id='word_1_197' title='bbox 3677 1047 3826 1104; x_wconf 79' lang='lat' dir='ltr'><strong>affixi</strong></span> 
     </span>
    </p>
   </div>
   <div class='ocr_carea' id='block_1_27' title="bbox 2235 1143 3188 1212">
    <p class='ocr_par' dir='ltr' id='par_1_27' title="bbox 2235 1143 3188 1212">
     <span class='ocr_line' id='line_1_27' title="bbox 2235 1143 3188 1212; baseline -0.006 -10"><span class='ocrx_word' id='word_1_198' title='bbox 2235 1157 2462 1202; x_wconf 89' lang='lat' dir='ltr'><strong>matrem</strong></span> <span class='ocrx_word' id='word_1_199' title='bbox 2492 1144 2874 1202; x_wconf 90' lang='lat' dir='ltr'><strong>commendare</strong></span> <span class='ocrx_word' id='word_1_200' title='bbox 2903 1143 3188 1212; x_wconf 86' lang='lat' dir='ltr'><strong>discipulo.</strong></span> 
     </span>
    </p>
   </div>
   <div class='ocr_carea' id='block_1_28' title="bbox 2309 1241 3830 1313">
    <p class='ocr_par' dir='ltr' id='par_1_28' title="bbox 2309 1241 3830 1313">
     <span class='ocr_line' id='line_1_28' title="bbox 2309 1241 3830 1313; baseline -0.001 -16"><span class='ocrx_word' id='word_1_201' title='bbox 2309 1242 2427 1298; x_wconf 82' lang='lat' dir='ltr'><strong>xx.</strong></span> <span class='ocrx_word' id='word_1_202' title='bbox 2453 1244 2559 1298; x_wconf 82' lang='lat' dir='ltr'><strong>Res</strong></span> <span class='ocrx_word' id='word_1_203' title='bbox 2584 1244 2820 1313; x_wconf 88' lang='lat' dir='ltr'><strong>loquitur</strong></span> <span class='ocrx_word' id='word_1_204' title='bbox 2843 1243 2982 1312; x_wconf 90' lang='lat' dir='ltr'><strong>ipsa,</strong></span> <span class='ocrx_word' id='word_1_205' title='bbox 3014 1256 3112 1297; x_wconf 91' lang='lat' dir='ltr'><strong>cur</strong></span> <span class='ocrx_word' id='word_1_206' title='bbox 3146 1241 3236 1296; x_wconf 91' lang='lat' dir='ltr'><strong>illa</strong></span> <span class='ocrx_word' id='word_1_207' title='bbox 3283 1255 3406 1312; x_wconf 89' lang='lat' dir='ltr'><strong>pars</strong></span> <span class='ocrx_word' id='word_1_208' title='bbox 3447 1242 3694 1312; x_wconf 89' lang='lat' dir='ltr'><strong>corporis</strong></span> <span class='ocrx_word' id='word_1_209' title='bbox 3734 1256 3830 1311; x_wconf 85' lang='lat' dir='ltr'><strong>per</strong></span> 
     </span>
    </p>
   </div>
   <div class='ocr_carea' id='block_1_29' title="bbox 2237 1333 3831 1405">
    <p class='ocr_par' dir='ltr' id='par_1_29' title="bbox 2237 1333 3831 1405">
     <span class='ocr_line' id='line_1_29' title="bbox 2237 1333 3831 1405; baseline 0 -16"><span class='ocrx_word' id='word_1_210' title='bbox 2237 1351 2395 1405; x_wconf 91' lang='lat' dir='ltr'><strong>quam</strong></span> <span class='ocrx_word' id='word_1_211' title='bbox 2427 1336 2648 1391; x_wconf 66' lang='lat' dir='ltr'><strong>Judazus</strong></span> <span class='ocrx_word' id='word_1_212' title='bbox 2696 1351 2755 1392; x_wconf 88' lang='lat' dir='ltr'><strong>se</strong></span> <span class='ocrx_word' id='word_1_213' title='bbox 2793 1343 3036 1391; x_wconf 86' lang='lat' dir='ltr'><strong>autumat</strong></span> <span class='ocrx_word' id='word_1_214' title='bbox 3063 1334 3370 1404; x_wconf 85' lang='lat' dir='ltr'><strong>justificari,</strong></span> <span class='ocrx_word' id='word_1_215' title='bbox 3399 1334 3688 1391; x_wconf 81' lang='lat' dir='ltr'><strong>defectioni</strong></span> <span class='ocrx_word' id='word_1_216' title='bbox 3737 1333 3831 1389; x_wconf 88' lang='lat' dir='ltr'><strong>ad-</strong></span> 
     </span>
    </p>
   </div>
   <div class='ocr_carea' id='block_1_30' title="bbox 2235 1425 3828 1495">
    <p class='ocr_par' dir='ltr' id='par_1_30' title="bbox 2235 1425 3828 1495">
     <span class='ocr_line' id='line_1_30' title="bbox 2235 1425 3828 1495; baseline -0.001 -14"><span class='ocrx_word' id='word_1_217' title='bbox 2235 1426 2474 1495; x_wconf 90' lang='lat' dir='ltr'><strong>judicata</strong></span> <span class='ocrx_word' id='word_1_218' title='bbox 2502 1427 2789 1483; x_wconf 88' lang='lat' dir='ltr'><strong>videatur:</strong></span> <span class='ocrx_word' id='word_1_219' title='bbox 2835 1427 2972 1482; x_wconf 82' lang='lat' dir='ltr'><strong>adeo</strong></span> <span class='ocrx_word' id='word_1_220' title='bbox 3014 1435 3074 1481; x_wconf 93' lang='lat' dir='ltr'><strong>ut</strong></span> <span class='ocrx_word' id='word_1_221' title='bbox 3119 1426 3390 1482; x_wconf 91' lang='lat' dir='ltr'><strong>difficilius</strong></span> <span class='ocrx_word' id='word_1_222' title='bbox 3418 1427 3577 1482; x_wconf 90' lang='lat' dir='ltr'><strong>fuerit</strong></span> <span class='ocrx_word' id='word_1_223' title='bbox 3602 1425 3828 1481; x_wconf 92' lang='lat' dir='ltr'><strong>modum</strong></span> 
     </span>
    </p>
   </div>
   <div class='ocr_carea' id='block_1_31' title="bbox 2237 1518 3831 1589">
    <p class='ocr_par' dir='ltr' id='par_1_31' title="bbox 2237 1518 3831 1589">
     <span class='ocr_line' id='line_1_31' title="bbox 2237 1518 3831 1589; baseline -0.001 -15"><span class='ocrx_word' id='word_1_224' title='bbox 2237 1519 2551 1574; x_wconf 88' lang='lat' dir='ltr'><strong>adhibuisse</strong></span> <span class='ocrx_word' id='word_1_225' title='bbox 2575 1520 2837 1584; x_wconf 90' lang='lat' dir='ltr'><strong>sermoni,</strong></span> <span class='ocrx_word' id='word_1_226' title='bbox 2877 1534 3038 1589; x_wconf 90' lang='lat' dir='ltr'><strong>quam</strong></span> <span class='ocrx_word' id='word_1_227' title='bbox 3071 1527 3388 1588; x_wconf 90' lang='lat' dir='ltr'><strong>argumenta</strong></span> <span class='ocrx_word' id='word_1_228' title='bbox 3409 1518 3704 1588; x_wconf 89' lang='lat' dir='ltr'><strong>requisisse</strong></span> <span class='ocrx_word' id='word_1_229' title='bbox 3732 1535 3745 1570; x_wconf 90' lang='lat'><strong>:</strong></span> <span class='ocrx_word' id='word_1_230' title='bbox 3777 1528 3831 1573; x_wconf 89' lang='lat' dir='ltr'><strong>et</strong></span> 
     </span>
    </p>
   </div>
   <div class='ocr_carea' id='block_1_32' title="bbox 2238 1611 3830 1679">
    <p class='ocr_par' dir='ltr' id='par_1_32' title="bbox 2238 1611 3830 1679">
     <span class='ocr_line' id='line_1_32' title="bbox 2238 1611 3830 1679; baseline -0.001 -12"><span class='ocrx_word' id='word_1_231' title='bbox 2238 1613 2378 1669; x_wconf 87' lang='lat' dir='ltr'><strong>hanc</strong></span> <span class='ocrx_word' id='word_1_232' title='bbox 2409 1629 2592 1669; x_wconf 85' lang='lat' dir='ltr'><strong>veram</strong></span> <span class='ocrx_word' id='word_1_233' title='bbox 2623 1628 2744 1669; x_wconf 90' lang='lat' dir='ltr'><strong>esse</strong></span> <span class='ocrx_word' id='word_1_234' title='bbox 2771 1612 3274 1679; x_wconf 86' lang='lat' dir='ltr'><strong>circumeisionem,</strong></span> <span class='ocrx_word' id='word_1_235' title='bbox 3305 1613 3350 1667; x_wconf 87' lang='lat' dir='ltr'><strong>si</strong></span> <span class='ocrx_word' id='word_1_236' title='bbox 3381 1611 3830 1667; x_wconf 89' lang='lat' dir='ltr'><strong>abrenuntiantes</strong></span> 
     </span>
    </p>
   </div>
   <div class='ocr_carea' id='block_1_33' title="bbox 528 1700 3828 1794">
    <p class='ocr_par' dir='ltr' id='par_1_33' title="bbox 528 1700 3828 1794">
     <span class='ocr_line' id='line_1_33' title="bbox 528 1700 3828 1794; baseline -0.006 -16"><span class='ocrx_word' id='word_1_237' title='bbox 528 1723 670 1794; x_wconf 89' lang='lat' dir='ltr'><strong>quod</strong></span> <span class='ocrx_word' id='word_1_238' title='bbox 701 1721 785 1777; x_wconf 88' lang='lat' dir='ltr'><strong>vel</strong></span> <span class='ocrx_word' id='word_1_239' title='bbox 822 1718 1044 1782; x_wconf 59' lang='lat' dir='ltr'><strong>Caesari,</strong></span> <span class='ocrx_word' id='word_1_240' title='bbox 1092 1717 1176 1771; x_wconf 87' lang='lat' dir='ltr'><strong>vel</strong></span> <span class='ocrx_word' id='word_1_241' title='bbox 1209 1715 1412 1770; x_wconf 92' lang='lat' dir='ltr'><strong>mundo</strong></span> <span class='ocrx_word' id='word_1_242' title='bbox 1447 1714 1622 1768; x_wconf 88' lang='lat' dir='ltr'><strong>voluit</strong></span> <span class='ocrx_word' id='word_1_243' title='bbox 1651 1728 1772 1768; x_wconf 90' lang='lat' dir='ltr'><strong>esse</strong></span> <span class='ocrx_word' id='word_1_244' title='bbox 1815 1713 2126 1781; x_wconf 89' lang='lat' dir='ltr'><strong>captivum:</strong></span> <span class='ocrx_word' id='word_1_245' title='bbox 2161 1700 2207 1761; x_wconf 87' lang='lat' dir='ltr'><strong>B</strong></span> <span class='ocrx_word' id='word_1_246' title='bbox 2237 1707 2460 1771; x_wconf 86' lang='lat' dir='ltr'><strong>mundo,</strong></span> <span class='ocrx_word' id='word_1_247' title='bbox 2507 1722 2571 1761; x_wconf 76' lang='lat' dir='ltr'><strong>ex</strong></span> <span class='ocrx_word' id='word_1_248' title='bbox 2609 1721 2716 1775; x_wconf 92' lang='lat' dir='ltr'><strong>quo</strong></span> <span class='ocrx_word' id='word_1_249' title='bbox 2741 1705 2892 1775; x_wconf 84' lang='lat' dir='ltr'><strong>juxta</strong></span> <span class='ocrx_word' id='word_1_250' title='bbox 2921 1720 3142 1760; x_wconf 87' lang='lat' dir='ltr'><strong>carnem</strong></span> <span class='ocrx_word' id='word_1_251' title='bbox 3175 1712 3362 1760; x_wconf 89' lang='lat' dir='ltr'><strong>nostra</strong></span> <span class='ocrx_word' id='word_1_252' title='bbox 3407 1715 3598 1759; x_wconf 89' lang='lat' dir='ltr'><strong>natura</strong></span> <span class='ocrx_word' id='word_1_253' title='bbox 3631 1713 3746 1770; x_wconf 89' lang='lat' dir='ltr'><strong>est,</strong></span> <span class='ocrx_word' id='word_1_254' title='bbox 3775 1714 3828 1760; x_wconf 89' lang='lat' dir='ltr'><strong>et</strong></span> 
     </span>
    </p>
   </div>
   <div class='ocr_carea' id='block_1_34' title="bbox 529 1804 2128 1874">
    <p class='ocr_par' dir='ltr' id='par_1_34' title="bbox 529 1804 2128 1874">
     <span class='ocr_line' id='line_1_34' title="bbox 529 1804 2128 1874; baseline -0.006 -5"><span class='ocrx_word' id='word_1_255' title='bbox 529 1817 731 1872; x_wconf 86' lang='lat' dir='ltr'><strong>docens</strong></span> <span class='ocrx_word' id='word_1_256' title='bbox 773 1813 982 1868; x_wconf 93' lang='lat' dir='ltr'><strong>nullum</strong></span> <span class='ocrx_word' id='word_1_257' title='bbox 1025 1809 1240 1864; x_wconf 87' lang='lat' dir='ltr'><strong>duobus</strong></span> <span class='ocrx_word' id='word_1_258' title='bbox 1267 1807 1500 1861; x_wconf 89' lang='lat' dir='ltr'><strong>dominis</strong></span> <span class='ocrx_word' id='word_1_259' title='bbox 1542 1821 1699 1874; x_wconf 90' lang='lat' dir='ltr'><strong>posse</strong></span> <span class='ocrx_word' id='word_1_260' title='bbox 1744 1806 1972 1860; x_wconf 91' lang='lat' dir='ltr'><strong>servire.</strong></span> <span class='ocrx_word' id='word_1_261' title='bbox 2011 1804 2128 1860; x_wconf 90' lang='lat' dir='ltr'><strong>Cir-</strong></span> 
     </span>
    </p>
   </div>
   <div class='ocr_carea' id='block_1_35' title="bbox 526 1896 2128 1974">
    <p class='ocr_par' dir='ltr' id='par_1_35' title="bbox 526 1896 2128 1974">
     <span class='ocr_line' id='line_1_35' title="bbox 526 1896 2128 1974; baseline -0.01 -8"><span class='ocrx_word' id='word_1_262' title='bbox 526 1908 854 1966; x_wconf 87' lang='lat' dir='ltr'><strong>cumciditur</strong></span> <span class='ocrx_word' id='word_1_263' title='bbox 873 1918 1003 1974; x_wconf 88' lang='lat' dir='ltr'><strong>ergo</strong></span> <span class='ocrx_word' id='word_1_264' title='bbox 1031 1901 1348 1957; x_wconf 67' lang='lat' dir='ltr'><strong>barreditate</strong></span> <span class='ocrx_word' id='word_1_265' title='bbox 1379 1899 1579 1969; x_wconf 88' lang='lat' dir='ltr'><strong>Josepb</strong></span> <span class='ocrx_word' id='word_1_266' title='bbox 1606 1909 1660 1953; x_wconf 93' lang='lat' dir='ltr'><strong>et</strong></span> <span class='ocrx_word' id='word_1_267' title='bbox 1687 1899 1853 1953; x_wconf 90' lang='lat' dir='ltr'><strong>Maria</strong></span> <span class='ocrx_word' id='word_1_268' title='bbox 1903 1915 1916 1951; x_wconf 90' lang='lat'>:</span> <span class='ocrx_word' id='word_1_269' title='bbox 1961 1896 2128 1952; x_wconf 89' lang='lat' dir='ltr'><strong>nihil-</strong></span> 
     </span>
    </p>
   </div>
   <div class='ocr_carea' id='block_1_36' title="bbox 526 1991 2130 2072">
    <p class='ocr_par' dir='ltr' id='par_1_36' title="bbox 526 1991 2130 2072">
     <span class='ocr_line' id='line_1_36' title="bbox 526 1991 2130 2072; baseline -0.007 -16"><span class='ocrx_word' id='word_1_270' title='bbox 526 2015 634 2072; x_wconf 90' lang='lat' dir='ltr'><strong>que</strong></span> <span class='ocrx_word' id='word_1_271' title='bbox 661 1999 762 2054; x_wconf 90' lang='lat' dir='ltr'><strong>sibi</strong></span> <span class='ocrx_word' id='word_1_272' title='bbox 793 1997 861 2052; x_wconf 91' lang='lat' dir='ltr'><strong>de</strong></span> <span class='ocrx_word' id='word_1_273' title='bbox 891 1993 1265 2050; x_wconf 89' lang='lat' dir='ltr'><strong>mundialibus</strong></span> <span class='ocrx_word' id='word_1_274' title='bbox 1305 1993 1558 2048; x_wconf 91' lang='lat' dir='ltr'><strong>vendicat</strong></span> <span class='ocrx_word' id='word_1_275' title='bbox 1605 1991 1706 2046; x_wconf 88' lang='lat' dir='ltr'><strong>sub</strong></span> <span class='ocrx_word' id='word_1_276' title='bbox 1753 1991 1989 2057; x_wconf 92' lang='lat' dir='ltr'><strong>tributo,</strong></span> <span class='ocrx_word' id='word_1_277' title='bbox 2037 1991 2130 2061; x_wconf 90' lang='lat' dir='ltr'><strong>qui</strong></span> 
     </span>
    </p>
   </div>
   <div class='ocr_carea' id='block_1_37' title="bbox 525 2084 2131 2161">
    <p class='ocr_par' dir='ltr' id='par_1_37' title="bbox 525 2084 2131 2161">
     <span class='ocr_line' id='line_1_37' title="bbox 525 2084 2131 2161; baseline -0.006 -15"><span class='ocrx_word' id='word_1_278' title='bbox 525 2093 718 2161; x_wconf 89' lang='lat' dir='ltr'><strong>utique</strong></span> <span class='ocrx_word' id='word_1_279' title='bbox 747 2089 830 2144; x_wconf 92' lang='lat' dir='ltr'><strong>eis</strong></span> <span class='ocrx_word' id='word_1_280' title='bbox 859 2087 1070 2142; x_wconf 84' lang='lat' dir='ltr'><strong>dixerat</strong></span> <span class='ocrx_word' id='word_1_281' title='bbox 1104 2103 1116 2138; x_wconf 89' lang='lat'><strong>:</strong></span> <span class='ocrx_word' id='word_1_282' title='bbox 1153 2084 1378 2138; x_wconf 71' lang='lat' dir='ltr'><strong>Nescitis</strong></span> <span class='ocrx_word' id='word_1_283' title='bbox 1400 2085 1525 2154; x_wconf 88' lang='lat' dir='ltr'><strong>quia</strong></span> <span class='ocrx_word' id='word_1_284' title='bbox 1556 2094 1753 2150; x_wconf 79' lang='lat' dir='ltr'><strong>Oportet</strong></span> <span class='ocrx_word' id='word_1_285' title='bbox 1782 2100 1859 2138; x_wconf 88' lang='lat' dir='ltr'><strong>me</strong></span> <span class='ocrx_word' id='word_1_286' title='bbox 1881 2085 1932 2136; x_wconf 90' lang='lat' dir='ltr'><strong>in</strong></span> <span class='ocrx_word' id='word_1_287' title='bbox 1959 2093 2131 2153; x_wconf 86' lang='lat' dir='ltr'><strong>pater-</strong></span> 
     </span>
    </p>
   </div>
   <div class='ocr_carea' id='block_1_38' title="bbox 526 2174 2130 2249">
    <p class='ocr_par' dir='ltr' id='par_1_38' title="bbox 526 2174 2130 2249">
     <span class='ocr_line' id='line_1_38' title="bbox 526 2174 2130 2249; baseline -0.004 -13"><span class='ocrx_word' id='word_1_288' title='bbox 526 2184 606 2236; x_wconf 87' lang='lat' dir='ltr'><strong>nis</strong></span> <span class='ocrx_word' id='word_1_289' title='bbox 637 2182 763 2235; x_wconf 85' lang='lat' dir='ltr'><strong>meis</strong></span> <span class='ocrx_word' id='word_1_290' title='bbox 790 2195 897 2234; x_wconf 84' lang='lat' dir='ltr'><strong>esse</strong></span> <span class='ocrx_word' id='word_1_291' title='bbox 920 2178 1071 2249; x_wconf 85' lang='lat' dir='ltr'><strong>(Luc.</strong></span> <span class='ocrx_word' id='word_1_292' title='bbox 1110 2193 1168 2242; x_wconf 87' lang='grc' dir='ltr'><strong>ιι,</strong></span> <span class='ocrx_word' id='word_1_293' title='bbox 1195 2176 1291 2243; x_wconf 74' lang='grc'><strong>49)</strong></span> <span class='ocrx_word' id='word_1_294' title='bbox 1320 2195 1330 2228; x_wconf 89' lang='grc'>;</span> <span class='ocrx_word' id='word_1_295' title='bbox 1360 2175 1570 2230; x_wconf 86' lang='lat' dir='ltr'><strong>scilicet</strong></span> <span class='ocrx_word' id='word_1_296' title='bbox 1597 2176 1649 2228; x_wconf 92' lang='lat' dir='ltr'><strong>in</strong></span> <span class='ocrx_word' id='word_1_297' title='bbox 1684 2176 1911 2244; x_wconf 89' lang='lat' dir='ltr'><strong>templo,</strong></span> <span class='ocrx_word' id='word_1_298' title='bbox 1939 2190 2042 2230; x_wconf 89' lang='lat' dir='ltr'><strong>non</strong></span> <span class='ocrx_word' id='word_1_299' title='bbox 2075 2174 2130 2230; x_wconf 91' lang='lat' dir='ltr'><strong>in</strong></span> 
     </span>
    </p>
   </div>
   <div class='ocr_carea' id='block_1_39' title="bbox 523 2267 2131 2338">
    <p class='ocr_par' dir='ltr' id='par_1_39' title="bbox 523 2267 2131 2338">
     <span class='ocr_line' id='line_1_39' title="bbox 523 2267 2131 2338; baseline -0.004 -10"><span class='ocrx_word' id='word_1_300' title='bbox 523 2273 730 2328; x_wconf 78' lang='lat' dir='ltr'><strong>smculo</strong></span> <span class='ocrx_word' id='word_1_301' title='bbox 761 2289 772 2323; x_wconf 91' lang='lat'>:</span> <span class='ocrx_word' id='word_1_302' title='bbox 803 2270 856 2325; x_wconf 92' lang='lat' dir='ltr'><strong>in</strong></span> <span class='ocrx_word' id='word_1_303' title='bbox 886 2269 1276 2324; x_wconf 85' lang='lat' dir='ltr'><strong>sacrificiorum</strong></span> <span class='ocrx_word' id='word_1_304' title='bbox 1303 2267 1582 2337; x_wconf 84' lang='lat' dir='ltr'><strong>mysterio,</strong></span> <span class='ocrx_word' id='word_1_305' title='bbox 1618 2282 1724 2321; x_wconf 84' lang='lat' dir='ltr'><strong>non</strong></span> <span class='ocrx_word' id='word_1_306' title='bbox 1757 2267 1809 2320; x_wconf 91' lang='lat' dir='ltr'><strong>in</strong></span> <span class='ocrx_word' id='word_1_307' title='bbox 1833 2267 2131 2338; x_wconf 87' lang='lat' dir='ltr'><strong>malignan-</strong></span> 
     </span>
    </p>
   </div>
   <div class='ocr_carea' id='block_1_40' title="bbox 523 2358 2129 2431">
    <p class='ocr_par' dir='ltr' id='par_1_40' title="bbox 523 2358 2129 2431">
     <span class='ocr_line' id='line_1_40' title="bbox 523 2358 2129 2431; baseline -0.002 -13"><span class='ocrx_word' id='word_1_308' title='bbox 523 2366 656 2421; x_wconf 90' lang='lat' dir='ltr'><strong>tium</strong></span> <span class='ocrx_word' id='word_1_309' title='bbox 686 2361 952 2426; x_wconf 89' lang='lat' dir='ltr'><strong>concilio;</strong></span> <span class='ocrx_word' id='word_1_310' title='bbox 983 2361 1033 2416; x_wconf 91' lang='lat' dir='ltr'><strong>in</strong></span> <span class='ocrx_word' id='word_1_311' title='bbox 1065 2360 1309 2431; x_wconf 89' lang='lat' dir='ltr'><strong>paternis</strong></span> <span class='ocrx_word' id='word_1_312' title='bbox 1341 2359 1530 2428; x_wconf 89' lang='lat' dir='ltr'><strong>utique</strong></span> <span class='ocrx_word' id='word_1_313' title='bbox 1561 2358 1974 2426; x_wconf 81' lang='lat' dir='ltr'><strong>Spiritltalibu3:</strong></span> <span class='ocrx_word' id='word_1_314' title='bbox 2007 2373 2129 2414; x_wconf 89' lang='lat' dir='ltr'><strong>nam</strong></span> 
     </span>
    </p>
   </div>
   <div class='ocr_carea' id='block_1_41' title="bbox 526 2449 2132 2527">
    <p class='ocr_par' dir='ltr' id='par_1_41' title="bbox 526 2449 2132 2527">
     <span class='ocr_line' id='line_1_41' title="bbox 526 2449 2132 2527; baseline -0.001 -19"><span class='ocrx_word' id='word_1_315' title='bbox 526 2465 734 2527; x_wconf 89' lang='lat' dir='ltr'><strong>patrem</strong></span> <span class='ocrx_word' id='word_1_316' title='bbox 775 2454 828 2508; x_wconf 92' lang='lat' dir='ltr'><strong>in</strong></span> <span class='ocrx_word' id='word_1_317' title='bbox 871 2452 1182 2508; x_wconf 89' lang='lat' dir='ltr'><strong>carnalibus</strong></span> <span class='ocrx_word' id='word_1_318' title='bbox 1214 2466 1320 2505; x_wconf 95' lang='lat' dir='ltr'><strong>non</strong></span> <span class='ocrx_word' id='word_1_319' title='bbox 1363 2449 1616 2504; x_wconf 84' lang='lat' dir='ltr'><strong>habebat.</strong></span> <span class='ocrx_word' id='word_1_320' title='bbox 1671 2449 1912 2520; x_wconf 88' lang='lat' dir='ltr'><strong>Denique</strong></span> <span class='ocrx_word' id='word_1_321' title='bbox 1952 2451 2021 2506; x_wconf 91' lang='lat' dir='ltr'><strong>de</strong></span> <span class='ocrx_word' id='word_1_322' title='bbox 2065 2466 2132 2507; x_wconf 92' lang='lat' dir='ltr'><strong>eo</strong></span> 
     </span>
    </p>
   </div>
   <div class='ocr_carea' id='block_1_42' title="bbox 528 2543 2130 2617">
    <p class='ocr_par' dir='ltr' id='par_1_42' title="bbox 528 2543 2130 2617">
     <span class='ocr_line' id='line_1_42' title="bbox 528 2543 2130 2617; baseline -0.003 -13"><span class='ocrx_word' id='word_1_323' title='bbox 528 2548 732 2617; x_wconf 86' lang='lat' dir='ltr'><strong>templo</strong></span> <span class='ocrx_word' id='word_1_324' title='bbox 754 2555 808 2602; x_wconf 93' lang='lat' dir='ltr'><strong>et</strong></span> <span class='ocrx_word' id='word_1_325' title='bbox 834 2559 965 2601; x_wconf 87' lang='lat' dir='ltr'><strong>oves</strong></span> <span class='ocrx_word' id='word_1_326' title='bbox 996 2545 1176 2612; x_wconf 79' lang='lat' dir='ltr'><strong>abegit</strong></span> <span class='ocrx_word' id='word_1_327' title='bbox 1205 2552 1260 2598; x_wconf 91' lang='lat' dir='ltr'><strong>et</strong></span> <span class='ocrx_word' id='word_1_328' title='bbox 1284 2543 1470 2608; x_wconf 91' lang='lat' dir='ltr'><strong>boves,</strong></span> <span class='ocrx_word' id='word_1_329' title='bbox 1507 2553 1561 2598; x_wconf 93' lang='lat' dir='ltr'><strong>et</strong></span> <span class='ocrx_word' id='word_1_330' title='bbox 1588 2558 1802 2598; x_wconf 90' lang='lat' dir='ltr'><strong>mensas</strong></span> <span class='ocrx_word' id='word_1_331' title='bbox 1826 2545 2130 2599; x_wconf 89' lang='lat' dir='ltr'><strong>nummula-</strong></span> 
     </span>
    </p>
   </div>
   <div class='ocr_carea' id='block_1_43' title="bbox 525 2633 2134 2703">
    <p class='ocr_par' dir='ltr' id='par_1_43' title="bbox 525 2633 2134 2703">
     <span class='ocr_line' id='line_1_43' title="bbox 525 2633 2134 2703; baseline -0.001 -10"><span class='ocrx_word' id='word_1_332' title='bbox 525 2640 757 2703; x_wconf 89' lang='lat' dir='ltr'><strong>riorum,</strong></span> <span class='ocrx_word' id='word_1_333' title='bbox 793 2644 852 2691; x_wconf 90' lang='lat' dir='ltr'><strong>et</strong></span> <span class='ocrx_word' id='word_1_334' title='bbox 889 2634 1176 2690; x_wconf 83' lang='lat' dir='ltr'><strong>cathedras</strong></span> <span class='ocrx_word' id='word_1_335' title='bbox 1210 2633 1557 2690; x_wconf 89' lang='lat' dir='ltr'><strong>vendentium</strong></span> <span class='ocrx_word' id='word_1_336' title='bbox 1615 2634 1898 2689; x_wconf 90' lang='lat' dir='ltr'><strong>columbas</strong></span> <span class='ocrx_word' id='word_1_337' title='bbox 1939 2636 2134 2692; x_wconf 79' lang='lat' dir='ltr'><strong>evertit</strong></span> 
     </span>
    </p>
   </div>
   <div class='ocr_carea' id='block_1_44' title="bbox 532 2724 2133 2801">
    <p class='ocr_par' dir='ltr' id='par_1_44' title="bbox 532 2724 2133 2801">
     <span class='ocr_line' id='line_1_44' title="bbox 532 2724 2133 2801; baseline 0.001 -19"><span class='ocrx_word' id='word_1_338' title='bbox 532 2729 753 2801; x_wconf 81' lang='lat' dir='ltr'><strong>(Matth.</strong></span> <span class='ocrx_word' id='word_1_339' title='bbox 783 2743 898 2793; x_wconf 75' lang='lat' dir='ltr'><strong>nt,</strong></span> <span class='ocrx_word' id='word_1_340' title='bbox 933 2724 1048 2794; x_wconf 70' lang='grc'><strong>12).</strong></span> <span class='ocrx_word' id='word_1_341' title='bbox 1079 2726 1169 2781; x_wconf 91' lang='lat' dir='ltr'><strong>Sic</strong></span> <span class='ocrx_word' id='word_1_342' title='bbox 1197 2726 1452 2797; x_wconf 87' lang='lat' dir='ltr'><strong>templum</strong></span> <span class='ocrx_word' id='word_1_343' title='bbox 1476 2727 1638 2781; x_wconf 90' lang='lat' dir='ltr'><strong>etiam</strong></span> <span class='ocrx_word' id='word_1_344' title='bbox 1672 2727 1869 2796; x_wconf 92' lang='lat' dir='ltr'><strong>ipsum,</strong></span> <span class='ocrx_word' id='word_1_345' title='bbox 1903 2729 2046 2798; x_wconf 92' lang='lat' dir='ltr'><strong>quod</strong></span> <span class='ocrx_word' id='word_1_346' title='bbox 2071 2730 2133 2783; x_wconf 79' lang='lat' dir='ltr'><strong>ti-</strong></span> 
     </span>
    </p>
   </div>
   <div class='ocr_carea' id='block_1_45' title="bbox 531 2819 2132 2893">
    <p class='ocr_par' dir='ltr' id='par_1_45' title="bbox 531 2819 2132 2893">
     <span class='ocr_line' id='line_1_45' title="bbox 531 2819 2132 2893; baseline 0.001 -17"><span class='ocrx_word' id='word_1_347' title='bbox 531 2837 667 2893; x_wconf 84' lang='lat' dir='ltr'><strong>gura</strong></span> <span class='ocrx_word' id='word_1_348' title='bbox 690 2830 774 2875; x_wconf 92' lang='lat' dir='ltr'><strong>est</strong></span> <span class='ocrx_word' id='word_1_349' title='bbox 795 2819 1041 2889; x_wconf 84' lang='lat' dir='ltr'><strong>corporis</strong></span> <span class='ocrx_word' id='word_1_350' title='bbox 1071 2819 1178 2884; x_wconf 89' lang='lat' dir='ltr'><strong>sui,</strong></span> <span class='ocrx_word' id='word_1_351' title='bbox 1207 2821 1408 2875; x_wconf 85' lang='lat' dir='ltr'><strong>carnali</strong></span> <span class='ocrx_word' id='word_1_352' title='bbox 1429 2821 1870 2890; x_wconf 90' lang='lat' dir='ltr'><strong>concupiscentia</strong></span> <span class='ocrx_word' id='word_1_353' title='bbox 1900 2823 2132 2878; x_wconf 92' lang='lat' dir='ltr'><strong>circum-</strong></span> 
     </span>
    </p>
   </div>
   <div class='ocr_carea' id='block_1_46' title="bbox 529 2910 2133 2980">
    <p class='ocr_par' dir='ltr' id='par_1_46' title="bbox 529 2910 2133 2980">
     <span class='ocr_line' id='line_1_46' title="bbox 529 2910 2133 2980; baseline 0.002 -11"><span class='ocrx_word' id='word_1_354' title='bbox 529 2913 683 2978; x_wconf 90' lang='lat' dir='ltr'><strong>cidit,</strong></span> <span class='ocrx_word' id='word_1_355' title='bbox 708 2920 767 2966; x_wconf 93' lang='lat' dir='ltr'><strong>ut</strong></span> <span class='ocrx_word' id='word_1_356' title='bbox 789 2910 1117 2980; x_wconf 82' lang='lat' dir='ltr'><strong>intelligeret</strong></span> <span class='ocrx_word' id='word_1_357' title='bbox 1133 2911 1318 2977; x_wconf 90' lang='lat' dir='ltr'><strong>homo,</strong></span> <span class='ocrx_word' id='word_1_358' title='bbox 1349 2912 1464 2966; x_wconf 77' lang='lat' dir='ltr'><strong>bzec</strong></span> <span class='ocrx_word' id='word_1_359' title='bbox 1486 2913 1586 2967; x_wconf 90' lang='lat' dir='ltr'><strong>sibi</strong></span> <span class='ocrx_word' id='word_1_360' title='bbox 1617 2914 1668 2967; x_wconf 91' lang='lat' dir='ltr'><strong>in</strong></span> <span class='ocrx_word' id='word_1_361' title='bbox 1693 2929 1788 2968; x_wconf 91' lang='lat' dir='ltr'><strong>sua</strong></span> <span class='ocrx_word' id='word_1_362' title='bbox 1808 2925 1991 2971; x_wconf 91' lang='lat' dir='ltr'><strong>mente</strong></span> <span class='ocrx_word' id='word_1_363' title='bbox 2011 2930 2133 2972; x_wconf 91' lang='lat' dir='ltr'><strong>esse</strong></span> 
     </span>
    </p>
   </div>
   <div class='ocr_carea' id='block_1_47' title="bbox 532 3003 2130 3074">
    <p class='ocr_par' dir='ltr' id='par_1_47' title="bbox 532 3003 2130 3074">
     <span class='ocr_line' id='line_1_47' title="bbox 532 3003 2130 3074; baseline 0.004 -15"><span class='ocrx_word' id='word_1_364' title='bbox 532 3003 779 3060; x_wconf 88' lang='lat' dir='ltr'><strong>facienda</strong></span> <span class='ocrx_word' id='word_1_365' title='bbox 805 3021 819 3058; x_wconf 90' lang='lat'><strong>:</strong></span> <span class='ocrx_word' id='word_1_366' title='bbox 853 3018 954 3059; x_wconf 92' lang='lat' dir='ltr'><strong>nec</strong></span> <span class='ocrx_word' id='word_1_367' title='bbox 974 3019 1105 3058; x_wconf 89' lang='lat' dir='ltr'><strong>sane</strong></span> <span class='ocrx_word' id='word_1_368' title='bbox 1131 3004 1245 3059; x_wconf 92' lang='lat' dir='ltr'><strong>suis</strong></span> <span class='ocrx_word' id='word_1_369' title='bbox 1272 3005 1442 3074; x_wconf 89' lang='lat' dir='ltr'><strong>parcit</strong></span> <span class='ocrx_word' id='word_1_370' title='bbox 1472 3004 1752 3061; x_wconf 82' lang='lat' dir='ltr'><strong>affectibus</strong></span> <span class='ocrx_word' id='word_1_371' title='bbox 1794 3027 1804 3061; x_wconf 91' lang='lat'><strong>:</strong></span> <span class='ocrx_word' id='word_1_372' title='bbox 1853 3024 1974 3064; x_wconf 90' lang='lat' dir='ltr'><strong>nam</strong></span> <span class='ocrx_word' id='word_1_373' title='bbox 2007 3025 2130 3066; x_wconf 93' lang='lat' dir='ltr'><strong>eum</strong></span> 
     </span>
    </p>
   </div>
   <div class='ocr_carea' id='block_1_48' title="bbox 2233 1797 3829 1871">
    <p class='ocr_par' dir='ltr' id='par_1_48' title="bbox 2233 1797 3829 1871">
     <span class='ocr_line' id='line_1_48' title="bbox 2233 1797 3829 1871; baseline -0.002 -17"><span class='ocrx_word' id='word_1_374' title='bbox 2233 1799 2569 1871; x_wconf 91' lang='lat' dir='ltr'><strong>parentibus,</strong></span> <span class='ocrx_word' id='word_1_375' title='bbox 2603 1807 2658 1854; x_wconf 92' lang='lat' dir='ltr'><strong>et</strong></span> <span class='ocrx_word' id='word_1_376' title='bbox 2695 1814 2814 1868; x_wconf 65' lang='lat' dir='ltr'><strong>qua)</strong></span> <span class='ocrx_word' id='word_1_377' title='bbox 2855 1797 2978 1853; x_wconf 85' lang='lat' dir='ltr'><strong>fidei</strong></span> <span class='ocrx_word' id='word_1_378' title='bbox 3007 1797 3320 1853; x_wconf 90' lang='lat' dir='ltr'><strong>scandalum</strong></span> <span class='ocrx_word' id='word_1_379' title='bbox 3355 1797 3559 1853; x_wconf 90' lang='lat' dir='ltr'><strong>faciunt</strong></span> <span class='ocrx_word' id='word_1_380' title='bbox 3596 1798 3829 1852; x_wconf 85' lang='lat' dir='ltr'><strong>circum-</strong></span> 
     </span>
    </p>
   </div>
   <div class='ocr_carea' id='block_1_49' title="bbox 2235 1890 3829 1962">
    <p class='ocr_par' dir='ltr' id='par_1_49' title="bbox 2235 1890 3829 1962">
     <span class='ocr_line' id='line_1_49' title="bbox 2235 1890 3829 1962; baseline -0.002 -15"><span class='ocrx_word' id='word_1_381' title='bbox 2235 1893 2384 1958; x_wconf 81' lang='lat' dir='ltr'><strong>cisis,</strong></span> <span class='ocrx_word' id='word_1_382' title='bbox 2421 1892 2582 1947; x_wconf 92' lang='lat' dir='ltr'><strong>oculo</strong></span> <span class='ocrx_word' id='word_1_383' title='bbox 2611 1892 2774 1947; x_wconf 89' lang='lat' dir='ltr'><strong>etiam</strong></span> <span class='ocrx_word' id='word_1_384' title='bbox 2800 1900 2855 1947; x_wconf 92' lang='lat' dir='ltr'><strong>et</strong></span> <span class='ocrx_word' id='word_1_385' title='bbox 2887 1907 3049 1947; x_wconf 90' lang='lat' dir='ltr'><strong>manu</strong></span> <span class='ocrx_word' id='word_1_386' title='bbox 3081 1901 3136 1947; x_wconf 91' lang='lat' dir='ltr'><strong>et</strong></span> <span class='ocrx_word' id='word_1_387' title='bbox 3167 1891 3325 1962; x_wconf 88' lang='lat' dir='ltr'><strong>pede,</strong></span> <span class='ocrx_word' id='word_1_388' title='bbox 3349 1890 3480 1946; x_wconf 93' lang='lat' dir='ltr'><strong>nudi</strong></span> <span class='ocrx_word' id='word_1_389' title='bbox 3500 1901 3553 1946; x_wconf 93' lang='lat' dir='ltr'><strong>et</strong></span> <span class='ocrx_word' id='word_1_390' title='bbox 3581 1890 3706 1956; x_wconf 88' lang='lat' dir='ltr'><strong>soli,</strong></span> <span class='ocrx_word' id='word_1_391' title='bbox 3737 1890 3829 1944; x_wconf 85' lang='lat' dir='ltr'><strong>de-</strong></span> 
     </span>
    </p>
   </div>
   <div class='ocr_carea' id='block_1_50' title="bbox 2233 1985 3828 2056">
    <p class='ocr_par' dir='ltr' id='par_1_50' title="bbox 2233 1985 3828 2056">
     <span class='ocr_line' id='line_1_50' title="bbox 2233 1985 3828 2056; baseline -0.001 -16"><span class='ocrx_word' id='word_1_392' title='bbox 2233 1985 2368 2041; x_wconf 88' lang='lat' dir='ltr'><strong>biles</strong></span> <span class='ocrx_word' id='word_1_393' title='bbox 2393 1987 2579 2054; x_wconf 89' lang='lat' dir='ltr'><strong>etiam,</strong></span> <span class='ocrx_word' id='word_1_394' title='bbox 2615 1987 2658 2040; x_wconf 92' lang='lat' dir='ltr'><strong>si</strong></span> <span class='ocrx_word' id='word_1_395' title='bbox 2691 1987 2801 2041; x_wconf 82' lang='lat' dir='ltr'><strong>fieri</strong></span> <span class='ocrx_word' id='word_1_396' title='bbox 2836 1995 3031 2056; x_wconf 90' lang='lat' dir='ltr'><strong>potest,</strong></span> <span class='ocrx_word' id='word_1_397' title='bbox 3059 1986 3342 2040; x_wconf 89' lang='lat' dir='ltr'><strong>Dominum</strong></span> <span class='ocrx_word' id='word_1_398' title='bbox 3375 1994 3666 2049; x_wconf 86' lang='lat' dir='ltr'><strong>sectemur,</strong></span> <span class='ocrx_word' id='word_1_399' title='bbox 3701 1998 3828 2038; x_wconf 91' lang='lat' dir='ltr'><strong>can-</strong></span> 
     </span>
    </p>
   </div>
   <div class='ocr_carea' id='block_1_51' title="bbox 2234 2080 3829 2152">
    <p class='ocr_par' dir='ltr' id='par_1_51' title="bbox 2234 2080 3829 2152">
     <span class='ocr_line' id='line_1_51' title="bbox 2234 2080 3829 2152; baseline -0.003 -16"><span class='ocrx_word' id='word_1_400' title='bbox 2234 2088 2414 2136; x_wconf 88' lang='lat' dir='ltr'><strong>tantes</strong></span> <span class='ocrx_word' id='word_1_401' title='bbox 2437 2095 2564 2136; x_wconf 88' lang='lat' dir='ltr'><strong>vere</strong></span> <span class='ocrx_word' id='word_1_402' title='bbox 2602 2097 2613 2134; x_wconf 88' lang='lat'><strong>:</strong></span> <span class='ocrx_word' id='word_1_403' title='bbox 2661 2080 2917 2146; x_wconf 86' lang='lat' dir='ltr'><strong>Quoniam</strong></span> <span class='ocrx_word' id='word_1_404' title='bbox 2947 2091 3093 2152; x_wconf 90' lang='lat' dir='ltr'><strong>pater</strong></span> <span class='ocrx_word' id='word_1_405' title='bbox 3112 2097 3254 2134; x_wconf 86' lang='lat' dir='ltr'><strong>meus</strong></span> <span class='ocrx_word' id='word_1_406' title='bbox 3289 2091 3336 2134; x_wconf 88' lang='lat' dir='ltr'><strong>et</strong></span> <span class='ocrx_word' id='word_1_407' title='bbox 3357 2089 3520 2133; x_wconf 80' lang='lat' dir='ltr'><strong>mater</strong></span> <span class='ocrx_word' id='word_1_408' title='bbox 3548 2094 3662 2134; x_wconf 86' lang='lat' dir='ltr'><strong>mea</strong></span> <span class='ocrx_word' id='word_1_409' title='bbox 3684 2080 3829 2132; x_wconf 46' lang='lat' dir='ltr'><strong>dere‘</strong></span> 
     </span>
    </p>
   </div>
   <div class='ocr_carea' id='block_1_52' title="bbox 2234 2171 3826 2242">
    <p class='ocr_par' dir='ltr' id='par_1_52' title="bbox 2234 2171 3826 2242">
     <span class='ocr_line' id='line_1_52' title="bbox 2234 2171 3826 2242; baseline 0.001 -15"><span class='ocrx_word' id='word_1_410' title='bbox 2234 2173 2494 2242; x_wconf 80' lang='lat' dir='ltr'><strong>liquerunt</strong></span> <span class='ocrx_word' id='word_1_411' title='bbox 2530 2188 2610 2225; x_wconf 85' lang='lat' dir='ltr'><strong>me</strong></span> <span class='ocrx_word' id='word_1_412' title='bbox 2636 2171 2818 2242; x_wconf 84' lang='lat' dir='ltr'><strong>(Psal.</strong></span> <span class='ocrx_word' id='word_1_413' title='bbox 2850 2189 3001 2242; x_wconf 80' lang='lat' dir='ltr'><strong>xxvi,</strong></span> <span class='ocrx_word' id='word_1_414' title='bbox 3033 2173 3139 2241; x_wconf 85' lang='lat' dir='ltr'><strong>l0)</strong></span> <span class='ocrx_word' id='word_1_415' title='bbox 3166 2189 3180 2239; x_wconf 90' lang='lat'><strong>;</strong></span> <span class='ocrx_word' id='word_1_416' title='bbox 3213 2185 3325 2228; x_wconf 89' lang='lat' dir='ltr'><strong>uta</strong></span> <span class='ocrx_word' id='word_1_417' title='bbox 3355 2173 3582 2228; x_wconf 88' lang='lat' dir='ltr'><strong>Domino</strong></span> <span class='ocrx_word' id='word_1_418' title='bbox 3608 2186 3826 2228; x_wconf 85' lang='lat' dir='ltr'><strong>merca-</strong></span> 
     </span>
    </p>
   </div>
   <div class='ocr_carea' id='block_1_53' title="bbox 2234 2265 3828 2336">
    <p class='ocr_par' dir='ltr' id='par_1_53' title="bbox 2234 2265 3828 2336">
     <span class='ocr_line' id='line_1_53' title="bbox 2234 2265 3828 2336; baseline -0.001 -16"><span class='ocrx_word' id='word_1_419' title='bbox 2234 2280 2356 2320; x_wconf 89' lang='lat' dir='ltr'><strong>tnur</strong></span> <span class='ocrx_word' id='word_1_420' title='bbox 2399 2265 2628 2333; x_wconf 90' lang='lat' dir='ltr'><strong>assumi,</strong></span> <span class='ocrx_word' id='word_1_421' title='bbox 2679 2277 2734 2322; x_wconf 87' lang='lat' dir='ltr'><strong>et</strong></span> <span class='ocrx_word' id='word_1_422' title='bbox 2785 2280 3046 2336; x_wconf 88' lang='lat' dir='ltr'><strong>corporea</strong></span> <span class='ocrx_word' id='word_1_423' title='bbox 3088 2266 3346 2322; x_wconf 90' lang='lat' dir='ltr'><strong>denudati</strong></span> <span class='ocrx_word' id='word_1_424' title='bbox 3393 2274 3616 2332; x_wconf 90' lang='lat' dir='ltr'><strong>natura,</strong></span> <span class='ocrx_word' id='word_1_425' title='bbox 3662 2265 3828 2333; x_wconf 83' lang='lat' dir='ltr'><strong>spiri-</strong></span> 
     </span>
    </p>
   </div>
   <div class='ocr_carea' id='block_1_54' title="bbox 2235 2358 3828 2430">
    <p class='ocr_par' dir='ltr' id='par_1_54' title="bbox 2235 2358 3828 2430">
     <span class='ocr_line' id='line_1_54' title="bbox 2235 2358 3828 2430; baseline -0.001 -17"><span class='ocrx_word' id='word_1_426' title='bbox 2235 2359 2418 2413; x_wconf 89' lang='lat' dir='ltr'><strong>talium</strong></span> <span class='ocrx_word' id='word_1_427' title='bbox 2481 2358 2810 2415; x_wconf 89' lang='lat' dir='ltr'><strong>indumentis</strong></span> <span class='ocrx_word' id='word_1_428' title='bbox 2879 2369 3092 2415; x_wconf 92' lang='lat' dir='ltr'><strong>actuum</strong></span> <span class='ocrx_word' id='word_1_429' title='bbox 3153 2359 3441 2430; x_wconf 76' lang='lat' dir='ltr'><strong>gloriosius</strong></span> <span class='ocrx_word' id='word_1_430' title='bbox 3497 2359 3828 2424; x_wconf 89' lang='lat' dir='ltr'><strong>vestiamur,</strong></span> 
     </span>
    </p>
   </div>
   <div class='ocr_carea' id='block_1_55' title="bbox 2234 2451 3833 2523">
    <p class='ocr_par' dir='ltr' id='par_1_55' title="bbox 2234 2451 3833 2523">
     <span class='ocr_line' id='line_1_55' title="bbox 2234 2451 3833 2523; baseline -0.001 -17"><span class='ocrx_word' id='word_1_431' title='bbox 2234 2453 2467 2508; x_wconf 85' lang='lat' dir='ltr'><strong>scientes</strong></span> <span class='ocrx_word' id='word_1_432' title='bbox 2515 2454 2769 2523; x_wconf 89' lang='lat' dir='ltr'><strong>quoniam</strong></span> <span class='ocrx_word' id='word_1_433' title='bbox 2833 2453 2981 2523; x_wconf 93' lang='lat' dir='ltr'><strong>quod</strong></span> <span class='ocrx_word' id='word_1_434' title='bbox 3045 2452 3112 2506; x_wconf 88' lang='lat' dir='ltr'><strong>de</strong></span> <span class='ocrx_word' id='word_1_435' title='bbox 3161 2467 3324 2507; x_wconf 90' lang='lat' dir='ltr'><strong>carne</strong></span> <span class='ocrx_word' id='word_1_436' title='bbox 3375 2451 3642 2517; x_wconf 89' lang='lat' dir='ltr'><strong>nascitur,</strong></span> <span class='ocrx_word' id='word_1_437' title='bbox 3703 2465 3833 2505; x_wconf 90' lang='lat' dir='ltr'><strong>caro</strong></span> 
     </span>
    </p>
   </div>
   <div class='ocr_carea' id='block_1_56' title="bbox 2235 2543 3826 2615">
    <p class='ocr_par' dir='ltr' id='par_1_56' title="bbox 2235 2543 3826 2615">
     <span class='ocr_line' id='line_1_56' title="bbox 2235 2543 3826 2615; baseline -0.001 -17"><span class='ocrx_word' id='word_1_438' title='bbox 2235 2553 2318 2598; x_wconf 93' lang='lat' dir='ltr'><strong>est</strong></span> <span class='ocrx_word' id='word_1_439' title='bbox 2356 2561 2368 2597; x_wconf 95' lang='lat'>:</span> <span class='ocrx_word' id='word_1_440' title='bbox 2403 2554 2455 2599; x_wconf 92' lang='lat' dir='ltr'><strong>et</strong></span> <span class='ocrx_word' id='word_1_441' title='bbox 2483 2545 2624 2614; x_wconf 89' lang='lat' dir='ltr'><strong>quod</strong></span> <span class='ocrx_word' id='word_1_442' title='bbox 2654 2544 2724 2600; x_wconf 91' lang='lat' dir='ltr'><strong>de</strong></span> <span class='ocrx_word' id='word_1_443' title='bbox 2761 2545 2975 2615; x_wconf 91' lang='lat' dir='ltr'><strong>spiritu,</strong></span> <span class='ocrx_word' id='word_1_444' title='bbox 3012 2546 3236 2613; x_wconf 88' lang='lat' dir='ltr'><strong>spiritus</strong></span> <span class='ocrx_word' id='word_1_445' title='bbox 3269 2555 3372 2608; x_wconf 91' lang='lat' dir='ltr'><strong>est,</strong></span> <span class='ocrx_word' id='word_1_446' title='bbox 3414 2543 3630 2599; x_wconf 88' lang='lat' dir='ltr'><strong>dicente</strong></span> <span class='ocrx_word' id='word_1_447' title='bbox 3675 2543 3826 2612; x_wconf 85' lang='lat' dir='ltr'><strong>Apo-</strong></span> 
     </span>
    </p>
   </div>
   <div class='ocr_carea' id='block_1_57' title="bbox 2238 2637 3833 2708">
    <p class='ocr_par' dir='ltr' id='par_1_57' title="bbox 2238 2637 3833 2708">
     <span class='ocr_line' id='line_1_57' title="bbox 2238 2637 3833 2708; baseline -0.002 -16"><span class='ocrx_word' id='word_1_448' title='bbox 2238 2638 2378 2692; x_wconf 92' lang='lat' dir='ltr'><strong>stolo</strong></span> <span class='ocrx_word' id='word_1_449' title='bbox 2425 2656 2436 2691; x_wconf 90' lang='lat'><strong>:</strong></span> <span class='ocrx_word' id='word_1_450' title='bbox 2471 2637 2539 2690; x_wconf 88' lang='lat' dir='ltr'><strong>Et</strong></span> <span class='ocrx_word' id='word_1_451' title='bbox 2561 2639 2605 2691; x_wconf 84' lang='lat' dir='ltr'><strong>si</strong></span> <span class='ocrx_word' id='word_1_452' title='bbox 2645 2640 2977 2708; x_wconf 81' lang='lat' dir='ltr'><strong>cognovimus</strong></span> <span class='ocrx_word' id='word_1_453' title='bbox 3000 2637 3260 2694; x_wconf 83' lang='lat' dir='ltr'><strong>Christum</strong></span> <span class='ocrx_word' id='word_1_454' title='bbox 3289 2638 3572 2692; x_wconf 87' lang='lat' dir='ltr'><strong>secundum</strong></span> <span class='ocrx_word' id='word_1_455' title='bbox 3601 2653 3833 2703; x_wconf 80' lang='lat' dir='ltr'><strong>carnem,</strong></span> 
     </span>
    </p>
   </div>
   <div class='ocr_carea' id='block_1_58' title="bbox 2236 2729 3838 2801">
    <p class='ocr_par' dir='ltr' id='par_1_58' title="bbox 2236 2729 3838 2801">
     <span class='ocr_line' id='line_1_58' title="bbox 2236 2729 3838 2801; baseline -0.002 -17"><span class='ocrx_word' id='word_1_456' title='bbox 2236 2746 2413 2784; x_wconf 81' lang='lat' dir='ltr'><strong>verum</strong></span> <span class='ocrx_word' id='word_1_457' title='bbox 2439 2733 2546 2798; x_wconf 76' lang='lat' dir='ltr'><strong>iam</strong></span> <span class='ocrx_word' id='word_1_458' title='bbox 2580 2747 2682 2784; x_wconf 89' lang='lat' dir='ltr'><strong>non</strong></span> <span class='ocrx_word' id='word_1_459' title='bbox 2707 2732 2962 2798; x_wconf 80' lang='lat' dir='ltr'><strong>novimus,</strong></span> <span class='ocrx_word' id='word_1_460' title='bbox 2990 2731 3043 2784; x_wconf 85' lang='lat' dir='ltr'><strong>in</strong></span> <span class='ocrx_word' id='word_1_461' title='bbox 3081 2747 3182 2801; x_wconf 88' lang='lat' dir='ltr'><strong>quo</strong></span> <span class='ocrx_word' id='word_1_462' title='bbox 3223 2747 3324 2784; x_wconf 89' lang='lat' dir='ltr'><strong>non</strong></span> <span class='ocrx_word' id='word_1_463' title='bbox 3354 2731 3607 2793; x_wconf 77' lang='lat' dir='ltr'><strong>novimus,</strong></span> <span class='ocrx_word' id='word_1_464' title='bbox 3646 2729 3702 2782; x_wconf 81' lang='lat' dir='ltr'><strong>in</strong></span> <span class='ocrx_word' id='word_1_465' title='bbox 3730 2742 3838 2799; x_wconf 82' lang='lat' dir='ltr'><strong>quo</strong></span> 
     </span>
    </p>
   </div>
   <div class='ocr_carea' id='block_1_59' title="bbox 2237 2817 3833 2891">
    <p class='ocr_par' dir='ltr' id='par_1_59' title="bbox 2237 2817 3833 2891">
     <span class='ocr_line' id='line_1_59' title="bbox 2237 2817 3833 2891; baseline -0.004 -12"><span class='ocrx_word' id='word_1_466' title='bbox 2237 2826 2381 2880; x_wconf 70' lang='lat' dir='ltr'><strong>nobis</strong></span> <span class='ocrx_word' id='word_1_467' title='bbox 2410 2825 2630 2878; x_wconf 83' lang='lat' dir='ltr'><strong>mundus</strong></span> <span class='ocrx_word' id='word_1_468' title='bbox 2664 2825 2942 2891; x_wconf 72' lang='lat' dir='ltr'><strong>cruciﬁxus</strong></span> <span class='ocrx_word' id='word_1_469' title='bbox 2965 2832 3058 2886; x_wconf 86' lang='lat' dir='ltr'><strong>est,</strong></span> <span class='ocrx_word' id='word_1_470' title='bbox 3087 2830 3134 2876; x_wconf 87' lang='lat' dir='ltr'><strong>et</strong></span> <span class='ocrx_word' id='word_1_471' title='bbox 3165 2838 3258 2876; x_wconf 89' lang='lat' dir='ltr'><strong>nos</strong></span> <span class='ocrx_word' id='word_1_472' title='bbox 3287 2821 3478 2875; x_wconf 86' lang='lat' dir='ltr'><strong>mundo</strong></span> <span class='ocrx_word' id='word_1_473' title='bbox 3509 2819 3585 2891; x_wconf 92' lang='lat' dir='ltr'><strong>(ll</strong></span> <span class='ocrx_word' id='word_1_474' title='bbox 3615 2817 3742 2874; x_wconf 86' lang='lat' dir='ltr'><strong>Cor.</strong></span> <span class='ocrx_word' id='word_1_475' title='bbox 3777 2834 3833 2886; x_wconf 90' lang='lat' dir='ltr'><strong>v,</strong></span> 
     </span>
    </p>
   </div>
   <div class='ocr_carea' id='block_1_60' title="bbox 2239 2914 3838 2988">
    <p class='ocr_par' dir='ltr' id='par_1_60' title="bbox 2239 2914 3838 2988">
     <span class='ocr_line' id='line_1_60' title="bbox 2239 2914 3838 2988; baseline -0.004 -15"><span class='ocrx_word' id='word_1_476' title='bbox 2239 2919 2329 2988; x_wconf 79' lang='grc'><strong>16)</strong></span> <span class='ocrx_word' id='word_1_477' title='bbox 2366 2936 2379 2972; x_wconf 88' lang='lat'>:</span> <span class='ocrx_word' id='word_1_478' title='bbox 2413 2928 2468 2972; x_wconf 93' lang='lat' dir='ltr'><strong>ut</strong></span> <span class='ocrx_word' id='word_1_479' title='bbox 2497 2917 2798 2988; x_wconf 65' lang='lat' dir='ltr'><strong>praeputiis,</strong></span> <span class='ocrx_word' id='word_1_480' title='bbox 2825 2929 2948 2985; x_wconf 66' lang='lat' dir='ltr'><strong>quae</strong></span> <span class='ocrx_word' id='word_1_481' title='bbox 2987 2925 3111 2970; x_wconf 91' lang='lat' dir='ltr'><strong>sunt</strong></span> <span class='ocrx_word' id='word_1_482' title='bbox 3134 2916 3185 2969; x_wconf 93' lang='lat' dir='ltr'><strong>in</strong></span> <span class='ocrx_word' id='word_1_483' title='bbox 3215 2914 3504 2984; x_wconf 88' lang='lat' dir='ltr'><strong>superficie</strong></span> <span class='ocrx_word' id='word_1_484' title='bbox 3532 2926 3838 2968; x_wconf 85' lang='lat' dir='ltr'><strong>conversa-</strong></span> 
     </span>
    </p>
   </div>
   <div class='ocr_carea' id='block_1_61' title="bbox 2239 3007 3843 3076">
    <p class='ocr_par' dir='ltr' id='par_1_61' title="bbox 2239 3007 3843 3076">
     <span class='ocr_line' id='line_1_61' title="bbox 2239 3007 3843 3076; baseline -0.002 -11"><span class='ocrx_word' id='word_1_485' title='bbox 2239 3009 2424 3076; x_wconf 86' lang='lat' dir='ltr'><strong>tionis,</strong></span> <span class='ocrx_word' id='word_1_486' title='bbox 2458 3009 2710 3075; x_wconf 86' lang='lat' dir='ltr'><strong>abscisis,</strong></span> <span class='ocrx_word' id='word_1_487' title='bbox 2741 3007 2943 3062; x_wconf 90' lang='lat' dir='ltr'><strong>nudum</strong></span> <span class='ocrx_word' id='word_1_488' title='bbox 2977 3007 3108 3062; x_wconf 90' lang='lat' dir='ltr'><strong>illud</strong></span> <span class='ocrx_word' id='word_1_489' title='bbox 3142 3017 3196 3062; x_wconf 90' lang='lat' dir='ltr'><strong>et</strong></span> <span class='ocrx_word' id='word_1_490' title='bbox 3225 3007 3398 3062; x_wconf 89' lang='lat' dir='ltr'><strong>solum</strong></span> <span class='ocrx_word' id='word_1_491' title='bbox 3443 3014 3642 3061; x_wconf 78' lang='lat' dir='ltr'><strong>nostra:</strong></span> <span class='ocrx_word' id='word_1_492' title='bbox 3671 3019 3843 3076; x_wconf 80' lang='lat' dir='ltr'><strong>gene-</strong></span> 
     </span>
    </p>
   </div>
   <div class='ocr_carea' id='block_1_62' title="bbox 528 3086 3843 3174">
    <p class='ocr_par' dir='ltr' id='par_1_62' title="bbox 528 3086 3843 3174">
     <span class='ocr_line' id='line_1_62' title="bbox 528 3086 3843 3174; baseline 0 -24"><span class='ocrx_word' id='word_1_493' title='bbox 528 3097 766 3168; x_wconf 90' lang='lat' dir='ltr'><strong>gladium</strong></span> <span class='ocrx_word' id='word_1_494' title='bbox 809 3111 916 3165; x_wconf 92' lang='lat' dir='ltr'><strong>quo</strong></span> <span class='ocrx_word' id='word_1_495' title='bbox 951 3096 1088 3151; x_wconf 90' lang='lat' dir='ltr'><strong>alios</strong></span> <span class='ocrx_word' id='word_1_496' title='bbox 1133 3096 1563 3153; x_wconf 87' lang='lat' dir='ltr'><strong>circumcidebat</strong></span> <span class='ocrx_word' id='word_1_497' title='bbox 1602 3098 1852 3156; x_wconf 90' lang='lat' dir='ltr'><strong>docendo</strong></span> <span class='ocrx_word' id='word_1_498' title='bbox 1885 3121 1894 3155; x_wconf 93' lang='lat'>:</span> <span class='ocrx_word' id='word_1_499' title='bbox 1932 3103 1994 3158; x_wconf 88' lang='lat' dir='ltr'><strong>Si</strong></span> <span class='ocrx_word' id='word_1_500' title='bbox 2022 3105 2134 3174; x_wconf 84' lang='lat' dir='ltr'><strong>quis</strong></span> <span class='ocrx_word' id='word_1_501' title='bbox 2161 3086 2207 3148; x_wconf 66' lang='grc' dir='ltr'><strong>(Σ</strong></span> <span class='ocrx_word' id='word_1_502' title='bbox 2239 3102 2467 3156; x_wconf 87' lang='lat' dir='ltr'><strong>rationis</strong></span> <span class='ocrx_word' id='word_1_503' title='bbox 2496 3107 2787 3161; x_wconf 87' lang='lat' dir='ltr'><strong>secretum,</strong></span> <span class='ocrx_word' id='word_1_504' title='bbox 2829 3097 2971 3168; x_wconf 90' lang='lat' dir='ltr'><strong>quod</strong></span> <span class='ocrx_word' id='word_1_505' title='bbox 3003 3097 3294 3166; x_wconf 85' lang='lat' dir='ltr'><strong>superfluis</strong></span> <span class='ocrx_word' id='word_1_506' title='bbox 3332 3097 3630 3166; x_wconf 84' lang='lat' dir='ltr'><strong>tegebatur,</strong></span> <span class='ocrx_word' id='word_1_507' title='bbox 3669 3111 3843 3166; x_wconf 90' lang='lat' dir='ltr'><strong>appa-</strong></span> 
     </span>
    </p>
   </div>
   <div class='ocr_carea' id='block_1_63' title="bbox 537 3190 2137 3260">
    <p class='ocr_par' dir='ltr' id='par_1_63' title="bbox 537 3190 2137 3260">
     <span class='ocr_line' id='line_1_63' title="bbox 537 3190 2137 3260; baseline 0.003 -16"><span class='ocrx_word' id='word_1_508' title='bbox 537 3190 790 3244; x_wconf 84' lang='lat' dir='ltr'><strong>amaverit</strong></span> <span class='ocrx_word' id='word_1_509' title='bbox 811 3199 1011 3259; x_wconf 80' lang='lat' dir='ltr'><strong>patrem</strong></span> <span class='ocrx_word' id='word_1_510' title='bbox 1036 3198 1080 3243; x_wconf 89' lang='lat' dir='ltr'><strong>et</strong></span> <span class='ocrx_word' id='word_1_511' title='bbox 1109 3198 1324 3243; x_wconf 89' lang='lat' dir='ltr'><strong>matrem</strong></span> <span class='ocrx_word' id='word_1_512' title='bbox 1346 3205 1502 3260; x_wconf 85' lang='lat' dir='ltr'><strong>supra</strong></span> <span class='ocrx_word' id='word_1_513' title='bbox 1544 3207 1644 3256; x_wconf 88' lang='lat' dir='ltr'><strong>me,</strong></span> <span class='ocrx_word' id='word_1_514' title='bbox 1678 3209 1782 3246; x_wconf 90' lang='lat' dir='ltr'><strong>non</strong></span> <span class='ocrx_word' id='word_1_515' title='bbox 1822 3203 1896 3247; x_wconf 85' lang='lat' dir='ltr'><strong>est</strong></span> <span class='ocrx_word' id='word_1_516' title='bbox 1937 3211 2017 3250; x_wconf 89' lang='lat' dir='ltr'><strong>me</strong></span> <span class='ocrx_word' id='word_1_517' title='bbox 2053 3197 2137 3249; x_wconf 78' lang='lat' dir='ltr'><strong>di-</strong></span> 
     </span>
    </p>
   </div>
   <div class='ocr_carea' id='block_1_64' title="bbox 533 3281 2138 3353">
    <p class='ocr_par' dir='ltr' id='par_1_64' title="bbox 533 3281 2138 3353">
     <span class='ocr_line' id='line_1_64' title="bbox 533 3281 2138 3353; baseline 0.007 -19"><span class='ocrx_word' id='word_1_518' title='bbox 533 3299 670 3353; x_wconf 84' lang='lat' dir='ltr'><strong>gnus</strong></span> <span class='ocrx_word' id='word_1_519' title='bbox 701 3281 995 3352; x_wconf 82' lang='lat' dir='ltr'><strong>(Matth.x,</strong></span> <span class='ocrx_word' id='word_1_520' title='bbox 1026 3281 1119 3352; x_wconf 82' lang='grc'>57)</span> <span class='ocrx_word' id='word_1_521' title='bbox 1151 3299 1162 3334; x_wconf 89' lang='lat'>:</span> <span class='ocrx_word' id='word_1_522' title='bbox 1199 3297 1294 3337; x_wconf 89' lang='lat' dir='ltr'><strong>sua</strong></span> <span class='ocrx_word' id='word_1_523' title='bbox 1320 3285 1592 3338; x_wconf 90' lang='lat' dir='ltr'><strong>convertit</strong></span> <span class='ocrx_word' id='word_1_524' title='bbox 1615 3285 1666 3339; x_wconf 89' lang='lat' dir='ltr'><strong>in</strong></span> <span class='ocrx_word' id='word_1_525' title='bbox 1701 3287 1930 3353; x_wconf 87' lang='lat' dir='ltr'><strong>viscera,</strong></span> <span class='ocrx_word' id='word_1_526' title='bbox 1961 3299 2014 3344; x_wconf 91' lang='lat' dir='ltr'><strong>et</strong></span> <span class='ocrx_word' id='word_1_527' title='bbox 2036 3289 2138 3345; x_wconf 90' lang='lat' dir='ltr'><strong>sibi</strong></span> 
     </span>
    </p>
   </div>
   <div class='ocr_carea' id='block_1_65' title="bbox 532 3375 2137 3447">
    <p class='ocr_par' dir='ltr' id='par_1_65' title="bbox 532 3375 2137 3447">
     <span class='ocr_line' id='line_1_65' title="bbox 532 3375 2137 3447; baseline 0.002 -16"><span class='ocrx_word' id='word_1_528' title='bbox 532 3377 636 3447; x_wconf 87' lang='lat' dir='ltr'><strong>ipsi</strong></span> <span class='ocrx_word' id='word_1_529' title='bbox 666 3376 795 3431; x_wconf 90' lang='lat' dir='ltr'><strong>facit</strong></span> <span class='ocrx_word' id='word_1_530' title='bbox 823 3375 970 3446; x_wconf 92' lang='lat' dir='ltr'><strong>quod</strong></span> <span class='ocrx_word' id='word_1_531' title='bbox 999 3375 1350 3431; x_wconf 89' lang='lat' dir='ltr'><strong>credentibus</strong></span> <span class='ocrx_word' id='word_1_532' title='bbox 1391 3385 1474 3430; x_wconf 90' lang='lat' dir='ltr'><strong>est</strong></span> <span class='ocrx_word' id='word_1_533' title='bbox 1522 3376 1761 3433; x_wconf 88' lang='lat' dir='ltr'><strong>facturus</strong></span> <span class='ocrx_word' id='word_1_534' title='bbox 1807 3394 1932 3434; x_wconf 92' lang='lat' dir='ltr'><strong>cum</strong></span> <span class='ocrx_word' id='word_1_535' title='bbox 1970 3381 2137 3437; x_wconf 90' lang='lat' dir='ltr'><strong>dicit:</strong></span> 
     </span>
    </p>
   </div>
   <div class='ocr_carea' id='block_1_66' title="bbox 538 3467 2139 3543">
    <p class='ocr_par' dir='ltr' id='par_1_66' title="bbox 538 3467 2139 3543">
     <span class='ocr_line' id='line_1_66' title="bbox 538 3467 2139 3543; baseline 0.005 -21"><span class='ocrx_word' id='word_1_536' title='bbox 538 3467 666 3536; x_wconf 70' lang='lat' dir='ltr'><strong>Quae</strong></span> <span class='ocrx_word' id='word_1_537' title='bbox 695 3477 766 3522; x_wconf 86' lang='lat' dir='ltr'><strong>est</strong></span> <span class='ocrx_word' id='word_1_538' title='bbox 795 3477 958 3522; x_wconf 83' lang='lat' dir='ltr'><strong>mater</strong></span> <span class='ocrx_word' id='word_1_539' title='bbox 985 3484 1120 3535; x_wconf 90' lang='lat' dir='ltr'><strong>mea,</strong></span> <span class='ocrx_word' id='word_1_540' title='bbox 1156 3477 1203 3521; x_wconf 84' lang='lat' dir='ltr'><strong>et</strong></span> <span class='ocrx_word' id='word_1_541' title='bbox 1240 3469 1330 3538; x_wconf 89' lang='lat' dir='ltr'><strong>qui</strong></span> <span class='ocrx_word' id='word_1_542' title='bbox 1375 3478 1492 3523; x_wconf 86' lang='lat' dir='ltr'><strong>sunt</strong></span> <span class='ocrx_word' id='word_1_543' title='bbox 1539 3469 1726 3538; x_wconf 79' lang='lat' dir='ltr'><strong>fratres</strong></span> <span class='ocrx_word' id='word_1_544' title='bbox 1772 3473 1873 3526; x_wconf 87' lang='lat' dir='ltr'><strong>mei</strong></span> <span class='ocrx_word' id='word_1_545' title='bbox 1904 3471 2139 3543; x_wconf 81' lang='lat' dir='ltr'><strong>(Matth.</strong></span> 
     </span>
    </p>
   </div>
   <div class='ocr_carea' id='block_1_67' title="bbox 537 3559 2140 3629">
    <p class='ocr_par' dir='ltr' id='par_1_67' title="bbox 537 3559 2140 3629">
     <span class='ocr_line' id='line_1_67' title="bbox 537 3559 2140 3629; baseline 0.004 -17"><span class='ocrx_word' id='word_1_546' title='bbox 537 3575 670 3626; x_wconf 80' lang='lat' dir='ltr'><strong>xm,</strong></span> <span class='ocrx_word' id='word_1_547' title='bbox 697 3560 832 3629; x_wconf 67' lang='lat' dir='ltr'><strong>l8)?</strong></span> <span class='ocrx_word' id='word_1_548' title='bbox 861 3560 904 3614; x_wconf 93' lang='lat'>0</span> <span class='ocrx_word' id='word_1_549' title='bbox 926 3559 1245 3629; x_wconf 83' lang='lat' dir='ltr'><strong>mysterium</strong></span> <span class='ocrx_word' id='word_1_550' title='bbox 1275 3561 1287 3610; x_wconf 87' lang='lat'><strong>!</strong></span> <span class='ocrx_word' id='word_1_551' title='bbox 1319 3570 1547 3615; x_wconf 87' lang='lat' dir='ltr'><strong>matrem</strong></span> <span class='ocrx_word' id='word_1_552' title='bbox 1578 3561 1800 3616; x_wconf 85' lang='lat' dir='ltr'><strong>Mariam</strong></span> <span class='ocrx_word' id='word_1_553' title='bbox 1825 3562 1926 3618; x_wconf 90' lang='lat' dir='ltr'><strong>sibi</strong></span> <span class='ocrx_word' id='word_1_554' title='bbox 1959 3565 2140 3619; x_wconf 87' lang='lat' dir='ltr'><strong>Domi-</strong></span> 
     </span>
    </p>
   </div>
   <div class='ocr_carea' id='block_1_68' title="bbox 542 3651 2141 3720">
    <p class='ocr_par' dir='ltr' id='par_1_68' title="bbox 542 3651 2141 3720">
     <span class='ocr_line' id='line_1_68' title="bbox 542 3651 2141 3720; baseline 0.004 -14"><span class='ocrx_word' id='word_1_555' title='bbox 542 3666 646 3706; x_wconf 89' lang='lat' dir='ltr'><strong>nus</strong></span> <span class='ocrx_word' id='word_1_556' title='bbox 674 3651 910 3720; x_wconf 88' lang='lat' dir='ltr'><strong>abjurat,</strong></span> <span class='ocrx_word' id='word_1_557' title='bbox 950 3667 1072 3705; x_wconf 84' lang='lat' dir='ltr'><strong>cum</strong></span> <span class='ocrx_word' id='word_1_558' title='bbox 1103 3659 1258 3705; x_wconf 78' lang='lat' dir='ltr'><strong>extra</strong></span> <span class='ocrx_word' id='word_1_559' title='bbox 1285 3651 1431 3706; x_wconf 86' lang='lat' dir='ltr'><strong>verbi</strong></span> <span class='ocrx_word' id='word_1_560' title='bbox 1461 3661 1606 3707; x_wconf 90' lang='lat' dir='ltr'><strong>esset</strong></span> <span class='ocrx_word' id='word_1_561' title='bbox 1649 3653 1979 3710; x_wconf 91' lang='lat' dir='ltr'><strong>audientiam</strong></span> <span class='ocrx_word' id='word_1_562' title='bbox 2011 3672 2141 3711; x_wconf 88' lang='lat' dir='ltr'><strong>con-</strong></span> 
     </span>
    </p>
   </div>
   <div class='ocr_carea' id='block_1_69' title="bbox 541 3741 2142 3818">
    <p class='ocr_par' dir='ltr' id='par_1_69' title="bbox 541 3741 2142 3818">
     <span class='ocr_line' id='line_1_69' title="bbox 541 3741 2142 3818; baseline 0.005 -22"><span class='ocrx_word' id='word_1_563' title='bbox 541 3743 751 3808; x_wconf 90' lang='lat' dir='ltr'><strong>stituta,</strong></span> <span class='ocrx_word' id='word_1_564' title='bbox 776 3756 842 3796; x_wconf 90' lang='lat' dir='ltr'><strong>eo</strong></span> <span class='ocrx_word' id='word_1_565' title='bbox 873 3741 1208 3810; x_wconf 86' lang='lat' dir='ltr'><strong>potissimum</strong></span> <span class='ocrx_word' id='word_1_566' title='bbox 1239 3751 1510 3810; x_wconf 84' lang='lat' dir='ltr'><strong>tempore,</strong></span> <span class='ocrx_word' id='word_1_567' title='bbox 1541 3759 1648 3812; x_wconf 93' lang='lat' dir='ltr'><strong>quo</strong></span> <span class='ocrx_word' id='word_1_568' title='bbox 1682 3748 1901 3802; x_wconf 88' lang='lat' dir='ltr'><strong>verbum</strong></span> <span class='ocrx_word' id='word_1_569' title='bbox 1944 3748 2142 3818; x_wconf 64' lang='lat' dir='ltr'><strong>praedi-</strong></span> 
     </span>
    </p>
   </div>
   <div class='ocr_carea' id='block_1_70' title="bbox 539 3833 2143 3911">
    <p class='ocr_par' dir='ltr' id='par_1_70' title="bbox 539 3833 2143 3911">
     <span class='ocr_line' id='line_1_70' title="bbox 539 3833 2143 3911; baseline 0.005 -21"><span class='ocrx_word' id='word_1_570' title='bbox 539 3842 758 3891; x_wconf 86' lang='lat' dir='ltr'><strong>caretur</strong></span> <span class='ocrx_word' id='word_1_571' title='bbox 787 3847 818 3887; x_wconf 93' lang='lat' dir='ltr'><strong>a</strong></span> <span class='ocrx_word' id='word_1_572' title='bbox 851 3833 1059 3900; x_wconf 77' lang='lat' dir='ltr'><strong>Verbo,</strong></span> <span class='ocrx_word' id='word_1_573' title='bbox 1094 3843 1150 3888; x_wconf 88' lang='lat' dir='ltr'><strong>et</strong></span> <span class='ocrx_word' id='word_1_574' title='bbox 1181 3833 1355 3903; x_wconf 90' lang='lat' dir='ltr'><strong>ipsum</strong></span> <span class='ocrx_word' id='word_1_575' title='bbox 1378 3849 1435 3889; x_wconf 92' lang='lat' dir='ltr'><strong>se</strong></span> <span class='ocrx_word' id='word_1_576' title='bbox 1461 3835 1874 3894; x_wconf 90' lang='lat' dir='ltr'><strong>ministrandum</strong></span> <span class='ocrx_word' id='word_1_577' title='bbox 1905 3840 2143 3911; x_wconf 86' lang='lat' dir='ltr'><strong>discipu-</strong></span> 
     </span>
    </p>
   </div>
   <div class='ocr_carea' id='block_1_71' title="bbox 546 3925 2142 3999">
    <p class='ocr_par' dir='ltr' id='par_1_71' title="bbox 546 3925 2142 3999">
     <span class='ocr_line' id='line_1_71' title="bbox 546 3925 2142 3999; baseline 0.006 -19"><span class='ocrx_word' id='word_1_578' title='bbox 546 3926 614 3980; x_wconf 90' lang='lat' dir='ltr'><strong>lis</strong></span> <span class='ocrx_word' id='word_1_579' title='bbox 645 3925 983 3980; x_wconf 88' lang='lat' dir='ltr'><strong>ministraret</strong></span> <span class='ocrx_word' id='word_1_580' title='bbox 1024 3942 1038 3978; x_wconf 89' lang='lat'><strong>:</strong></span> <span class='ocrx_word' id='word_1_581' title='bbox 1088 3927 1230 3995; x_wconf 90' lang='lat' dir='ltr'><strong>quod</strong></span> <span class='ocrx_word' id='word_1_582' title='bbox 1275 3929 1513 3995; x_wconf 91' lang='lat' dir='ltr'><strong>apertius</strong></span> <span class='ocrx_word' id='word_1_583' title='bbox 1562 3933 1904 3999; x_wconf 91' lang='lat' dir='ltr'><strong>postmodum</strong></span> <span class='ocrx_word' id='word_1_584' title='bbox 1952 3933 2006 3988; x_wconf 92' lang='lat' dir='ltr'><strong>in</strong></span> <span class='ocrx_word' id='word_1_585' title='bbox 2055 3935 2142 3989; x_wconf 89' lang='lat' dir='ltr'><strong>illa</strong></span> 
     </span>
    </p>
   </div>
   <div class='ocr_carea' id='block_1_72' title="bbox 544 4017 2144 4089">
    <p class='ocr_par' dir='ltr' id='par_1_72' title="bbox 544 4017 2144 4089">
     <span class='ocr_line' id='line_1_72' title="bbox 544 4017 2144 4089; baseline 0.008 -18"><span class='ocrx_word' id='word_1_586' title='bbox 544 4019 803 4089; x_wconf 87' lang='lat' dir='ltr'><strong>unguenti</strong></span> <span class='ocrx_word' id='word_1_587' title='bbox 834 4017 1101 4074; x_wconf 71' lang='lat' dir='ltr'><strong>effusione</strong></span> <span class='ocrx_word' id='word_1_588' title='bbox 1127 4020 1404 4089; x_wconf 79' lang='lat' dir='ltr'><strong>patefecit,</strong></span> <span class='ocrx_word' id='word_1_589' title='bbox 1433 4022 1698 4079; x_wconf 88' lang='lat' dir='ltr'><strong>dicendo:</strong></span> <span class='ocrx_word' id='word_1_590' title='bbox 1732 4026 1818 4079; x_wconf 83' lang='lat' dir='ltr'><strong>Me</strong></span> <span class='ocrx_word' id='word_1_591' title='bbox 1854 4037 2144 4085; x_wconf 88' lang='lat' dir='ltr'><strong>autemnon</strong></span> 
     </span>
    </p>
   </div>
   <div class='ocr_carea' id='block_1_73' title="bbox 542 4109 2144 4193">
    <p class='ocr_par' dir='ltr' id='par_1_73' title="bbox 542 4109 2144 4193">
     <span class='ocr_line' id='line_1_73' title="bbox 542 4109 2144 4193; baseline 0.009 -29"><span class='ocrx_word' id='word_1_592' title='bbox 542 4126 746 4179; x_wconf 83' lang='lat' dir='ltr'><strong>semper</strong></span> <span class='ocrx_word' id='word_1_593' title='bbox 788 4109 1036 4164; x_wconf 85' lang='lat' dir='ltr'><strong>habebitis</strong></span> <span class='ocrx_word' id='word_1_594' title='bbox 1070 4111 1086 4180; x_wconf 86' lang='lat'><strong>(</strong></span> <span class='ocrx_word' id='word_1_595' title='bbox 1119 4110 1307 4166; x_wconf 87' lang='lat' dir='ltr'><strong>Matth.</strong></span> <span class='ocrx_word' id='word_1_596' title='bbox 1349 4129 1497 4180; x_wconf 77' lang='lat' dir='ltr'><strong>xxvi,</strong></span> <span class='ocrx_word' id='word_1_597' title='bbox 1549 4116 1680 4186; x_wconf 80' lang='grc'><strong>11).</strong></span> <span class='ocrx_word' id='word_1_598' title='bbox 1730 4116 1986 4174; x_wconf 86' lang='lat' dir='ltr'><strong>Irascitur</strong></span> <span class='ocrx_word' id='word_1_599' title='bbox 2017 4137 2144 4193; x_wconf 90' lang='lat' dir='ltr'><strong>ergo</strong></span> 
     </span>
    </p>
   </div>
   <div class='ocr_carea' id='block_1_74' title="bbox 545 4199 2144 4281">
    <p class='ocr_par' dir='ltr' id='par_1_74' title="bbox 545 4199 2144 4281">
     <span class='ocr_line' id='line_1_74' title="bbox 545 4199 2144 4281; baseline 0.009 -29"><span class='ocrx_word' id='word_1_600' title='bbox 545 4214 668 4253; x_wconf 91' lang='lat' dir='ltr'><strong>cum</strong></span> <span class='ocrx_word' id='word_1_601' title='bbox 712 4214 836 4254; x_wconf 93' lang='lat' dir='ltr'><strong>eum</strong></span> <span class='ocrx_word' id='word_1_602' title='bbox 882 4199 1199 4269; x_wconf 89' lang='lat' dir='ltr'><strong>magistrum</strong></span> <span class='ocrx_word' id='word_1_603' title='bbox 1243 4202 1351 4256; x_wconf 88' lang='lat' dir='ltr'><strong>vita</strong></span> <span class='ocrx_word' id='word_1_604' title='bbox 1394 4203 1642 4259; x_wconf 92' lang='lat' dir='ltr'><strong>docenda</strong></span> <span class='ocrx_word' id='word_1_605' title='bbox 1685 4222 1791 4260; x_wconf 91' lang='lat' dir='ltr'><strong>non</strong></span> <span class='ocrx_word' id='word_1_606' title='bbox 1834 4209 2024 4280; x_wconf 87' lang='lat' dir='ltr'><strong>eligat,</strong></span> <span class='ocrx_word' id='word_1_607' title='bbox 2054 4213 2144 4281; x_wconf 93' lang='lat' dir='ltr'><strong>qui</strong></span> 
     </span>
    </p>
   </div>
   <div class='ocr_carea' id='block_1_75' title="bbox 544 4292 2146 4372">
    <p class='ocr_par' dir='ltr' id='par_1_75' title="bbox 544 4292 2146 4372">
     <span class='ocr_line' id='line_1_75' title="bbox 544 4292 2146 4372; baseline 0.008 -25"><span class='ocrx_word' id='word_1_608' title='bbox 544 4307 664 4347; x_wconf 86' lang='lat' dir='ltr'><strong>eam</strong></span> <span class='ocrx_word' id='word_1_609' title='bbox 697 4300 925 4348; x_wconf 89' lang='lat' dir='ltr'><strong>matrem</strong></span> <span class='ocrx_word' id='word_1_610' title='bbox 956 4307 1051 4362; x_wconf 91' lang='lat' dir='ltr'><strong>per</strong></span> <span class='ocrx_word' id='word_1_611' title='bbox 1072 4292 1333 4363; x_wconf 84' lang='lat' dir='ltr'><strong>virginem</strong></span> <span class='ocrx_word' id='word_1_612' title='bbox 1359 4298 1740 4365; x_wconf 87' lang='lat' dir='ltr'><strong>parturiendus</strong></span> <span class='ocrx_word' id='word_1_613' title='bbox 1765 4300 1948 4372; x_wconf 91' lang='lat' dir='ltr'><strong>elegit,</strong></span> <span class='ocrx_word' id='word_1_614' title='bbox 1969 4312 2024 4359; x_wconf 92' lang='lat' dir='ltr'><strong>et</strong></span> <span class='ocrx_word' id='word_1_615' title='bbox 2049 4319 2146 4360; x_wconf 92' lang='lat' dir='ltr'><strong>cur</strong></span> 
     </span>
    </p>
   </div>
   <div class='ocr_carea' id='block_1_76' title="bbox 543 4383 2144 4465">
    <p class='ocr_par' dir='ltr' id='par_1_76' title="bbox 543 4383 2144 4465">
     <span class='ocr_line' id='line_1_76' title="bbox 543 4383 2144 4465; baseline 0.009 -27"><span class='ocrx_word' id='word_1_616' title='bbox 543 4383 610 4439; x_wconf 89' lang='lat' dir='ltr'><strong>ad</strong></span> <span class='ocrx_word' id='word_1_617' title='bbox 642 4399 765 4440; x_wconf 92' lang='lat' dir='ltr'><strong>eum</strong></span> <span class='ocrx_word' id='word_1_618' title='bbox 788 4400 948 4456; x_wconf 91' lang='lat' dir='ltr'><strong>quem</strong></span> <span class='ocrx_word' id='word_1_619' title='bbox 979 4387 1223 4440; x_wconf 80' lang='lat' dir='ltr'><strong>extranei</strong></span> <span class='ocrx_word' id='word_1_620' title='bbox 1262 4390 1424 4442; x_wconf 91' lang='lat' dir='ltr'><strong>etiam</strong></span> <span class='ocrx_word' id='word_1_621' title='bbox 1466 4398 1570 4444; x_wconf 88' lang='lat' dir='ltr'><strong>tam</strong></span> <span class='ocrx_word' id='word_1_622' title='bbox 1602 4391 1758 4447; x_wconf 85' lang='lat' dir='ltr'><strong>facile</strong></span> <span class='ocrx_word' id='word_1_623' title='bbox 1798 4394 2144 4465; x_wconf 88' lang='lat' dir='ltr'><strong>interpellare</strong></span> 
     </span>
    </p>
   </div>
   <div class='ocr_carea' id='block_1_77' title="bbox 2240 3189 3846 3262">
    <p class='ocr_par' dir='ltr' id='par_1_77' title="bbox 2240 3189 3846 3262">
     <span class='ocr_line' id='line_1_77' title="bbox 2240 3189 3846 3262; baseline -0.004 -13"><span class='ocrx_word' id='word_1_624' title='bbox 2240 3205 2376 3250; x_wconf 78' lang='lat' dir='ltr'><strong>reat.</strong></span> <span class='ocrx_word' id='word_1_625' title='bbox 2420 3194 2480 3249; x_wconf 86' lang='lat' dir='ltr'><strong>Si</strong></span> <span class='ocrx_word' id='word_1_626' title='bbox 2511 3194 2646 3246; x_wconf 87' lang='lat' dir='ltr'><strong>enim</strong></span> <span class='ocrx_word' id='word_1_627' title='bbox 2673 3193 2846 3262; x_wconf 83' lang='lat' dir='ltr'><strong>fenum</strong></span> <span class='ocrx_word' id='word_1_628' title='bbox 2877 3191 3014 3261; x_wconf 88' lang='lat' dir='ltr'><strong>quod</strong></span> <span class='ocrx_word' id='word_1_629' title='bbox 3045 3190 3197 3244; x_wconf 86' lang='lat' dir='ltr'><strong>hodie</strong></span> <span class='ocrx_word' id='word_1_630' title='bbox 3226 3200 3320 3256; x_wconf 88' lang='lat' dir='ltr'><strong>est,</strong></span> <span class='ocrx_word' id='word_1_631' title='bbox 3357 3200 3406 3243; x_wconf 90' lang='lat' dir='ltr'><strong>et</strong></span> <span class='ocrx_word' id='word_1_632' title='bbox 3445 3206 3561 3243; x_wconf 83' lang='lat' dir='ltr'><strong>cras</strong></span> <span class='ocrx_word' id='word_1_633' title='bbox 3583 3191 3636 3243; x_wconf 84' lang='lat' dir='ltr'><strong>in</strong></span> <span class='ocrx_word' id='word_1_634' title='bbox 3677 3189 3846 3243; x_wconf 81' lang='lat' dir='ltr'><strong>cliba-</strong></span> 
     </span>
    </p>
   </div>
   <div class='ocr_carea' id='block_1_78' title="bbox 2243 3279 3842 3354">
    <p class='ocr_par' dir='ltr' id='par_1_78' title="bbox 2243 3279 3842 3354">
     <span class='ocr_line' id='line_1_78' title="bbox 2243 3279 3842 3354; baseline -0.003 -14"><span class='ocrx_word' id='word_1_635' title='bbox 2243 3305 2365 3340; x_wconf 85' lang='lat' dir='ltr'><strong>nunt</strong></span> <span class='ocrx_word' id='word_1_636' title='bbox 2387 3287 2628 3352; x_wconf 87' lang='lat' dir='ltr'><strong>mittitur,</strong></span> <span class='ocrx_word' id='word_1_637' title='bbox 2653 3285 2790 3338; x_wconf 88' lang='lat' dir='ltr'><strong>Deus</strong></span> <span class='ocrx_word' id='word_1_638' title='bbox 2811 3286 2883 3338; x_wconf 87' lang='lat' dir='ltr'><strong>sic</strong></span> <span class='ocrx_word' id='word_1_639' title='bbox 2904 3284 3046 3338; x_wconf 69' lang='lat' dir='ltr'><strong>t&#39;estit</strong></span> <span class='ocrx_word' id='word_1_640' title='bbox 3069 3301 3086 3338; x_wconf 90' lang='lat'><strong><em>:</em></strong></span> <span class='ocrx_word' id='word_1_641' title='bbox 3110 3295 3300 3354; x_wconf 88' lang='lat' dir='ltr'><strong>quanto</strong></span> <span class='ocrx_word' id='word_1_642' title='bbox 3318 3283 3483 3353; x_wconf 83' lang='lat' dir='ltr'><strong>magis</strong></span> <span class='ocrx_word' id='word_1_643' title='bbox 3505 3298 3594 3336; x_wconf 87' lang='lat' dir='ltr'><strong>nos</strong></span> <span class='ocrx_word' id='word_1_644' title='bbox 3613 3279 3842 3350; x_wconf 81' lang='lat' dir='ltr'><strong>(Matth.</strong></span> 
     </span>
    </p>
   </div>
   <div class='ocr_carea' id='block_1_79' title="bbox 2241 3373 3846 3448">
    <p class='ocr_par' dir='ltr' id='par_1_79' title="bbox 2241 3373 3846 3448">
     <span class='ocr_line' id='line_1_79' title="bbox 2241 3373 3846 3448; baseline -0.002 -14"><span class='ocrx_word' id='word_1_645' title='bbox 2241 3395 2316 3445; x_wconf 82' lang='lat' dir='ltr'><strong>vi,</strong></span> <span class='ocrx_word' id='word_1_646' title='bbox 2343 3380 2443 3448; x_wconf 87' lang='grc'>50)</span> <span class='ocrx_word' id='word_1_647' title='bbox 2470 3421 2485 3445; x_wconf 84' lang='grc'>,</span> <span class='ocrx_word' id='word_1_648' title='bbox 2514 3379 2558 3433; x_wconf 91' lang='lat' dir='ltr'><strong>si</strong></span> <span class='ocrx_word' id='word_1_649' title='bbox 2590 3377 2694 3432; x_wconf 91' lang='lat' dir='ltr'><strong>fide</strong></span> <span class='ocrx_word' id='word_1_650' title='bbox 2724 3377 2964 3432; x_wconf 91' lang='lat' dir='ltr'><strong>modicos</strong></span> <span class='ocrx_word' id='word_1_651' title='bbox 2993 3391 3099 3431; x_wconf 94' lang='lat' dir='ltr'><strong>non</strong></span> <span class='ocrx_word' id='word_1_652' title='bbox 3138 3391 3259 3431; x_wconf 90' lang='lat' dir='ltr'><strong>esse</strong></span> <span class='ocrx_word' id='word_1_653' title='bbox 3303 3374 3612 3444; x_wconf 74' lang='lat' dir='ltr'><strong>przeviderit</strong></span> <span class='ocrx_word' id='word_1_654' title='bbox 3644 3376 3657 3429; x_wconf 83' lang='grc' dir='ltr'><strong>ι</strong></span> <span class='ocrx_word' id='word_1_655' title='bbox 3709 3373 3846 3430; x_wconf 81' lang='lat' dir='ltr'><strong>Cul-</strong></span> 
     </span>
    </p>
   </div>
   <div class='ocr_carea' id='block_1_80' title="bbox 2246 3463 3844 3537">
    <p class='ocr_par' dir='ltr' id='par_1_80' title="bbox 2246 3463 3844 3537">
     <span class='ocr_line' id='line_1_80' title="bbox 2246 3463 3844 3537; baseline -0.005 -11"><span class='ocrx_word' id='word_1_656' title='bbox 2246 3472 2373 3526; x_wconf 91' lang='lat' dir='ltr'><strong>tello</strong></span> <span class='ocrx_word' id='word_1_657' title='bbox 2404 3468 2582 3537; x_wconf 89' lang='lat' dir='ltr'><strong>itaque</strong></span> <span class='ocrx_word' id='word_1_658' title='bbox 2626 3467 2840 3537; x_wconf 88' lang='lat' dir='ltr'><strong>petrino</strong></span> <span class='ocrx_word' id='word_1_659' title='bbox 2881 3466 3126 3536; x_wconf 90' lang='lat' dir='ltr'><strong>corporis</strong></span> <span class='ocrx_word' id='word_1_660' title='bbox 3183 3465 3352 3520; x_wconf 91' lang='lat' dir='ltr'><strong>nostri</strong></span> <span class='ocrx_word' id='word_1_661' title='bbox 3400 3463 3844 3520; x_wconf 85' lang='lat' dir='ltr'><strong>circumcidenda</strong></span> 
     </span>
    </p>
   </div>
   <div class='ocr_carea' id='block_1_81' title="bbox 2245 3558 3846 3628">
    <p class='ocr_par' dir='ltr' id='par_1_81' title="bbox 2245 3558 3846 3628">
     <span class='ocr_line' id='line_1_81' title="bbox 2245 3558 3846 3628; baseline -0.002 -10"><span class='ocrx_word' id='word_1_662' title='bbox 2245 3573 2326 3619; x_wconf 89' lang='lat' dir='ltr'><strong>est</strong></span> <span class='ocrx_word' id='word_1_663' title='bbox 2358 3572 2546 3616; x_wconf 90' lang='lat' dir='ltr'><strong>natura</strong></span> <span class='ocrx_word' id='word_1_664' title='bbox 2574 3579 2586 3612; x_wconf 90' lang='lat'><strong>:</strong></span> <span class='ocrx_word' id='word_1_665' title='bbox 2612 3561 2772 3616; x_wconf 87' lang='lat' dir='ltr'><strong>Petra</strong></span> <span class='ocrx_word' id='word_1_666' title='bbox 2801 3571 2978 3615; x_wconf 90' lang='lat' dir='ltr'><strong>autem</strong></span> <span class='ocrx_word' id='word_1_667' title='bbox 3009 3559 3252 3615; x_wconf 90' lang='lat' dir='ltr'><strong>Christus</strong></span> <span class='ocrx_word' id='word_1_668' title='bbox 3275 3569 3358 3615; x_wconf 92' lang='lat' dir='ltr'><strong>est</strong></span> <span class='ocrx_word' id='word_1_669' title='bbox 3381 3558 3567 3628; x_wconf 88' lang='lat' dir='ltr'><strong>:cujus</strong></span> <span class='ocrx_word' id='word_1_670' title='bbox 3587 3558 3846 3614; x_wconf 89' lang='lat' dir='ltr'><strong>cultellus</strong></span> 
     </span>
    </p>
   </div>
   <div class='ocr_carea' id='block_1_82' title="bbox 2244 3651 3844 3725">
    <p class='ocr_par' dir='ltr' id='par_1_82' title="bbox 2244 3651 3844 3725">
     <span class='ocr_line' id='line_1_82' title="bbox 2244 3651 3844 3725; baseline -0.003 -15"><span class='ocrx_word' id='word_1_671' title='bbox 2244 3671 2397 3710; x_wconf 88' lang='lat' dir='ltr'><strong>amor</strong></span> <span class='ocrx_word' id='word_1_672' title='bbox 2427 3664 2530 3720; x_wconf 89' lang='lat' dir='ltr'><strong>est,</strong></span> <span class='ocrx_word' id='word_1_673' title='bbox 2563 3669 2670 3725; x_wconf 92' lang='lat' dir='ltr'><strong>quo</strong></span> <span class='ocrx_word' id='word_1_674' title='bbox 2708 3663 2985 3710; x_wconf 89' lang='lat' dir='ltr'><strong>crescente</strong></span> <span class='ocrx_word' id='word_1_675' title='bbox 3033 3653 3087 3707; x_wconf 94' lang='lat' dir='ltr'><strong>in</strong></span> <span class='ocrx_word' id='word_1_676' title='bbox 3117 3652 3293 3719; x_wconf 91' lang='lat' dir='ltr'><strong>nobis,</strong></span> <span class='ocrx_word' id='word_1_677' title='bbox 3344 3651 3528 3706; x_wconf 77' lang='lat' dir='ltr'><strong>saeculi</strong></span> <span class='ocrx_word' id='word_1_678' title='bbox 3567 3651 3844 3707; x_wconf 88' lang='lat' dir='ltr'><strong>desideria</strong></span> 
     </span>
    </p>
   </div>
   <div class='ocr_carea' id='block_1_83' title="bbox 2245 3743 3844 3817">
    <p class='ocr_par' dir='ltr' id='par_1_83' title="bbox 2245 3743 3844 3817">
     <span class='ocr_line' id='line_1_83' title="bbox 2245 3743 3844 3817; baseline -0.003 -14"><span class='ocrx_word' id='word_1_679' title='bbox 2245 3747 2588 3803; x_wconf 76' lang='lat' dir='ltr'><strong>decrescant.</strong></span> <span class='ocrx_word' id='word_1_680' title='bbox 2621 3747 2790 3812; x_wconf 86' lang='lat' dir='ltr'><strong>Quem</strong></span> <span class='ocrx_word' id='word_1_681' title='bbox 2811 3749 2898 3817; x_wconf 91' lang='lat' dir='ltr'><strong>qui</strong></span> <span class='ocrx_word' id='word_1_682' title='bbox 2929 3746 3212 3810; x_wconf 90' lang='lat' dir='ltr'><strong>amaverit,</strong></span> <span class='ocrx_word' id='word_1_683' title='bbox 3236 3743 3367 3799; x_wconf 89' lang='lat' dir='ltr'><strong>dicit</strong></span> <span class='ocrx_word' id='word_1_684' title='bbox 3391 3748 3551 3813; x_wconf 89' lang='lat' dir='ltr'><strong>patri,</strong></span> <span class='ocrx_word' id='word_1_685' title='bbox 3575 3759 3682 3798; x_wconf 92' lang='lat' dir='ltr'><strong>non</strong></span> <span class='ocrx_word' id='word_1_686' title='bbox 3713 3745 3844 3798; x_wconf 87' lang='lat' dir='ltr'><strong>novi</strong></span> 
     </span>
    </p>
   </div>
   <div class='ocr_carea' id='block_1_84' title="bbox 2248 3836 3844 3908">
    <p class='ocr_par' dir='ltr' id='par_1_84' title="bbox 2248 3836 3844 3908">
     <span class='ocr_line' id='line_1_84' title="bbox 2248 3836 3844 3908; baseline -0.001 -17"><span class='ocrx_word' id='word_1_687' title='bbox 2248 3847 2299 3892; x_wconf 88' lang='lat' dir='ltr'><strong>te</strong></span> <span class='ocrx_word' id='word_1_688' title='bbox 2336 3856 2347 3890; x_wconf 93' lang='lat'>:</span> <span class='ocrx_word' id='word_1_689' title='bbox 2384 3846 2738 3908; x_wconf 90' lang='lat' dir='ltr'><strong>naturamque</strong></span> <span class='ocrx_word' id='word_1_690' title='bbox 2779 3836 3170 3891; x_wconf 89' lang='lat' dir='ltr'><strong>circumcidens</strong></span> <span class='ocrx_word' id='word_1_691' title='bbox 3205 3848 3382 3900; x_wconf 92' lang='lat' dir='ltr'><strong>suam,</strong></span> <span class='ocrx_word' id='word_1_692' title='bbox 3415 3849 3512 3888; x_wconf 91' lang='lat' dir='ltr'><strong>nec</strong></span> <span class='ocrx_word' id='word_1_693' title='bbox 3542 3844 3601 3888; x_wconf 93' lang='lat' dir='ltr'><strong>ut</strong></span> <span class='ocrx_word' id='word_1_694' title='bbox 3630 3842 3844 3904; x_wconf 88' lang='lat' dir='ltr'><strong>patrem</strong></span> 
     </span>
    </p>
   </div>
   <div class='ocr_carea' id='block_1_85' title="bbox 2245 3929 3847 4001">
    <p class='ocr_par' dir='ltr' id='par_1_85' title="bbox 2245 3929 3847 4001">
     <span class='ocr_line' id='line_1_85' title="bbox 2245 3929 3847 4001; baseline -0.002 -14"><span class='ocrx_word' id='word_1_695' title='bbox 2245 3931 2474 4001; x_wconf 88' lang='lat' dir='ltr'><strong>sepeliat</strong></span> <span class='ocrx_word' id='word_1_696' title='bbox 2497 3939 2789 3996; x_wconf 89' lang='lat' dir='ltr'><strong>mortuum,</strong></span> <span class='ocrx_word' id='word_1_697' title='bbox 2814 3930 3158 4000; x_wconf 89' lang='lat' dir='ltr'><strong>separabitur</strong></span> <span class='ocrx_word' id='word_1_698' title='bbox 3181 3944 3211 3982; x_wconf 87' lang='lat' dir='ltr'><strong>a</strong></span> <span class='ocrx_word' id='word_1_699' title='bbox 3241 3929 3458 3983; x_wconf 91' lang='lat' dir='ltr'><strong>Christo</strong></span> <span class='ocrx_word' id='word_1_700' title='bbox 3502 3945 3515 3981; x_wconf 90' lang='lat'><strong>:</strong></span> <span class='ocrx_word' id='word_1_701' title='bbox 3551 3939 3610 3983; x_wconf 91' lang='lat' dir='ltr'><strong>et</strong></span> <span class='ocrx_word' id='word_1_702' title='bbox 3637 3944 3847 3998; x_wconf 79' lang='lat' dir='ltr'><strong>exspo-</strong></span> 
     </span>
    </p>
   </div>
   <div class='ocr_carea' id='block_1_86' title="bbox 2248 4022 3844 4093">
    <p class='ocr_par' dir='ltr' id='par_1_86' title="bbox 2248 4022 3844 4093">
     <span class='ocr_line' id='line_1_86' title="bbox 2248 4022 3844 4093; baseline -0.001 -14"><span class='ocrx_word' id='word_1_703' title='bbox 2248 4025 2408 4079; x_wconf 84' lang='lat' dir='ltr'><strong>liatus</strong></span> <span class='ocrx_word' id='word_1_704' title='bbox 2457 4035 2696 4080; x_wconf 87' lang='lat' dir='ltr'><strong>veterem</strong></span> <span class='ocrx_word' id='word_1_705' title='bbox 2751 4024 3026 4080; x_wconf 90' lang='lat' dir='ltr'><strong>hominem</strong></span> <span class='ocrx_word' id='word_1_706' title='bbox 3077 4038 3198 4078; x_wconf 91' lang='lat' dir='ltr'><strong>cum</strong></span> <span class='ocrx_word' id='word_1_707' title='bbox 3239 4023 3450 4078; x_wconf 90' lang='lat' dir='ltr'><strong>actibus</strong></span> <span class='ocrx_word' id='word_1_708' title='bbox 3497 4022 3643 4090; x_wconf 85' lang='lat' dir='ltr'><strong>suis,</strong></span> <span class='ocrx_word' id='word_1_709' title='bbox 3694 4025 3844 4093; x_wconf 91' lang='lat' dir='ltr'><strong>quod</strong></span> 
     </span>
    </p>
   </div>
   <div class='ocr_carea' id='block_1_87' title="bbox 2251 4115 3846 4187">
    <p class='ocr_par' dir='ltr' id='par_1_87' title="bbox 2251 4115 3846 4187">
     <span class='ocr_line' id='line_1_87' title="bbox 2251 4115 3846 4187; baseline 0 -15"><span class='ocrx_word' id='word_1_710' title='bbox 2251 4118 2572 4187; x_wconf 69' lang='lat' dir='ltr'><strong>prmputium</strong></span> <span class='ocrx_word' id='word_1_711' title='bbox 2603 4127 2707 4184; x_wconf 87' lang='lat' dir='ltr'><strong>est,</strong></span> <span class='ocrx_word' id='word_1_712' title='bbox 2732 4117 2892 4171; x_wconf 92' lang='lat' dir='ltr'><strong>aliam</strong></span> <span class='ocrx_word' id='word_1_713' title='bbox 2927 4128 3173 4171; x_wconf 89' lang='lat' dir='ltr'><strong>naturam</strong></span> <span class='ocrx_word' id='word_1_714' title='bbox 3201 4132 3314 4172; x_wconf 89' lang='lat' dir='ltr'><strong>suae</strong></span> <span class='ocrx_word' id='word_1_715' title='bbox 3333 4115 3532 4171; x_wconf 88' lang='lat' dir='ltr'><strong>videbit</strong></span> <span class='ocrx_word' id='word_1_716' title='bbox 3559 4131 3685 4172; x_wconf 89' lang='lat' dir='ltr'><strong>esse</strong></span> <span class='ocrx_word' id='word_1_717' title='bbox 3716 4119 3846 4172; x_wconf 57' lang='lat' dir='ltr'><strong>sub.</strong></span> 
     </span>
    </p>
   </div>
   <div class='ocr_carea' id='block_1_88' title="bbox 2249 4212 3838 4282">
    <p class='ocr_par' dir='ltr' id='par_1_88' title="bbox 2249 4212 3838 4282">
     <span class='ocr_line' id='line_1_88' title="bbox 2249 4212 3838 4282; baseline 0.001 -17"><span class='ocrx_word' id='word_1_718' title='bbox 2249 4216 2464 4266; x_wconf 74' lang='lat' dir='ltr'><strong>stantite</strong></span> <span class='ocrx_word' id='word_1_719' title='bbox 2497 4230 2509 4266; x_wconf 90' lang='lat'><strong>:</strong></span> <span class='ocrx_word' id='word_1_720' title='bbox 2545 4213 2599 4266; x_wconf 90' lang='lat' dir='ltr'><strong>id</strong></span> <span class='ocrx_word' id='word_1_721' title='bbox 2642 4220 2759 4278; x_wconf 88' lang='lat' dir='ltr'><strong>est,</strong></span> <span class='ocrx_word' id='word_1_722' title='bbox 2795 4221 2853 4266; x_wconf 92' lang='lat' dir='ltr'><strong>ut</strong></span> <span class='ocrx_word' id='word_1_723' title='bbox 2886 4212 3022 4267; x_wconf 91' lang='lat' dir='ltr'><strong>sicut</strong></span> <span class='ocrx_word' id='word_1_724' title='bbox 3054 4213 3262 4282; x_wconf 90' lang='lat' dir='ltr'><strong>primus</strong></span> <span class='ocrx_word' id='word_1_725' title='bbox 3301 4212 3464 4266; x_wconf 93' lang='lat' dir='ltr'><strong>homo</strong></span> <span class='ocrx_word' id='word_1_726' title='bbox 3507 4222 3763 4267; x_wconf 91' lang='lat' dir='ltr'><strong>terrenus</strong></span> <span class='ocrx_word' id='word_1_727' title='bbox 3807 4227 3838 4266; x_wconf 89' lang='lat' dir='ltr'><strong>a</strong></span> 
     </span>
    </p>
   </div>
   <div class='ocr_carea' id='block_1_89' title="bbox 2249 4303 3840 4373">
    <p class='ocr_par' dir='ltr' id='par_1_89' title="bbox 2249 4303 3840 4373">
     <span class='ocr_line' id='line_1_89' title="bbox 2249 4303 3840 4373; baseline -0.001 -16"><span class='ocrx_word' id='word_1_728' title='bbox 2249 4313 2392 4358; x_wconf 90' lang='lat' dir='ltr'><strong>terra</strong></span> <span class='ocrx_word' id='word_1_729' title='bbox 2429 4323 2440 4358; x_wconf 91' lang='lat'>:</span> <span class='ocrx_word' id='word_1_730' title='bbox 2476 4305 2546 4358; x_wconf 90' lang='lat' dir='ltr'><strong>ita</strong></span> <span class='ocrx_word' id='word_1_731' title='bbox 2577 4304 2846 4359; x_wconf 91' lang='lat' dir='ltr'><strong>secundus</strong></span> <span class='ocrx_word' id='word_1_732' title='bbox 2874 4305 3115 4360; x_wconf 62' lang='lat' dir='ltr'><strong>caelestis</strong></span> <span class='ocrx_word' id='word_1_733' title='bbox 3149 4304 3371 4373; x_wconf 89' lang='lat' dir='ltr'><strong>incipiat</strong></span> <span class='ocrx_word' id='word_1_734' title='bbox 3406 4319 3528 4358; x_wconf 87' lang='lat' dir='ltr'><strong>esse</strong></span> <span class='ocrx_word' id='word_1_735' title='bbox 3557 4319 3624 4358; x_wconf 82' lang='lat' dir='ltr'><strong>ex</strong></span> <span class='ocrx_word' id='word_1_736' title='bbox 3659 4303 3800 4359; x_wconf 65' lang='lat' dir='ltr'><strong>caelo</strong></span> <span class='ocrx_word' id='word_1_737' title='bbox 3829 4322 3840 4356; x_wconf 91' lang='lat'><strong>:</strong></span> 
     </span>
    </p>
   </div>
   <div class='ocr_carea' id='block_1_90' title="bbox 2249 4396 3841 4467">
    <p class='ocr_par' dir='ltr' id='par_1_90' title="bbox 2249 4396 3841 4467">
     <span class='ocr_line' id='line_1_90' title="bbox 2249 4396 3841 4467; baseline 0.001 -17"><span class='ocrx_word' id='word_1_738' title='bbox 2249 4411 2349 4452; x_wconf 90' lang='lat' dir='ltr'><strong>nec</strong></span> <span class='ocrx_word' id='word_1_739' title='bbox 2387 4396 2529 4450; x_wconf 88' lang='lat' dir='ltr'><strong>dicet</strong></span> <span class='ocrx_word' id='word_1_740' title='bbox 2562 4396 2672 4465; x_wconf 90' lang='lat' dir='ltr'><strong>jam</strong></span> <span class='ocrx_word' id='word_1_741' title='bbox 2709 4396 2863 4465; x_wconf 87' lang='lat' dir='ltr'><strong>cujus</strong></span> <span class='ocrx_word' id='word_1_742' title='bbox 2903 4397 3221 4452; x_wconf 89' lang='lat' dir='ltr'><strong>circumcisa</strong></span> <span class='ocrx_word' id='word_1_743' title='bbox 3261 4407 3344 4452; x_wconf 91' lang='lat' dir='ltr'><strong>est</strong></span> <span class='ocrx_word' id='word_1_744' title='bbox 3375 4405 3570 4452; x_wconf 90' lang='lat' dir='ltr'><strong>natura</strong></span> <span class='ocrx_word' id='word_1_745' title='bbox 3609 4407 3841 4467; x_wconf 86' lang='lat' dir='ltr'><strong>patrem,</strong></span> 
     </span>
    </p>
   </div>
   <div class='ocr_carea' id='block_1_91' title="bbox 542 4463 3844 4561">
    <p class='ocr_par' dir='ltr' id='par_1_91' title="bbox 542 4463 3844 4561">
     <span class='ocr_line' id='line_1_91' title="bbox 542 4463 3844 4561; baseline 0.004 -29"><span class='ocrx_word' id='word_1_746' title='bbox 542 4488 788 4547; x_wconf 90' lang='lat' dir='ltr'><strong>possent,</strong></span> <span class='ocrx_word' id='word_1_747' title='bbox 818 4489 991 4534; x_wconf 92' lang='lat' dir='ltr'><strong>mater</strong></span> <span class='ocrx_word' id='word_1_748' title='bbox 1019 4479 1189 4534; x_wconf 91' lang='lat' dir='ltr'><strong>nollet</strong></span> <span class='ocrx_word' id='word_1_749' title='bbox 1219 4480 1422 4536; x_wconf 88' lang='lat' dir='ltr'><strong>intrare</strong></span> <span class='ocrx_word' id='word_1_750' title='bbox 1458 4499 1469 4533; x_wconf 94' lang='lat'>:</span> <span class='ocrx_word' id='word_1_751' title='bbox 1514 4497 1637 4536; x_wconf 91' lang='lat' dir='ltr'><strong>nam</strong></span> <span class='ocrx_word' id='word_1_752' title='bbox 1659 4483 1851 4539; x_wconf 88' lang='lat' dir='ltr'><strong>fratres</strong></span> <span class='ocrx_word' id='word_1_753' title='bbox 1881 4486 1998 4555; x_wconf 86' lang='lat' dir='ltr'><strong>ejus</strong></span> <span class='ocrx_word' id='word_1_754' title='bbox 2020 4502 2143 4543; x_wconf 85' lang='lat' dir='ltr'><strong>nec-</strong></span> <span class='ocrx_word' id='word_1_755' title='bbox 2167 4463 2222 4524; x_wconf 81' lang='lat' dir='ltr'><strong>D</strong></span> <span class='ocrx_word' id='word_1_756' title='bbox 2249 4499 2446 4559; x_wconf 58' lang='lat' dir='ltr'><strong>prieter</strong></span> <span class='ocrx_word' id='word_1_757' title='bbox 2472 4505 2594 4544; x_wconf 91' lang='lat' dir='ltr'><strong>eum</strong></span> <span class='ocrx_word' id='word_1_758' title='bbox 2627 4490 2718 4560; x_wconf 90' lang='lat' dir='ltr'><strong>qui</strong></span> <span class='ocrx_word' id='word_1_759' title='bbox 2764 4491 2815 4543; x_wconf 92' lang='lat' dir='ltr'><strong>in</strong></span> <span class='ocrx_word' id='word_1_760' title='bbox 2846 4489 2998 4546; x_wconf 63' lang='lat' dir='ltr'><strong>malis</strong></span> <span class='ocrx_word' id='word_1_761' title='bbox 3027 4499 3138 4553; x_wconf 89' lang='lat' dir='ltr'><strong>est,</strong></span> <span class='ocrx_word' id='word_1_762' title='bbox 3173 4505 3231 4544; x_wconf 86' lang='lat' dir='ltr'><strong>se</strong></span> <span class='ocrx_word' id='word_1_763' title='bbox 3274 4489 3476 4545; x_wconf 90' lang='lat' dir='ltr'><strong>habere</strong></span> <span class='ocrx_word' id='word_1_764' title='bbox 3507 4509 3520 4544; x_wconf 91' lang='lat'><strong>:</strong></span> <span class='ocrx_word' id='word_1_765' title='bbox 3561 4490 3657 4545; x_wconf 90' lang='lat' dir='ltr'><strong>sed</strong></span> <span class='ocrx_word' id='word_1_766' title='bbox 3699 4505 3844 4561; x_wconf 67' lang='lat' dir='ltr'><strong>prae-</strong></span> 
     </span>
    </p>
   </div>
   <div class='ocr_carea' id='block_1_92' title="bbox 543 4569 2142 4649">
    <p class='ocr_par' dir='ltr' id='par_1_92' title="bbox 543 4569 2142 4649">
     <span class='ocr_line' id='line_1_92' title="bbox 543 4569 2142 4649; baseline 0.006 -24"><span class='ocrx_word' id='word_1_767' title='bbox 543 4569 673 4626; x_wconf 87' lang='lat' dir='ltr'><strong>dum</strong></span> <span class='ocrx_word' id='word_1_768' title='bbox 688 4571 983 4627; x_wconf 86' lang='lat' dir='ltr'><strong>credebant</strong></span> <span class='ocrx_word' id='word_1_769' title='bbox 1011 4571 1064 4626; x_wconf 92' lang='lat' dir='ltr'><strong>in</strong></span> <span class='ocrx_word' id='word_1_770' title='bbox 1096 4572 1292 4641; x_wconf 91' lang='lat' dir='ltr'><strong>ipsum.</strong></span> <span class='ocrx_word' id='word_1_771' title='bbox 1317 4574 1450 4640; x_wconf 88' lang='lat' dir='ltr'><strong>Quis</strong></span> <span class='ocrx_word' id='word_1_772' title='bbox 1483 4574 1566 4628; x_wconf 88' lang='lat' dir='ltr'><strong>hic</strong></span> <span class='ocrx_word' id='word_1_773' title='bbox 1595 4576 1720 4643; x_wconf 89' lang='lat' dir='ltr'><strong>erit,</strong></span> <span class='ocrx_word' id='word_1_774' title='bbox 1748 4592 1898 4648; x_wconf 87' lang='lat' dir='ltr'><strong>rogo,</strong></span> <span class='ocrx_word' id='word_1_775' title='bbox 1929 4581 2022 4649; x_wconf 89' lang='lat' dir='ltr'><strong>qui</strong></span> <span class='ocrx_word' id='word_1_776' title='bbox 2043 4595 2142 4635; x_wconf 87' lang='lat' dir='ltr'><strong>ex-</strong></span> 
     </span>
    </p>
   </div>
   <div class='ocr_carea' id='block_1_93' title="bbox 544 4661 2144 4734">
    <p class='ocr_par' dir='ltr' id='par_1_93' title="bbox 544 4661 2144 4734">
     <span class='ocr_line' id='line_1_93' title="bbox 544 4661 2144 4734; baseline 0.007 -18"><span class='ocrx_word' id='word_1_777' title='bbox 544 4661 882 4718; x_wconf 89' lang='lat' dir='ltr'><strong>cusationem</strong></span> <span class='ocrx_word' id='word_1_778' title='bbox 911 4662 1162 4732; x_wconf 73' lang='lat' dir='ltr'><strong>prmferat</strong></span> <span class='ocrx_word' id='word_1_779' title='bbox 1187 4665 1504 4734; x_wconf 74' lang='lat' dir='ltr'><strong>autgratizc,</strong></span> <span class='ocrx_word' id='word_1_780' title='bbox 1539 4674 1630 4719; x_wconf 90' lang='lat' dir='ltr'><strong>aut</strong></span> <span class='ocrx_word' id='word_1_781' title='bbox 1649 4669 1860 4723; x_wconf 90' lang='lat' dir='ltr'><strong>amori?</strong></span> <span class='ocrx_word' id='word_1_782' title='bbox 1886 4671 1931 4724; x_wconf 88' lang='lat' dir='ltr'><strong>si</strong></span> <span class='ocrx_word' id='word_1_783' title='bbox 1958 4681 2010 4725; x_wconf 92' lang='lat' dir='ltr'><strong>et</strong></span> <span class='ocrx_word' id='word_1_784' title='bbox 2036 4671 2144 4726; x_wconf 84' lang='lat' dir='ltr'><strong>Ma-</strong></span> 
     </span>
    </p>
   </div>
   <div class='ocr_carea' id='block_1_94' title="bbox 541 4755 2141 4820">
    <p class='ocr_par' dir='ltr' id='par_1_94' title="bbox 541 4755 2141 4820">
     <span class='ocr_line' id='line_1_94' title="bbox 541 4755 2141 4820; baseline 0.006 -12"><span class='ocrx_word' id='word_1_785' title='bbox 541 4759 677 4808; x_wconf 91' lang='lat' dir='ltr'><strong>rlam</strong></span> <span class='ocrx_word' id='word_1_786' title='bbox 709 4755 902 4810; x_wconf 88' lang='lat' dir='ltr'><strong>merito</strong></span> <span class='ocrx_word' id='word_1_787' title='bbox 934 4755 1083 4809; x_wconf 90' lang='lat' dir='ltr'><strong>nulla</strong></span> <span class='ocrx_word' id='word_1_788' title='bbox 1105 4755 1297 4819; x_wconf 88' lang='lat' dir='ltr'><strong>vincit,</strong></span> <span class='ocrx_word' id='word_1_789' title='bbox 1328 4765 1382 4810; x_wconf 85' lang='lat' dir='ltr'><strong>et</strong></span> <span class='ocrx_word' id='word_1_790' title='bbox 1409 4756 1685 4813; x_wconf 86' lang='lat' dir='ltr'><strong>Christum</strong></span> <span class='ocrx_word' id='word_1_791' title='bbox 1717 4759 2000 4816; x_wconf 90' lang='lat' dir='ltr'><strong>Dominum</strong></span> <span class='ocrx_word' id='word_1_792' title='bbox 2042 4779 2141 4820; x_wconf 90' lang='lat' dir='ltr'><strong>no-</strong></span> 
     </span>
    </p>
   </div>
   <div class='ocr_carea' id='block_1_95' title="bbox 545 4848 2144 4926">
    <p class='ocr_par' dir='ltr' id='par_1_95' title="bbox 545 4848 2144 4926">
     <span class='ocr_line' id='line_1_95' title="bbox 545 4848 2144 4926; baseline 0.008 -26"><span class='ocrx_word' id='word_1_793' title='bbox 545 4856 716 4903; x_wconf 91' lang='lat' dir='ltr'><strong>strum</strong></span> <span class='ocrx_word' id='word_1_794' title='bbox 745 4863 905 4903; x_wconf 83' lang='lat' dir='ltr'><strong>nemo</strong></span> <span class='ocrx_word' id='word_1_795' title='bbox 931 4855 1153 4918; x_wconf 90' lang='lat' dir='ltr'><strong>superat</strong></span> <span class='ocrx_word' id='word_1_796' title='bbox 1184 4848 1403 4917; x_wconf 89' lang='lat' dir='ltr'><strong>pietate.</strong></span> <span class='ocrx_word' id='word_1_797' title='bbox 1428 4849 1516 4903; x_wconf 91' lang='lat' dir='ltr'><strong>llla</strong></span> <span class='ocrx_word' id='word_1_798' title='bbox 1551 4861 1724 4907; x_wconf 89' lang='lat' dir='ltr'><strong>mater</strong></span> <span class='ocrx_word' id='word_1_799' title='bbox 1743 4854 1888 4908; x_wconf 89' lang='lat' dir='ltr'><strong>enim</strong></span> <span class='ocrx_word' id='word_1_800' title='bbox 1918 4867 2144 4926; x_wconf 89' lang='lat' dir='ltr'><strong>negatur</strong></span> 
     </span>
    </p>
   </div>
   <div class='ocr_carea' id='block_1_96' title="bbox 542 4939 2134 5011">
    <p class='ocr_par' dir='ltr' id='par_1_96' title="bbox 542 4939 2134 5011">
     <span class='ocr_line' id='line_1_96' title="bbox 542 4939 2134 5011; baseline 0.009 -22"><span class='ocrx_word' id='word_1_801' title='bbox 542 4953 572 4990; x_wconf 92' lang='lat' dir='ltr'><strong>a</strong></span> <span class='ocrx_word' id='word_1_802' title='bbox 601 4940 734 5003; x_wconf 88' lang='lat' dir='ltr'><strong>tilio,</strong></span> <span class='ocrx_word' id='word_1_803' title='bbox 766 4950 823 4993; x_wconf 80' lang='lat' dir='ltr'><strong>ut</strong></span> <span class='ocrx_word' id='word_1_804' title='bbox 846 4955 971 4995; x_wconf 91' lang='lat' dir='ltr'><strong>vera</strong></span> <span class='ocrx_word' id='word_1_805' title='bbox 1003 4939 1092 4994; x_wconf 90' lang='lat' dir='ltr'><strong>illa</strong></span> <span class='ocrx_word' id='word_1_806' title='bbox 1119 4939 1224 5011; x_wconf 76' lang='lat' dir='ltr'><strong>(At.</strong></span> <span class='ocrx_word' id='word_1_807' title='bbox 1251 4941 1434 5010; x_wconf 84' lang='lat' dir='ltr'><strong>etiam]</strong></span> <span class='ocrx_word' id='word_1_808' title='bbox 1460 4943 1805 5000; x_wconf 88' lang='lat' dir='ltr'><strong>circumcisio</strong></span> <span class='ocrx_word' id='word_1_809' title='bbox 1837 4946 2094 5004; x_wconf 87' lang='lat' dir='ltr'><strong>doceatur</strong></span> <span class='ocrx_word' id='word_1_810' title='bbox 2123 4967 2134 5004; x_wconf 93' lang='lat'><strong>:</strong></span> 
     </span>
    </p>
   </div>
   <div class='ocr_carea' id='block_1_97' title="bbox 543 5032 2140 5111">
    <p class='ocr_par' dir='ltr' id='par_1_97' title="bbox 543 5032 2140 5111">
     <span class='ocr_line' id='line_1_97' title="bbox 543 5032 2140 5111; baseline 0.008 -28"><span class='ocrx_word' id='word_1_811' title='bbox 543 5032 798 5100; x_wconf 91' lang='lat' dir='ltr'><strong>quoniam</strong></span> <span class='ocrx_word' id='word_1_812' title='bbox 824 5033 1076 5101; x_wconf 85' lang='lat' dir='ltr'><strong>magister</strong></span> <span class='ocrx_word' id='word_1_813' title='bbox 1097 5041 1150 5087; x_wconf 90' lang='lat' dir='ltr'><strong>et</strong></span> <span class='ocrx_word' id='word_1_814' title='bbox 1171 5048 1369 5103; x_wconf 89' lang='lat' dir='ltr'><strong>parens</strong></span> <span class='ocrx_word' id='word_1_815' title='bbox 1396 5035 1518 5090; x_wconf 77' lang='lat' dir='ltr'><strong>vita:</strong></span> <span class='ocrx_word' id='word_1_816' title='bbox 1540 5035 1725 5094; x_wconf 85' lang='lat' dir='ltr'><strong>debuit</strong></span> <span class='ocrx_word' id='word_1_817' title='bbox 1753 5038 1953 5107; x_wconf 91' lang='lat' dir='ltr'><strong>vivere,</strong></span> <span class='ocrx_word' id='word_1_818' title='bbox 1980 5051 2140 5111; x_wconf 88' lang='lat' dir='ltr'><strong>prout</strong></span> 
     </span>
    </p>
   </div>
   <div class='ocr_carea' id='block_1_98' title="bbox 549 5123 2138 5202">
    <p class='ocr_par' dir='ltr' id='par_1_98' title="bbox 549 5123 2138 5202">
     <span class='ocr_line' id='line_1_98' title="bbox 549 5123 2138 5202; baseline 0.008 -24"><span class='ocrx_word' id='word_1_819' title='bbox 549 5123 780 5178; x_wconf 82' lang='lat' dir='ltr'><strong>docebat</strong></span> <span class='ocrx_word' id='word_1_820' title='bbox 803 5139 924 5178; x_wconf 90' lang='lat' dir='ltr'><strong>esse</strong></span> <span class='ocrx_word' id='word_1_821' title='bbox 953 5125 1264 5181; x_wconf 89' lang='lat' dir='ltr'><strong>vivendum.</strong></span> <span class='ocrx_word' id='word_1_822' title='bbox 1301 5127 1398 5182; x_wconf 92' lang='lat' dir='ltr'><strong>llic</strong></span> <span class='ocrx_word' id='word_1_823' title='bbox 1431 5137 1516 5183; x_wconf 91' lang='lat' dir='ltr'><strong>est</strong></span> <span class='ocrx_word' id='word_1_824' title='bbox 1549 5130 1638 5185; x_wconf 91' lang='lat' dir='ltr'><strong>ille</strong></span> <span class='ocrx_word' id='word_1_825' title='bbox 1666 5132 1875 5202; x_wconf 90' lang='lat' dir='ltr'><strong>gladius</strong></span> <span class='ocrx_word' id='word_1_826' title='bbox 1904 5134 2138 5190; x_wconf 86' lang='lat' dir='ltr'><strong>femora-</strong></span> 
     </span>
    </p>
   </div>
   <div class='ocr_carea' id='block_1_99' title="bbox 542 5214 2136 5293">
    <p class='ocr_par' dir='ltr' id='par_1_99' title="bbox 542 5214 2136 5293">
     <span class='ocr_line' id='line_1_99' title="bbox 542 5214 2136 5293; baseline 0.005 -21"><span class='ocrx_word' id='word_1_827' title='bbox 542 5215 637 5282; x_wconf 88' lang='lat' dir='ltr'><strong>lis,</strong></span> <span class='ocrx_word' id='word_1_828' title='bbox 674 5229 782 5286; x_wconf 93' lang='lat' dir='ltr'><strong>quo</strong></span> <span class='ocrx_word' id='word_1_829' title='bbox 809 5214 1013 5270; x_wconf 75' lang='lat' dir='ltr'><strong>Levita:</strong></span> <span class='ocrx_word' id='word_1_830' title='bbox 1043 5230 1170 5271; x_wconf 92' lang='lat' dir='ltr'><strong>suos</strong></span> <span class='ocrx_word' id='word_1_831' title='bbox 1203 5219 1536 5290; x_wconf 89' lang='lat' dir='ltr'><strong>propinquos</strong></span> <span class='ocrx_word' id='word_1_832' title='bbox 1575 5229 1632 5276; x_wconf 92' lang='lat' dir='ltr'><strong>et</strong></span> <span class='ocrx_word' id='word_1_833' title='bbox 1672 5225 1951 5293; x_wconf 76' lang='lat' dir='ltr'><strong>proximos</strong></span> <span class='ocrx_word' id='word_1_834' title='bbox 1991 5227 2136 5280; x_wconf 89' lang='lat' dir='ltr'><strong>occi-</strong></span> 
     </span>
    </p>
   </div>
   <div class='ocr_carea' id='block_1_100' title="bbox 540 5307 2134 5385">
    <p class='ocr_par' dir='ltr' id='par_1_100' title="bbox 540 5307 2134 5385">
     <span class='ocr_line' id='line_1_100' title="bbox 540 5307 2134 5385; baseline 0.005 -21"><span class='ocrx_word' id='word_1_835' title='bbox 540 5310 786 5364; x_wconf 89' lang='lat' dir='ltr'><strong>derunt:</strong></span> <span class='ocrx_word' id='word_1_836' title='bbox 833 5323 940 5378; x_wconf 92' lang='lat' dir='ltr'><strong>quo</strong></span> <span class='ocrx_word' id='word_1_837' title='bbox 988 5307 1150 5362; x_wconf 92' lang='lat' dir='ltr'><strong>etiam</strong></span> <span class='ocrx_word' id='word_1_838' title='bbox 1186 5309 1447 5365; x_wconf 91' lang='lat' dir='ltr'><strong>Dominus</strong></span> <span class='ocrx_word' id='word_1_839' title='bbox 1487 5312 1604 5380; x_wconf 90' lang='lat' dir='ltr'><strong>ipse</strong></span> <span class='ocrx_word' id='word_1_840' title='bbox 1647 5329 1674 5366; x_wconf 93' lang='lat' dir='ltr'><strong>a</strong></span> <span class='ocrx_word' id='word_1_841' title='bbox 1717 5314 1878 5370; x_wconf 86' lang='lat' dir='ltr'><strong>Patre</strong></span> <span class='ocrx_word' id='word_1_842' title='bbox 1902 5316 2134 5385; x_wconf 89' lang='lat' dir='ltr'><strong>.jubetur</strong></span> 
     </span>
    </p>
   </div>
   <div class='ocr_carea' id='block_1_101' title="bbox 540 5402 2132 5478">
    <p class='ocr_par' dir='ltr' id='par_1_101' title="bbox 540 5402 2132 5478">
     <span class='ocr_line' id='line_1_101' title="bbox 540 5402 2132 5478; baseline 0.008 -24"><span class='ocrx_word' id='word_1_843' title='bbox 540 5402 752 5472; x_wconf 86' lang='lat' dir='ltr'><strong>accingi</strong></span> <span class='ocrx_word' id='word_1_844' title='bbox 785 5419 800 5456; x_wconf 87' lang='lat'>:</span> <span class='ocrx_word' id='word_1_845' title='bbox 844 5416 1003 5471; x_wconf 92' lang='lat' dir='ltr'><strong>quem</strong></span> <span class='ocrx_word' id='word_1_846' title='bbox 1033 5416 1225 5456; x_wconf 90' lang='lat' dir='ltr'><strong>omnes</strong></span> <span class='ocrx_word' id='word_1_847' title='bbox 1251 5403 1472 5473; x_wconf 89' lang='lat' dir='ltr'><strong>capiunt</strong></span> <span class='ocrx_word' id='word_1_848' title='bbox 1496 5406 1587 5474; x_wconf 90' lang='lat' dir='ltr'><strong>qui</strong></span> <span class='ocrx_word' id='word_1_849' title='bbox 1629 5407 1837 5478; x_wconf 90' lang='lat' dir='ltr'><strong>seipsos</strong></span> <span class='ocrx_word' id='word_1_850' title='bbox 1859 5417 2132 5466; x_wconf 88' lang='lat' dir='ltr'><strong>castrave-</strong></span> 
     </span>
    </p>
   </div>
   <div class='ocr_carea' id='block_1_102' title="bbox 532 5495 2132 5571">
    <p class='ocr_par' dir='ltr' id='par_1_102' title="bbox 532 5495 2132 5571">
     <span class='ocr_line' id='line_1_102' title="bbox 532 5495 2132 5571; baseline 0.006 -23"><span class='ocrx_word' id='word_1_851' title='bbox 532 5503 662 5548; x_wconf 85' lang='lat' dir='ltr'><strong>runt</strong></span> <span class='ocrx_word' id='word_1_852' title='bbox 689 5504 912 5563; x_wconf 86' lang='lat' dir='ltr'><strong>prapter</strong></span> <span class='ocrx_word' id='word_1_853' title='bbox 937 5507 1166 5562; x_wconf 86' lang='lat' dir='ltr'><strong>regnum</strong></span> <span class='ocrx_word' id='word_1_854' title='bbox 1197 5495 1464 5549; x_wconf 66' lang='lat' dir='ltr'><strong>caelorum</strong></span> <span class='ocrx_word' id='word_1_855' title='bbox 1499 5513 1514 5550; x_wconf 83' lang='lat'><strong>:</strong></span> <span class='ocrx_word' id='word_1_856' title='bbox 1553 5513 1711 5566; x_wconf 91' lang='lat' dir='ltr'><strong>quem</strong></span> <span class='ocrx_word' id='word_1_857' title='bbox 1759 5501 1994 5571; x_wconf 87' lang='lat' dir='ltr'><strong>gladium</strong></span> <span class='ocrx_word' id='word_1_858' title='bbox 2027 5503 2132 5557; x_wconf 92' lang='lat' dir='ltr'><strong>Do-</strong></span> 
     </span>
    </p>
   </div>
   <div class='ocr_carea' id='block_1_103' title="bbox 537 5584 2132 5665">
    <p class='ocr_par' dir='ltr' id='par_1_103' title="bbox 537 5584 2132 5665">
     <span class='ocr_line' id='line_1_103' title="bbox 537 5584 2132 5665; baseline 0.011 -31"><span class='ocrx_word' id='word_1_859' title='bbox 537 5586 714 5639; x_wconf 88' lang='lat' dir='ltr'><strong>minus</strong></span> <span class='ocrx_word' id='word_1_860' title='bbox 738 5584 903 5640; x_wconf 89' lang='lat' dir='ltr'><strong>mittit</strong></span> <span class='ocrx_word' id='word_1_861' title='bbox 944 5585 995 5638; x_wconf 93' lang='lat' dir='ltr'><strong>in</strong></span> <span class='ocrx_word' id='word_1_862' title='bbox 1027 5593 1220 5652; x_wconf 89' lang='lat' dir='ltr'><strong>terras,</strong></span> <span class='ocrx_word' id='word_1_863' title='bbox 1254 5596 1310 5640; x_wconf 95' lang='lat' dir='ltr'><strong>ut</strong></span> <span class='ocrx_word' id='word_1_864' title='bbox 1342 5585 1511 5642; x_wconf 79' lang='lat' dir='ltr'><strong>filiuni</strong></span> <span class='ocrx_word' id='word_1_865' title='bbox 1549 5602 1766 5660; x_wconf 89' lang='lat' dir='ltr'><strong>separet</strong></span> <span class='ocrx_word' id='word_1_866' title='bbox 1800 5609 1828 5648; x_wconf 91' lang='lat' dir='ltr'><strong>a</strong></span> <span class='ocrx_word' id='word_1_867' title='bbox 1863 5605 2036 5665; x_wconf 90' lang='lat' dir='ltr'><strong>patre,</strong></span> <span class='ocrx_word' id='word_1_868' title='bbox 2071 5596 2132 5652; x_wconf 91' lang='lat' dir='ltr'><strong>fi-</strong></span> 
     </span>
    </p>
   </div>
   <div class='ocr_carea' id='block_1_104' title="bbox 536 5671 2128 5759">
    <p class='ocr_par' dir='ltr' id='par_1_104' title="bbox 536 5671 2128 5759">
     <span class='ocr_line' id='line_1_104' title="bbox 536 5671 2128 5759; baseline 0.013 -30"><span class='ocrx_word' id='word_1_869' title='bbox 536 5671 663 5736; x_wconf 84' lang='lat' dir='ltr'><strong>liam</strong></span> <span class='ocrx_word' id='word_1_870' title='bbox 705 5690 736 5731; x_wconf 92' lang='lat' dir='ltr'><strong>a</strong></span> <span class='ocrx_word' id='word_1_871' title='bbox 765 5687 938 5734; x_wconf 84' lang='lat' dir='ltr'><strong>matre</strong></span> <span class='ocrx_word' id='word_1_872' title='bbox 969 5690 1098 5745; x_wconf 79' lang='lat' dir='ltr'><strong>sua,</strong></span> <span class='ocrx_word' id='word_1_873' title='bbox 1143 5691 1335 5734; x_wconf 88' lang='lat' dir='ltr'><strong>uttrum</strong></span> <span class='ocrx_word' id='word_1_874' title='bbox 1369 5693 1400 5735; x_wconf 87' lang='lat' dir='ltr'><strong>a</strong></span> <span class='ocrx_word' id='word_1_875' title='bbox 1430 5693 1587 5738; x_wconf 83' lang='lat' dir='ltr'><strong>socru</strong></span> <span class='ocrx_word' id='word_1_876' title='bbox 1634 5698 1748 5741; x_wconf 86' lang='lat' dir='ltr'><strong>sua.</strong></span> <span class='ocrx_word' id='word_1_877' title='bbox 1793 5686 1905 5743; x_wconf 89' lang='lat' dir='ltr'><strong>lloc</strong></span> <span class='ocrx_word' id='word_1_878' title='bbox 1947 5689 2128 5759; x_wconf 87' lang='lat' dir='ltr'><strong>gladio</strong></span> 
     </span>
    </p>
   </div>
   <div class='ocr_carea' id='block_1_105' title="bbox 2245 4581 3838 4651">
    <p class='ocr_par' dir='ltr' id='par_1_105' title="bbox 2245 4581 3838 4651">
     <span class='ocr_line' id='line_1_105' title="bbox 2245 4581 3838 4651; baseline -0.001 -14"><span class='ocrx_word' id='word_1_879' title='bbox 2245 4591 2404 4651; x_wconf 91' lang='lat' dir='ltr'><strong>cepto</strong></span> <span class='ocrx_word' id='word_1_880' title='bbox 2451 4582 2663 4636; x_wconf 91' lang='lat' dir='ltr'><strong>Domini</strong></span> <span class='ocrx_word' id='word_1_881' title='bbox 2689 4582 2890 4649; x_wconf 87' lang='lat' dir='ltr'><strong>lucido,</strong></span> <span class='ocrx_word' id='word_1_882' title='bbox 2924 4581 3240 4637; x_wconf 83' lang='lat' dir='ltr'><strong>illuminatis</strong></span> <span class='ocrx_word' id='word_1_883' title='bbox 3279 4581 3470 4647; x_wconf 92' lang='lat' dir='ltr'><strong>oculis,</strong></span> <span class='ocrx_word' id='word_1_884' title='bbox 3523 4582 3719 4638; x_wconf 86' lang='lat' dir='ltr'><strong>sedere</strong></span> <span class='ocrx_word' id='word_1_885' title='bbox 3765 4583 3838 4637; x_wconf 85' lang='lat' dir='ltr'><strong>ad</strong></span> 
     </span>
    </p>
   </div>
   <div class='ocr_carea' id='block_1_106' title="bbox 2245 4674 3847 4744">
    <p class='ocr_par' dir='ltr' id='par_1_106' title="bbox 2245 4674 3847 4744">
     <span class='ocr_line' id='line_1_106' title="bbox 2245 4674 3847 4744; baseline 0.001 -16"><span class='ocrx_word' id='word_1_886' title='bbox 2245 4675 2523 4729; x_wconf 78' lang='lat' dir='ltr'><strong>dexteram</strong></span> <span class='ocrx_word' id='word_1_887' title='bbox 2546 4675 2759 4729; x_wconf 91' lang='lat' dir='ltr'><strong>virtutis</strong></span> <span class='ocrx_word' id='word_1_888' title='bbox 2792 4675 2960 4729; x_wconf 76' lang='lat' dir='ltr'><strong>[ilium</strong></span> <span class='ocrx_word' id='word_1_889' title='bbox 2990 4674 3225 4730; x_wconf 88' lang='lat' dir='ltr'><strong>hominis</strong></span> <span class='ocrx_word' id='word_1_890' title='bbox 3255 4684 3528 4744; x_wconf 78' lang='lat' dir='ltr'><strong>agnoscet.</strong></span> <span class='ocrx_word' id='word_1_891' title='bbox 3575 4675 3847 4730; x_wconf 86' lang='lat' dir='ltr'><strong>Obteren-</strong></span> 
     </span>
    </p>
   </div>
   <div class='ocr_carea' id='block_1_107' title="bbox 2246 4765 3845 4836">
    <p class='ocr_par' dir='ltr' id='par_1_107' title="bbox 2246 4765 3845 4836">
     <span class='ocr_line' id='line_1_107' title="bbox 2246 4765 3845 4836; baseline 0.001 -16"><span class='ocrx_word' id='word_1_892' title='bbox 2246 4765 2329 4820; x_wconf 77' lang='lat' dir='ltr'><strong>da:</strong></span> <span class='ocrx_word' id='word_1_893' title='bbox 2354 4775 2483 4821; x_wconf 90' lang='lat' dir='ltr'><strong>sunt</strong></span> <span class='ocrx_word' id='word_1_894' title='bbox 2509 4780 2699 4820; x_wconf 90' lang='lat' dir='ltr'><strong>omnes</strong></span> <span class='ocrx_word' id='word_1_895' title='bbox 2735 4765 2902 4820; x_wconf 88' lang='lat' dir='ltr'><strong>animi</strong></span> <span class='ocrx_word' id='word_1_896' title='bbox 2933 4766 3258 4836; x_wconf 90' lang='lat' dir='ltr'><strong>voluptates,</strong></span> <span class='ocrx_word' id='word_1_897' title='bbox 3288 4766 3637 4836; x_wconf 89' lang='lat' dir='ltr'><strong>relinquenda</strong></span> <span class='ocrx_word' id='word_1_898' title='bbox 3663 4768 3845 4822; x_wconf 90' lang='lat' dir='ltr'><strong>studia</strong></span> 
     </span>
    </p>
   </div>
   <div class='ocr_carea' id='block_1_108' title="bbox 2245 4859 3847 4929">
    <p class='ocr_par' dir='ltr' id='par_1_108' title="bbox 2245 4859 3847 4929">
     <span class='ocr_line' id='line_1_108' title="bbox 2245 4859 3847 4929; baseline 0.003 -17"><span class='ocrx_word' id='word_1_899' title='bbox 2245 4859 2692 4926; x_wconf 90' lang='lat' dir='ltr'><strong>delcctationnm,</strong></span> <span class='ocrx_word' id='word_1_900' title='bbox 2725 4861 2978 4929; x_wconf 90' lang='lat' dir='ltr'><strong>quoniam</strong></span> <span class='ocrx_word' id='word_1_901' title='bbox 3015 4860 3100 4914; x_wconf 91' lang='lat' dir='ltr'><strong>hic</strong></span> <span class='ocrx_word' id='word_1_902' title='bbox 3129 4860 3557 4916; x_wconf 86' lang='lat' dir='ltr'><strong>circumcisionis</strong></span> <span class='ocrx_word' id='word_1_903' title='bbox 3583 4871 3666 4916; x_wconf 90' lang='lat' dir='ltr'><strong>est</strong></span> <span class='ocrx_word' id='word_1_904' title='bbox 3696 4863 3847 4917; x_wconf 86' lang='lat' dir='ltr'><strong>veri-</strong></span> 
     </span>
    </p>
   </div>
   <div class='ocr_carea' id='block_1_109' title="bbox 2246 4951 3849 5022">
    <p class='ocr_par' dir='ltr' id='par_1_109' title="bbox 2246 4951 3849 5022">
     <span class='ocr_line' id='line_1_109' title="bbox 2246 4951 3849 5022; baseline 0.002 -17"><span class='ocrx_word' id='word_1_905' title='bbox 2246 4959 2349 5018; x_wconf 92' lang='lat' dir='ltr'><strong>tas,</strong></span> <span class='ocrx_word' id='word_1_906' title='bbox 2384 4967 2492 5006; x_wconf 91' lang='lat' dir='ltr'><strong>non</strong></span> <span class='ocrx_word' id='word_1_907' title='bbox 2520 4951 2708 5022; x_wconf 87' lang='lat' dir='ltr'><strong>figura.</strong></span> <span class='ocrx_word' id='word_1_908' title='bbox 2743 4951 3034 5008; x_wconf 88' lang='lat' dir='ltr'><strong>Nitendum</strong></span> <span class='ocrx_word' id='word_1_909' title='bbox 3069 4954 3120 5006; x_wconf 94' lang='lat' dir='ltr'><strong>in</strong></span> <span class='ocrx_word' id='word_1_910' title='bbox 3147 4968 3386 5019; x_wconf 90' lang='lat' dir='ltr'><strong>summa,</strong></span> <span class='ocrx_word' id='word_1_911' title='bbox 3417 4963 3476 5008; x_wconf 93' lang='lat' dir='ltr'><strong>ut</strong></span> <span class='ocrx_word' id='word_1_912' title='bbox 3517 4955 3728 5009; x_wconf 90' lang='lat' dir='ltr'><strong>cunctis</strong></span> <span class='ocrx_word' id='word_1_913' title='bbox 3746 4969 3849 5010; x_wconf 87' lang='lat' dir='ltr'><strong>na-</strong></span> 
     </span>
    </p>
   </div>
   <div class='ocr_carea' id='block_1_110' title="bbox 2247 5045 3847 5115">
    <p class='ocr_par' dir='ltr' id='par_1_110' title="bbox 2247 5045 3847 5115">
     <span class='ocr_line' id='line_1_110' title="bbox 2247 5045 3847 5115; baseline 0.002 -15"><span class='ocrx_word' id='word_1_914' title='bbox 2247 5046 2512 5102; x_wconf 89' lang='lat' dir='ltr'><strong>turalibus</strong></span> <span class='ocrx_word' id='word_1_915' title='bbox 2555 5045 2887 5115; x_wconf 86' lang='lat' dir='ltr'><strong>amputatis,</strong></span> <span class='ocrx_word' id='word_1_916' title='bbox 2931 5048 3273 5102; x_wconf 85' lang='lat' dir='ltr'><strong>c0nversatio</strong></span> <span class='ocrx_word' id='word_1_917' title='bbox 3309 5057 3492 5102; x_wconf 87' lang='lat' dir='ltr'><strong>nostra</strong></span> <span class='ocrx_word' id='word_1_918' title='bbox 3539 5045 3724 5102; x_wconf 91' lang='lat' dir='ltr'><strong>tendat</strong></span> <span class='ocrx_word' id='word_1_919' title='bbox 3773 5049 3847 5103; x_wconf 89' lang='lat' dir='ltr'><strong>ad</strong></span> 
     </span>
    </p>
   </div>
   <div class='ocr_carea' id='block_1_111' title="bbox 2243 5136 3843 5210">
    <p class='ocr_par' dir='ltr' id='par_1_111' title="bbox 2243 5136 3843 5210">
     <span class='ocr_line' id='line_1_111' title="bbox 2243 5136 3843 5210; baseline 0.001 -18"><span class='ocrx_word' id='word_1_920' title='bbox 2243 5138 2477 5204; x_wconf 66' lang='lat' dir='ltr'><strong>coelum,</strong></span> <span class='ocrx_word' id='word_1_921' title='bbox 2519 5138 2609 5192; x_wconf 91' lang='lat' dir='ltr'><strong>ubi</strong></span> <span class='ocrx_word' id='word_1_922' title='bbox 2650 5136 2896 5193; x_wconf 79' lang='lat' dir='ltr'><strong>Christus</strong></span> <span class='ocrx_word' id='word_1_923' title='bbox 2926 5147 3009 5193; x_wconf 91' lang='lat' dir='ltr'><strong>est</strong></span> <span class='ocrx_word' id='word_1_924' title='bbox 3039 5138 3104 5193; x_wconf 88' lang='lat' dir='ltr'><strong>ad</strong></span> <span class='ocrx_word' id='word_1_925' title='bbox 3134 5138 3411 5194; x_wconf 78' lang='lat' dir='ltr'><strong>dexteram</strong></span> <span class='ocrx_word' id='word_1_926' title='bbox 3442 5139 3536 5194; x_wconf 86' lang='lat' dir='ltr'><strong>Dei</strong></span> <span class='ocrx_word' id='word_1_927' title='bbox 3569 5137 3727 5210; x_wconf 83' lang='lat' dir='ltr'><strong>(Cal.</strong></span> <span class='ocrx_word' id='word_1_928' title='bbox 3757 5155 3843 5207; x_wconf 85' lang='lat' dir='ltr'><strong>tu,</strong></span> 
     </span>
    </p>
   </div>
   <div class='ocr_carea' id='block_1_112' title="bbox 2246 5229 3846 5300">
    <p class='ocr_par' dir='ltr' id='par_1_112' title="bbox 2246 5229 3846 5300">
     <span class='ocr_line' id='line_1_112' title="bbox 2246 5229 3846 5300; baseline 0.001 -16"><span class='ocrx_word' id='word_1_929' title='bbox 2246 5230 2323 5298; x_wconf 78' lang='grc'><strong>1).</strong></span> <span class='ocrx_word' id='word_1_930' title='bbox 2357 5230 2512 5297; x_wconf 83' lang='lat' dir='ltr'><strong>Quod</strong></span> <span class='ocrx_word' id='word_1_931' title='bbox 2559 5229 2632 5284; x_wconf 90' lang='lat' dir='ltr'><strong>ita</strong></span> <span class='ocrx_word' id='word_1_932' title='bbox 2672 5245 2856 5284; x_wconf 89' lang='lat' dir='ltr'><strong>verum</strong></span> <span class='ocrx_word' id='word_1_933' title='bbox 2883 5231 3005 5294; x_wconf 89' lang='lat' dir='ltr'><strong>erit,</strong></span> <span class='ocrx_word' id='word_1_934' title='bbox 3050 5231 3096 5285; x_wconf 89' lang='lat' dir='ltr'><strong>si</strong></span> <span class='ocrx_word' id='word_1_935' title='bbox 3125 5231 3257 5297; x_wconf 92' lang='lat' dir='ltr'><strong>ludi,</strong></span> <span class='ocrx_word' id='word_1_936' title='bbox 3286 5232 3330 5286; x_wconf 92' lang='lat' dir='ltr'><strong>si</strong></span> <span class='ocrx_word' id='word_1_937' title='bbox 3356 5232 3536 5300; x_wconf 91' lang='lat' dir='ltr'><strong>jocus,</strong></span> <span class='ocrx_word' id='word_1_938' title='bbox 3567 5231 3612 5286; x_wconf 88' lang='lat' dir='ltr'><strong>si</strong></span> <span class='ocrx_word' id='word_1_939' title='bbox 3644 5233 3846 5288; x_wconf 83' lang='lat' dir='ltr'><strong>convi-</strong></span> 
     </span>
    </p>
   </div>
   <div class='ocr_carea' id='block_1_113' title="bbox 2247 5321 3848 5390">
    <p class='ocr_par' dir='ltr' id='par_1_113' title="bbox 2247 5321 3848 5390">
     <span class='ocr_line' id='line_1_113' title="bbox 2247 5321 3848 5390; baseline 0.003 -19"><span class='ocrx_word' id='word_1_940' title='bbox 2247 5322 2416 5389; x_wconf 64' lang='lat' dir='ltr'><strong>vium,</strong></span> <span class='ocrx_word' id='word_1_941' title='bbox 2442 5322 2490 5377; x_wconf 90' lang='lat' dir='ltr'><strong>si</strong></span> <span class='ocrx_word' id='word_1_942' title='bbox 2518 5335 2698 5376; x_wconf 89' lang='lat' dir='ltr'><strong>sermo</strong></span> <span class='ocrx_word' id='word_1_943' title='bbox 2731 5336 2867 5390; x_wconf 93' lang='lat' dir='ltr'><strong>pene</strong></span> <span class='ocrx_word' id='word_1_944' title='bbox 2892 5321 3234 5376; x_wconf 86' lang='lat' dir='ltr'><strong>familiarium</strong></span> <span class='ocrx_word' id='word_1_945' title='bbox 3265 5321 3589 5376; x_wconf 89' lang='lat' dir='ltr'><strong>deserantur</strong></span> <span class='ocrx_word' id='word_1_946' title='bbox 3628 5338 3644 5377; x_wconf 86' lang='lat'><strong>:</strong></span> <span class='ocrx_word' id='word_1_947' title='bbox 3675 5331 3732 5377; x_wconf 94' lang='lat' dir='ltr'><strong>et</strong></span> <span class='ocrx_word' id='word_1_948' title='bbox 3763 5331 3848 5376; x_wconf 89' lang='lat' dir='ltr'><strong>ta-</strong></span> 
     </span>
    </p>
   </div>
   <div class='ocr_carea' id='block_1_114' title="bbox 2242 5413 3849 5482">
    <p class='ocr_par' dir='ltr' id='par_1_114' title="bbox 2242 5413 3849 5482">
     <span class='ocr_line' id='line_1_114' title="bbox 2242 5413 3849 5482; baseline 0.001 -15"><span class='ocrx_word' id='word_1_949' title='bbox 2242 5429 2363 5468; x_wconf 89' lang='lat' dir='ltr'><strong>tnen</strong></span> <span class='ocrx_word' id='word_1_950' title='bbox 2393 5413 2481 5482; x_wconf 91' lang='lat' dir='ltr'><strong>qui</strong></span> <span class='ocrx_word' id='word_1_951' title='bbox 2514 5413 2976 5468; x_wconf 90' lang='lat' dir='ltr'><strong>circumciduntur</strong></span> <span class='ocrx_word' id='word_1_952' title='bbox 3000 5423 3279 5482; x_wconf 88' lang='lat' dir='ltr'><strong>arescunt,</strong></span> <span class='ocrx_word' id='word_1_953' title='bbox 3313 5423 3370 5468; x_wconf 89' lang='lat' dir='ltr'><strong>ut</strong></span> <span class='ocrx_word' id='word_1_954' title='bbox 3413 5430 3520 5468; x_wconf 89' lang='lat' dir='ltr'><strong>non</strong></span> <span class='ocrx_word' id='word_1_955' title='bbox 3550 5428 3652 5468; x_wconf 93' lang='lat' dir='ltr'><strong>nos</strong></span> <span class='ocrx_word' id='word_1_956' title='bbox 3685 5430 3849 5470; x_wconf 87' lang='lat' dir='ltr'><strong>mun-</strong></span> 
     </span>
    </p>
   </div>
   <div class='ocr_carea' id='block_1_115' title="bbox 2239 5503 3848 5574">
    <p class='ocr_par' dir='ltr' id='par_1_115' title="bbox 2239 5503 3848 5574">
     <span class='ocr_line' id='line_1_115' title="bbox 2239 5503 3848 5574; baseline 0.001 -14"><span class='ocrx_word' id='word_1_957' title='bbox 2239 5505 2338 5571; x_wconf 90' lang='lat' dir='ltr'><strong>do,</strong></span> <span class='ocrx_word' id='word_1_958' title='bbox 2371 5507 2461 5574; x_wconf 92' lang='lat' dir='ltr'><strong>qui</strong></span> <span class='ocrx_word' id='word_1_959' title='bbox 2515 5503 2641 5557; x_wconf 73' lang='lat' dir='ltr'><strong>vita:</strong></span> <span class='ocrx_word' id='word_1_960' title='bbox 2683 5504 2946 5573; x_wconf 85' lang='lat' dir='ltr'><strong>imagines</strong></span> <span class='ocrx_word' id='word_1_961' title='bbox 2976 5521 3204 5572; x_wconf 89' lang='lat' dir='ltr'><strong>sumus,</strong></span> <span class='ocrx_word' id='word_1_962' title='bbox 3255 5506 3349 5561; x_wconf 90' lang='lat' dir='ltr'><strong>sed</strong></span> <span class='ocrx_word' id='word_1_963' title='bbox 3397 5505 3636 5562; x_wconf 87' lang='lat' dir='ltr'><strong>mundus</strong></span> <span class='ocrx_word' id='word_1_964' title='bbox 3684 5507 3848 5561; x_wconf 86' lang='lat' dir='ltr'><strong>nobis</strong></span> 
     </span>
    </p>
   </div>
   <div class='ocr_carea' id='block_1_116' title="bbox 2239 5595 3850 5668">
    <p class='ocr_par' dir='ltr' id='par_1_116' title="bbox 2239 5595 3850 5668">
     <span class='ocr_line' id='line_1_116' title="bbox 2239 5595 3850 5668; baseline -0.001 -16"><span class='ocrx_word' id='word_1_965' title='bbox 2239 5607 2486 5653; x_wconf 90' lang='lat' dir='ltr'><strong>mortuus</strong></span> <span class='ocrx_word' id='word_1_966' title='bbox 2514 5609 2636 5650; x_wconf 92' lang='lat' dir='ltr'><strong>esse</strong></span> <span class='ocrx_word' id='word_1_967' title='bbox 2661 5595 2916 5649; x_wconf 88' lang='lat' dir='ltr'><strong>credatur</strong></span> <span class='ocrx_word' id='word_1_968' title='bbox 2950 5617 2964 5651; x_wconf 88' lang='lat'><strong>:</strong></span> <span class='ocrx_word' id='word_1_969' title='bbox 3016 5613 3115 5653; x_wconf 92' lang='lat' dir='ltr'><strong>nec</strong></span> <span class='ocrx_word' id='word_1_970' title='bbox 3143 5597 3458 5668; x_wconf 88' lang='lat' dir='ltr'><strong>agglutinari</strong></span> <span class='ocrx_word' id='word_1_971' title='bbox 3494 5611 3690 5652; x_wconf 90' lang='lat' dir='ltr'><strong>eorum</strong></span> <span class='ocrx_word' id='word_1_972' title='bbox 3740 5598 3850 5651; x_wconf 84' lang='lat' dir='ltr'><strong>ali-</strong></span> 
     </span>
    </p>
   </div>
   <div class='ocr_carea' id='block_1_117' title="bbox 2237 5688 3850 5766">
    <p class='ocr_par' dir='ltr' id='par_1_117' title="bbox 2237 5688 3850 5766">
     <span class='ocr_line' id='line_1_117' title="bbox 2237 5688 3850 5766; baseline 0.003 -20"><span class='ocrx_word' id='word_1_973' title='bbox 2237 5707 2340 5766; x_wconf 87' lang='lat' dir='ltr'><strong>qua</strong></span> <span class='ocrx_word' id='word_1_974' title='bbox 2371 5705 2491 5766; x_wconf 82' lang='lat' dir='ltr'><strong>qua:</strong></span> <span class='ocrx_word' id='word_1_975' title='bbox 2522 5688 2842 5746; x_wconf 76' lang='lat' dir='ltr'><strong>circumcisa</strong></span> <span class='ocrx_word' id='word_1_976' title='bbox 2874 5700 3000 5748; x_wconf 87' lang='lat' dir='ltr'><strong>sunt</strong></span> <span class='ocrx_word' id='word_1_977' title='bbox 3025 5690 3230 5750; x_wconf 81' lang='lat' dir='ltr'><strong>inimici</strong></span> <span class='ocrx_word' id='word_1_978' title='bbox 3256 5698 3375 5750; x_wconf 86' lang='lat' dir='ltr'><strong>arte</strong></span> <span class='ocrx_word' id='word_1_979' title='bbox 3398 5688 3649 5748; x_wconf 81' lang='lat' dir='ltr'><strong>sinantur</strong></span> <span class='ocrx_word' id='word_1_980' title='bbox 3690 5706 3707 5766; x_wconf 71' lang='grc' dir='ltr'>ξ</span> <span class='ocrx_word' id='word_1_981' title='bbox 3743 5691 3850 5750; x_wconf 84' lang='lat' dir='ltr'><strong>sed</strong></span> 
     </span>
    </p>
   </div>
  </div>
