4012 6190
184 267 282 326 209

926 264 1263 323 EPISTOLA
1303 264 1443 334 XXI,
1490 264 1621 324 SEU
1660 264 2101 326 EXPLANATIO
2139 266 2207 325 IN
2246 267 2574 329 PSALMUM
2614 267 2749 325 XLI.

3373 273 3480 333 910

177 388 501 454 clamemus,
534 384 672 442 sedit
696 384 1372 457 sanguis’circumcisiunis
1408 402 1420 437 :
1455 393 1514 439 ut
1557 398 1679 440 cum
1712 385 1762 438 in
1791 388 1847 449 Α
1871 386 2214 441 molliuntur.
2267 386 2322 442 In
2356 401 2582 457 quarum
2619 383 2864 442 custodia
2890 374 3075 457 utique
3108 384 3279 442 multa
3316 388 3476 445 retri-

176 477 326 533 nobis
357 478 483 533 vitae
525 478 761 534 calculus
782 477 1011 547 coeperit
1046 477 1297 546 operari,
1331 478 1383 531 in
1425 491 1535 547 quo
1565 491 1766 531 nomen

175 586 370 626 novum
400 571 552 627 solus
586 572 735 625 novit
773 570 894 637 ille,
922 569 1010 640 qui
1038 569 1270 639 accepit,
1302 584 1409 625 non
1453 569 1765 636 timeamus,

173 662 225 717 in
256 663 377 718 loco
402 664 752 719 revelationis
777 661 951 718 occidi
987 678 1001 715 :
1042 661 1285 731 quinimo
1332 670 1387 716 et
1432 662 1767 729 imputantes

173 754 349 825 aliqua
379 766 570 811 nostro
610 756 839 811 Domino
880 769 975 824 per
1000 768 1245 808 amorem
1276 770 1288 806 :
1320 769 1442 808 nam
1485 764 1540 808 et
1579 767 1772 822 opera-

172 846 280 901 rius
312 846 388 903 ibi
432 847 697 919 benignus
727 847 1065 911 admittitur,
1109 856 1166 900 ut
1212 846 1461 917 superius
1521 846 1575 899 in
1614 844 1772 900 beato

171 935 333 993 Petro
360 954 524 993 nova:
552 939 739 1009 gratia:
780 950 1109 1013 susceptore
1136 939 1419 994 didicimus
1452 957 1463 992 :
1514 946 1623 992 tota
1653 952 1771 992 cre-

176 1025 426 1084 dulitatis
457 1038 660 1085 nostrae
703 1029 983 1088 harmonia
1026 1033 1240 1087 intortis
1267 1029 1637 1085 vehementius
1669 1043 1768 1096 per

169 1127 345 1173 artem
401 1121 598 1176 ﬁdibus
639 1122 1008 1179 resultemus:
1061 1123 1285 1193 Pr0pter
1314 1119 1459 1173 verba
1506 1117 1766 1172 labiorum

169 1220 403 1281 tuorum,
456 1214 698 1283 Domine,
747 1231 839 1284 ego
896 1216 1144 1270 custodivi
1202 1216 1309 1267 vias
1356 1213 1512 1265 duras
1564 1208 1758 1280 (Psal.

168 1320 279 1368 ινι,
310 1304 387 1375 4).

236 1394 379 1450 XXI.
413 1394 576 1451 Anne
623 1404 705 1451 est
740 1396 942 1467 aliquid
988 1406 1092 1452 tam
1118 1397 1340 1462 durum,
1373 1404 1480 1452 tam
1523 1397 1759 1453 ferreum

166 1503 321 1560 quam
350 1502 655 1559 repugnare
685 1489 926 1543 naturae?
972 1490 1037 1545 Et
1079 1505 1203 1545 cum
1232 1489 1412 1544 omnia
1460 1489 1511 1542 in
1553 1488 1759 1544 mundo

177 1594 269 1649 per
298 1579 465 1634 Deum
496 1579 653 1633 nobis
682 1580 789 1635 sint
824 1581 982 1647 facta,
1008 1581 1154 1650 ipsos
1186 1597 1306 1644 nos,
1340 1580 1487 1635 velut
1519 1595 1628 1635 non
1660 1596 1759 1635 no-

169 1680 271 1725 stra
313 1670 687 1736 circumstent,
735 1672 1024 1740 repellere,
1058 1688 1163 1727 non
1198 1672 1384 1727 videre
1420 1690 1432 1726 :
1466 1670 1760 1727 mundum-

1906 495 2023 533 11ῐ10
2046 495 2150 535 εει.

1906 495 1938 531 Il
1974 496 1984 532 1
2137 521 2150 535 .

1870 478 1903 533 b
1940 487 2244 625 ζᾶῗιῗιιῐῑε
2274 569 2621 625 mercedibus
2658 569 2973 637 invitamur,
3008 583 3140 638 quos
3178 571 3466 641 oportebat

1869 668 1925 715 et
1948 661 2092 730 cogi,
2122 660 2247 716 dum
2274 661 2415 716 velle
2440 676 2538 716 nos
2567 660 2735 715 ambit
2766 660 2905 730 quod
2931 668 3147 730 poterat
3176 671 3232 717 et
3254 663 3466 732 jubere.

1872 751 2111 823 Denique
2141 768 2260 807 cum
2291 753 2518 808 verbum
2559 755 2679 807 vita:
2709 752 2901 807 durum
2933 753 3179 807 dicerent
3206 767 3327 808 esse
3359 769 3471 809 ser-

1872 861 2115 911 monem,
2136 855 2190 902 et
2218 848 2288 901 ob
2320 851 2423 901 hoc
2454 847 2652 902 turbati
2684 862 2872 902 omnes
2894 847 2983 916 qui
3013 862 3137 901 eum
3170 849 3471 917 sequeban-

1873 948 1959 993 tur
1984 940 2341 996 abscederent
2376 958 2389 993 :
2437 940 2736 1011 respiciens
2782 940 3076 1010 discipulos
3126 956 3277 1007 suos,
3314 958 3469 996 nunt-

1872 1031 2125 1100 quidnam
2168 1041 2221 1087 et
2268 1032 2367 1101 ipsi
2407 1033 2558 1088 abire
2589 1033 2811 1097 vellent,
2852 1033 3071 1103 inquirit
3096 1034 3265 1091 iratus
3291 1052 3303 1088 :
3332 1035 3471 1092 ade)

1866 1122 2013 1192 eligit
2054 1124 2231 1193 potius
2258 1139 2317 1178 se
2350 1124 2505 1179 nobis
2542 1125 2684 1180 bona
2728 1126 2911 1182 omnia
2957 1126 3198 1195 debere,
3241 1127 3287 1183 si
3315 1129 3471 1185 volu-

1864 1231 2002 1280 mus,
2034 1232 2193 1287 quam
2236 1217 2509 1288 imperare
2537 1218 2584 1273 si
2614 1220 2888 1290 cogimur,
2923 1221 3139 1278 dicente
3168 1223 3469 1295 Apostolo:

1864 1308 1925 1364 Si
1942 1311 2076 1364 enim
2106 1311 2281 1365 volens
2312 1314 2408 1367 hoc
2438 1329 2561 1386 ago,
2598 1316 2884 1369 mercedem
2922 1318 3126 1386 accipio
3169 1334 3187 1371 .'
3216 1321 3262 1372 si
3298 1330 3475 1373 autent

1861 1400 2084 1471 invitus,
2116 1404 2431 1474 dispensatio
2472 1404 2599 1458 mihi
2629 1406 2830 1459 credita
2867 1417 2942 1461 est
2994 1406 3015 1477 (
3038 1408 3053 1461 I
3082 1406 3204 1461 Cor.
3231 1424 3307 1474 ιιι,
3336 1411 3402 1465 17
3424 1410 3463 1479 ).

1862 1494 1989 1550 Ilaec
2028 1497 2280 1551 voluntas
2334 1496 2613 1552 l'emoralis
2657 1498 2800 1552 illius
2842 1498 3033 1568 vagina
3088 1499 3295 1555 cultelli
3338 1510 3466 1556 est:

1859 1607 1979 1661 qua:
2010 1592 2101 1646 ubi
2144 1594 2194 1648 in
2221 1609 2277 1648 se
2306 1608 2545 1649 amorem
2573 1594 2693 1661 Dei,
2735 1609 2894 1664 quem
2926 1594 3205 1649 cultellum
3231 1608 3354 1650 csse
3383 1594 3466 1648 di-

1860 1686 2068 1749 ximus,
2112 1687 2416 1756 reccperit,
2469 1686 2767 1741 merebitur
2818 1686 3118 1757 intelligere
3171 1687 3461 1741 Dominum

168 1777 266 1832 que
294 1762 471 1831 ipsum
503 1762 659 1818 ηοδῘε
683 1777 742 1818 se
762 1778 882 1818 Cum
922 1764 1172 1819 omnibus
1198 1764 1410 1819 άίνίῑῖίε
1436 1763 1755 1834 eIP“10h"i‘
1786 1761 1833 1823 Β
1860 1794 1984 1833 vera
2016 1780 2340 1847 prmdicasse
2368 1797 2378 1832 :
2411 1778 2609 1850 Iugum
2629 1780 2763 1833 enim
2786 1796 2957 1833 meum
2982 1796 3135 1834 suave
3160 1790 3257 1847 est,
3283 1790 3329 1834 et
3352 1798 3465 1834 sar-

172 1858 441 1914 tudinibus
469 1858 585 1914 suis
612 1859 945 1929 ingerentem
988 1875 1150 1913 manu
1199 1858 1429 1929 quadam
1473 1858 1761 1929 repudiare

174 1952 416 2020 virtutis,
458 1953 834 2024 obseratisque
867 1954 1118 2008 omnibus
1168 1954 1417 2008 sensibus
1454 1952 1654 2022 quibus
1692 1951 1760 2007 ad

176 2046 402 2101 animam
426 2046 727 2102 substantia
752 2046 931 2101 vitalis
961 2046 1191 2111 accedit,
1213 2061 1351 2116 pene
1373 2045 1439 2099 ad
1464 2045 1757 2116 imaginem

171 2140 510 2212 obrigescere
533 2149 872 2196 mortuorum
905 2159 916 2193 :
951 2156 1057 2195 non
1097 2141 1239 2207 visu,
1269 2155 1377 2195 non
1407 2140 1617 2206 auditu,
1650 2155 1756 2195 non

169 2231 348 2298 odore,
380 2247 490 2286 non
533 2240 698 2296 tactu,
732 2246 837 2287 non
863 2246 1057 2303 sapore
1083 2232 1226 2302 capi,
1250 2240 1305 2286 et
1330 2232 1382 2287 in
1413 2240 1604 2287 natura
1636 2247 1761 2286 cor-

175 2323 312 2391 poris
341 2333 592 2378 naturam
625 2338 939 2394 corpoream
972 2339 1076 2379 non
1106 2323 1328 2389 habere,
1372 2324 1757 2391 hominemque

170 2430 224 2471 se
252 2416 394 2486 quod
441 2416 604 2471 homo
640 2419 711 2471 sit
747 2417 994 2471 oblivisci
1039 2432 1052 2470 :
1098 2430 1225 2471 eum
1268 2424 1448 2471 tamen
1494 2414 1599 2469 hoc
1637 2414 1758 2484 ipso

173 2506 305 2577 quod
335 2507 542 2563 ambiat
580 2522 690 2563 non
722 2508 918 2574 teneri,
956 2507 1078 2578 quia
1120 2523 1246 2563 vere
1284 2506 1429 2578 quod
1469 2506 1639 2562 homo
1682 2507 1756 2562 sit

173 2609 368 2669 teneat,
408 2611 555 2656 eteo
583 2600 754 2672 magis
782 2600 1046 2671 despiciat
1070 2615 1150 2667 se,
1182 2613 1290 2670 quo
1316 2614 1376 2655 se
1398 2599 1567 2669 magis
1588 2613 1755 2671 agno-

168 2695 317 2750 verit.
350 2694 487 2749 Tum
527 2694 651 2765 quia
692 2694 885 2750 durum
929 2704 1013 2750 est
1039 2695 1331 2765 praesentia
1358 2693 1461 2748 sibi
1493 2692 1755 2748 abdicare

166 2786 280 2843 dum
317 2786 483 2854 vivit;
511 2797 564 2842 et
584 2788 761 2843 futura
788 2802 1009 2858 sperare
1045 2796 1169 2858 post
1190 2787 1379 2841 vitam.
1409 2786 1535 2841 Haec
1561 2793 1751 2840 natura

166 2881 426 2952 corporis,
469 2880 597 2948 hoc,
631 2892 691 2937 ut
727 2881 982 2948 diximus,
1012 2880 1119 2935 nisi
1152 2879 1476 2936 circumcisa
1517 2894 1624 2934 non
1657 2894 1753 2950 pa-

166 2973 282 3027 titur
312 2992 325 3027 :
358 2972 622 3042 facileque
639 2988 697 3029 se
714 2973 877 3043 gestit
902 2974 1109 3043 jactare
1135 2973 1187 3027 in
1219 2974 1357 3040 suis,
1388 2971 1491 3027 sibi
1523 2986 1752 3027 cernens

164 3072 349 3133 terras,
374 3065 477 3121 sibi
509 3066 699 3133 maria,
730 3066 832 3122 sibi
855 3065 1046 3122 videns
1071 3066 1241 3122 solem
1269 3075 1324 3122 et
1353 3065 1605 3119 universa
1627 3064 1751 3120 coeli

1861 1870 1979 1923 cina
2010 1888 2118 1923 mea
2151 1871 2272 1924 leris
2310 1882 2382 1924 est
2407 1870 2637 1942 (Matth.
2672 1888 2760 1937 ιι,
2794 1872 2925 1942 10),
2967 1871 3224 1941 quoniam
3277 1888 3465 1943 super-

1863 1962 1984 2017 ﬁuis
2019 1964 2273 2017 omnibus
2318 1963 2643 2031 amputatis,
2679 1974 2735 2019 et
2779 1964 2990 2018 cunctis
3036 1964 3297 2020 oneribus
3351 1966 3463 2020 cir-

1860 2056 2109 2118 cumcisi,
2141 2057 2330 2112 bellua:
2365 2056 2597 2127 quadam
2626 2056 2911 2111 sarcinalis
2939 2056 3172 2126 imagine
3221 2066 3462 2125 tenuata,

1861 2163 1990 2202 vere
2020 2147 2181 2202 etiam
2216 2163 2315 2203 nos
2356 2163 2477 2203 cum
2513 2147 2795 2202 Psalmista
2843 2146 3098 2211 dicimus,
3129 2147 3219 2218 qui
3249 2148 3333 2202 vel
3369 2163 3463 2217 per

1858 2239 2107 2309 glaciem,
2143 2238 2222 2294 vel
2253 2255 2350 2310 per
2376 2238 2634 2310 liquidam
2659 2238 2824 2293 etiam
2852 2238 3183 2306 mollemque
3211 2237 3463 2294 substan-

1860 2336 1986 2386 tiam
2010 2343 2293 2402 angustum
2323 2332 2453 2386 illud
2484 2346 2613 2387 acus
2630 2330 2873 2386 foramen
2899 2331 3131 2387 transire
3151 2344 3460 2401 possumus,

1857 2422 2000 2493 quod
2030 2423 2250 2477 introire
2276 2423 2367 2493 qui
2405 2423 2460 2478 in
2489 2423 2644 2493 equis
2674 2431 2901 2491 sperant
2933 2432 2989 2477 et
3027 2422 3282 2477 curribus
3302 2464 3316 2487 ,
3352 2438 3456 2478 non

1859 2515 2131 2580 valebttnt,
2165 2515 2422 2584 quoniam
2471 2514 2605 2570 tales
2639 2514 2802 2569 etiam
2856 2515 2939 2568 via
2973 2512 3060 2569 illa
3092 2529 3214 2585 qua:
3245 2514 3349 2568 lata
3377 2525 3461 2569 est

1856 2614 1909 2661 et
1936 2606 2197 2677 spatiosa,
2227 2606 2313 2659 vix
2338 2605 2538 2674 capiet.
2573 2604 2843 2660 Laborum
2874 2605 3057 2676 itaque
3081 2604 3282 2660 arduos
3310 2620 3463 2660 mon-

1857 2708 1936 2753 tes
1962 2706 2014 2753 et
2043 2698 2422 2753 difﬁcultatum
2450 2697 2847 2768 propemodum
2877 2712 3082 2763 muros,
3131 2697 3327 2768 quibus
3348 2713 3460 2753 cm-

1855 2791 2008 2844 lestia
2039 2788 2108 2843 ab
2140 2789 2390 2845 humanis
2412 2790 2557 2845 velut
2579 2790 2855 2859 provincia
2879 2788 3160 2858 cujusdam
3194 2789 3455 2843 limitibus

1854 2890 2208 2950 separantur,
2252 2880 2432 2935 divina
2478 2881 2753 2935 invitatrix
2801 2880 3172 2936 muniﬁcentia
3212 2881 3455 2936 liberali—

1858 2981 2044 3044 tasque
2064 2973 2334 3043 deplanat.
2367 2974 2433 3028 Et
2463 2973 2601 3029 sicut
2628 2973 2769 3029 tubis
2800 2973 3233 3029 sacerdotalibus
3266 2990 3452 3029 muros

1856 3064 1997 3118 illius
2024 3063 2271 3119 Jericho:
2304 3065 2375 3119 ita
2400 3066 2782 3135 prophetarum
2813 3064 3039 3120 vocibus
3063 3065 3256 3119 turrim
3280 3068 3452 3119 nostri

162 3165 295 3212 astra
330 3158 541 3213 servire
584 3176 598 3214 :
629 3168 683 3214 et
708 3159 929 3229 quando
958 3174 1017 3215 se
1050 3159 1285 3214 fraudari
1329 3173 1357 3212 a
1395 3159 1745 3214 terrestribus
1771 3144 1815 3206 C
1850 3157 2103 3213 interitus
2130 3158 2312 3227 elidet,
2344 3160 2389 3213 si
2421 3159 2581 3215 modo
2612 3168 2802 3213 contra
2832 3174 2984 3228 Spem
3012 3158 3066 3211 in
3098 3171 3192 3225 spe
3219 3157 3451 3211 creden-

167 3250 419 3318 patietur,
455 3265 576 3305 cum
622 3252 937 3307 dominetur
974 3262 1028 3308 et
1069 3250 1245 3308 οωιοῖ
1291 3251 1585 3307 Tantorum
1617 3266 1747 3321 ergo

161 3343 549 3400 elementorum
574 3356 680 3401 tam
706 3346 1019 3417 importuno
1046 3346 1417 3402 circumventa
1459 3344 1743 3411 famulatu,

160 3451 327 3506 usque
364 3435 433 3492 ad
475 3436 803 3492 oblivionem
832 3452 947 3492 sua:
972 3436 1296 3492 conditionis
1326 3436 1598 3491 inducitur
1630 3452 1645 3491 :
1690 3443 1746 3490 ct

160 3528 206 3582 in
233 3528 496 3600 despectu
522 3531 687 3584 totius
718 3528 1003 3585 sublimata
1035 3528 1242 3595 mundi,
1283 3529 1502 3584 vincere
1540 3528 1652 3597 ipsa
1678 3542 1744 3582 ex

160 3636 219 3676 eo
240 3621 384 3693 quod
422 3621 529 3677 sibi
560 3621 936 3692 obsequuntur
970 3620 1250 3691 prresumit
1273 3621 1542 3676 elementa
1578 3638 1591 3674 :
1620 3619 1747 3674 hinc

158 3715 425 3771 montibus
460 3714 751 3770 scrobibus
786 3713 1070 3782 fodiendo,
1116 3713 1243 3769 hinc
1286 3713 1456 3769 valles
1498 3713 1746 3768 substru-

157 3807 417 3863 etionibus
462 3807 768 3877 opplendo,
820 3807 946 3862 hinc
996 3806 1167 3861 maria
1211 3804 1454 3861 molibus
1506 3803 1743 3868 arando,

157 3913 289 3953 nunc
318 3898 484 3954 arida
531 3897 748 3969 irriguis
783 3897 1179 3965 ftecundando,
1212 3912 1355 3953 nunc
1382 3907 1568 3966 stagna
1598 3896 1745 3966 palu.

156 3988 350 4060 desque
376 3990 666 4060 siccando,
690 3991 776 4045 vel
795 4006 1013 4062 campos
1041 3990 1264 4046 consitis
1288 3990 1602 4046 nemoribus
1628 4005 1747 4043 ves-

155 4080 347 4151 tiendo,
374 4098 444 4139 ac
478 4082 803 4138 silvosorum
832 4083 1095 4139 montium
1122 4083 1272 4153 juga,
1298 4082 1529 4138 vetustis
1570 4096 1747 4136 nemo-

152 4172 293 4229 ribus
325 4173 691 4241 denudando,
723 4184 779 4229 ut
809 4190 947 4244 pene
976 4174 1253 4230 dominam
1295 4186 1353 4227 se
1387 4181 1597 4226 natura;
1627 4186 1748 4227 esse

149 4280 247 4321 non
286 4267 512 4333 credat,
556 4267 600 4320 si
633 4266 822 4321 fecerit
846 4266 1027 4321 aliter.
1074 4263 1244 4336 Cujus
1280 4272 1490 4319 naturae
1523 4276 1747 4318 concus-

146 4359 312 4427 sione,
359 4372 570 4416 natura
601 4368 784 4414 nostra
833 4359 918 4415 his
970 4358 1417 4415 meditationibus
1460 4357 1694 4428 agitatur
1733 4373 1746 4409 :

149 4452 326 4510 durant
354 4464 447 4511 est
476 4451 600 4508 vias
631 4452 843 4508 Domini
874 4450 1173 4517 custodire,
1214 4452 1266 4506 in
1292 4450 1487 4521 quibus
1519 4466 1623 4505 non
1654 4464 1751 4504 ex-

1853 3260 1952 3318 tes,
1980 3260 2032 3306 et
2058 3252 2287 3322 quodam
2319 3239 2721 3307 concitatorum
2770 3251 3055 3316 luminum,
3109 3247 3327 3302 videndi
3360 3263 3448 3301 sa-

1850 3346 2015 3401 liente
2044 3354 2376 3415 transpectu,
2430 3346 2485 3398 in
2533 3342 2777 3397 fraudem
2822 3339 3170 3409 prtesentinm
3213 3338 3451 3394 caduce-

1849 3454 1965 3493 rum
2020 3438 2287 3507 promissa
2344 3446 2615 3505 tamquam
2672 3432 2923 3487 manibus
2961 3432 3071 3500 jam
3115 3430 3455 3500 apprehensa

1849 3531 2109 3585 miremur
2136 3545 2148 3581 :
2191 3537 2244 3582 et
2284 3528 2385 3581 hac
2410 3525 2717 3581 circumcisi
2750 3533 2942 3579 natura
2972 3522 3024 3576 iu
3059 3521 3327 3591 aliamque
3360 3539 3457 3577 na-

1850 3631 2021 3676 turam
2052 3618 2397 3685 transpositi,
2447 3628 2628 3672 mente
2669 3616 2763 3671 illa
2805 3624 2861 3670 et
2901 3613 3083 3669 animo
3134 3622 3450 3682 teneamus,

1846 3730 1960 3785 qua?
1986 3728 2076 3766 nec
2106 3711 2284 3765 oculus
2320 3711 2468 3776 vidit,
2498 3727 2590 3764 nec
2622 3709 2764 3764 auris
2798 3709 3014 3771 audivit,
3059 3722 3150 3760 nec
3175 3707 3227 3759 in
3249 3722 3336 3759 cor
3362 3707 3455 3760 ho-

1848 3810 1998 3863 minis
2026 3806 2384 3871 ascenderunt,
2407 3822 2523 3878 qua!
2540 3806 2854 3877 pra’paravit
2889 3802 3136 3857 Dominus
3166 3803 3232 3857 iis
3259 3803 3349 3871 qui
3371 3802 3453 3856 di-

1846 3903 2015 3972 ligunt
2041 3918 2159 3956 eum
2182 3916 2200 3955 :
2221 3900 2287 3955 de
2307 3914 2537 3971 quorum
2570 3914 2795 3955 numero
2826 3914 2932 3952 non
2965 3905 3067 3964 est,
3098 3896 3197 3950 nisi
3230 3896 3322 3966 qui
3358 3912 3454 3966 per

1849 3994 2279 4049 demonstratam
2324 3992 2575 4063 superius
2619 3989 3087 4047 circumcisionem
3134 3988 3282 4043 velut
3325 4002 3450 4043 cum

1850 4084 2078 4139 Domino
2108 4083 2356 4140 conﬁxus
2383 4088 2438 4139 in
2458 4098 2645 4152 cruce,
2678 4096 2894 4152 semper
2927 4079 3164 4151 peccatis
3185 4079 3299 4132 suis
3325 4094 3451 4147 pas-

1849 4176 2003 4232 sione
2030 4186 2111 4231 est
2130 4176 2341 4247 dignus.
2371 4175 2464 4229 llle
2482 4190 2609 4230 vero
2636 4173 2922 4228 Dominum
2946 4179 3191 4226 nostrum
3222 4166 3445 4237 dignum

1852 4269 1939 4322 tali
1969 4268 2222 4337 passione
2251 4284 2356 4323 non
2393 4267 2628 4323 credens
2659 4268 2859 4323 dixerit
2891 4282 2905 4319 :
2952 4264 3171 4317 Domine
3195 4303 3208 4325 ,
3252 4277 3448 4312 meumr

1851 4371 1955 4417 esto
1990 4363 2088 4417 mei
2117 4378 2235 4416 cum
2261 4361 2455 4416 veneris
2482 4361 2535 4415 in
2556 4376 2769 4433 regnum
2798 4368 2943 4413 tuum
2975 4354 3129 4429 (Luc.
3160 4366 3315 4417 χχιιι,
3335 4349 3453 4421 42).

1853 4454 2046 4521 Quem,
2070 4454 2198 4510 dum
2229 4454 2405 4509 adhuc
2434 4452 2692 4524 loquitur,
2725 4453 2841 4522 ipse
2876 4448 3140 4504 Dominus
3170 4449 3455 4514 promptus

150 4545 505 4616 perimentis,
563 4543 661 4601 sed
716 4544 1059 4601 detrimentis
1099 4544 1357 4616 potentia:
1411 4542 1744 4599 desudatur:
1776 4525 1826 4585 D
1854 4549 2247 4619 interpellantis
2273 4549 2489 4603 auditor
2529 4546 2798 4602 consolari
2830 4586 2844 4609 ,
2898 4551 2959 4597 ιιι
3005 4536 3309 4598 consuevit,
3360 4549 3457 4603 pro

152 4652 237 4694 nec
290 4638 573 4711 qum-ritur
620 4646 679 4691 ut
734 4651 898 4706 supra
950 4651 1051 4693 nos
1098 4636 1241 4708 quod
1298 4646 1441 4691 amat
1494 4634 1748 4689 universa

153 4734 469 4800 mortalitas,
511 4730 612 4788 sed
643 4740 701 4786 ut
732 4731 831 4786 sub
876 4746 977 4787 nos
1003 4731 1109 4786 vita
1140 4730 1391 4796 ducatur,
1427 4745 1492 4784 ne
1516 4729 1749 4799 amplius

153 4840 238 4881 nos
256 4825 644 4884 existimando
676 4838 837 4895 quam
863 4838 1072 4891 sumus,
1104 4822 1427 4893 incipiamus
1449 4838 1547 4877 nec
1574 4822 1624 4876 id
1650 4822 1751 4876 οι)-

152 4918 308 4977 linere
352 4919 514 4991 quod
562 4931 774 4982 sumus,
817 4931 940 4972 cum
991 4931 1083 4986 per
1130 4915 1233 4970 hoc
1283 4914 1458 4985 ipsum
1521 4915 1566 4969 si
1618 4915 1749 4969 veli-

156 5027 256 5071 mus
290 5015 595 5085 despicere
616 5054 631 5079 ,
671 5010 814 5082 quod
844 5025 1032 5067 sumus
1054 5054 1068 5079 ,
1120 5023 1424 5064 mereamur
1471 5009 1524 5063 in
1557 5008 1750 5064 melius

158 5121 259 5165 esse
283 5125 449 5181 quam
477 5122 698 5174 sumus,
731 5105 946 5162 dicente
968 5104 1220 5171 Domino,
1249 5112 1304 5159 et
1330 5114 1530 5158 nostrae
1554 5103 1629 5157 illi
1656 5104 1756 5157 im-

161 5203 405 5267 putationi
448 5214 623 5274 quam
667 5198 1080 5268 praesumimus,
1122 5194 1500 5250 subscribente
1544 5212 1557 5247 :
1596 5194 1758 5248 Amen

164 5294 261 5349 dico
288 5295 457 5360 vobis,
489 5308 650 5349 nemo
678 5301 750 5347 est
779 5293 869 5363 qui
897 5294 1153 5357 relinquat
1186 5291 1424 5355 domum,
1451 5296 1539 5341 aut
1570 5303 1760 5357 paren-

161 5393 241 5456 tes,
267 5399 356 5443 aut
385 5392 612 5461 fratres,
640 5393 730 5439 aut
763 5401 999 5451 uxorem,
1023 5394 1113 5438 aut
1143 5384 1280 5454 ﬁlios
1307 5391 1518 5454 prapter
1548 5397 1763 5453 regnum

160 5477 261 5548 Dei,
282 5483 371 5553 qui
406 5496 517 5534 non
556 5476 784 5545 recipiat
812 5476 1111 5546 centuplum
1134 5477 1189 5529 in
1215 5485 1443 5544 tempore
1475 5472 1594 5541 hoc,
1630 5483 1677 5526 et
1712 5474 1766 5524 in

159 5576 328 5630 seculo
349 5584 581 5630 venturo
609 5572 767 5624 vitam
794 5579 1039 5625 aeternam
1065 5567 1389 5625 hwreditabit
1414 5565 1632 5639 (Matth.
1651 5578 1766 5628 vnt,

165 5666 227 5737 8).
259 5669 323 5723 Et
350 5666 565 5724 talibus
595 5663 1049 5734 promissionibus
1079 5665 1179 5717 vice
1202 5662 1308 5734 [ΑΙ.
1342 5658 1493 5730 vitae]
1520 5658 1625 5712 illm
1664 5657 1768 5711 du-

168 5776 249 5835 τως
272 5778 407 5836 qnas
452 5761 530 5820 ob
578 5757 807 5816 verbum
841 5759 1057 5822 Domini
1086 5758 1362 5818 custodire
1401 5768 1625 5811 necesse
1658 5763 1769 5816 est,

1851 4658 1944 4698 sua
1979 4645 2176 4710 pietate
2204 4642 2533 4713 dignabitur,
2564 4637 2794 4693 dicendo
2841 4653 2852 4688 :
2906 4632 3056 4686 Forti
3099 4629 3277 4684 animo
3305 4634 3411 4681 esto
3439 4640 3461 4680 :

1854 4736 2010 4790 Amen
2034 4737 2148 4790 dico
2174 4735 2289 4801 tibi,
2336 4733 2487 4788 hodie
2515 4747 2708 4786 mecum
2731 4728 2834 4781 eris
2870 4727 2923 4779 in
2956 4721 3226 4793 paradiso.

2414 4840 2752 4898 EPISTOLA
2790 4836 2889 4893 XX
2909 4879 2923 4902 ,

2089 4952 2184 4990 SEU
2228 4951 2279 4989 IN
2320 4947 2590 4988 δυεΑΝΝΑιι
2632 4945 2834 4986 ιιιρειιιι
2873 4939 3219 4983 οιιιοιισιιτιο.

1924 5045 2061 5108 (11ωο
2085 5044 2309 5108 epistula,
2338 5058 2449 5104 qua:
2484 5058 2582 5091 non
2608 5043 2901 5108 unanimiter
2930 5040 2991 5108 ab
3016 5038 3297 5108 auctoribus
3317 5039 3462 5099 adju-

1860 5103 2015 5158 dieata
2058 5103 2134 5154 est
2169 5103 2495 5166 Hieronymo,
2538 5103 2703 5151 multis
2733 5114 2910 5166 revera
2947 5103 3104 5164 signis
3142 5104 3307 5166 verius
3345 5112 3462 5148 esse

1862 5171 1913 5220 S.
1958 5168 2200 5217 Ambrosii
2234 5164 2446 5215 videtur.
2490 5166 2683 5225 Quare,
2726 5165 3076 5214 Benedictinos
3114 5164 3309 5220 secuti,
3354 5174 3463 5225 gat]!

1857 5218 1957 5293 jam
1978 5229 2369 5293 edulimusinter
2405 5218 2556 5293 opera
2579 5225 2632 5293 S_.
2659 5218 2916 5293 iiiliseopj;
2960 5227 3041 5293 “pi
3070 5226 3266 5293 iussis,

1866 5288 2042 5342 nostrae
2069 5290 2249 5340 Patrol.
2286 5288 2379 5337 col.
2405 5288 2517 5347 3625,
2545 5288 2636 5334 sub
2659 5288 2750 5337 hoc
2772 5290 2936 5352 titulo,
2976 5288 3037 5338 de
3069 5288 3224 5347 Lapsa
3261 5288 3471 5342 virginis

1866 5353 2197 5413 consecratio.)

2398 5451 2731 5510 EPISTOLA
2771 5455 2928 5519 XXI,

2188 5561 2284 5601 SEU
2317 5560 2653 5601 ειΡιΑΝΔτιο
2685 5564 2734 5601 ΙΝ
2766 5560 3009 5602 ιιελωιωι
3044 5556 3148 5595 κιι.

1937 5637 2182 5697 (Habetur
2208 5636 2354 5698 etiam
2375 5636 2845 5698 apndeugustinum
2868 5638 2918 5698 in
2940 5630 3229 5698 Appendicc
3241 5629 3367 5698 Lomi
3382 5627 3472 5684 VI.

1872 5689 2099 5761 inscripta
2137 5699 2306 5761 Sermo
2331 5689 2649 5761 inA'Psalmum
2689 5712 2787 5760 xu,
2823 5697 2887 5747 ad
2922 5689 3216 5761 Neopltytos.
3241 5689 3409 5761 Erasm
3423 5704 3483 5761 us

1877 5763 1943 5811 ait
1968 5773 1978 5809 :
2004 5751 2224 5820 Apparet
2254 5759 2343 5809 hoc
2366 5759 2695 5821 fragmentum
2718 5751 2827 5810 esse
2853 5774 2917 5812 cx
2943 5751 3069 5809 Hom
3089 5751 3184 5805 diis
3224 5751 3427 5811 alicuius
3448 5751 3499 5797 Ἧι
