4012 6190
1479 206 1565 272 IS.
1608 200 1991 261 HIERONYMI
2027 194 2313 254 OPERUM
2356 194 2728 253 DIANTISSA.

3676 189 3785 246 212

489 336 704 389 malum
746 333 973 396 mystloos
1007 339 1032 396 _:
1068 330 1217 396 certe
1262 321 1385 374 nihil
1426 318 1583 370 habet
1626 316 2080 379 Hieronymtanum.
2108 309 2163 372 Δ
2188 324 2278 365 ces
2296 306 2505 364 Judtei!
2534 322 2567 361 ο
2596 305 2778 361 miseri
2823 312 2986 374 atque
3011 301 3382 378 miserabiles!
3420 301 3663 372 lapidem
3692 303 3781 373 qui

492 396 692 448 Videsis
719 388 839 457 erg'o
861 393 951 442 loc.
977 388 1085 450 cit.)

642 495 953 557 MONITUM
986 490 1051 546 IN
1085 486 1463 545 EPISTOLMI
1494 479 1939 550 SEQUENTEM.

570 599 639 653 In
674 592 952 650 l'eronensi
994 605 1093 642 ms.
1123 590 1211 654 qui
1250 602 1446 639 nonum
1486 589 1620 636 certe
1649 577 1901 654 saeculum
1945 584 2086 654 ante:

500 646 1012 740 "iliasubiun‘gitur
1038 646 1194 740 paulo
1223 667 1335 740 post
1363 654 1585 740 semitarii
1614 650 1701 740 qui

500 682 655 731 (rdtt,
681 682 868 736 διιομιη
910 682 1012 713 ttur
1038 682 1194 727 pauta
1223 682 1335 740 post
1363 682 1583 737 afllltUllf
1614 682 1697 717 ιμιι
1725 682 1790 703 uc
1814 682 1924 703 μου
1948 682 2081 729 [32,...

497 737 808 794 inscribitur.
852 682 1103 788 Erasmus
1128 730 1192 783 de
1218 736 1316 781 isto
1355 732 1449 788 att,
1502 722 1753 794 Ejusdem
1781 727 1852 772 est
1880 718 2081 786 famur,

498 828 611 864 cum
655 807 904 863 humilia.
961 817 1074 870 quae
1116 800 1345 871 proxime
1396 796 1697 865 praecessit,
1746 800 1795 846 et
1848 795 2086 843 eumdem

495 883 630 951 sapit
654 886 935 931 artrlorcm.

1033 962 1370 1021 EPISTULA
1400 957 1568 1026 XXII,

785 1077 881 1117 seu
912 1069 1254 1115 ειιιωιιλτιο
1285 1056 1603 1110 rn'esacuuu
1632 1062 1799 1104 cxvu.

567 1158 609 1214 1.
642 1157 699 1213 ιιι
721 1130 869 1211 omni
902 1152 1108 1222 psalmo
1141 1146 1405 1203 Dominus
1437 1152 1624 1197 noster
1653 1142 1811 1195 Iesus
1839 1134 2092 1192 Christus

498 1248 851 1323 propltetatur
879 1254 1041 1313 atque
1066 1241 1302 1296 canitur.
1345 1233 1622 1304 Siquidem
1652 1232 1768 1300 ipse
1800 1228 1948 1283 habet
1979 1225 2091 1281 cla-

498 1362 608 1400 rem
634 1341 799 1396 David
826 1353 942 1409 qute
967 1336 1132 1407 aperit
1159 1342 1205 1386 et
1233 1347 1383 1386 nemo
1406 1328 1627 1393 claudit,
1659 1324 1852 1380 claudit
1878 1333 1925 1376 et
1947 1338 2093 1377 nemo

500 1438 663 1511 aperit
685 1437 872 1505 (Apoc.
889 1446 967 1497 tu,
988 1431 1066 1500 7).
1088 1427 1194 1484 Sed
1218 1425 1488 1497 praecipue
1504 1420 1864 1477 ineeutesimo
1882 1417 2096 1471 decimo

506 1528 741 1598 septimo
784 1524 1018 1590 psalmo,
1059 1520 1152 1590 qui
1195 1533 1339 1573 nunc
1370 1513 1650 1587 psalleudo
1677 1514 1850 1567 lectus
1878 1518 1980 1575 est,
2010 1526 2095 1565 re-

501 1619 857 1678 surrectionis
909 1614 1221 1687 mysterium
1255 1610 1601 1682 praedicatur.
1641 1607 1741 1662 Hic
1771 1607 1914 1660 enim
1949 1603 2090 1673 psal-

498 1729 658 1780 mus,
708 1710 761 1765 in
810 1723 917 1779 quo
970 1723 1001 1761 a
1044 1705 1248 1776 Spiritu
1288 1710 1478 1757 sancto
1527 1699 1837 1771 prmsignati
1892 1711 2089 1749 vocan-
2122 1694 2170 1754 B

505 1822 593 1860 tur
634 1803 700 1858 ad
752 1797 1116 1857 conﬁtendum
1148 1794 1376 1851 Domino
1428 1793 1479 1846 in
1508 1791 1698 1844 laude:
1756 1787 1839 1841 vel
1869 1788 1932 1840 ad
1962 1801 2084 1841 con-

505 1897 796 1952 fessionem
829 1892 1067 1962 gentium
1091 1888 1203 1943 veri
1234 1886 1491 1941 lsraelitre
1538 1884 1591 1936 in
1632 1881 1954 1951 paenitentia
1978 1878 2089 1934 veri

504 1987 801 2045 sacerdotis
830 1987 1009 2040 Aaron
1032 1980 1248 2045 domus,
1280 1976 1421 2048 quod
1462 1986 1546 2030 est
1585 1975 1637 2027 in
1670 1973 1910 2027 Ecclesia
1937 1991 1950 2027 :
1982 1972 2096 2027 sive

502 2080 824 2154 geticraliter
881 2091 1071 2131 omnes
1132 2073 1385 2127 timentes
1431 2068 1603 2123 Deum
1648 2076 1797 2121 recte
1843 2079 1938 2134 pro
1977 2075 2098 2118 tan-

509 2180 577 2230 tis
603 2170 914 2229 muneribus
940 2167 1156 2239 pietatis
1179 2166 1356 2220 Patris
1386 2159 1635 2232 quiFilio
1667 2177 1761 2214 suo
1787 2175 1889 2213 non
1916 2173 2101 2231 peper-

508 2270 596 2333 cit,
651 2266 741 2319 sed
794 2280 884 2331 pro
918 2261 1062 2315 nobis
1090 2257 1325 2313 omnibus
1366 2254 1580 2308 tradidit
1630 2252 1799 2314 illum,
1833 2267 1863 2305 a
1887 2252 2099 2305 confes-

506 2362 657 2417 sione
689 2358 962 2427 incipitur.
1000 2354 1256 2422 Quoniam
1278 2350 1462 2414 bonus,
1491 2348 1736 2418 quoniam
1778 2347 1829 2398 in
1852 2344 2101 2399 steculum

509 2454 863 2511 miscricordia
913 2454 1027 2522 ejus
1083 2447 1280 2521 (Rom.
1313 2460 1431 2509 vut,
1474 2441 1722 2513 51,12).
1769 2442 1900 2508 Quis
1954 2442 2100 2495 enim

507 2556 753 2603 nostrum
789 2543 985 2612 poterit
1016 2556 1142 2595 esse
1166 2536 1518 2593 considerans
1547 2550 1609 2590 ea
1632 2551 1752 2605 quas
1782 2534 1835 2587 in
1868 2549 1934 2587 eo
1967 2549 2101 2596 quo-

511 2643 641 2697 tidie
686 2641 968 2696 exsultms
998 2634 1142 2689 canit
1178 2633 1448 2687 Ecclesia:
1495 2632 1597 2685 hoc
1640 2639 1744 2698 cst,
1795 2629 2101 2699 passionem

512 2732 731 2789 Domini
759 2728 1057 2785 Salvatoris
1079 2726 1531 2781 resurrectionem
1564 2724 1680 2778 sive
1697 2723 2101 2778 ascensionem:

508 2835 564 2881 et
593 2838 699 2878 non
749 2820 919 2888 magis
947 2825 1195 2886 erumpat
1216 2816 1272 2871 in
1308 2831 1520 2882 vocem,
1549 2830 1775 2884 compos
1804 2814 1825 2887 [
1849 2814 1936 2868 Al.
1971 2829 2105 2868 cerr-

509 2912 670 2983 sors]
720 2913 942 2967 illorum
994 2910 1338 2980 parvolorum
1385 2908 1651 2974 etl'ectus,
1701 2906 1932 2961 Domino
1983 2922 2105 2961 cum

516 3010 683 3065 ramis
708 3015 763 3063 et
787 3006 979 3077 palmis
1006 3005 1414 3070 exsultantium,
1470 3003 1513 3057 0
1543 3002 1783 3068 Domine,
1815 3000 1982 3055 salvos
2014 3018 2105 3055 nos

2189 419 2284 473 per
2312 403 2503 457 Isaiam
2538 401 2895 472 repromissus
2925 409 3032 462 est,
3059 397 3201 467 quod
3235 406 3531 466 poneretur
3576 397 3632 449 iu
3670 400 3786 451 tun-
3836 413 3841 418 '

2186 495 2455 550 (lamentis
2480 493 2642 553 Sion,
2687 500 2745 547 et
2770 491 3027 561 populum
3064 502 3358 559 utrumque
3399 488 3783 559 coniungeret,

2188 602 2309 643 esse
2354 584 2641 641 Dominum
2686 585 3057 648 Salvatnrem,
3110 596 3233 636 esse
3272 580 3466 635 Filium
3496 580 3629 648 Dei,
3680 595 3787 634 non

2187 678 2507 749 aguovislis.
2552 678 2703 732 llunc
2730 692 2826 731 vos
2858 674 3212 745 reprobastis,
3243 656 3580 729 {editicantes
3610 688 3789 744 quon-

2188 774 2311 829 dam
2331 771 2802 841 congregationem
2825 768 3062 831 Domini,
3085 774 3141 821 et
3164 766 3375 835 Templi
3396 766 3496 821 Dei
3524 765 3789 837 mysteria

2190 863 2593 920 custodientes:
2641 862 2730 931 qui
2761 860 3088 929 reprobatus
3116 873 3145 910 τι
3178 857 3355 926 vobis,
3389 856 3563 911 I‘actus
3593 865 3683 913 est
3737 858 3790 913 in

2190 963 2353 1024 eaput
2388 953 2603 1023 anguli:
2651 960 2707 1007 et
2752 951 2981 1022 primam
3025 949 3323 1005 Ecclesiam
3376 949 3444 1004 de
3471 948 3788 1004 .ludaaorum

2191 1047 2393 1117 populo
2421 1054 2826 1115 congregatam,
2848 1052 2903 1096 et
2947 1042 3237 1097 credentes
3266 1057 3337 1096 es
3379 1042 3698 1097 nationibus
3733 1043 3788 1095 in

2193 1154 2360 1194 unum
2404 1152 2621 1208 gregem
2652 1146 2706 1191 et
2763 1135 3122 1189 ministerium
3153 1133 3454 1190 ltederavit.
3486 1134 3528 1187 Α
3557 1133 3790 1188 Domino

2193 1234 2391 1304 factum
2428 1240 2505 1286 est
2544 1228 2710 1282 illud:
2750 1226 2846 1281 hoc
2877 1237 2946 1281 est
2979 1226 3212 1279 mirabile
3265 1226 3316 1279 in
3346 1226 3507 1280 oculis
3567 1228 3794 1282 nostris:

2195 1336 2254 1381 ut
2280 1339 2379 1379 nos
2404 1324 2493 1393 qui
2525 1330 2651 1376 ante
2700 1320 3008 1389 passionem
3042 1318 3253 1373 Domini
3301 1319 3417 1373 sine
3461 1328 3796 1373 tesramento

2196 1432 2411 1474 eramus
2440 1414 2677 1483 exleges,
2705 1411 3087 1481 adoptaremur
3112 1410 3166 1463 in
3199 1409 3339 1464 Iilios
3372 1409 3490 1463 Dei:
3528 1418 3583 1462 ct
3614 1409 3795 1479 priori

2198 1509 2414 1578 cingulo
2461 1513 2829 1575 putrescente,
2871 1503 3015 1557 aliud
3047 1502 3149 1557 sibi
3190 1502 3334 1557 Deus
3363 1500 3612 1557 lumbare
3664 1517 3797 1557 con-

2199 1610 2425 1666 texeret,
2448 1599 2612 1653 alium
2642 1596 2897 1667 populum
2930 1604 3284 1666 praepararet.

2269 1700 2351 1758 Ill.
2400 1700 2507 1755 Vos
2529 1715 2681 1770 ergo,
2706 1697 2897 1763 Judazi,
2924 1696 3134 1751 habetis
3155 1695 3514 1765 Scripturam,
3538 1712 3638 1752 vos
3660 1697 3798 1768 legi-

2200 1795 2266 1849 tis
2298 1795 2486 1858 libros,
2516 1800 2684 1847 etnos
2708 1792 2759 1845 in
2778 1806 2902 1845 eum
2930 1790 3020 1860 qui
3060 1789 3113 1843 in
3143 1789 3223 1845 εἰς
3240 1790 3476 1859 scriptus
3503 1798 3591 1845 est
3612 1790 3799 1857 libris,

2198 1887 2373 1959 ipsum
2402 1884 2715 1950 adorantes,
2738 1882 3037 1939 credimus.
3066 1880 3387 1937 Vostenetis
3411 1884 3658 1952 paginas,
3692 1897 3789 1937 nos

2198 1995 2417 2036 sensum
2442 1981 2779 2048 paginarum.
2804 1976 2914 2032 Vos
2939 1976 3280 2044 complicatis
3315 1976 3664 2032 membranas
3688 1977 3803 2030 ani-

2200 2072 2417 2127 malium
2448 2081 2807 2133 mortuorum,
2843 2084 2941 2122 nos
2971 2068 3316 2137 possidemus
3345 2069 3595 2137 spiritum
3622 2068 3804 2131 vjviﬂ-

2200 2176 2439 2222 cantem.
2472 2163 2611 2232 Quid
2655 2162 2954 2218 mirabilius
2995 2172 3172 2232 potest
3199 2177 3321 2217 esse
3351 2163 3510 2218 istius
3540 2161 3681 2217 modi
3714 2178 3806 2217 sa-

2202 2260 2518 2316 cramento?
2562 2259 2700 2326 Quid
2755 2258 2855 2314 hac
2886 2259 2975 2313 die
3013 2258 3239 2320 felicius,
3273 2258 3325 2312 iu
3369 2274 3473 2330 qua
3525 2259 3793 2315 Dominus

2202 2354 2401 2411 Jutlzreis
2427 2362 2673 2409 murtuus
2692 2362 2794 2418 est,
2825 2352 2978 2407 nobis
3001 2352 3276 2407 surrexit?
3300 2353 3354 2406 In
3377 2354 3800 2425 quaSynagoga:

2204 2448 2382 2503 cultus
2410 2446 2647 2511 occubit,
2680 2454 2736 2500 et
2762 2454 2850 2500 est
2875 2454 3025 2499 ortus
3059 2444 3352 2500 Ecclesiae:
3381 2446 3433 2498 in
3457 2463 3558 2515 qua
3586 2462 3687 2501 nos
3712 2446 3810 2500 Ito—

2206 2541 2379 2595 mines
2403 2539 2529 2593 fecit
2551 2554 2732 2594 secum
2762 2553 3006 2607 surgere,
3033 2548 3085 2592 et
3121 2538 3304 2594 vivere
3331 2582 3345 2604 ,
3401 2549 3455 2593 et
3510 2541 3709 2596 sedere
3753 2541 3806 2595 in

2206 2630 2539 2690 cmlestibus.
2574 2630 2640 2684 Et
2680 2628 2961 2698 impletum
2993 2640 3076 2681 cst
3107 2629 3239 2684 illud
3265 2630 3409 2698 quod
3435 2630 3552 2697 ipse
3585 2632 3725 2685 dixit
3759 2633 3811 2686 in

2210 2724 2531 2794 Evangelio:
2565 2721 2693 2775 Cum
2716 2732 2892 2776 autem
2914 2721 3175 2776 multatus
3204 2722 3350 2791 fuero
3372 2739 3403 2776 a
3430 2732 3593 2788 terra,
3634 2726 3817 2779 omnia

2211 2816 2414 2872 traham
2444 2817 2512 2869 ad
2540 2831 2619 2868 me
2645 2814 2827 2885 (Joau.
2861 2830 2959 2880 xu,
2993 2813 3109 2883 59.).
3135 2815 3261 2869 limo
3282 2827 3361 2871 εει
3390 2814 3507 2871 dies
3532 2833 3695 2887 quam
3729 2818 3812 2874 fe-

2211 2910 2286 2964 cit
2314 2908 2592 2973 Dominus,
2622 2907 2964 2962 essultemus
3013 2915 3068 2962 et
3098 2907 3340 2962 laetemur
3372 2907 3424 2962 in
3470 2924 3557 2964 ea.
3601 2909 3813 2966 Omnes

2214 3002 2329 3055 dies
2354 2998 2570 3068 quidem
2596 2998 2721 3054 fecit
2746 2998 3028 3067 Dominus,
3078 2999 3173 3052 sed
3219 3000 3399 3054 caeteri
3429 2999 3548 3056 dies
3582 3013 3820 3069 possunt.

516 3110 623 3173 fac,
659 3119 689 3155 ο
713 3100 953 3163 Domine,
988 3099 1114 3153 bene
1142 3114 1466 3168 prosperare.
1510 3094 1662 3151 Unde
1695 3107 1747 3150 et
1795 3096 1911 3165 ipse
1935 3096 2109 3153 vietor
2137 3071 2183 3134 (ἶ
2214 3109 2338 3150 εεεε
2365 3093 2699 3159 Iudaeorum,
2728 3108 2845 3163 pos:
2858 3102 2953 3149 unt
2981 3108 3102 3149 esse
3125 3093 3534 3160 hereticorum,
3571 3108 3807 3165 possunt

516 3196 582 3251 ad
636 3196 852 3250 Patrem
907 3190 1209 3247 ascendens
1265 3190 1495 3258 imperat
1559 3187 1823 3257 Angelis,
1875 3187 2104 3243 dicens:

516 3290 723 3361 Aperite
745 3287 873 3341 mihi
896 3295 1070 3356 portas
1088 3283 1344 3356 justitiw:
1373 3290 1417 3335 et
1449 3282 1708 3352 ingressus
1749 3280 1801 3333 in
1822 3296 1909 3334 eas
1940 3282 2104 3348 conﬁ-

513 3381 655 3435 tebor
683 3377 908 3433 Domino
936 3376 1165 3448 (Psalm.
1198 3390 1344 3439 xxiv,
1372 3375 1401 3427 7
1426 3374 1469 3443 ).
1514 3373 1605 3427 Hm
1635 3379 1763 3426 sunt
1792 3380 1961 3441 porta)
1988 3416 2002 3441 ,
2041 3373 2111 3428 de

513 3473 709 3543 quibus
741 3472 789 3524 in
821 3468 1077 3525 vicesimo
1122 3468 1286 3522 tertio
1334 3467 1544 3535 psalmo
1595 3465 1737 3519 inter
1767 3481 1827 3519 se
1878 3465 2107 3522 invicem

518 3567 691 3635 angeli
725 3564 1101 3634 loquebantur,
1127 3562 1430 3630 ingressum
1450 3559 1677 3613 Domino
1704 3572 2106 3626 praeparantes:

517 3662 705 3713 Levatc
734 3667 911 3726 portas
935 3700 947 3721 ,
991 3655 1277 3725 principes,
1306 3660 1497 3705 vestras
1516 3694 1529 3717 ,
1558 3662 1604 3705 et
1628 3652 1918 3715 elevamini,
1951 3663 2112 3723 pnrltB

521 3750 823 3812 «eternalcs,
863 3758 911 3801 ct
934 3746 1159 3799 introibit
1196 3761 1287 3799 rea:
1313 3744 1523 3814 gloriw.
1559 3742 1663 3798 Sed
1696 3744 1917 3812 pulchre
1946 3745 2111 3799 levari

518 3843 781 3911 jubentur
810 3849 1000 3909 portae,
1035 3848 1091 3892 et
1120 3839 1171 3892 in
1201 3838 1429 3893 sublime
1458 3836 1614 3906 erigi.
1654 3837 1931 3907 Siquidem
1959 3838 2112 3906 juxta

523 3935 982 4005 dispensationem
1030 3934 1211 3986 carnis
1237 3977 1252 4000 ,
1285 3944 1339 3987 et
1370 3933 1685 4002 mys:crium
1726 3944 1780 3987 et
1826 3933 2112 3988 victoriam

524 4028 729 4091 crucis,
779 4026 953 4095 major
1008 4025 1313 4096 regreditur
1341 4025 1407 4080 ad
1431 4025 1622 4091 caelus,
1652 4042 1812 4093 quam
1844 4026 1908 4078 ad
1940 4036 2113 4081 terras

523 4128 769 4177 venerat.
811 4118 941 4173 Ηωε
979 4128 1130 4190 porta
1153 4116 1383 4183 Domini,
1405 4119 1538 4190 justi
1566 4117 1833 4171 intrabunt
1869 4133 1957 4188 per
1979 4133 2110 4170 eam.

525 4212 625 4268 l'er
650 4212 787 4267 hanc
813 4221 1022 4280 portam
1052 4212 1327 4279 ingressus
1353 4220 1433 4264 est
1462 4209 1675 4275 Petrus,
1727 4212 2004 4278 ingressus
2031 4218 2116 4265 est

523 4305 747 4369 Paulus,
778 4302 1011 4374 ingres~i
1053 4312 1181 4359 sunt
1227 4317 1416 4358 omnes
1442 4300 1699 4371 apostoli,
1736 4302 1959 4370 ingressi
1990 4312 2117 4357 sunt

522 4410 574 4453 et
605 4408 901 4469 martyres,
933 4406 989 4451 et
1017 4395 1260 4466 quotidie
1282 4395 1454 4450 sancti
1482 4396 1683 4465 quique
1715 4395 2110 4464 ingrediuntur.

2212 3201 2335 3241 esse
2364 3185 2667 3255 gentilium.

2287 3278 2376 3330 IV.
2408 3277 2534 3331 Dies
2561 3276 2841 3330 Dominica
2871 3276 2987 3330 dies
3034 3278 3481 3341 resurrectionis,
3512 3280 3630 3335 dies
3662 3281 3819 3337 Chri-

2213 3370 2532 3435 stianorum,
2564 3367 2681 3422 dies
2707 3377 2888 3423 nostra
2918 3377 3018 3423 est.
3067 3368 3217 3424 Unde
3248 3382 3303 3425 et
3338 3372 3620 3427 Dominica
3671 3374 3814 3430 dici-

2216 3472 2331 3516 tur:
2366 3464 2489 3533 quia
2521 3462 2573 3516 in
2606 3478 2667 3517 ea
2704 3464 2961 3520 Dominus
2997 3465 3168 3521 victor
3196 3468 3445 3523 ascendit
3472 3470 3537 3523 ad
3572 3472 3807 3529 Patrem.

2214 3558 2367 3626 Quod
2392 3557 2440 3613 si
2484 3574 2513 3611 a
2543 3560 2835 3629 gentilibus
2860 3560 2977 3615 dies
3004 3561 3137 3615 solis
3183 3570 3430 3625 vocatur.
3459 3573 3516 3619 et
3569 3563 3673 3620 ltoc
3712 3580 3818 3620 nos

2213 3653 2568 3708 libentissime
2595 3654 2940 3708 confitemur.
2968 3654 3137 3710 Hodie
3175 3656 3319 3711 enim
3349 3656 3441 3711 lux
3471 3659 3659 3713 mundi
3698 3672 3818 3714 orta

2216 3756 2319 3809 est,
2350 3744 2509 3799 hodie
2541 3746 2861 3813 soljustitite
2892 3757 3043 3802 ortus
3073 3758 3175 3813 est,
3222 3750 3272 3802 in
3303 3751 3456 3820 cujus
3490 3758 3683 3818 pennis
3734 3766 3818 3808 est

2217 3840 2439 3893 sanitas.
2481 3837 2746 3908 Numquid
2793 3842 2872 3894 sol
2907 3856 3108 3910 pennas
3159 3841 3368 3896 habet?
3417 3843 3821 3909 Βυειιοιιάειιιιι

2216 3933 2420 3999 Judai,
2480 3942 2535 3987 et
2556 3935 2644 4003 qui
2672 3945 2874 3989 tantum
2910 3935 3208 3989 secundum
3244 3937 3458 3993 litteras
3511 3940 3822 4007 Scripttrrus

2219 4024 2528 4093 intelligunt
2576 4025 3139 4081 similesludrcorum.
3195 4030 3301 4081 Nos
3346 4039 3524 4084 autem
3558 4032 3816 4101 dicimus,

2217 4119 2543 4187 quicumque
2582 4118 2685 4172 sub
2723 4120 2823 4172 alis
2849 4120 3004 4173 istius
3032 4120 3163 4173 solis
3187 4120 3344 4176 fuerit
3372 4164 3386 4185 ,
3430 4123 3520 4189 qui
3569 4123 3713 4179 dixit
3763 4129 3819 4179 in

2218 4211 2517 4282 Evangelio
2544 4232 2555 4265 :
2595 4212 2808 4279 Quoties
2826 4214 2963 4266 uolui
2993 4229 3306 4283 congregare
3334 4214 3473 4285 ﬁlios
3498 4225 3637 4283 tuos,
3668 4220 3819 4289 quasi

2218 4304 2419 4375 gallina
2446 4303 2620 4377 pullos
2645 4323 2769 4359 suos
2792 4306 2884 4359 sub
2915 4304 3048 4370 alas,
3082 4317 3131 4361 et
3155 4309 3368 4363 noluisti
3392 4310 3412 4362 .'
3458 4310 3558 4361 istc
3590 4326 3821 4365 securus

2219 4398 2320 4452 erit
2361 4398 2432 4452 ab
2482 4398 2743 4467 accipitre
2775 4399 3022 4461 diabolo,
3080 4400 3147 4453 ab
3177 4402 3374 4469 aquilis
3404 4402 3715 4458 volantibus
3765 4405 3819 4457 in

520 4493 625 4546 Per
648 4491 787 4544 hanc
819 4502 1026 4557 pot-tam
1062 4489 1265 4558 primus
1310 4489 1449 4542 latro
1479 4502 1601 4541 cum
1631 4486 1860 4542 Domino
1904 4488 2115 4558 ingrcs-
2142 4462 2194 4521 D
2225 4491 2541 4557 Ezechiele,
2573 4502 2629 4547 ct
2656 4492 2836 4547 omnia
2879 4505 3224 4564 peccatorum
3256 4495 3375 4564 ejus
3405 4496 3634 4552 vulnera
3660 4513 3819 4554 sana-

518 4602 611 4641 SUS
632 4596 734 4639 εει.

591 4677 657 4731 ll.
704 4676 966 4732 llabetote
1012 4675 1283 4737 liduciam,
1316 4682 1371 4727 et
1400 4688 1494 4727 vos
1512 4680 1728 4742 sperate
1749 4672 1971 4727 similia.
2015 4673 2110 4732 Sic

522 4775 665 4826 cnim
720 4769 1157 4841 ipscApostolus
1208 4767 1372 4822 dixit:
1421 4768 1482 4823 Si
1545 4768 1945 4821 consurrexistis
1995 4784 2112 4821 cum

522 4865 761 4927 tibi-isto,
813 4879 929 4935 quae
977 4878 1184 4917 sursum
1226 4869 1346 4915 sunt
1392 4860 1629 4932 quazrite,
1678 4860 1763 4913 ubi
1792 4858 2025 4914 Christus
2055 4862 2109 4914 in

521 4956 734 5008 dsxtera
764 4953 853 5007 Dei
882 4954 1040 5008 sedet.
1089 4953 1207 5007 Non
1235 4951 1364 5007 dicit
1408 4953 1495 5005 hic
1545 4954 1807 5023 psalmus,
1850 4954 1949 5007 soli
1980 4968 2111 5023 apo-

522 5047 672 5111 stoli,
705 5046 805 5099 soli
830 5049 1107 5114 proiibetae
1136 5055 1190 5102 et
1214 5052 1479 5116 martyres
1519 5044 1796 5099 intrabunt
1832 5062 1926 5114 per
1955 5061 2108 5101 eam:

522 5142 616 5198 sed
642 5140 772 5211 justi
822 5139 1115 5194 introibunt
1143 5154 1241 5210 per
1266 5155 1406 5194 eam.
1436 5137 1774 5209 Quicumque
1822 5140 2113 5209 crgojusle

520 5238 649 5306 agit,
683 5246 735 5285 et
770 5233 911 5287 inter
935 5232 1106 5299 justos
1134 5232 1351 5286 Domini
1384 5246 1505 5287 esse
1535 5232 1756 5295 meruit,
1792 5231 2113 5285 Iiducialiter

522 5337 646 5398 agat
675 5326 728 5379 in
758 5339 824 5379 eo
865 5338 1115 5394 sperans,
1145 5325 1269 5393 quia
1313 5324 1536 5378 intrabit
1583 5339 1676 5394 per
1699 5324 1836 5377 haut:
1875 5333 2108 5394 portam.

521 5420 655 5486 Quia
698 5417 958 5471 Dominus
984 5430 1090 5472 non
1128 5416 1319 5487 quterit
1354 5418 1669 5486 sanguinem
1698 5416 2108 5473 conﬁtentium:

522 5513 616 5566 sed
670 5510 853 5575 Iidem,
889 5526 985 5580 pro
1016 5525 1120 5581 qua
1148 5510 1369 5579 sanguis
1402 5510 1693 5566 eIl'unditur
1749 5511 2107 5567 credentium.

517 5602 575 5658 Si
606 5601 953 5655 habuerimus
977 5601 1136 5656 Iidem
1168 5615 1291 5669 qua:
1318 5611 1492 5669 potest
1516 5606 1831 5671 sanguinein
1856 5603 2106 5675 tundere,

516 5688 870 5761 imputabitur
910 5691 1061 5748 nobis
1092 5702 1146 5749 et
1179 5692 1389 5747 cruoris
1418 5694 1628 5751 etl‘usio.
1670 5694 1713 5749 0
1745 5711 1873 5753 vere
1913 5697 2101 5755 infeli-

2223 4583 2447 4638 buntur.

2294 4679 2358 4733 ν.
2401 4678 2471 4735 Ut
2522 4687 2701 4733 autem
2741 4678 2944 4742 sciatis,
2993 4677 3187 4735 fratres
3223 4682 3349 4751 mei,
3402 4682 3544 4751 quod
3595 4686 3819 4754 proprie

2221 4773 2459 4843 psalmus
2489 4772 2594 4826 iste
2619 4770 2687 4826 de
2718 4771 2946 4827 Domino
2974 4773 3212 4845 scriptus
3240 4786 3324 4829 est
3358 4793 3370 4828 :
3403 4786 3456 4828 et
3488 4776 3539 4829 in
3571 4778 3821 4848 Evange—

2221 4866 2292 4920 lio
2325 4866 2475 4934 pueri
2533 4862 2677 4917 sicut
2728 4863 3108 4929 meminimus,
3142 4868 3231 4935 qui
3266 4866 3503 4921 intrante
3544 4869 3823 4943 Jerosoly-

2218 4973 2358 5012 mam
2384 4955 2662 5011 Salvatore
2694 4955 2901 5023 palmas
2941 4956 3220 5021 levantes,
3251 4959 3627 5014 clamaverunt
3654 4971 3825 5031 atque

2216 5050 2504 5107 dixerunt:
2542 5048 2753 5102 Osanna
2781 5051 2833 5099 in
2872 5046 3113 5107 excelsis.
3157 5048 3451 5105 benedictus
3478 5051 3566 5117 qui
3596 5054 3737 5105 venit
3767 5056 3823 5107 in

2217 5144 2418 5197 nomine
2440 5139 2673 5205 Domini,
2705 5137 2918 5193 Osanna
2942 5139 2995 5193 in
3028 5142 3241 5195 excelsis
3266 5142 3461 5211 (Marc.
3494 5159 3568 5210 st,
3598 5144 3656 5211 9)
3696 5162 3709 5197 :
3752 5145 3824 5199 de

2216 5234 2521 5290 centesimo
2564 5232 2778 5288 decimo
2822 5234 3051 5297 septimo
3099 5234 3306 5300 psalmo
3336 5234 3470 5287 istos
3508 5237 3825 5294 versiculos

2217 5324 2720 5392 assumpseruntzo
2752 5321 2993 5386 Domine,
3030 5324 3224 5377 salvum
3257 5339 3334 5377 me
3361 5326 3462 5392 fac.
3494 5325 3553 5380 ln
3586 5327 3826 5386 Hebraeo

2217 5416 2783 5481 scribitur,nosunns.
2812 5415 2962 5473 Unde
2981 5426 3036 5471 et
3059 5416 3228 5472 Juda-i
3262 5417 3609 5484 impatienter
3635 5421 3823 5476 feren-

2218 5521 2299 5567 tes
2322 5510 2511 5563 volunt
2531 5508 2822 5577 prohibere
2843 5511 3098 5578 parvulos
3130 5528 3141 5562 :
3173 5508 3241 5563 dc
3270 5510 3470 5577 quibus
3492 5512 3543 5565 in
3568 5512 3710 5570 Isaia
3736 5518 3820 5572 lo-

2214 5602 2477 5672 quebatur
2493 5600 2750 5654 Dominus
2772 5618 2782 5654 :
2809 5599 2942 5655 Ecce
2957 5619 3046 5671 rgo
3066 5610 3114 5655 et
3140 5604 3279 5669 pueri
3303 5601 3397 5652 mei
3420 5617 3545 5668 quos
3566 5604 3702 5659 mihi
3727 5610 3825 5662 dc-

2212 5696 2291 5751 dit
2323 5693 2575 5750 Dominus
2609 5691 2742 5764 (Ita.
2772 5710 2887 5769 vm,
2921 5696 3036 5766 18).
3059 5692 3385 5753 Tacentibus
3406 5694 3555 5753 enim
3589 5700 3826 5760 senibus
