4030 6302
257 283 363 347 ιιι
722 282 941 341 EPIST.
994 284 1187 343 XXIII.
1229 285 1321 342 AD
1359 286 1766 355 DARDANI”,
1802 289 1891 346 DE
1924 285 2243 345 DIVERSIS
2278 285 2532 347 GENER.
2568 285 2989 345 MUSICORUM.
3433 287 3539 345 914

254 412 309 460 et
328 401 548 459 invidia:
575 401 750 459 livore
768 403 1045 473 cruciatis,
1080 403 1291 475 parvuli
1320 403 1580 469 clamant,
1609 411 1666 458 et
1686 404 1847 460 Chri-
1872 407 1927 467 Α
1950 404 2056 460 hoc
2085 404 2249 460 modo
2275 402 2596 473 intelligitur
2627 421 2641 458 :
2673 405 2846 459 tribus
2871 403 3071 461 ﬁstulis
3093 404 3250 461 aereis
3278 405 3334 460 in
3365 404 3544 474 capite

254 505 400 552 Slum
435 495 646 565 parvuli
690 496 1041 552 conﬁtentur.
1063 496 1219 565 Quod
1263 497 1312 552 si
1341 506 1396 552 et
1419 496 1498 551 illi
1532 499 1848 565 tacuissent,
1952 508 2183 569 angusto
2208 497 2526 567 inspiratur.
2562 497 2617 551 lu
2647 497 2830 567 capite
2854 512 2951 568 per
2973 507 3199 567 quatuor
3224 499 3546 556 vociductus

257 590 469 660 lapides
498 591 685 660 utique
704 591 1027 657 clamarent,
1060 591 1113 647 id
1143 600 1244 659 est,
1275 591 1551 663 gentilium
1576 591 1805 661 populus
1836 610 1849 645 :
1955 604 2160 656 arcos,
2179 588 2270 658 qui
2294 604 2387 657 per
2413 603 2612 643 mreum
2637 588 3042 643 fundamentum
3064 599 3352 661 quaternas
3381 606 3544 648 voces

258 683 326 741 de
357 684 557 754 quibus
586 685 639 739 in
662 683 960 754 Evangelio
984 684 1249 753 scriptum
1273 694 1393 739 est:
1423 682 1617 737 Potens
1646 690 1719 737 est
1748 681 1855 736 Do-
1956 685 2285 753 producunt,
2330 684 2591 751 mugitum
2628 683 2857 738 nintium
2890 684 3537 759 veltemeutissimuntquc

260 776 430 830 minus
492 776 558 830 de
624 774 887 847 lapidibus
956 775 1071 829 istis
1124 774 1372 829 suscitare
1442 772 1579 842 ﬁlios
1636 772 1859 828 Abralue
1958 777 2189 847 profert.
2214 775 2287 829 lla
2312 774 2661 845 Evangelium
2692 786 2842 831 terna
2870 777 3216 833 confessione
3248 781 3403 834 trium
3428 797 3550 851 per-

260 865 481 937 (Matllt.
510 883 593 933 ιιι,
622 866 682 937 9)
726 884 741 922 :
793 883 894 922 nos
939 866 1255 938 signiﬁcans
1283 866 1377 937 qui
1423 866 1561 921 duro
1588 866 1858 936 quondam
1961 882 2221 923 sonarum
2249 875 2451 922 sanctze
2474 868 2756 922 Trinitatis
2786 868 2838 923 in
2869 871 3047 939 capite
3073 881 3321 939 angusto,
3348 872 3403 926 id
3436 884 3537 940 est,

262 959 429 1015 corde
458 959 663 1017 fuimus
690 978 701 1013 :
731 959 825 1015 sed
857 975 1000 1015 nunc
1026 960 1313 1016 credentes
1341 960 1393 1013 in
1416 959 1631 1013 Christo
1651 958 1777 1013 Iesu
1806 960 1859 1013 in
1962 958 2016 1014 in
2044 961 2321 1014 nativitate
2360 958 2584 1027 Christi,
2630 958 2911 1016 divinitate
2955 962 3251 1030 inspiratur
3294 981 3308 1017 :
3352 975 3405 1018 ot
3454 982 3550 1034 per

262 1052 405 1108 ﬁlios
423 1052 961 1125 AbrahamiAlJacet
976 1054 1027 1108 in
1042 1053 1182 1108 lilios
1197 1050 1514 1121 Abraham],
1533 1052 1585 1106 in
1606 1050 1749 1107 ﬁlios
1770 1051 1863 1107 Dei
1963 1062 2196 1121 quatuor
2223 1052 2561 1118 vociductus,
2584 1052 2639 1107 id
2660 1062 2746 1107 est
2767 1062 3004 1124 quatuor
3029 1055 3395 1126 Evangelistas
3413 1098 3426 1120 ,
3460 1074 3556 1127 per

269 1146 678 1214 omnipotentis,
708 1145 947 1216 adoptati
968 1160 1158 1200 sumus
1189 1160 1287 1214 per
1314 1146 1487 1211 ipsum
1517 1145 1810 1199 Dominum
1845 1162 1859 1200 :
1964 1160 2208 1200 eremum
2247 1144 2652 1200 fundamentum
2702 1147 3046 1204 stabilitatem
3081 1149 3204 1203 ﬁdei
3240 1160 3293 1205 et
3334 1166 3553 1220 operum

267 1237 354 1292 cui
381 1246 467 1293 est
490 1238 661 1306 gloria
690 1238 743 1291 in
776 1238 971 1293 saecula
1002 1236 1349 1291 saaculorum.
1378 1236 1572 1290 Amen.
1964 1237 2019 1291 in
2057 1244 2170 1291 toto
2204 1236 2335 1291 orbe
2376 1251 2507 1291 voce
2547 1236 2712 1291 nimia
2741 1238 3045 1309 clamores,
3083 1256 3221 1312 quos
3248 1241 3301 1295 in
3336 1243 3556 1299 modum

400 1347 717 1403 MONITUM
756 1346 823 1401 IN
863 1345 1253 1402 EPISTULAM
1291 1345 1730 1411 SEQUENTEM.

2016 1330 2110 1383 Iba:
2148 1328 2582 1399 congregationis
2614 1328 2827 1385 fortiter
2848 1332 3062 1388 emittit.

338 1440 588 1494 Erasmus
616 1442 717 1512 ait,
752 1438 872 1512 Hoc
896 1440 1037 1493 haud
1065 1441 1179 1512 scio
1197 1444 1345 1512 cujus
1375 1441 1743 1511 fragmentum,
1778 1445 1865 1498 ria:

2036 1428 2125 1483 IV.
2168 1427 2372 1483 Fistula
2398 1436 2659 1499 praeterea
2691 1430 2823 1486 artis
2850 1447 2971 1487 esse
3000 1433 3274 1503 mysticae,
3308 1436 3447 1491 sient
3479 1435 3564 1491 fu-

268 1513 486 1591 dignunt
531 1510 717 1591 est‘ttel
756 1511 856 1591 hoc
902 1512 1105 1567 ordine.
1136 1510 1533 1567 Tant-umnam
1572 1524 1625 1567 ut
1670 1512 1866 1571 Hiero-
1965 1532 2120 1574 sores
2142 1533 2328 1574 earum
2351 1533 2537 1573 rerum
2554 1518 2826 1575 aflirmant
2856 1540 2869 1574 :
2902 1523 3171 1591 reperitur
3193 1525 3288 1579 ita.
3321 1526 3559 1581 Bombu-

269 1600 420 1654 uymo
443 1583 507 1639 sit
538 1583 894 1638 tribuendum.

2016 1625 2077 1664 un
2108 1624 2308 1664 aereum
2338 1608 2543 1665 ductile
2569 1610 2890 1679 quadratum
2923 1612 3377 1685 latissimumque,
3406 1619 3562 1687 quasi

771 1696 1107 1755 EPISTOLA
1146 1696 1338 1753 XXIII.
1969 1705 2023 1756 in
2057 1702 2272 1757 modum
2304 1718 2522 1760 coronae
2539 1720 2661 1761 cum
2686 1706 2910 1761 ﬁsoculo
2937 1723 3083 1763 εει·εο
3107 1708 3391 1780 ferreoque
3415 1726 3565 1766 com-

858 1807 927 1847 Αι)
965 1805 1277 1846 ιιΑιιιιΑιιιιιι.
1894 1790 1943 1850 Β
1970 1794 2170 1860 mixto,
2201 1806 2364 1867 atque
2401 1798 2454 1851 in
2492 1798 2673 1853 medio
2694 1813 2985 1866 concusso,
3019 1801 3162 1871 quod
3193 1802 3245 1856 in
3279 1802 3423 1873 ligno
3453 1804 3563 1859 alto

573 1885 651 1941 De
681 1885 894 1943 diversis
922 1882 1203 1939 Generibus
1227 1881 1565 1938 Musicarum.
1968 1887 2317 1957 spatiosoque
2367 1888 2656 1945 formatum
2701 1891 2981 1961 superiore
3023 1894 3199 1963 capite
3238 1896 3565 1965 constringi-

344 1980 386 2036 l.
425 1978 608 2050 Cogor
633 1993 663 2040 ιι
710 1986 787 2047 ιε,
823 1986 883 2032 ιιι
910 1976 1025 2043 tibi,
1052 1973 1325 2040 Dardane,
1369 1974 1439 2030 de
1465 1973 1742 2045 aliquibus
1768 1989 1865 2046 ge-
1972 1987 2059 2033 tur
2087 1997 2101 2034 :
2136 1979 2362 2034 alterum
2395 1980 2568 2035 altero
2596 1982 2773 2052 capite
2794 1983 3033 2039 demisso
3068 2004 3081 2039 :
3114 1986 3211 2041 sed
3237 1997 3437 2042 terram
3463 2004 3568 2043 non

1973 2071 2120 2141 tangi
2151 2088 2182 2126 a
2215 2073 2488 2143 plerisque
2520 2084 2757 2144 putatur,
2789 2086 2845 2130 et
2878 2091 2974 2145 per
3003 2077 3210 2149 singula
3248 2080 3415 2135 latera
3435 2081 3568 2134 duo-

1972 2164 2147 2220 decim
2202 2165 2459 2221 bombula
2516 2181 2676 2235 aerea,
2728 2167 3018 2222 duodecim
3066 2168 3256 2223 ﬁstulis
3300 2171 3353 2224 in
3386 2171 3566 2225 medio

1975 2258 2200 2330 positis,
2255 2260 2307 2313 in
2355 2267 2546 2313 catena
2578 2260 2696 2314 lixis
2725 2259 3052 2330 dependent.
3088 2261 3162 2316 Ita
3193 2264 3294 2316 tria
3316 2262 3571 2317 bombula

1975 2352 2030 2406 in
2075 2366 2185 2406 uno
2226 2351 2395 2406 latere
2432 2367 2529 2421 per
2565 2352 2911 2408 circumitum
2961 2355 3145 2425 utique
3187 2355 3462 2425 ﬁguntur,
3520 2366 3574 2409 et

1977 2444 2244 2497 concitato
2300 2443 2473 2511 primo
2527 2444 2805 2511 bombulo,
2862 2453 2917 2499 ct
2961 2446 3241 2501 concitatis
3286 2447 3572 2501 duodecim

1982 2534 2356 2590 bombulorum
2408 2535 2599 2589 ﬁstulis
2644 2535 2699 2591 in
2754 2537 2932 2593 medio
2982 2539 3177 2607 positis
3210 2550 3241 2605 ,‘
3275 2539 3570 2593 clamorem

1981 2642 2232 2696 magnunt
2285 2625 2658 2698 fragoremque
2705 2630 2931 2683 nimium
2964 2645 3125 2701 supra
3153 2632 3374 2686 modum
3405 2631 3570 2690 simul

1984 2726 2288 2794 proferunt.

2061 2816 2123 2872 ιτ.
2165 2817 2483 2873 Bombulum
2532 2818 2710 2889 itaque
2744 2834 2867 2874 cum
2901 2820 3118 2888 ﬁstulis,
3152 2822 3202 2876 id
3245 2832 3349 2890 est,
3383 2822 3576 2878 doctor

1986 2908 2039 2963 in
2072 2909 2251 2964 medio
2277 2910 2534 2965 Ecclesia:
2565 2920 2669 2977 est,
2715 2929 2838 2967 cum
2871 2898 3073 2983 Spiritu
3127 2927 3338 2980 sancto,
3372 2918 3461 2987 qui
3498 2918 3580 2969 Io-

269 2074 499 2131 neribus
521 2072 876 2155 musicorum,
904 2069 1045 2125 sicut
1078 2084 1167 2124 res
1199 2069 1380 2136 docet,
1406 2067 1493 2123 vel
1516 2068 1749 2134 visione,
1784 2068 1867 2124 vel

267 2168 460 2224 auditu
491 2167 644 2223 brevi
672 2179 928 2221 sermone
953 2164 1338 2233 respondeam.
1370 2164 1487 2219 Alia
1513 2164 1660 2219 enim
1688 2164 1757 2220 ad
1788 2164 1873 2219 lu-

268 2262 455 2318 cidum
513 2259 758 2330 proferre
788 2273 898 2314 non
929 2271 1147 2327 possum
1178 2274 1193 2309 :
1230 2256 1356 2326 quia
1406 2272 1743 2328 unaquaeque
1782 2273 1872 2313 res

270 2351 574 2408 secundum
606 2349 884 2420 ingenium
925 2348 1044 2417 ejus
1083 2356 1172 2404 est
1217 2365 1230 2400 :
1271 2364 1392 2416 quae
1436 2358 1615 2404 autem
1649 2359 1876 2419 possunt

273 2444 515 2500 enarrari
549 2443 784 2497 libenter
812 2439 1254 2510 explicabuntur.
1285 2439 1523 2495 Primum
1553 2443 1794 2496 omnium
1809 2443 1874 2498 ad

275 2553 565 2609 organum,
595 2551 663 2592 eo
685 2536 830 2607 quod
860 2535 1036 2604 majus
1064 2548 1187 2589 esse
1216 2533 1300 2588 his
1323 2532 1376 2588 in
1404 2534 1610 2599 sonitu,
1640 2546 1694 2589 et
1724 2534 1877 2590 forti-

278 2631 464 2686 tudine
516 2629 681 2685 nimia
726 2635 1114 2697 computantur
1172 2627 1461 2691 clamores,
1517 2626 1749 2683 veniam.
1802 2628 1878 2685 De

277 2724 490 2779 duabus
517 2721 934 2791 elephantorum
986 2718 1221 2789 pellibus
1265 2734 1564 2774 concavum
1595 2720 1881 2790 conjungi-

280 2828 386 2883 tur,
421 2824 478 2871 ct
510 2829 604 2882 per
628 2812 939 2884 quindecim
981 2812 1260 2867 fabrorum
1298 2811 1601 2867 sufﬁatoria
1628 2826 1879 2881 compre-

280 2909 544 2963 hensatur
594 2923 610 2959 :
664 2919 759 2975 per
787 2903 1076 2961 duodecim
1108 2905 1314 2958 cicutas
1341 2918 1518 2958 aereas
1552 2905 1603 2957 in
1645 2904 1881 2958 sonitum

281 3001 541 3068 nimium,
569 3014 705 3071 quos
736 2998 791 3053 in
822 2998 1042 3054 modum
1074 2997 1295 3053 tonitrui
1333 2998 1577 3052 concitat
1622 3014 1636 3050 :
1684 2998 1746 3051 ut
1787 3012 1884 3065 per
1988 3000 2170 3069 quitur
2222 3002 2275 3055 in
2324 3017 2390 3057 eo
2438 3020 2452 3055 :
2503 3004 2891 3074 constringitur
2924 3007 2974 3060 in
3020 3007 3165 3077 ligno
3196 3009 3329 3073 alto,
3380 3008 3430 3061 id
3475 3018 3578 3073 est,

283 3095 439 3151 mille
469 3106 725 3163 passuum
756 3095 929 3160 spatia
956 3092 1075 3145 sine
1105 3090 1273 3147 dubio
1320 3089 1655 3145 sensibiliter
1698 3088 1884 3158 utique
1987 3093 2224 3160 Christo,
2254 3096 2345 3165 qui
2372 3110 2402 3149 a
2430 3096 2766 3165 sapientibus
2795 3097 2941 3167 ligno
2964 3098 3088 3152 vita:
3110 3110 3461 3165 comparatur
3490 3118 3502 3152 :
3530 3100 3583 3155 in

283 3200 339 3246 ct
368 3187 609 3260 amplius
637 3185 907 3249 audiatur,
939 3184 1078 3240 sicut
1104 3184 1245 3253 apud
1280 3183 1540 3239 Hebraeos
1568 3182 1637 3238 de
1664 3182 1884 3252 organis
1915 3172 1963 3238 C
1993 3197 2204 3252 catena,
2239 3187 2290 3241 id
2318 3196 2422 3251 est,
2449 3187 2503 3241 in
2535 3187 2639 3242 ﬁde
2668 3206 2680 3240 :
2712 3197 2767 3242 et
2798 3204 2903 3242 non
2933 3189 3104 3258 tangit
3136 3199 3360 3254 terram,
3398 3190 3448 3243 id
3476 3202 3582 3258 est,

283 3296 413 3352 qua:
440 3281 508 3334 ab
533 3277 871 3342 Jerusalem,
900 3291 1073 3347 usque
1094 3276 1159 3331 ad
1183 3286 1420 3331 montem
1449 3274 1671 3341 Oliveti,
1694 3283 1750 3331 et
1775 3290 1889 3331 am-

288 3377 438 3446 plius
463 3372 645 3427 sonitu
669 3369 981 3437 audiuntur,
1013 3369 1424 3439 comprobatur.

366 3470 434 3525 ll.
491 3468 610 3523 Duo
650 3481 845 3537 genera
873 3467 1060 3537 organi
1091 3482 1121 3520 a
1164 3466 1433 3536 plerisque
1460 3480 1583 3519 esse
1608 3464 1888 3519 dicuntur.

293 3564 538 3619 I’rimum
566 3570 674 3628 est,
697 3559 841 3630 quod
868 3559 1242 3629 praediximus,
1274 3566 1330 3613 et
1352 3557 1496 3613 aliud
1525 3556 1676 3627 quod
1704 3557 1777 3612 de
1804 3573 1896 3625 pe-

292 3655 666 3726 regrinatione
717 3652 991 3709 lsraelitici
1040 3650 1223 3722 populi
1272 3649 1413 3720 apud
1461 3650 1785 3721 Babylonios
1815 3649 1899 3704 in-

296 3748 580 3804 scribitur:
604 3746 777 3815 Super
790 3745 1009 3815 ﬂumiua
1023 3744 1306 3816 Babylonis
1325 3741 1555 3817 (Psalm.
1572 3758 1791 3808 cxxxvr,
1819 3743 1897 3812 l),

298 3849 352 3895 et
380 3848 601 3895 czetera.
638 3837 751 3892 lloc
780 3844 951 3891 totum
1001 3836 1301 3907 ﬁguraliter
1325 3850 1390 3890 ac
1428 3833 1788 3905 spiritualiter
1814 3834 1894 3889 si-

298 3931 521 4003 gniﬁcat
560 3929 917 4000 Evangelium
961 3926 1187 3995 Christi,
1239 3927 1385 3997 quod
1432 3937 1488 3982 et
1527 3927 1656 3982 illud
1683 3925 1903 3981 duabus

306 4025 560 4095 pellibus,
611 4021 668 4078 id
694 4032 796 4088 est,
830 4023 1059 4077 duarum
1092 4021 1267 4091 legum
1296 4020 1590 4091 asperitate
1620 4018 1906 4088 conjungi-

303 4129 392 4174 tur
418 4134 514 4189 per
537 4116 848 4187 quindecim
880 4114 1182 4170 sufﬁatoria
1224 4112 1526 4176 fabrorum,
1583 4111 1637 4167 id
1678 4122 1781 4175 est,
1812 4128 1908 4181 per

307 4210 648 4281 patriarchas
696 4222 760 4263 ac
813 4206 1104 4278 prophetas
1156 4224 1167 4257 :
1228 4220 1328 4274 per
1365 4203 1655 4258 duodecim
1703 4203 1909 4258 cicutas

307 4317 509 4365 :ereas,
544 4300 594 4354 id
623 4310 728 4367 est,
762 4315 857 4369 per
883 4299 1158 4370 apostolos
1185 4311 1377 4353 sonum
1420 4296 1651 4359 nimium
1675 4293 1905 4362 emittit,

313 4396 456 4451 sicut
487 4393 748 4462 scriptum
781 4402 863 4448 est
897 4410 911 4446 :
962 4389 1032 4446 In
1075 4407 1275 4446 omnem
1322 4398 1513 4445 terram
1560 4390 1713 4444 exiuit
1748 4407 1910 4445 sonus

315 4501 492 4541 eorum
520 4482 748 4556 (Psalm.
780 4498 928 4548 xvttt,
958 4481 1012 4552 5)
1044 4523 1058 4548 ,
1094 4490 1149 4536 et
1170 4480 1402 4552 reliqua.
1426 4480 1581 4549 Quod
1605 4492 1687 4537 εει
1710 4481 1763 4536 in
1792 4496 1913 4537 mo-

1995 3297 2155 3350 0pera
2189 3282 2426 3335 carnalia
2470 3299 2481 3333 :
2523 3281 2809 3336 duodecim
2851 3281 3129 3349 bombola,
3166 3282 3216 3335 id
3247 3291 3349 3345 est,
3383 3282 3578 3337 duode-

1995 3375 2098 3430 cim
2130 3374 2395 3445 apostoli:
2426 3390 2549 3429 cum
2599 3373 2816 3439 ﬁstulis,
2868 3375 2919 3429 id
2971 3386 3078 3440 est,
3107 3374 3305 3431 divinis
3331 3374 3584 3443 eloquiis.

1995 3468 2212 3523 Cithara
2268 3467 2336 3521 de
2380 3482 2485 3537 qua
2531 3467 2582 3520 in
2634 3466 3046 3536 quadragesimo
3094 3466 3337 3521 secundo
3383 3468 3589 3537 psalmo

1998 3562 2260 3631 scriptum
2284 3570 2367 3614 εει
2400 3578 2412 3613 :
2446 3559 2739 3627 Conﬁtebor
2783 3560 2873 3613 tibi
2901 3559 2955 3614 in
3003 3561 3224 3624 cithara,
3259 3559 3417 3626 Deus,
3453 3559 3594 3616 Deus

2000 3670 2139 3706 meus
2165 3651 2338 3722 (l’sal.
2369 3667 2499 3714 xui,
2522 3650 2602 3721 4),
2630 3652 2865 3721 propriae
2898 3652 3307 3708 consuetudinis
3339 3662 3423 3708 est
3451 3651 3594 3723 apud

2003 3744 2289 3809 Ilebrmos,
2321 3760 2441 3813 qua:
2464 3758 2586 3797 cum
2614 3743 2836 3798 chordis
2876 3744 3063 3820 viginti
3107 3753 3356 3815 quatuor,
3397 3760 3514 3815 qua:
3539 3746 3591 3799 in

2004 3838 2220 3892 modqu
2253 3836 2423 3891 Deliae
2448 3836 2665 3903 litterm,
2697 3836 2837 3891 sicut
2865 3836 3176 3907 peritissimi
3220 3836 3459 3901 tradunt,
3493 3836 3599 3891 uti—

2005 3948 2109 4003 que
2136 3932 2476 4000 componitur
2517 3946 2530 3983 :
2563 3938 2619 3985 et
2648 3945 2745 4000 per
2775 3929 2973 4000 digitos
3001 3929 3219 3985 Pindari
3261 3930 3426 3987 variis
3452 3928 3599 3983 voci-

2007 4027 2105 4081 bus
2130 4025 2350 4080 tiunulis
2376 4024 2675 4093 ictibusque
2702 4024 2754 4076 in
2779 4022 3011 4078 diversis
3041 4022 3216 4078 modis
3266 4021 3597 4077 concitatur.

2082 4117 2163 4171 Vl.
2208 4115 2418 4170 Cithara
2466 4122 2646 4169 autem
2672 4114 2738 4169 de
2779 4130 2881 4185 qua
2911 4129 3092 4169 sermo
3115 4122 3218 4179 est,
3250 4114 3489 4169 Ecclesia
3520 4122 3607 4166 est

2010 4210 2361 4279 spiritualiter
2406 4227 2416 4261 :
2450 4224 2570 4278 qum
2612 4224 2731 4261 cum
2755 4219 2989 4279 quatuor
3014 4216 3069 4262 et
3104 4208 3290 4276 viginti
3324 4205 3600 4260 seniorum

2013 4302 2352 4373 dogmatibus
2389 4302 2587 4356 trinam
2635 4300 2863 4357 formam
2920 4302 3149 4365 habens,
3182 4296 3336 4369 qunsi
3382 4297 3435 4351 in
3487 4310 3605 4350 mo-

2014 4394 2141 4449 dum
2175 4393 2340 4447 Delta:
2370 4393 2583 4458 litterze,
2620 4408 2713 4462 per
2757 4392 2916 4449 fidem
2955 4399 3160 4447 sancta:
3189 4387 3471 4444 Trinitatis
3503 4402 3611 4441 nia-

2020 4486 2365 4542 nifcsttssime
2394 4488 2511 4539 sine
2540 4484 2703 4539 dubio
2735 4485 3005 4555 significat
3030 4502 3040 4536 :
3066 4494 3120 4538 et
3152 4497 3245 4552 per
3274 4492 3464 4534 manus
3487 4477 3611 4543 \‘II‘I,

316 4578 443 4632 dum
477 4578 723 4642 tonilrtti,
752 4574 807 4630 id
830 4583 930 4639 est.
969 4590 1071 4629 V0!
1101 4574 1375 4641 Evangelii
1404 4574 1457 4627 in
1489 4580 1607 4628 ιοιο
1635 4574 1768 4629 orbe
1796 4582 1906 4627 ων·
1944 4569 1992 4629 D
2025 4580 2169 4636 Petri
2205 4581 2465 4650 apostoli,
2499 4579 2589 4650 qui
2622 4579 2947 4650 praedicator
2982 4578 3125 4632 illius
3154 4585 3237 4631 est
3280 4576 3332 4629 iu
3366 4574 3613 4628 diversos

316 4687 525 4737 rarum,
554 4670 702 4725 sicut
746 4668 1008 4739 scriptum
1050 4678 1169 4722 est:
1212 4666 1328 4723 Vox
1354 4668 1568 4721 tonitrui
1598 4668 1697 4736 tui,
1747 4666 1906 4738 Deus,

319 4773 370 4825 in
393 4783 514 4825 rota
546 4766 774 4839 (Psalm.
799 4782 982 4831 LXXVI,
1012 4766 1125 4833 19).
1159 4765 1263 4821 Ρει·
1294 4764 1440 4819 mille
1475 4780 1687 4833 passus,
1719 4765 1771 4820 id
1802 4775 1910 4833 est,

320 4865 620 4937 perfectum
655 4876 938 4916 numerum
969 4860 1159 4915 decem
1212 4860 1499 4914 verborum
1541 4859 1677 4928 legis
1722 4860 1918 4929 imple-

324 4971 451 5015 tur:
496 4974 653 5012 sonus
692 4955 798 5028 [AL
824 4953 1024 5025 sensus]
1052 4957 1165 5027 ejus
1192 4954 1248 5007 in
1291 4954 1564 5019 salicibus,
1597 4952 1648 5007 id
1677 4964 1783 5021 est,
1821 4968 1919 5023 per

323 5054 565 5108 laborent
622 5049 1045 5119 uniuscujusque
1086 5046 1329 5103 doctoris
1362 5045 1629 5102 labiorum
1668 5046 1915 5118 Evange-

278 5178 289 5185 —
327 5148 458 5206 lium
491 5146 839 5217 prmdicatur.
1640 5137 1647 5142 ’

396 5240 485 5297 Ill.
530 5240 682 5297 Tuba
714 5239 916 5308 itaque,
946 5236 1014 5292 de
1043 5251 1150 5307 qua
1180 5236 1235 5292 in
1267 5234 1487 5290 Daniele
1510 5232 1779 5302 scriptum
1807 5243 1929 5289 est:

332 5333 462 5387 Cum
516 5331 792 5395 audieritis
838 5344 1013 5383 vocem
1060 5329 1216 5395 tuine,
1263 5324 1474 5396 ﬁstulw,
1519 5325 1733 5379 cithara:
1765 5322 1931 5394 (Dan.

2024 4674 2273 4729 modulos
2300 4675 2498 4729 veteris
2528 4684 2583 4728 et
2612 4672 2736 4729 novi
2757 4670 3118 4737 Testamenti,
3144 4669 3300 4723 aliter
3329 4666 3380 4719 in
3410 4666 3612 4733 littera,

2025 4771 2178 4825 aliter
2200 4770 2250 4823 in
2277 4785 2438 4825 sensu
2470 4770 2766 4838 ﬁguraliter
2791 4764 3118 4821 concutitur.

2103 4866 2208 4920 VII.
2250 4865 2517 4920 Sambnca
2567 4864 2747 4931 itaque
2779 4875 2900 4928 qua:
2935 4855 3076 4925 apud
3124 4852 3481 4923 peritissimos
3508 4850 3618 4906 IIe-

2029 4959 2299 5011 braeoruut
2346 4958 2524 5025 ignota
2562 4968 2653 5007 res
2695 4962 2801 5015 est,
2829 4949 3069 5018 antiquis
3111 4945 3448 5015 temporibus
3478 4945 3621 5014 apud

2032 5048 2315 5102 Cltaltlcos
2347 5047 2509 5100 fuisse
2539 5043 2805 5113 reperitur
2839 5040 3022 5115 :_sicut
3048 5038 3311 5109 scriptum
3337 5045 3421 5095 est
3447 5056 3460 5091 :
3489 5036 3622 5093 Cum

2036 5139 2307 5195 audieritis
2358 5152 2530 5190 uocem
2584 5135 2758 5199 tubaa,
2818 5131 3029 5202 ﬁstulw,
3083 5132 3318 5193 cithara’,
3376 5130 3631 5186 sambucn:

2038 5231 2206 5299 (Dan.
2238 5245 2318 5295 ιιι,
2342 5229 2432 5297 15)
2480 5246 2491 5280 :
2540 5236 2596 5282 et
2624 5226 2855 5291 reliqua.
2887 5225 3061 5282 Bucca
3085 5236 3309 5282 vocatur
3330 5224 3459 5279 tuba
3488 5222 3630 5290 apud

2043 5325 2338 5380 Hebraeos:
2370 5319 2566 5377 deinde
2586 5336 2683 5392 per
2710 5318 3123 5375 diminutionem
3156 5318 3381 5373 buccina
3412 5315 3631 5369 dicitur.

333 5441 413 5494 ιιι,
469 5424 585 5494 15),
614 5433 670 5479 ει
702 5423 933 5492 reliqua,
962 5421 1195 5476 diversis
1227 5420 1412 5490 ﬁguris
1434 5434 1497 5474 ac
1542 5417 1736 5473 formis
1765 5417 1936 5472 efﬁci-

339 5531 445 5574 tur.
476 5520 655 5575 Aliter
675 5516 817 5573 enim
846 5526 933 5571 est
979 5515 1109 5571 tuba
1134 5513 1576 5584 congregationis
1599 5510 1806 5582 p0puli,
1839 5509 1941 5564 ali-

342 5619 423 5666 ter
446 5608 851 5677 conductionis,
899 5606 1057 5662 aliter
1086 5605 1354 5669 victoria),
1385 5605 1541 5660 aliter
1583 5600 1944 5673 persequendi

345 5707 601 5762 inimicos
626 5750 641 5774 ,
675 5703 834 5759 aliter
857 5700 1237 5758 concussionis
1269 5700 1550 5755 civitatum
1586 5716 1598 5748 :
1631 5706 1686 5752 ct
1715 5693 1942 5763 reliqua.

348 5797 496 5856 Tuba
527 5806 708 5854 autem
737 5792 1145 5851 consuetudinis
1186 5790 1328 5861 apud
1374 5804 1557 5847 rerum
1589 5786 1950 5858 peritissimos

2044 5417 2307 5473 Sambuca
2347 5423 2526 5468 autem
2574 5413 2652 5467 sol
2702 5411 2844 5478 apud
2901 5411 3159 5466 Hebr-mos
3210 5412 3633 5475 interpretatur,

2045 5511 2184 5567 sicut
2232 5507 2493 5578 scriptum
2538 5514 2621 5561 est
2667 5522 2681 5557 :
2737 5503 2959 5559 Samson
3006 5503 3086 5556 sol
3113 5516 3309 5556 eorum.
3341 5497 3634 5567 Propterea

2047 5611 2226 5656 autem
2284 5598 2422 5668 apud
2479 5613 2572 5651 cos
2624 5596 2874 5650 sambuca
2924 5594 3259 5656 inscribitur,
3319 5590 3441 5659 quia
3482 5589 3637 5643 multi

2048 5691 2305 5747 corticem
2360 5687 2568 5743 arboris
2612 5701 2734 5743 esse
2779 5696 2995 5754 putant,
3049 5691 3105 5740 ct
3152 5698 3249 5754 per
3304 5680 3638 5738 soliditatem

2054 5782 2251 5849 mellis,
2304 5797 2366 5837 ac
2412 5781 2565 5837 venti
2621 5779 3058 5847 mutabilitatem,
3112 5776 3267 5849 quasi
3318 5776 3373 5835 in
3424 5773 3644 5832 modum
