4012 6190
455 189 564 249 215

1491 185 1553 243 S.
1593 183 1977 244 HIERONYMI
2015 183 2299 242 OPERUM
2340 179 2701 239 MANTISSA.

454 296 608 363 tubae
636 305 708 364 de
735 319 891 364 ramo
918 305 1128 361 arboris
1157 302 1363 359 moveri
1388 308 1569 374 potest
1596 318 1609 352 :
1642 300 1766 356 ideo
1793 298 2049 354 sambuca
2078 303 2132 362 Α
2158 296 2340 352 tonitae
2388 302 2600 350 mentes
2643 293 2976 362 Obstupuere
3026 296 3293 348 tortorum
3328 308 3342 345 :
3387 291 3568 347 omnis
3595 291 3760 347 simul

461 399 686 468 dicitur,
717 402 844 472 quia
886 397 1086 454 :eStatis
1119 403 1367 465 tempore
1406 393 1524 450 ﬁeri
1572 399 1772 462 potest,
1801 397 1858 445 et
1885 404 2054 459 usque

459 492 534 546 ad
574 492 797 562 frigoris
840 499 1052 557 tempus
1079 485 1278 542 durare
1307 495 1506 555 potest.
1539 482 1755 538 Arescit
1785 480 1932 536 enim
1962 495 2050 536 se-

463 584 701 640 cundum
745 594 1083 638 communem
1127 577 1601 634 consuetudinem.
1651 574 1835 645 Typus
1863 587 2052 628 eorum

461 686 567 740 est,
617 676 710 745 qui
756 673 1040 728 Dominum
1069 672 1124 726 in
1155 671 1310 726 bonis
1338 667 1592 738 operibus
1620 665 1881 731 laudant,
1915 672 1970 719 et
1999 665 2052 719 in

458 779 703 838 tempore
730 765 967 837 frigoris,
999 765 1053 820 id
1087 774 1190 830 est,
1227 762 1635 818 tribulationum
1677 759 1762 814 vel
1793 772 2049 830 persecu-

462 859 651 926 tionis,
686 858 907 914 laudare
933 871 1056 914 eum
1093 871 1200 911 non
1231 864 1484 926 possunt,
1513 861 1737 923 propter
1767 850 2056 907 infidelita-

459 961 567 1008 tem
592 953 718 1006 vitaa
744 960 799 1026 et
827 949 1220 1006 abundantiam
1249 947 1559 1004 divitiarum
1586 954 1831 1006 suarum.

531 1042 660 1097 VIII.
702 1041 1030 1098 Psalterium
1056 1056 1272 1112 quoque
1297 1039 1568 1096 llebraice
1597 1037 1831 1102 Nablon,
1863 1036 2054 1094 Greece

457 1146 640 1192 autem
676 1135 1016 1206 psalterium,
1064 1135 1257 1190 Latine
1298 1144 1480 1189 autem
1527 1131 1890 1188 laudatoriqu
1922 1131 2056 1186 dici-

458 1239 566 1285 tur.
601 1231 677 1285 De
707 1245 814 1301 quo
862 1231 916 1284 in
949 1230 1404 1301 quinquagesimo
1445 1237 1641 1298 quarto
1669 1228 1879 1298 psalmo
1920 1226 2054 1281 dici-

455 1323 847 1398 turzExsurge,
867 1325 1189 1397 psalterium,
1222 1341 1336 1379 cttm
1357 1325 1577 1378 cithara.
1608 1324 1704 1378 Est
1731 1331 1909 1379 autem
1933 1337 2052 1378 cum

457 1419 679 1476 chordis
708 1421 894 1475 decem
913 1461 928 1488 ,
961 1421 1102 1475 sicut
1131 1419 1394 1489 scriptum
1425 1427 1507 1473 est
1533 1435 1546 1472 :
1582 1416 1650 1471 In
1695 1417 1940 1486 psalterio
1969 1418 2056 1472 de-

458 1531 570 1570 cem
625 1514 943 1568 chordarum
983 1513 1206 1586 psallam
1261 1513 1354 1566 tibi
1413 1509 1636 1583 (Psalm.
1687 1526 1876 1577 cxutt,
1927 1510 1983 1580 9)
2039 1529 2051 1565 :

456 1608 636 1662 forma
666 1605 949 1676 quadrata.
980 1605 1304 1660 Psalterium
1334 1604 1514 1674 itaque
1537 1618 1659 1658 cum
1680 1603 1867 1658 decem
1895 1601 2056 1656 chor-

460 1698 570 1763 dis,
605 1697 659 1751 id
689 1707 792 1764 est,
823 1711 943 1752 cum
976 1695 1165 1751 decem
1195 1696 1380 1752 verbis
1413 1695 1544 1765 legis
1584 1694 1832 1749 contritis
1872 1702 2060 1748 contra
2093 1695 2138 1754 Β

459 1805 676 1845 omnem
728 1788 1006 1855 haeresim,
1036 1788 1298 1859 quadrata
1341 1802 1440 1858 per
1481 1795 1717 1857 quatuor
1764 1785 2060 1856 Evangelia

456 1891 637 1952 poteSt
663 1880 908 1952 intelligi.
1282 1930 1283 1933 η

531 1974 625 2029 ΙΧ.
685 1975 1030 2046 Tympanum
1090 1972 1276 2043 paucis
1322 1971 1505 2027 verbis
1554 1969 1820 2042 explicari
1879 1977 2062 2040 potest

459 2083 582 2137 qua:
612 2066 833 2120 minima
865 2082 952 2120 res
977 2073 1082 2130 est,
1113 2080 1180 2118 eo
1206 2063 1347 2134 quod
1383 2064 1435 2118 in
1468 2078 1631 2118 manu
1661 2061 1907 2116 mulieris
1930 2075 2059 2130 por—

459 2159 564 2214 tari
597 2158 772 2229 possit
821 2174 833 2210 :
885 2156 1028 2214 sicut
1054 2157 1316 2228 scriptum
1350 2167 1436 2212 est
1467 2157 1518 2211 in
1554 2155 1744 2210 Exodo
1780 2172 1793 2208 :
1828 2154 2063 2225 Sumpsit

455 2261 628 2307 autem
685 2251 862 2304 Maria
913 2242 1186 2322 prop/tetes
1233 2266 1380 2305 soror
1432 2252 1607 2304 Aaron
1657 2259 1958 2319 tympanum
2010 2249 2062 2302 in

456 2364 614 2402 manu
646 2364 742 2401 sua
773 2347 972 2420 (Exod.
1013 2363 1104 2412 xv,
1134 2347 1227 2415 20)
1267 2364 1282 2399 :
1313 2355 1370 2402 et
1408 2355 1496 2401 est
1541 2346 1762 2400 minima
1795 2343 2064 2412 sapientia

455 2437 618 2509 Legis
642 2439 845 2494 veteris
876 2438 930 2493 in
971 2453 1132 2492 manu
1164 2437 1498 2494 Iudaeorum.
1531 2437 1834 2508 Synagogae
1860 2445 1886 2472 ει
1925 2436 2065 2489 anti-

455 2533 578 2604 quis
634 2531 969 2601 temporibus
1015 2531 1116 2586 fuit
1147 2531 1347 2586 chorus
1382 2545 1597 2600 quoque
1647 2529 1875 2598 simplex
1908 2528 2064 2597 pellis

456 2639 585 2681 cum
633 2624 846 2678 duabus
886 2623 1078 2678 cicutis
1105 2624 1301 2679 aereis:
1336 2631 1391 2677 et
1432 2637 1530 2691 per
1577 2622 1802 2691 primam
1831 2621 2069 2690 inspira-

457 2725 571 2781 tur,
623 2730 717 2784 per
775 2713 1070 2770 secundam
1119 2729 1314 2770 vocem
1357 2714 1581 2770 emittit.
1635 2713 1820 2785 Typus
1877 2713 2060 2783 populi

460 2807 701 2880 prioris,
753 2809 847 2878 qui
887 2817 1165 2878 angustam
1218 2809 1625 2880 intelligentiam
1667 2809 1798 2878 legis
1829 2823 2062 2878 accepe-

459 2909 550 2956 rat
580 2919 591 2950 :
625 2908 680 2954 et
706 2915 803 2970 per
828 2911 1110 2970 angustam
1138 2902 1474 2956 voluntatem
1516 2901 1922 2970 praedicationis
1947 2916 2064 2956 om-

460 2993 554 3047 nia
590 2991 876 3047 intirmiter
903 2993 1238 3063 praedicavit.
1275 2993 1332 3048 Si
1376 3001 1554 3046 autem
1599 3003 1809 3047 terrena
1848 2994 2064 3062 sapien-

2156 388 2368 444 oflicina
2395 386 2559 456 impia
2587 388 2922 442 contremuit
2940 427 2954 450 ,
2982 403 3107 442 cum
3130 385 3408 441 Christum
3442 395 3671 457 repente
3701 387 3757 443 in

2156 482 2274 537 suis
2307 480 2527 538 sedibus
2575 481 2728 536 vidit.
2762 482 2890 536 Mox
2925 481 3088 552 igitur
3133 480 3430 551 ferruginei
3464 481 3755 552 jauitores,

2156 573 2520 630 descendente
2539 575 2780 641 Christo,
2809 575 2934 630 talia
2959 575 3102 630 inter
3122 589 3182 629 se
3208 575 3340 630 caeci
3373 589 3470 644 per
3494 576 3757 631 umbrosa

2154 666 2370 722 silentia
2417 682 2540 722 cum
2579 667 2772 721 umbra
2810 667 3256 722 submurmurant
3301 686 3312 718 :
3365 666 3623 735 Quisnam
3673 678 3760 723 est

2154 757 2258 814 iste
2288 758 2564 823 terribilis,
2612 765 2670 812 et
2711 762 2849 813 miro
2894 759 3186 828 Splendore
3246 762 3551 815 coruscus?
3586 760 3759 816 Num-

2153 867 2314 924 quam
2353 853 2516 908 talem
2559 863 2744 908 nosler
2788 855 3004 921 excepit
3053 860 3310 908 tartarus.
3364 851 3668 924 Numquam
3703 854 3756 908 iu

2155 957 2342 1003 nostra
2393 962 2627 1004 caverna
2653 947 2812 1003 talem
2844 947 3082 1002 evomuit
3121 946 3357 1001 mundus
3388 964 3400 999 ζ
3428 948 3644 1001 ἰιινειεοι·
3671 955 3759 1002 εει

2155 1039 2277 1107 iste,
2318 1055 2426 1094 non
2479 1039 2696 1096 debitor
2737 1057 2750 1094 :
2785 1047 2839 1095 et
2886 1041 3090 1094 fractor
3117 1037 3226 1111 [Αι.
3269 1038 3468 1112 factor]
3499 1049 3602 1106 est,
3644 1055 3756 1095 non

2155 1142 2452 1205 precator:
2505 1132 2745 1202 iudicem
2797 1132 3066 1198 videmus,
3111 1147 3218 1186 non
3265 1133 3567 1202 supplicem
3607 1150 3621 1186 :
3655 1147 3760 1203 pu-

2156 1241 2327 1296 gnare
2346 1225 2518 1291 venit,
2550 1239 2656 1279 non
2683 1224 3038 1279 succumbere
3067 1241 3078 1274 :
3109 1223 3342 1293 eripere,
3368 1238 3473 1278 non
3502 1239 3751 1281 manere.

2157 1318 2413 1387 Ubinam,
2437 1319 2658 1388 putatis,
2682 1317 2816 1374 socii
2845 1318 3015 1373 nostri
3045 1331 3110 1372 ac
3131 1316 3396 1386 ianitores
3411 1316 3759 1373 dormiebant

2160 1428 2282 1468 cum
2303 1413 2391 1468 ille
2406 1411 2706 1468 debellator
2717 1412 2949 1466 claustra
2967 1411 3228 1466 vexabat?
3251 1410 3355 1466 Iste
3370 1411 3415 1465 si
3438 1425 3560 1466 reus
3581 1420 3757 1477 esset,

2163 1506 2337 1562 audax
2390 1521 2496 1560 non
2527 1513 2693 1562 esset.
2739 1505 2796 1560 Si
2831 1520 2955 1559 eum
2995 1504 3174 1574 aliqua
3225 1503 3418 1560 delicta
3460 1503 3760 1571 fuscarent,

2161 1614 2453 1669 numquam
2478 1597 2690 1668 fulgore
2718 1612 2818 1652 suo
2852 1606 3066 1652 nostras
3088 1596 3341 1652 tenebras
3369 1596 3684 1668 dissiparet.

2238 1692 2324 1746 lli.
2360 1690 2466 1748 Sed
2496 1689 2542 1744 si
2575 1691 2719 1745 Deus
2745 1698 2833 1745 est
2854 1731 2869 1755 ,
2901 1689 3087 1758 utquid
3119 1690 3225 1744 huc
3254 1689 3403 1745 venit
3434 1691 3456 1744 ?
3509 1689 3566 1746 Si
3597 1689 3764 1745 homo

2164 1795 2267 1848 est,
2298 1784 2425 1855 quid
2457 1783 2844 1854 praesumpsit?
2875 1783 2933 1854 Si
2964 1784 3130 1851 Deus,
3157 1782 3288 1854 quid
3315 1783 3370 1839 in
3399 1785 3652 1853 sepulcro
3683 1784 3765 1839 fa-

2163 1879 2274 1934 cit?
2311 1877 2366 1934 Si
2401 1877 2596 1947 homo,
2625 1882 2806 1949 'quare
2843 1879 3088 1948 captivos
3125 1880 3326 1935 solvit?
3366 1879 3766 1952 Numquidnam

2163 1988 2285 2029 cum
2327 1984 2548 2028 auctore
2580 1983 2766 2028 nostro
2809 1973 2986 2028 foedus
3028 1972 3371 2044 composuit?
3415 1974 3499 2028 An
3543 1973 3682 2030 forte
3711 1984 3771 2030 et

2165 2067 2342 2137 ipsum
2381 2081 2669 2138 aggressus
2707 2068 2863 2133 vicit,
2893 2076 2947 2122 et
2971 2067 3047 2122 sic
3075 2068 3142 2121 ad
3171 2076 3352 2122 nostra
3389 2083 3554 2138 regna
3587 2079 3763 2125 trans-

2164 2158 2307 2213 ivit?
2345 2161 2505 2215 Certe
2536 2169 2809 2224 mortuus,
2852 2168 3002 2214 certe
3032 2159 3210 2214 victus
3248 2169 3386 2214 erat.
3435 2159 3630 2216 lllusus
3673 2168 3761 2215 est

2167 2251 2446 2319 praeliator
2472 2252 2732 2306 nosteriu
2756 2251 2981 2317 mundo,
3008 2252 3239 2307 nescivit
3263 2252 3389 2322 quia
3414 2252 3502 2306 hic
3523 2259 3761 2323 stragem

2165 2352 2486 2412 procuraret
2512 2344 2748 2399 inferno.
2775 2345 2818 2398 0
2840 2360 2972 2400 crux
3001 2346 3088 2399 illa
3119 2345 3312 2401 fallens
3338 2348 3530 2417 gaudia
3556 2356 3770 2415 nostra,

2167 2444 2224 2490 et
2246 2437 2558 2505 parturiens
2579 2436 2777 2490 damna
2804 2439 3009 2493 nostra!
3036 2438 3141 2492 Per
3163 2438 3368 2510 lignum
3383 2438 3536 2494 dilati
3554 2454 3767 2506 sumus,

2172 2543 2268 2598 per
2315 2527 2516 2599 lignum
2559 2529 2881 2588 evertimur.
2937 2531 3106 2587 Periit
3151 2541 3389 2600 potestas
3433 2533 3520 2588 illa
3556 2535 3772 2589 cunctis

2166 2635 2384 2690 semper
2424 2623 2640 2691 populis
2679 2623 2986 2678 formidata.
3033 2624 3224 2679 Nullus
3272 2626 3376 2680 sub
3409 2625 3539 2683 sede
3580 2637 3768 2683 nostra

2171 2713 2416 2783 captivus
2443 2714 2740 2784 palpitavit.
2776 2715 2858 2770 En
2883 2716 3026 2786 quod
3050 2718 3447 2786 gemebundum
3471 2729 3556 2774 est
3584 2721 3773 2775 exsul-

2167 2815 2266 2862 tat.
2305 2805 2420 2861 Non
2447 2807 2560 2876 jam
2592 2807 2888 2863 audiuntur
2915 2810 3118 2880 antiqui
3150 2810 3340 2878 fletus,
3382 2812 3647 2882 nullijam
3679 2830 3770 2870 re-

2168 2911 2365 2956 sonant
2385 2903 2644 2972 ejulatus,
2663 2905 2839 2958 omnis
2861 2905 3100 2974 mugitus
3120 2906 3448 2975 gementium
3469 2907 3766 2962 obmutuit.

2168 2996 2428 3064 Putasne,
2455 2998 2558 3052 iste
2583 2997 2702 3052 sine
2728 3007 2920 3053 nostro
2934 2998 3132 3053 redibit
3153 2998 3360 3053 exitio?
3384 2998 3556 3055 Nemo
3582 2999 3648 3054 ad
3672 3015 3776 3056 nos

463 3093 550 3138 ter
579 3098 642 3138 ac
675 3084 964 3155 diligenter
997 3085 1312 3155 respiciam,
1341 3092 1398 3138 et
1440 3084 1798 3153 Spiritualiter
1828 3100 1891 3139 ac
1920 3103 2065 3157 mys-
2092 3079 2137 3142 C
2171 3103 2424 3157 umquam
2455 3088 2612 3143 vivus
2649 3089 2905 3153 intravit,
2940 3105 3098 3144 nemo
3130 3091 3209 3145 sic
3238 3091 3413 3145 audax
3447 3090 3570 3158 fuit,
3609 3107 3775 3146 nemo

464 3177 574 3234 tice
601 3178 952 3248 intelligenda
981 3187 1128 3232 sunt.

595 3315 910 3372 MONITUM
954 3315 1020 3370 IN
1058 3314 1477 3382 SEQUENTEM
1522 3315 1936 3374 EPISTULAM.

543 3425 734 3499 Fausti
781 3427 1092 3499 Rhegiensis
1123 3427 1261 3481 hunc
1291 3443 1399 3481 esse
1435 3437 1582 3497 putat
1609 3445 1892 3485 sermonem
1921 3433 2067 3487 Casi-

463 3497 930 3573 mirusHOud‘inusl.
962 3507 1206 3573 causatus
1237 3515 1477 3573 magnam
1517 3517 1694 3553 eorum
1725 3513 1944 3571 partem,
1979 3507 2067 3573 qui

463 3571 598 3621 inter
626 3567 844 3622 Eusebii
877 3569 1138 3622 Emisseni
1166 3567 1437 3637 habentur,
1472 3567 1734 3626 sermones
1774 3573 1914 3628 illius
1932 3567 2063 3631 esse.

465 3638 632 3711 {itque
661 3639 744 3690 hic
774 3641 980 3708 quidem
1006 3641 1301 3694 inscribitur
1322 3641 1462 3711 apud
1487 3641 1767 3696 Eusebium
1788 3659 1970 3701 sermo
1999 3649 2067 3704 de

464 3708 735 3762 Pascltate
765 3728 775 3760 :
814 3727 866 3760 re
899 3721 1071 3763 autem
1105 3711 1229 3790 ipsa
1262 3708 1365 3764 duo
1389 3714 1558 3790 simul
1578 3713 1632 3766 Ιιὶ
1670 3726 1786 3790 sunt
1817 3722 2068 3790 compecti

465 3795 762 3848 perperam,
809 3797 1028 3847 quarunt
1063 3783 1192 3834 alter
1236 3800 1266 3834 a
1297 3785 1477 3846 verbis,
1525 3784 1790 3839 Beneﬁcia
1826 3783 1940 3842 Dci'
1964 3806 2064 3843 n0-

465 3851 746 3925 stri.‘etc.,
783 3850 1080 3925 itte/matur,
1111 3868 1224 3925 quq?
1251 3869 1343 3906 nos
1373 3854 1613 3925 dictionis
1638 3858 1806 3925 gratia
1836 3875 1866 3911 a
1904 3864 2066 3914 conti-

467 3920 611 3995 nt'nti
642 3922 776 3995 serie
803 3916 1144 3995 sejunximus.
1165 3921 1420 3995 Craterum
1447 3916 1694 3979 Erasmus
1715 3929 1809 3995 ait,
1846 3930 2064 3985 Nullam

467 3993 552 4073 Itic
583 3990 814 4073 um‘briam
845 3990 1526 4073 llieroniymiani“pectoris
1571 4001 1737 4073 possis
1785 3990 2063 4073 deprehen-

465 4065 602 4144 dere.
630 4061 694 4115 Et
721 4064 773 4117 in
802 4064 919 4118 aliis
950 4061 1214 4118 codicibus
1241 4061 1342 4120 alio
1367 4078 1519 4136 atque
1549 4061 1654 4121 alio
1683 4069 1832 4125 titulo
1851 4061 2061 4144 'pra'no-

464 4141 622 4186 tatur.

966 4229 1301 4288 EPISTOLA
1344 4233 1540 4301 XXIV,

707 4358 802 4398 εει]
844 4359 1018 4399 SEBMO
1057 4361 1123 4400 DE
1163 4362 1600 4405 RESURRECTIONE
1640 4365 1847 4410 DOIIINI.

2172 3183 2251 3237 sic
2292 3182 2577 3237 carnifices
2612 3183 2839 3249 terruit,
2877 3199 3170 3254 numquam
3207 3183 3260 3238 in
3300 3184 3401 3239 hac
3437 3184 3775 3241 habitatione

2169 3273 2322 3343 nigra
2349 3289 2565 3345 semper
2586 3283 2643 3328 et
2663 3274 2883 3346 fuligine
2901 3290 3044 3330 caeca
3067 3275 3366 3344 jucundum
3394 3277 3576 3331 lumen
3605 3293 3777 3347 appa-

2167 3367 2296 3421 ruit.
2345 3365 2426 3420 An
2485 3367 2623 3421 forte
2670 3366 2750 3420 sol
2797 3367 2864 3420 de
2913 3366 3116 3422 mundo
3169 3367 3455 3437 migravit?
3504 3367 3612 3423 Sed
3671 3382 3778 3424 nec

2167 3459 2366 3515 ccelum
2411 3458 2570 3514 nobis
2609 3469 2867 3527 astraque
2908 3466 3104 3529 parent
3145 3475 3159 3511 :
3205 3467 3260 3514 et
3300 3467 3483 3514 tamen
3526 3458 3773 3515 infernus

2170 3553 2336 3608 lucet.
2405 3551 2542 3618 Quid
2597 3551 2908 3608 faciemus?
2962 3553 3082 3622 Quo
3137 3563 3519 3610 convertentur
3583 3562 3776 3610 contra

2171 3645 2372 3700 istum?
2406 3645 2674 3700 Cruentas
2703 3645 2897 3700 domos
2927 3653 2986 3700 et
3014 3645 3263 3701 obtinere
3293 3657 3494 3700 nostra:
3520 3660 3774 3702 caverna:

2172 3749 2448 3809 portarum
2478 3737 2760 3793 custodias
2787 3754 2894 3792 non
2923 3739 3167 3794 valemus
3201 3756 3213 3792 :
3249 3738 3390 3794 male
3423 3738 3772 3805 intravimus,

2170 3840 2374 3885 tantam
2413 3831 2592 3886 lucem
2632 3831 2999 3886 obtenebrare
3037 3830 3379 3900 nequivimus
3404 3874 3417 3896 ,
3447 3826 3776 3902 'Opprimcrc

2170 3932 2315 3978 tanta
2346 3924 2540 3978 virtute
2572 3923 2856 3993 praeditum
2889 3940 2995 3979 non
3027 3923 3303 3990 valemus,
3338 3933 3524 3980 nostra
3552 3940 3774 3994 quoque

2169 4017 2352 4086 urgeri
2386 4016 2525 4070 colla
2554 4016 2947 4086 conSpicimus,
2975 4025 3033 4071 et
3059 4015 3129 4071 de
3159 4026 3349 4070 nostro
3379 4018 3599 4086 insuper
3629 4016 3776 4070 intc-

2168 4107 2271 4162 ritu
2303 4107 2686 4163 formidamus.
2721 4107 2860 4174 Quid
2895 4108 3051 4162 nobis
3087 4123 3119 4162 e
3145 4106 3326 4163 caelo?
3361 4107 3541 4177 Plagis
3574 4122 3769 4162 recen-

2169 4199 2401 4255 tioribus
2440 4200 2578 4254 ultra
2615 4200 2818 4270 justam
2864 4200 3124 4255 ultionem
3168 4198 3506 4269 llagcllamur
3547 4218 3558 4254 :
3605 4208 3772 4254 nocte

2167 4301 2353 4346 nostra
2381 4293 2622 4347 contenti
2651 4292 2848 4347 fuimus
2878 4309 2892 4346 :
2921 4292 3092 4346 antris
3114 4291 3312 4348 nostris
3335 4292 3768 4351 occultabantur.

2165 4383 2344 4450 Quare
2373 4383 2542 4439 radiis
2570 4383 2704 4438 solis
2731 4382 3048 4454 prodimur?
3081 4397 3249 4453 quare
3278 4383 3531 4440 violentia
3561 4384 3770 4440 distur-

534 4456 579 4514 ι.
626 4456 873 4526 Exsulta,
919 4460 1126 4527 caelum,
1155 4471 1201 4514 et
1246 4462 1299 4515 in
1325 4462 1505 4516 laetitia
1539 4473 1644 4518 esto
1667 4507 1681 4531 ,
1727 4474 1862 4520 terra
1901 4467 2057 4537 (Ιοει.
2087 4460 2138 4521 D
2165 4474 2358 4530 bamur
2390 4494 2401 4528 :
2435 4491 2602 4544 quare
2631 4475 2682 4529 in
2713 4477 2917 4532 nostris
2953 4475 3175 4531 sedibus
3203 4476 3586 4546 captivamur?

463 4563 525 4611 ll,
553 4547 646 4618 21)
673 4567 687 4603 :
722 4549 838 4604 dies
861 4550 964 4606 iste
990 4552 1222 4621 amplius
1259 4551 1418 4607 nobis
1445 4568 1513 4608 ex
1550 4555 1800 4624 sepulcro
1824 4559 2058 4616 radiavit

461 4657 622 4712 quam
660 4643 728 4698 de
766 4644 882 4700 sole
928 4644 1168 4700 refulsit.
1193 4646 1330 4700 Ovet
1363 4645 1606 4702 infernus
1629 4648 1754 4718 quia
1780 4651 2055 4707 resolutus

463 4744 548 4790 est
571 4752 583 4788 :
608 4736 859 4806 gaudeat,
886 4739 1014 4810 quia
1035 4739 1287 4794 visitatus
1317 4748 1399 4795 est
1425 4759 1435 4794 :
1471 4741 1718 4812 resultet,
1748 4745 1874 4814 quia
1907 4745 2059 4817 igno-

463 4843 574 4886 tam
623 4834 798 4889 lucem
832 4845 954 4906 post
984 4836 1182 4891 smcula
1217 4837 1380 4907 longa
1407 4837 1564 4904 vidit,
1589 4849 1649 4894 et
1695 4839 1748 4894 in
1780 4841 2057 4910 profundae

465 4927 647 4981 noctis
695 4929 924 4998 caligine
975 4930 1281 5001 reSpiravit.
1336 4930 1380 4985 0
1423 4931 1644 5001 pulchra
1688 4933 1802 5003 lux,
1835 4951 1952 5005 qua:
1987 4937 2055 4992 de

463 5017 698 5071 candido
728 5022 850 5074 caeli
905 5021 1118 5091 fastigio
1151 5023 1468 5094 promicasti
1518 5042 1531 5078 :
1583 5034 1638 5081 et
1683 5026 1826 5084 inter
1854 5027 2055 5084 ﬂuenta

454 5124 732 5180 purpurea
782 5112 1035 5168 sedentes
1077 5116 1130 5169 in
1179 5116 1436 5183 tenebris,
1469 5127 1522 5174 et
1563 5117 1617 5173 in
1647 5121 1836 5176 umbra
1858 5123 2051 5179 mortis

452 5202 632 5256 subita
665 5203 912 5259 claritate
942 5207 1147 5262 vestisti
1175 5214 1188 5262 !

529 5294 595 5349 ll.
616 5294 914 5352 Confestim
933 5297 1094 5367 igitur
1110 5309 1312 5358 acterna
1327 5317 1434 5358 nox
1449 5304 1808 5376 infernorum,
1833 5309 2048 5367 Christo

463 5385 852 5458 descendente,
891 5391 1230 5460 resplenduit
1269 5412 1282 5449 :
1314 5395 1464 5450 siluit
1495 5398 1699 5453 stridor
1732 5401 1820 5455 ille
1853 5402 2044 5474 lugen-

461 5478 612 5543 tium,
645 5481 864 5553 dirupta
895 5483 1216 5540 ceciderunt
1251 5488 1464 5544 vincula
1512 5490 1890 5550 damnatorum
1925 5514 1936 5549 :
1973 5512 2052 5552 at-

539 5595 760 5674 {litres
799 5599 924 5674 illos
980 5601 1252 5674 intelligit,
1302 5620 1438 5674 quos
1472 5610 1632 5663 etiam
1675 5627 1817 5667 nunc
1869 5615 2058 5671 inflant

463 5667 669 5718 rasuci.
717 5667 1032 5726 Utricularii
1079 5667 1246 5738 dicti,
1282 5667 1337 5730 et
1388 5677 1576 5736 Graece
1605 5667 2053 5745 dormitmailin‘c

2236 4567 2327 4621 ιν.
2357 4567 2476 4622 Mox
2506 4569 2669 4638 igitur
2688 4567 2937 4624 Christus
2963 4569 3019 4625 in
3047 4571 3193 4640 ipsos
3215 4568 3465 4624 crudeles
3489 4567 3773 4626 ministros

2167 4677 2450 4732 poenarum
2496 4663 2642 4718 acies
2685 4663 2904 4734 dirigit,
2945 4675 3108 4735 atque
3149 4662 3518 4735 implacabiles
3560 4672 3772 4720 turmas

2165 4754 2368 4809 framea
2418 4755 2596 4810 divina
2645 4755 2880 4812 concidit
2917 4772 2933 4811 :
2981 4754 3225 4812 fremunt
3261 4755 3364 4812 diri
3410 4756 3512 4811 sub
3559 4766 3770 4813 tortore

2165 4849 2449 4905 carnifices
2475 4895 2488 4920 ,
2533 4859 2589 4904 ct
2634 4850 2865 4906 rabiosis
2913 4850 3088 4906 adacti
3132 4850 3465 4907 stridoribus
3507 4853 3770 4910 contabe-

2167 4954 2342 4999 scunt.
2367 4944 2486 5015 Ipsa
2511 4960 2726 5016 quoque
2748 4955 2900 5001 antra
2925 4946 3083 5002 ferrei
3109 4946 3302 5002 cubilis
3322 4947 3560 5002 intrante
3583 4948 3769 5002 fortis-

2163 5037 2324 5102 simo,
2366 5053 2394 5090 a
2438 5038 2664 5094 fortiore
2709 5040 2927 5095 aeternis
2977 5040 3207 5096 nexibus
3247 5039 3594 5110 colligantur.
3646 5039 3768 5094 lloc

2157 5146 2388 5202 namque
2420 5132 2492 5187 ita
2538 5131 2783 5188 futurum
2825 5133 3086 5189 Dominus
3129 5135 3243 5206 ipse
3278 5133 3639 5203 promiserat,
3679 5131 3768 5188 di-

2155 5238 2282 5280 cens
2317 5241 2330 5278 :
2367 5224 2536 5279 Nemo
2561 5225 2723 5280 intrat
2753 5226 2805 5279 in
2836 5225 3049 5279 domum
3075 5227 3243 5296 fortis,
3273 5234 3320 5280 et
3342 5241 3464 5280 vasa
3489 5228 3604 5299 ejus
3632 5226 3770 5281 diri—

2155 5317 2250 5387 pit,
2281 5317 2383 5369 nisi
2418 5318 2564 5387 prius
2599 5318 2887 5384 alligaverit
2915 5321 3118 5388 fortem,
3154 5327 3200 5371 et
3225 5320 3297 5371 sic
3328 5335 3447 5373 vasa
3478 5321 3594 5391 ejus
3627 5319 3738 5373 diri
3751 5350 3769 5362 -

2155 5409 2254 5480 piet
2283 5407 2477 5479 (Marc.
2517 5409 2584 5464 Ill
2607 5453 2621 5474 ,
2650 5413 2766 5478 ‘27).
2803 5411 3008 5467 Tristes
3051 5411 3214 5482 igitur
3247 5426 3368 5465 mox
3392 5412 3771 5485 lugentesque

2155 5501 2409 5556 diuturno
2458 5502 2712 5569 squalore
2757 5504 2927 5558 turbtn
2971 5503 3265 5574 populique
3301 5504 3478 5557 vexati
3521 5519 3768 5562 concur-

2171 5631 2268 5687 pro
2295 5615 2527 5691 Chorus,
2560 5616 2772 5691 dubitat
2799 5620 3115 5691 Salinasius,
3162 5619 3518 5691 legcndumne
3541 5623 3634 5691 sil,
3670 5631 3766 5681 do-

2169 5704 2291 5753 rus;
2322 5703 2446 5743 nam
2479 5687 2627 5762 δορὸς
2652 5689 2872 5749 Graecus
2894 5702 2975 5748 est
3006 5689 3176 5762 peltis,
3201 5690 3285 5747 vel
3309 5699 3439 5746 uter.
