4012 6190
192 213 304 270 ΞΠ

192 329 431 398 rnnt,'et
457 331 688 389 rectoris
710 332 793 389 sui
818 332 1062 402 vestigiis
1091 331 1476 389 advolvuntur.

263 424 331 480 V.
376 423 524 481 Ecce
564 424 859 494 apostolica
896 424 1042 480 dicta
1081 424 1379 494 probamur
1422 440 1434 476 :
1484 422 1539 475 in
1581 419 1787 475 nomine

182 518 321 572 Jesu
352 535 505 574 omne
539 535 675 591 genu
715 522 978 589 ﬂectatur,
1017 519 1319 583 antestium,
1362 517 1704 578 terrestrium,
1740 521 1789 567 et

184 611 514 679 infernarum
540 609 714 681 (Phil.
745 610 810 677 II,
846 610 961 681 I0).
993 610 1114 665 Mox
1149 609 1315 680 igitur
1342 607 1569 679 captivae
1593 605 1788 660 anima:

184 703 259 758 de
283 702 549 759 custodiis
576 704 875 770 relaxatae,
908 718 941 758 a
971 713 1177 758 tartaro
1206 702 1545 773 prodierunt.
1577 700 1787 770 Regna-

183 811 293 867 que
320 798 590 853 ccelorum
636 798 741 853 ista
787 797 1185 868 supplicatione
1226 796 1515 867 deplorant
1548 793 1658 866 [Αι.
1689 794 1789 848 im-

182 888 427 962 plorant]
459 906 473 943 :
507 889 722 946 Venisti
751 889 995 953 tandem,
1029 889 1455 945 clementissime
1483 889 1634 955 Jesu,
1663 900 1786 942 suco

176 994 344 1037 curre
384 980 501 1050 jam
551 990 608 1037 et
645 995 811 1051 parce
849 981 1009 1037 fessis
1040 998 1055 1039 :
1088 980 1267 1046 Nunc,
1314 979 1567 1045 Christe,
1610 992 1784 1033 szevas

175 1071 482 1141 exstingue
509 1072 685 1127 minas
705 1114 720 1138 ,
747 1071 857 1141 jam
887 1072 1229 1126 miserandos
1257 1071 1473 1127 resolve
1499 1071 1735 1139 mugitus
1760 1086 1777 1124 :

174 1163 469 1220 redemisti
494 1166 649 1221 vivos
672 1178 835 1220 cruce
862 1174 949 1218 tua
976 1181 989 1216 :
1013 1165 1166 1231 eripe
1194 1172 1435 1218 mortuos
1460 1172 1637 1216 morte
1662 1171 1772 1215 tua.

173 1256 305 1312 Pari
349 1258 634 1314 nobiscum
676 1267 824 1313 sorte
859 1257 1093 1311 mundus
1134 1257 1249 1326 ipse
1279 1256 1578 1318 interierat,
1609 1263 1665 1310 et
1703 1255 1773 1309 ad

172 1347 469 1403 adventum
530 1355 681 1402 tuum
740 1346 922 1402 omnis
974 1356 1220 1402 creatura
1280 1346 1547 1416 pendebat
1605 1364 1617 1400 :
1673 1346 1767 1401 tibi

172 1449 361 1494 nostra
389 1446 661 1495 tormenta
687 1437 1053 1509 suspirabant,
1083 1446 1135 1494 te
1157 1452 1375 1509 semper
1395 1437 1640 1494 infernus
1667 1439 1768 1493 iste

169 1532 425 1601 pavebat.
454 1533 589 1587 Dum
616 1532 703 1587 hic
730 1548 814 1598 es,
839 1532 1060 1588 absolve
1083 1548 1243 1597 reos;
1273 1534 1401 1588 dum
1425 1533 1761 1597 ascenderis,

169 1624 402 1679 defende
421 1634 573 1680 tuos:
594 1624 720 1680 dum
738 1624 829 1680 hic
843 1640 922 1691 es,
940 1625 1190 1680 universa
1205 1627 1440 1680 claustra
1458 1626 1759 1689 solvantur;

783 212 1109 273 EPISTOLA
1156 212 1342 280 XXIV,
1397 210 1529 269 SEU
1596 206 1826 268 δειλιιο
1861 207 1951 266 DE
1987 205 2563 266 RESURREC'I‘IONE
2605 206 2857 265 DOMINI.

1813 328 1867 389 Α
1890 340 2052 396 quam
2070 325 2293 381 Iudaica
2316 326 2596 395 impietate
2619 333 2911 380 mactatur.
2934 324 3030 380 llic
3052 323 3198 381 idem
3222 322 3485 381 Dominus

3379 209 3488 269 218

1890 418 1946 473 in
1988 419 2283 473 novissima
2322 419 2507 473 mundi
2548 418 2885 475 senescentis
2918 428 3077 474 aetate
3118 434 3215 488 per
3256 419 3481 489 ﬁguram

1890 511 2031 566 beati
2062 511 2296 565 Abraha:
2330 511 2557 579 lougtevi
2598 512 2769 581 patris
2804 510 3026 565 offertur
3053 511 3119 565 ad
3151 512 3423 567 victimam
3464 529 3480 567 :

1888 620 1997 674 quo
2038 613 2287 674 tempore
2322 604 2450 659 dum
2499 620 2641 660 novo
2680 605 2952 661 sacriﬁcio
2990 605 3041 658 iu
3088 606 3229 659 unici
3270 606 3366 661 lilii
3396 606 3481 664 sui

1885 697 2134 767 jugulum
2162 697 2279 765 pius
2303 697 2569 766 parricida
2596 698 2894 767 consurgit,
2924 712 2986 749 ex
3023 695 3321 766 improviso
3341 697 3481 754 aries

1891 790 2062 845 oculis
2088 792 2207 860 ejus
2228 792 2478 860 apparuit
2501 808 2515 843 :
2549 791 2691 846 sicut
2718 792 2984 861 eloquitur
3014 805 3197 845 sermo
3222 789 3437 847 divinus
3460 810 3473 845 :

1888 892 1933 937 et
1957 882 2087 937 vidit
2113 882 2377 936 Abraham
2408 882 2624 937 arietem
2652 884 2785 936 inter
2811 897 2988 953 vepres
3013 880 3291 937 haerentem
3312 883 3481 937 corni-

1886 976 1979 1030 bus
2005 973 2162 1044 (Gen.
2194 990 2330 1040 χχιι,
2359 974 2471 1044 15).
2508 973 2652 1029 Inter
2674 991 2871 1045 vepres,
2905 974 3095 1044 inquit.

1961 1065 2089 1120 VIII.
2128 1066 2487 1135 Requiramus
2511 1082 2632 1136 quae
2664 1068 2767 1121 ista
2805 1069 2875 1122 sit
2905 1068 3117 1122 novitas
3147 1083 3161 1119 :
3196 1065 3248 1121 id
3281 1076 3393 1133 est,
3428 1068 3480 1123 in

1882 1156 2227 1213 multitudine
2260 1158 2729 1213 circumstantium
2765 1170 3139 1229 peccatorum.
3183 1159 3479 1215 "terentem

1877 1247 2117 1301 cornibus
2146 1263 2164 1299 :
2194 1249 2246 1303 id
2277 1256 2394 1315 est,
2429 1252 2496 1304 ad
2537 1251 2717 1306 crucis
2747 1266 2953 1306 cornua
2990 1254 3271 1308 clavorum
3307 1255 3480 1309 cruci-

1874 1341 2073 1398 ﬁxioue
2103 1342 2432 1413 pendentem
2460 1361 2476 1398 :
2504 1346 2648 1400 sicut
2674 1345 2727 1399 in
2753 1346 2861 1400 alio
2889 1346 3012 1402 loco
3040 1347 3275 1416 legimus
3310 1365 3321 1399 :
3348 1347 3475 1402 (ἰον-

1874 1453 1977 1490 nua
2002 1438 2054 1490 in
2083 1437 2322 1493 manibus
2342 1441 2457 1511 ejus
2486 1449 2604 1494 sunt
2629 1439 2795 1509 (Hab.
2828 1456 2907 1507 ιιι,
2940 1439 3021 1511 4).
3055 1441 3168 1496 Hoc
3198 1442 3321 1496 ideo
3352 1443 3506 1511 quia'

1871 1530 2211 1585 venerandus
2234 1546 2429 1586 manus
2450 1531 2569 1600 ejus
2595 1531 2823 1600 patibuli
2847 1532 3068 1587 brachia
3090 1542 3469 1602 susceperunt.

1869 1623 2017 1679 Inter
2058 1625 2241 1693 Spinas
2282 1633 2467 1680 autem
2512 1625 2805 1695 deputatus
2846 1635 2963 1691 est,
3008 1626 3226 1697 quando
3271 1626 3469 1695 spineo

167 1716 297 1771 dum
320 1716 651 1783 ascenderis,
678 1732 785 1772 non
810 1715 1153 1773 claudantur.
1180 1716 1259 1772 Tu
1285 1718 1433 1773 solus
1457 1728 1622 1788 caput
1640 1718 1763 1773 dra-
1791 1715 1839 1776 Β
1868 1727 2015 1773 serto
2054 1718 2379 1774 innocentiae
2420 1730 2474 1774 et
2506 1719 2733 1789 justitia:
2764 1726 2955 1775 auctor
2986 1719 3183 1776 illusus
3210 1728 3314 1775 est.
3358 1719 3465 1775 Sed

175 1811 330 1865 conis
348 1811 719 1866 comminuere
738 1810 987 1880 potuisti,
1022 1818 1079 1865 tu
1102 1820 1291 1879 portas
1313 1826 1484 1867 aereas
1507 1823 1562 1866 et
1580 1821 1765 1868 vectes

168 1904 379 1959 ferreos
396 1903 611 1959 valuisti
630 1912 938 1958 conterere.
962 1903 1143 1957 Pateat
1156 1946 1170 1969 ,
1186 1917 1519 1972 quaesumus,
1540 1920 1767 1973 precan-

168 1994 311 2050 tibus
324 1994 492 2065 janua
512 2014 525 2052 :
546 1996 635 2050 lux
658 2012 767 2051 non
794 1996 934 2051 desit
964 1996 1079 2065 pia:
1102 2005 1157 2051 et
1174 1995 1219 2049 si
1240 1996 1465 2052 redieris
1485 1997 1553 2052 ad
1569 2013 1766 2067 corpus

168 2087 454 2157 majestate
485 2099 606 2154 tua,
631 2105 736 2143 non
771 2089 1015 2158 privetur
1038 2089 1281 2143 infernus
1308 2090 1545 2158 potentia
1580 2099 1688 2144 tua.

241 2180 328 2235 VI.
362 2180 495 2236 Post
531 2182 746 2237 auditas
790 2182 977 2251 itaque
1019 2196 1249 2251 preces,
1283 2191 1404 2251 post
1429 2183 1764 2251 compositas

167 2274 338 2345 leges,
360 2283 485 2344 post
506 2274 791 2330 demersos
815 2276 867 2328 in
891 2276 1018 2330 altae
1039 2276 1313 2347 voraginis
1336 2275 1480 2332 fossa
1504 2287 1761 2344 tortores,

165 2380 264 2421 rex
290 2374 478 2421 noster
504 2365 665 2423 hodie
693 2366 761 2421 de
791 2366 983 2423 inferis
1015 2368 1378 2438 triumphator
1403 2377 1459 2425 et
1489 2369 1764 2427 laureatos

166 2457 351 2523 exivit,
379 2473 480 2514 nec
498 2458 850 2515 candidatum
871 2458 1113 2514 ofﬁcium
1138 2459 1308 2516 deluit
1336 2478 1349 2514 :
1373 2461 1470 2516 sed
1498 2461 1618 2516 lteta
1641 2479 1760 2516 etnn

164 2551 411 2624 principe
438 2568 565 2619 suo,
589 2554 768 2609 omnis
795 2553 1083 2611 beatorum
1127 2555 1285 2609 turba
1318 2557 1585 2624 processit
1612 2573 1624 2609 :
1659 2556 1764 2611 sic-

165 2653 220 2697 ut
251 2643 309 2699 in
342 2644 638 2716 Evangelia
682 2646 949 2716 scriptum
977 2656 1060 2702 est
1093 2664 1107 2702 :
1162 2648 1295 2713 Quia
1325 2659 1620 2721 resurgente
1646 2647 1757 2704 Do-

163 2737 325 2802 mino,
354 2735 523 2790 multa
552 2753 777 2807 corpora
806 2746 1104 2792 sanctorum
1129 2740 1218 2808 qui
1249 2739 1563 2793 dormierunt
1588 2756 1761 2795 resur-

164 2838 411 2883 rexeruut
450 2845 569 2883 cum
608 2846 667 2884 eo
712 2846 729 2882 :
766 2839 815 2884 et
862 2840 1103 2885 exeuntes
1147 2830 1212 2884 de
1251 2833 1600 2886 monumentis
1647 2842 1762 2903 post

164 2920 592 2975 resurrectionem
616 2921 751 2990 ejus,
785 2930 1030 2976 venerunt
1056 2923 1109 2975 in
1134 2932 1369 2977 sanctam
1397 2924 1677 2989 civitatem,
1713 2934 1762 2978 et

162 3022 522 3083 apparuerunt
551 3012 732 3067 multis
764 3010 980 3084 (Matth.
1018 3030 1173 3069 xxvu
1196 3054 1212 3081 ,
1242 3015 1343 3079 52,
1375 3015 1487 3087 53).
1519 3015 1762 3085 Repedat

1868 1810 2014 1864 aliud
2045 1811 2407 1880 introspicere
2431 1810 2715 1877 debemus,
2741 1812 2997 1881 quidnam
3025 1811 3116 1876 sit,
3144 1810 3288 1882 quod
3315 1811 3465 1867 Isaac

1868 1918 1898 1957 a
1932 1912 2089 1973 patre
2118 1902 2383 1958 altaribus
2408 1902 2750 1969 admovetur,
2788 1917 2852 1958 ac
2885 1903 3067 1958 subito
3096 1903 3241 1960 aries
3269 1919 3367 1974 pro
3398 1919 3466 1961 eo

1868 2011 1977 2050 non
2004 2005 2230 2065 mutata,
2264 1995 2362 2051 sed
2387 1995 2659 2066 duplicata
2682 1995 2962 2051 oblatione
2983 1996 3327 2065 supponitur.
3361 1996 3466 2053 Ge-

1868 2088 2013 2143 mina
2036 2088 2125 2143 hic
2147 2087 2423 2143 adoranda
2438 2088 2737 2143 substantia
2761 2086 3120 2157 redemptoris
3137 2088 3463 2143 ostenditur.

1866 2181 1964 2236 Dei
1986 2181 2129 2236 enim
2151 2180 2463 2251 unigenitus
2480 2180 2725 2244 offertur,
2744 2189 2798 2235 et
2819 2179 3045 2249 virginis
3070 2179 3463 2250 primogenitus

1866 2271 2197 2327 immolatur.
2229 2271 2341 2325 Hoc
2358 2286 2574 2341 quoque
2597 2270 2893 2326 Dominicte
2921 2269 3188 2341 passionis
3210 2269 3455 2342 praeﬁgu-

1866 2368 2021 2421 rahat
2044 2366 2298 2434 insignia,
2322 2366 2466 2434 quod
2487 2364 2715 2435 legimus
2738 2365 2957 2421 beatum
2974 2364 3265 2420 Helisaequ
3287 2366 3469 2432 sepul-

1865 2474 1961 2514 cro
1985 2459 2282 2525 conditum,
2316 2460 2534 2529 ingesto
2562 2473 2592 2512 a
2624 2468 2649 2493 η
2682 2458 3003 2513 latrunculis
3030 2457 3301 2513 cadavere
3326 2458 3467 2513 intra

1870 2551 2134 2605 tumulum
2162 2565 2347 2619 suum,
2368 2564 2569 2619 corpus
2600 2549 2856 2605 exstincti
2889 2557 3035 2605 tactu
3061 2548 3204 2605 sacri
3221 2549 3469 2620 corporis

1864 2643 2179 2698 suscitasse.

1937 2734 2027 2789 IX.
2072 2735 2204 2803 Quis
2240 2734 2330 2789 hic
2370 2734 2509 2790 alius
2554 2735 3021 2806 praeﬁgurabatur,
3060 2734 3166 2791 nisi
3200 2736 3462 2792 Dominus

1864 2835 2052 2881 noster
2082 2826 2242 2881 Jesns
2272 2826 2546 2892 Christus,
2581 2825 2671 2897 qni
2709 2825 3160 2883 resnrrectionem
3190 2826 3258 2883 de
3289 2838 3465 2885 morte

1865 2918 2112 2990 largitur,
2153 2927 2208 2975 et
2239 2920 2405 2975 vitam
2435 2921 2681 2989 sepultus
2723 2921 3024 2990 operatur?
3057 2919 3115 2975 In
3156 2922 3462 2979 latronibus

1866 3014 2066 3068 ctenim
2103 3013 2398 3080 mundum,
2433 3013 2487 3068 in
2526 3013 2819 3083 PrOphette
2856 3014 3148 3070 virtutibus
3185 3013 3461 3072 Christum

160 3104 326 3174 igitur
345 3104 413 3159 ad
441 3104 678 3160 stadium
705 3120 862 3161 suum
889 3106 1256 3175 triumphator
1282 3108 1475 3162 iterum
1502 3108 1679 3173 vivus,
1704 3118 1762 3162 ut
1786 3104 1832 3165 C
1868 3103 2155 3159 Dominum
2185 3118 2541 3176 recognosce.
2577 3104 2768 3160 Adhuc
2799 3104 3159 3161 celeberrime
3186 3119 3285 3175 per
3321 3106 3469 3161 Scii-

159 3196 379 3251 noverit
416 3195 599 3251 omnis
630 3196 864 3252 mundus
894 3198 1021 3267 quia
1052 3196 1249 3253 redivit
1282 3197 1351 3252 ab
1386 3197 1574 3253 inieris
1599 3196 1757 3252 Chri-

159 3296 305 3342 stus.
339 3287 649 3344 Glorientur
679 3304 811 3360 ergo
848 3289 1135 3346 credentes
1164 3308 1177 3343 :
1224 3290 1483 3360 plaudant
1511 3290 1761 3346 manibus

158 3394 361 3435 omnes
385 3392 601 3451 gentes,
633 3383 763 3452 quia
801 3397 895 3437 rex
939 3391 1125 3437 noster
1154 3393 1207 3438 et
1240 3384 1293 3437 in
1332 3384 1533 3438 smculo
1572 3383 1762 3439 trimu-

159 3473 377 3544 phavit,
412 3484 463 3529 et
493 3473 697 3529 inferos
725 3474 873 3529 vicit.

233 3564 347 3619 VII.
382 3564 655 3621 Beneﬁcia
700 3567 796 3622 Dei
833 3568 1007 3623 nostri
1039 3582 1160 3623 cum
1194 3582 1388 3639 magna
1416 3577 1581 3639 atque
1611 3569 1761 3625 miri-

160 3659 259 3713 t’ica
305 3658 417 3714 sint
461 3678 472 3712 :
509 3672 687 3715 tamen
733 3675 832 3717 nec
870 3676 1009 3716 nova
1055 3662 1351 3732 probantur
1392 3678 1537 3730 esse,
1584 3680 1760 3734 neque

161 3750 337 3804 subita
365 3769 378 3804 :
409 3749 504 3807 sed
536 3751 605 3806 ab
630 3750 783 3807 initio
814 3752 1003 3808 saeculi
1029 3762 1083 3808 et
1105 3754 1362 3824 praedicta
1394 3763 1529 3809 sunt
1559 3770 1756 3810 oracu-

160 3842 249 3907 lis,
276 3852 331 3896 et
362 3843 707 3913 praeﬁgurata
736 3844 1035 3917 mysteriis.
1062 3844 1287 3901 Sacram
1315 3846 1525 3901 Domini
1549 3847 1757 3918 passio-

158 3951 288 3991 nem
330 3936 399 3991 ab
435 3937 571 4006 ipsis
605 3937 791 3993 mundi
830 3938 1196 3996 coalescentis
1234 3940 1511 4007 exordiis,
1559 3941 1759 3996 veteris

156 4029 499 4086 Testamenti
539 4046 799 4101 responsa
832 4031 1149 4088 cecinerunt
1185 4051 1197 4086 :
1233 4041 1289 4088 et
1324 4034 1451 4089 ideo
1482 4034 1755 4089 Christum

158 4123 450 4178 Dominum
472 4124 853 4193 prmdicatum,
881 4141 944 4181 ac
971 4126 1310 4181 enuntiatum
1338 4126 1451 4181 suis
1478 4126 1753 4194 ﬁdelibus,

156 4232 428 4287 apparere
462 4233 527 4273 ex
567 4218 809 4287 ipsorum
856 4219 1011 4273 libris
1053 4226 1111 4275 et
1154 4219 1521 4274 voluminibus
1559 4221 1757 4276 asseri-

157 4326 302 4364 mus.
349 4308 559 4364 Validis
599 4310 806 4381 absque
850 4310 1017 4366 dubio
1065 4310 1256 4366 nititur
1294 4309 1618 4381 privilegiis,
1661 4313 1754 4383 qui

156 4416 377 4457 causam
423 4417 580 4459 suam
627 4402 696 4459 de
739 4402 1038 4458 adversarii
1081 4403 1279 4458 asserit
1322 4403 1701 4458 instrumentis
1737 4420 1752 4463 :

1862 3207 2050 3268 pturas
2074 3207 2323 3267 sanctas,
2356 3198 2520 3254 etiam
2544 3200 2597 3253 itt
2622 3199 2906 3269 propheta:
2931 3197 3087 3253 Jona:
3108 3197 3391 3253 laboribus
3411 3208 3466 3254 et

1862 3291 2138 3357 aerumnis,
2168 3288 2373 3346 Christi
2402 3291 2582 3361 passio
2605 3305 2669 3344 ac
2690 3292 3019 3346 resurrectio
3042 3290 3463 3360 praesignautur.

1862 3382 1961 3439 Hic
1987 3384 2154 3440 Jonas
2185 3385 2369 3455 (quod
2402 3384 2527 3439 ﬁdei
2561 3394 2763 3439 vestra:
2803 3399 2909 3439 non
2942 3383 3276 3439 arbitramur
3314 3385 3465 3439 inco-

1861 3476 2107 3548 gnitum)
2143 3487 2328 3548 typum
2372 3476 2584 3529 Domini
2625 3476 2862 3545 gessisse
2898 3475 3296 3546 praescribitur.
3344 3478 3465 3547 Ipse

1862 3568 2004 3623 enim
2040 3569 2301 3623 Dominus
2331 3567 2473 3622 dixit
2504 3586 2518 3625 :
2551 3568 2699 3624 Sicut
2742 3569 2841 3637 fuit
2867 3566 3036 3624 Jonas
3066 3570 3120 3622 in
3163 3576 3337 3624 ventre
3365 3572 3464 3625 ceti

1860 3661 2022 3715 tribus
2047 3660 2247 3725 diebus,
2270 3668 2317 3714 et
2350 3660 2511 3715 tribus
2534 3662 2767 3716 noctibus
2793 3678 2810 3715 .'
2838 3661 2913 3716 ita
2942 3662 3038 3717 erit
3067 3662 3207 3730 ﬁlius
3229 3661 3457 3719 hominis

1862 3755 1915 3807 in
1938 3752 2095 3807 corde
2125 3763 2275 3807 terra:
2304 3752 2468 3807 tribus
2494 3754 2675 3807 diebus
2704 3764 2754 3809 et
2783 3754 2948 3810 tribus
2976 3755 3210 3811 noctibus
3232 3756 3455 3828 (Matth.

1860 3843 2086 3915 xtt,4(l).
2106 3844 2225 3911 llic,
2246 3844 2492 3914 inquam,
2509 3845 2679 3901 Jonas
2701 3846 2765 3901 ad
2783 3846 3188 3915 praedicandum
3208 3847 3461 3905 Ninivitis

1861 3937 1957 3994 irae
1996 3938 2235 3994 caelestis
2279 3937 2572 4001 oll‘ensam.
2606 3939 2835 3994 Domino
2868 3940 3125 4010 jubente,
3158 3941 3408 4013 dirigitur
3442 3962 3455 3999 :

1862 4031 2126 4101 praescius
2150 4031 2356 4085 tristem
2379 4034 2706 4087 sententiam
2729 4031 2997 4103 Pr0pheta
3025 4035 3207 4104 populi
3226 4048 3459 4089 conver-

1861 4123 2015 4179 sione
2057 4122 2429 4187 vacuandam,
2480 4124 2658 4177 navim
2709 4124 2970 4195 profugus
3020 4140 3139 4195 qua:
3188 4122 3458 4181 Tharsum

1860 4214 2077 4285 petebat
2124 4215 2428 4284 ingreditur
2478 4232 2492 4268 :
2535 4216 2630 4271 sed
2678 4218 2855 4271 nautis
2894 4225 3085 4273 exorta
3136 4225 3461 4285 tetnpestate

1860 4307 2112 4375 turbatis,
2135 4316 2285 4364 sorte
2307 4308 2561 4365 ﬂuctibus
2586 4308 2766 4377 datur,
2797 4318 2852 4364 et
2881 4308 3124 4365 lancibus
3154 4309 3258 4362 ceti
3292 4306 3457 4376 piscis

1861 4400 2139 4457 demersus
2186 4402 2482 4472 excipitur.
2534 4403 2639 4458 Sed
2690 4404 2846 4472 pisce
2896 4402 3122 4457 illmsum
3171 4408 3459 4458 cructanle

158 4492 403 4562 speciosa
447 4493 672 4549 victoria
721 4503 803 4549 est
848 4493 1177 4549 contrariam
1225 4505 1435 4564 partem
1487 4494 1751 4549 chartulis
1779 4489 1834 4549 D
1859 4492 2157 4563 depositum
2178 4535 2192 4559 ,
2221 4495 2383 4549 tertia
2409 4496 2500 4550 die
2531 4494 2695 4550 terris
2727 4494 3054 4551 refunditur.

159 4585 298 4651 suis,
339 4585 489 4641 velut
525 4585 758 4655 pr0priis
790 4586 1004 4655 laqueis
1035 4586 1254 4642 irrctire
1284 4604 1295 4639 :
1327 4595 1381 4641 et
1413 4587 1755 4643 testimonio-

162 4694 275 4734 rum
318 4694 545 4734 suorum
583 4678 812 4733 vocihns
847 4678 1170 4745 confutare,
1222 4688 1278 4735 et
1327 4680 1578 4734 annulum
1629 4681 1753 4735 telis

162 4772 272 4827 suis
295 4773 583 4841 evincere,
634 4779 693 4827 ut
718 4772 1105 4843 oppugnaturis
1143 4771 1216 4826 tui
1249 4784 1599 4844 argumenta,
1641 4775 1752 4830 tuis

160 4866 458 4934 probentur
510 4867 836 4923 utilitatibus
882 4869 1139 4923 militare.
1192 4865 1379 4937 Itaque
1432 4868 1487 4922 in
1538 4868 1749 4925 Domini

161 4961 327 5015 nostri
367 4976 636 5031 persona,
682 4961 807 5015 dum
850 4977 917 5015 ex
957 4960 1087 5015 Adae
1126 4960 1284 5031 primi
1327 4963 1561 5018 hominis
1602 4973 1750 5019 costa

166 5064 333 5110 mater
360 5065 688 5109 cunctorum
717 5054 1015 5109 viventium
1051 5054 1164 5108 Eva
1189 5054 1503 5125 producitur
1529 5074 1539 5108 :
1567 5072 1629 5111 ex
1656 5057 1754 5112 hu-

160 5144 244 5211 jus
262 5161 420 5200 sacro
444 5145 644 5209 latere,
669 5155 720 5199 et
743 5145 973 5199 salutari
998 5148 1223 5200 vulnere
1247 5145 1487 5201 Ecclesia
1511 5149 1750 5201 omnium

164 5240 391 5296 ﬁdelium
427 5254 648 5311 parens,
680 5239 981 5308 reparanda
1012 5247 1371 5295 monstratur.
1403 5239 1457 5295 In
1484 5240 1602 5311 ejus
1628 5252 1755 5313 typo

161 5331 285 5389 Abel
333 5334 517 5390 victus
561 5329 834 5387 occiditur
870 5347 883 5385 :
930 5340 984 5389 et
1029 5332 1295 5388 innocens
1339 5329 1581 5389 fraterna
1624 5343 1755 5389 tatu-

226 5503 249 5531 ⁸
286 5494 513 5551 Scilicet
539 5490 611 5547 IV
644 5490 850 5561 Regum
887 5507 981 5545 χιιι
1004 5534 1016 5557 ,
1059 5492 1153 5555 21,
1182 5493 1330 5561 juxta
1363 5491 1505 5547 LXX
1538 5492 1753 5561 legerit.

160 5564 279 5621 Cum
304 5569 453 5623 enim
488 5564 723 5632 Vulgata
756 5580 856 5633 pro
894 5564 1161 5634 ambiguis
1185 5565 1407 5618 vocibus
1436 5565 1622 5618 Crmca
1657 5567 1754 5618 wi-

162 5646 262 5703 τῶν,
292 5650 343 5695 et
364 5638 643 5695 Hebraica
673 5645 777 5697 an,
803 5644 978 5691 vertat
997 5636 1227 5704 quidam.
1253 5644 1308 5691 et
1328 5635 1394 5689 ad
1418 5635 1754 5703 sepelientes

164 5711 377 5782 referat,
413 5722 648 5767 omnem
680 5705 1076 5764 dubitationem
1112 5706 1247 5764 tollit
1277 5705 1345 5763 de
1372 5706 1593 5765 homine
1619 5722 1650 5762 a
1677 5705 1756 5761 la-

1929 4584 1997 4640 X.
2028 4585 2221 4642 Videte
2249 4587 2536 4643 Dominum
2560 4588 2723 4643 etiam
2751 4588 2801 4642 in
2827 4586 2997 4641 veteri
3022 4586 3375 4641 Testamento
3399 4584 3453 4643 in

1856 4679 2000 4735 servi
2039 4680 2213 4737 forma
2246 4682 2571 4738 mirabiliter
2607 4696 2877 4752 apparere
2913 4697 2926 4732 :
2959 4679 3145 4734 videte
3182 4678 3457 4750 quomodo

1856 4786 1917 4828 se
1962 4783 2086 4830 ante
2128 4774 2261 4830 actis
2296 4776 2512 4830 sarculis
2551 4774 2846 4837 indicavit,
2893 4772 3194 4827 secundum
3241 4772 3456 4829 servilis

1856 4867 2043 4924 formae
2087 4869 2447 4924 humilitatem
2493 4877 2802 4922 venturum.
2850 4865 3016 4921 Jonas
3062 4866 3194 4919 iram
3235 4866 3453 4924 Domini

1862 4960 2259 5032 praedicaturus
2280 4959 2346 5013 atl
2372 4974 2621 5028 magnam
2644 4957 3005 5011 Ninivitarum
3034 4954 3336 5013 deStinatur
3358 4973 3448 5014 ur-

1856 5056 1981 5111 bem
2009 5052 2286 5108 dicturus:
2313 5053 2500 5107 An'ltuc
2521 5050 2877 5123 quadraginta
2899 5049 3094 5116 dies,“
3114 5050 3162 5105 Ν
3171 5053 3303 5107 initte
3329 5055 3451 5108 sub-

1857 5154 2103 5202 vertetur.
2138 5145 2205 5199 Et
2230 5141 2480 5199 Christus
2510 5142 2579 5195 ad
2611 5141 2793 5196 mundi
2821 5140 3050 5196 mittitur
3071 5144 3367 5213 civitatem,
3395 5155 3455 5199 ut

1858 5240 2000 5295 diem
2032 5237 2221 5293 salutis
2270 5246 2329 5291 et
2359 5234 2681 5306 prteﬁnitum
2701 5233 2890 5303 judicii
2915 5244 3126 5305 tempus
3148 5236 3449 5292 annuntiet.

1863 5332 2027 5389 Jonas
2059 5330 2238 5386 navim
2263 5329 2497 5398 expetit,
2520 5324 2773 5383 Christus
2802 5326 3124 5382 Ecclesium.
3156 5328 3324 5383 Jonas
3344 5325 3448 5380 llu-

1869 5488 2131 5543 trunculis
2154 5486 2351 5548 occiso,
2381 5491 2547 5555 atque
2564 5482 2631 5535 ah
2653 5482 2842 5538 iisdem
2868 5481 3078 5549 sepulto
3102 5501 3115 5537 :
3140 5499 3261 5555 qua:
3282 5487 3453 5541 nostri

1862 5563 2101 5615 auctoris
2139 5601 2152 5620 ,
2181 5557 2405 5623 Josephi
2437 5566 2491 5607 et
2517 5552 2769 5609 Chronici
2803 5552 3452 5623 Alexandrini'sentcntia

1863 5639 1968 5699 est,
1999 5629 2123 5685 aliis
2145 5628 2198 5684 in
2228 5622 2361 5683 alias
2391 5625 2689 5683 sententias
2716 5622 3145 5683 discedentibus.
